3784 6000
193 198 312 259 335

193 421 369 480 etiam
402 423 503 494 qui
534 423 592 478 in
624 421 830 478 castris
855 422 913 474 et
941 419 999 474 in
1026 418 1268 475 urbibus
1301 418 1586 488 finitimis,
1616 427 1835 479 castro·

191 528 320 569 rum
380 514 663 585 fugientes
721 510 1128 581 asperitatem,
1158 508 1476 581 latuerant,
1509 512 1733 569 reddito
1753 512 1837 569 fa·

191 608 326 659 vore
372 601 652 675 temporis
706 598 1124 667 clementioris,
1157 598 1370 656 iterum
1418 601 1492 658 ad
1531 606 1721 659 castra
1744 616 1839 658 rs-

190 691 588 760 vertebantur,
620 705 785 747 arma
824 691 1192 761 reparantes;
1217 692 1274 746 et
1319 689 1723 763 redintegratis
1750 688 1838 748 vi-

84 778 90 785 ’
189 779 359 837 ribus
388 780 601 836 iterum
630 794 689 836 se
719 777 1103 850 accingebant
1148 778 1221 834 ad
1257 779 1472 851 praelia.
1506 779 1616 836 Sed
1648 783 1706 836 et
1734 780 1836 837 do·

189 867 386 924 minus
411 867 751 938 Balduinus,
783 866 952 924 ducis
1001 867 1198 934 frater,
1233 869 1304 924 de
1351 884 1467 940 quo
1498 884 1677 940 supra
1701 867 1836 925 reci·

189 970 320 1013 mus
376 957 756 1026 mentionem,
805 957 875 1012 de
931 972 1172 1013 suarum
1226 957 1460 1014 cumulo
1499 957 1835 1026 divitarum,

189 1062 336 1117 quas
364 1046 437 1115 ei,
472 1051 537 1102 ut
566 1045 964 1120 praediximus,
999 1044 1182 1102 multa
1210 1044 1555 1103 liberalitate
1585 1045 1839 1103 contule·

189 1142 278 1191 rat
306 1136 611 1208 Dominus,
643 1135 888 1193 audiens
924 1133 1078 1207 quod
1118 1139 1278 1191 lanta
1318 1134 1514 1207 inopia
1550 1134 1838 1191 laboraret

187 1225 495 1294 exercitus,
529 1225 766 1282 illorum
797 1223 1050 1281 decrevit
1077 1224 1149 1281 de
1191 1240 1297 1281 sua
1336 1223 1700 1295 plenitudine
1728 1223 1835 1296 pits

188 1312 612 1384 compassionis
667 1312 897 1381 affeetu,
956 1312 1213 1370 relevare
1273 1316 1673 1385 paupertatem
1708 1328 1721 1367 ε
1781 1316 1838 1370 et

186 1401 384 1458 missis
413 1401 750 1475 ingentibus
779 1401 981 1470 donis,
1012 1401 1071 1458 in
1122 1417 1285 1472 auro,
1316 1405 1576 1475 argento,
1611 1401 1833 1467 sericis,

186 1490 354 1562 equis
375 1490 673 1549 nobilibus
705 1495 761 1549 et
790 1490 1081 1563 pretiosis,
1111 1489 1477 1565 singulorum
1501 1491 1835 1564 principum

185 1595 306 1637 rem
337 1581 721 1638 domesticam
772 1580 1030 1638 reddidit
1073 1580 1446 1652 ampliorem.
1488 1582 1602 1637 Nec
1641 1580 1832 1638 solum

1259 191 1682 256 GUlLLELMl
1725 192 2106 257 TYRENSIS
2151 191 2517 256 ARCHIEP.

196 349 269 391 ne
325 333 396 390 ad
457 332 825 405 procuranda
880 329 1108 403 negotia
1164 329 1568 388 trahebantur.
1600 331 1672 388 Et
1713 332 1831 403 jam
1869 333 1925 402 Α

3482 190 3602 254 336

2604 323 2834 382 CAPUT
2872 325 2944 381 X.

1946 439 2248 495 Nuntiatur
2274 440 2334 493 in
2387 437 2604 501 castris,
2648 433 2937 491 hostilium
2995 436 3281 505 copiarum
3310 434 3600 495 adventus.

2015 509 2323 582 Stephanus
2351 509 2694 564 Blesensium
2735 521 2924 572 comes,
2955 506 3220 564 simulata
3247 509 3598 581 aspritudine,

2015 581 2087 638 ad
2115 597 2270 638 mare
2296 578 2594 647 descendit,
2625 593 2737 635 non
2766 578 3065 637 reditum.

2017 690 2244 748 Interea
2271 688 2428 745 fama
2456 684 2670 744 celebri
2700 684 3066 757 vulgabatur,
3098 687 3412 745 Persarum
3445 689 3601 762 prin·

1945 778 2135 851 cipem
2150 775 2721 849 potentissimum,ad
2738 775 3230 832 antiochenorum
3246 777 3596 835 instantiam

1944 872 2003 924 et
2031 866 2466 939 suorumssetiam
2493 863 2911 938 postulationes
2939 866 3301 933 assiduas,ex
3324 867 3595 925 universo

1946 956 2186 1029 imperio
2211 972 2314 1012 suo
2345 956 2405 1011 in
2433 969 2631 1011 eorum
2658 952 2987 1009 subsidium
3010 953 3476 1014 innumerabiles
3506 958 3598 1013 di·

1946 1047 2136 1120 rigere
2160 1046 2357 1117 copias
2382 1061 2396 1113 ;
2420 1050 2479 1101 et
2497 1043 3123 1100 infinitamTut-corum
3156 1044 3593 1104 multitudinem

1945 1135 2004 1191 in
2034 1136 2262 1205 Syriam
2294 1134 2627 1203 ascendere,
2661 1133 2774 1190 sub
2806 1133 3099 1206 deputatis
3122 1134 3589 1208 magistratibus,

1944 1227 2068 1297 lege
2090 1224 2327 1281 edietati
2360 1222 2725 1296 praecepisse.
2747 1222 2865 1279 Nec
2881 1223 3072 1279 solum
3104 1222 3177 1280 ab
3206 1224 3594 1283 exterioribus

1946 1329 2148 1370 rumor
2175 1314 2270 1370 hic
2300 1313 2583 1386 originem
2626 1311 2876 1368 habebat
2905 1315 2962 1368 et
2990 1311 3413 1371 incrementum
3446 1333 3462 1385 ;
3493 1333 3592 1373 ve-

1947 1419 2077 1461 rum
2101 1403 2275 1460 etiam
2327 1404 2429 1475 qui
2477 1404 2549 1459 de
2600 1401 2743 1458 urbe
2799 1401 3268 1473 egrediebantur,
3300 1404 3370 1461 ad
3399 1412 3593 1463 eastra

1946 1496 2147 1550 nostra
2176 1492 2456 1548 habentes
2487 1491 2792 1562 refugium,
2827 1490 2886 1547 id
2929 1490 3115 1562 ipsum
3164 1508 3417 1551 consone
3453 1511 3590 1567 pro-

1946 1580 2336 1638 testabantur.
2370 1581 2635 1652 Cumque
2676 1596 2780 1652 per
2835 1580 2961 1637 dies
3020 1580 3289 1654 singulos
3320 1583 3508 1656 magis
3535 1588 3592 1641 et

184 1670 530 1742 majoribus,
562 1687 760 1728 verum
784 1675 844 1727 et
865 1670 1066 1727 multis
1097 1671 1168 1727 de
1199 1671 1367 1743 plebe
1398 1670 1740 1727 munificum
1773 1687 1835 1728 se
1867 1705 1912 1768 B
1946 1671 2132 1743 magis
2163 1686 2363 1727 rumor
2379 1668 2865 1742 hicampliaretur
2894 1670 3093 1741 etjam
3127 1686 3230 1743 pro
3263 1671 3487 1729 foribus
3507 1672 3591 1728 di-

181 1756 465 1817 exhibens
499 1768 554 1818 et
584 1759 908 1828 liberalem,
942 1760 1293 1833 propensius
1315 1760 1579 1817 omnium
1601 1760 1711 1817 sibi
1735 1776 1830 1817 re-
1944 1763 2214 1816 cerentur
2241 1759 2567 1819 imminere.
2600 1761 2775 1816 timor
2803 1762 3065 1815 nostrum
3097 1760 3397 1817 concussit
3425 1777 3589 1819 exer-

181 1847 503 1907 oonciliavit
559 1850 832 1922 gratiam,
872 1848 1171 1906 universos
1229 1850 1289 1906 in
1347 1866 1516 1907 suam
1567 1850 1829 1907 excitans

179 1935 543 1995 charitatem.
571 1939 817 2010 Insuper
840 1941 1035 1996 autem
1069 1955 1142 1995 ne
1173 1939 1413 1996 domino
1442 1955 1549 1996 suo
1581 1947 1635 1996 et
1664 1939 1827 1996 fratri

179 2026 566 2100 primogenito
597 2026 819 2100 aliquid
846 2029 1039 2085 minus
1061 2029 1264 2086 fecisse
1291 2029 1606 2098 videretur,
1628 2028 1690 2084 in
1712 2033 1827 2086 ter·

178 2130 245 2173 ra
272 2130 450 2188 quam
477 2117 626 2173 citra
655 2117 1008 2190 Euphratem
1051 2117 1405 2191 possidebat,
1436 2133 1642 2175 omnes
1673 2119 1828 2175 redi-

175 2207 277 2261 tus
297 2221 445 2277 quos
498 2206 652 2262 circa
707 2206 1040 2276 Turbessel,
1073 2211 1128 2263 et
1174 2207 1236 2263 in
1285 2207 1637 2264 suburbanis
1658 2208 1709 2264 ei
1730 2209 1828 2264 ad-

170 2293 525 2364 jacentibus,
556 2294 616 2349 in
665 2293 980 2361 frumento,
1004 2294 1241 2365 hordeo,
1277 2296 1411 2352 vino
1466 2299 1525 2352 et
1566 2295 1694 2352 oleo
1725 2297 1823 2353 ha·

178 2380 372 2449 bebat,
406 2397 512 2438 nec
545 2398 662 2439 non
711 2391 765 2439 et
821 2400 1130 2440 aureorum
1189 2383 1612 2456 quinquaginta
1642 2384 1826 2442 millia

175 2468 341 2524 fratri
369 2469 692 2540 designavit
732 2471 1131 2541 persolvenda.
1153 2471 1435 2529 Praeterea
1453 2472 1691 2544 quidam
1723 2479 1824 2530 Ar-

174 2555 503 2615 meniorum
535 2562 743 2629 potens
763 2560 1250 2632 satrapa,domini
1277 2560 1543 2617 Balduini
1577 2562 1823 2618 familia-

174 2644 278 2712 ris,
307 2645 601 2703 Nichossus
632 2647 890 2714 nornine,
915 2649 1229 2705 tentorium
1271 2650 1406 2706 miri
1444 2652 1660 2722 operis,
1692 2668 1821 2709 ma-

169 2735 337 2792 ximae
371 2735 730 2808 capacitatis,
763 2739 947 2809 gratia
977 2737 1200 2794 domini
1231 2738 1521 2807 Balduini,
1549 2755 1650 2811 per
1670 2756 1818 2796 nun-

171 2825 292 2882 tios
319 2841 460 2883 suos
491 2826 705 2884 direxit
737 2829 806 2882 ad
854 2827 1154 2884 dominum
1188 2828 1436 2898 ducem;
1469 2830 1566 2886 sed
1610 2830 1815 2902 positis

173 2914 230 2971 in
262 2914 468 2973 itinere
497 2933 532 2973 a
559 2915 860 2973 Pancratio
898 2916 1151 2986 insidiis,
1183 2917 1440 2975 ablatum
1488 2923 1576 2976 est
1605 2920 1814 2994 praedi-

169 3009 329 3063 ctum
361 3006 679 3063 tentorium
709 3024 742 3063 a
776 3007 970 3080 pueris
1002 3008 1434 3077 deferentibus;
1466 3013 1523 3066 et
1550 3025 1621 3066 ex
1651 3014 1813 3083 parte

1939 1848 2121 1904 citum
2147 1863 2160 1916 ;
2195 1848 2276 1904 ita
2303 1848 2479 1904 etiam
2512 1855 2575 1904 ut
2602 1847 2879 1904 dominus
2907 1847 3236 1920 Stephanus
3265 1851 3587 1908 carnoten·

1937 1936 2095 1994 sium
2122 1953 2335 2007 comeS,
2357 1937 2444 1993 vir
2467 1936 2908 2010 potentissimus
2937 1946 2995 1992 et
3016 1936 3289 2011 princeps
3313 1938 3588 2012 illustris,

1939 2041 2113 2098 quem
2144 2026 2218 2083 ob
2242 2026 2515 2082 meritum
2562 2025 2879 2098 singularis
2925 2026 3247 2098 prudentias
3286 2028 3586 2103 principes

1938 2115 2065 2172 suis
2096 2114 2355 2172 consiliis
2377 2116 2541 2188 quasi
2587 2119 2813 2187 patrem
2864 2115 3260 2187 praefecerant,
3304 2117 3586 2178 simulata

1937 2204 2301 2276 aegritudine,
2335 2209 2571 2276 sumpta
2598 2220 2632 2260 a
2684 2204 2964 2261 tratribus
3021 2203 3279 2275 licentia,
3312 2222 3450 2264 cum
3480 2208 3617 2265 do·-

1938 2292 2194 2349 mesticis
2223 2298 2279 2349 et
2298 2292 2687 2349 familiaribus
2711 2293 2996 2350 universis
3020 2298 3078 2350 et
3104 2295 3447 2353 omnimoda
3470 2313 3585 2368 qua

1935 2380 2252 2452 plurimum
2277 2382 2613 2439 abundabat
2632 2382 2962 2439 substantia
2975 2383 3046 2439 ad
3071 2399 3230 2440 mare
3259 2383 3582 2443 descende-

1932 2475 2040 2538 ret,
2072 2470 2269 2527 dieens
2298 2488 2359 2527 se
2382 2472 2532 2542 apud
2551 2471 2961 2528 Alexandriam
2975 2471 3280 2544 minorem,
3303 2490 3434 2547 quae
3467 2492 3581 2533 non

1931 2557 2102 2631 longe
2132 2576 2166 2615 a
2198 2565 2362 2632 portu
2395 2560 2454 2615 in
2488 2560 2681 2617 littore
2715 2561 2893 2618 maris
2922 2561 3054 2631 sita,
3084 2562 3315 2619 initium
3339 2570 3579 2634 praesta·

1931 2650 2032 2704 bat
2060 2647 2296 2715 Ciliciae,
2328 2666 2554 2706 moram
2586 2649 2731 2706 velle
2761 2651 2969 2722 facere,
3000 2668 3311 2724 quousque
3347 2658 3579 2726 recepta

1929 2737 2099 2809 plena
2138 2738 2595 2796 convalescentia
2638 2745 2697 2796 et
2739 2740 2962 2797 viribus
2992 2743 3327 2813 resumptis,
3359 2742 3575 2800 iterum

1928 2828 2118 2884 redire
2150 2828 2331 2884 valeat
2364 2844 2377 2883 ε
2412 2844 2526 2899 quo
2547 2829 2905 2900 discedente,
2938 2830 3277 2886 seculisunt
3303 2833 3572 2905 eum,qui

1925 2917 1983 2974 in
2018 2919 2143 2988 ejus
2172 2918 2446 2975 comitatu
2469 2919 2843 2986 advenerant,
2874 2919 2983 2974 viri
3013 2920 3184 2991 quasi
3214 2921 3287 2977 ad
3319 2927 3575 2993 quatuor

1926 3007 2129 3076 millia,
2162 3007 2263 3080 qui
2294 3007 2366 3063 ad
2419 3023 2576 3064 mare
2607 3009 2965 3081 preveniens,
2998 3008 3068 3064 ad
3111 3009 3449 3081 praedictam
3481 3028 3571 3069 se·

169 3094 429 3167 praedicti
452 3095 761 3164 Pancratii,
787 3098 858 3152 ad
883 3097 1186 3154 dominum
1218 3098 1627 3155 Boamundum
1656 3100 1809 3156 dono
1841 3065 1884 3134 C
1923 3096 2099 3153 cessit
2127 3095 2553 3165 Alexandriam,
2590 3097 2671 3153 rei
2726 3101 3001 3153 eventum
3053 3097 3391 3170 praestolans
3425 3102 3573 3157 :ha-

172 3182 427 3240 delatum
460 3189 547 3240 est
581 3200 595 3239 ε
628 3185 785 3257 quod
835 3190 1146 3258 postquam
1199 3186 1436 3244 domino
1485 3188 1618 3244 duci
1649 3188 1819 3246 inno·

174 3272 311 3334 tuit,
342 3274 401 3328 et
430 3288 531 3343 per
581 3289 796 3345 pueros
840 3276 1100 3346 praedicti
1148 3274 1403 3333 Niehosii
1426 3276 1509 3333 ita
1536 3293 1659 3335 rem
1691 3295 1819 3351 pro-

177 3361 423 3419 cessisse
451 3363 744 3435 cognovit,
776 3363 1051 3435 adjuncto
1081 3364 1196 3421 sibi
1244 3365 1689 3424 Flandrensium
1721 3384 1818 3425 co·

178 3450 340 3522 mite,
372 3452 541 3523 eujus
572 3451 831 3509 amicitia
859 3453 1190 3525 specialiter
1219 3454 1276 3510 in
1306 3459 1430 3513 tota
1458 3456 1820 3527 expeditione

179 3556 322 3597 usus
381 3540 587 3610 ruerat,
615 3540 918 3598 dominum
973 3543 1375 3601 Boamundum
1432 3546 1720 3616 convenit,
1756 3551 1821 3603 ut

177 3644 396 3685 munus
452 3629 563 3686 sibi
611 3630 964 3687 destinatum
998 3636 1056 3689 et
1107 3632 1366 3689 ablatum
1398 3634 1699 3701 violenter,
1732 3652 1818 3691 re-

175 3717 409 3787 stituat3
441 3717 540 3775 ille
560 3734 694 3774 vero
715 3718 851 3776 licet
880 3720 1209 3777 donationis
1270 3722 1485 3779 nobilis
1526 3723 1636 3780 viri
1669 3724 1822 3782 Pan-

174 3807 339 3864 cratii
372 3807 612 3865 titulum
645 3810 1047 3879 praetenderet,
1083 3827 1259 3882 seque
1301 3812 1460 3883 juste
1499 3813 1819 3885 possidere,

173 3897 327 3967 quod
349 3896 467 3953 dux
524 3896 769 3967 petebat,
801 3898 1116 3971 allegaret;
1149 3906 1373 3972 tamen,
1407 3918 1478 3958 ne
1537 3904 1823 3961 tumultus

173 3984 332 4041 lieret
361 3985 421 4041 in
454 3986 668 4058 populo
700 3992 802 4043 aut
835 3987 985 4045 inter
1014 3988 1308 4062 principes
1344 3992 1688 4049 scandalum
1711 3993 1824 4050 ori-

173 4075 354 4141 retur,
386 4072 576 4129 multa
601 4090 836 4146 precum
870 4075 1226 4148 reliquorum
1276 4080 1605 4153 principum
1631 4082 1821 4139 victus

171 4161 474 4229 instantia,
507 4178 726 4219 munus
756 4166 907 4236 quod
965 4166 1074 4222 sibi
1116 4167 1375 4226 oblatum
1409 4171 1616 4239 fuerat,
1649 4172 1822 4229 resti-

170 4249 304 4317 tuit,
333 4250 524 4321 gratia
553 4249 703 4306 inter
732 4268 832 4308 eos
865 4254 1094 4322 plenius
1145 4258 1479 4317 reformata.
1512 4259 1674 4318 Unde
1705 4263 1820 4317 mi·

171 4352 375 4394 ramur
419 4336 763 4408 plurimum,
795 4342 947 4411 quod
1009 4342 1095 4397 vir
1149 4348 1312 4402 tanta
1360 4348 1648 4406 modestia
1677 4349 1819 4408 insi-

1922 3185 2069 3242 bens
2097 3184 2251 3257 apud
2284 3201 2346 3242 se
2378 3185 2738 3257 propositum
2761 3186 2934 3257 quod,
2971 3186 3021 3241 si
3051 3186 3270 3244 nostris
3296 3186 3360 3245 in
3391 3188 3565 3259 bello,

1927 3275 2081 3346 quod
2113 3274 2457 3347 sperabatur
2486 3275 2771 3341 futurum,
2801 3291 3076 3347 prospere
3104 3275 3465 3347 succederet,
3491 3295 3571 3335 re·

1927 3363 2075 3421 diret
2105 3362 2179 3420 ad
2209 3363 2545 3433 exercitum,
2576 3364 2743 3434 quasi
2800 3364 2872 3420 de
2921 3364 3264 3438 aegritudine
3300 3366 3570 3425 convale-

1926 3469 2135 3523 scens;
2168 3455 2257 3511 sin
2285 3458 2503 3523 autem,
2536 3454 2596 3510 in
2628 3454 2871 3510 navibus
2912 3471 3060 3526 quas
3098 3456 3214 3513 sibi
3248 3464 3572 3529 paraverat,

1927 3558 2062 3600 cum
2094 3543 2304 3615 probro
2336 3548 2614 3615 perpetuo
2648 3547 2707 3599 et
2735 3542 3178 3602 existimationis
3198 3546 3456 3616 jactura,
3489 3564 3576 3605 re·

1928 3631 2052 3688 dire
2081 3633 2140 3689 in
2163 3633 2405 3704 patriam
2428 3637 2701 3689 tentaret.
2735 3634 2856 3700 Quo
2888 3632 3036 3689 sacto
3085 3638 3206 3691 tam
3236 3635 3487 3693 notabili
3518 3642 3576 3694 et

1930 3737 2245 3793 perennem
2306 3721 2600 3793 irrogante
2646 3722 2971 3790 infamiam,
3006 3722 3301 3796 principes
3352 3725 3455 3797 qui
3513 3725 3573 3783 in

1927 3811 2133 3867 castris
2164 3814 2328 3868 erant
2359 3810 2742 3877 consternati,
2766 3810 2946 3867 nobili
2979 3813 3099 3870 viro
3132 3815 3574 3885 compatientes,

1930 3902 2028 3974 qui
2052 3906 2110 3957 et
2137 3902 2314 3957 decus
2344 3901 2573 3973 generis
2593 3905 2649 3957 et
2681 3900 3040 3958 honestatem
3079 3904 3377 3974 propriam
3413 3909 3580 3962 tanta

1930 3990 2103 4062 culpa
2133 3990 2538 4059 funestaverat,
2573 3996 2873 4062 coeperunt
2903 3992 3070 4048 anxie
3099 3992 3420 4051 deliberare
3441 4012 3576 4067 quo·

1931 4081 2099 4138 modo
2130 4080 2264 4137 huie
2286 4083 2444 4137 tanto
2477 4079 2627 4137 malo
2658 4084 2894 4152 possent
2914 4097 3240 4138 occurrere:
3267 4099 3338 4139 ne
3361 4084 3465 4157 qui
3494 4102 3577 4141 rc·

1932 4170 2082 4227 sidui
2114 4175 2298 4233 erant,
2327 4170 2646 4241 pernicioso
2667 4170 2823 4227 illius
2858 4172 3146 4243 provocati
3177 4174 3468 4247 exemplo,
3499 4175 3577 4231 si·

1933 4258 2069 4316 mile
2096 4260 2317 4333 aliquid
2345 4261 2947 4318 auderentattentare.
2978 4261 3316 4334 placuitque
3333 4263 3575 4320 tandem

1933 4349 2003 4403 de
2030 4348 2326 4404 communi
2341 4349 2584 4405 consilio
2600 4351 2660 4405 ut
2684 4348 2866 4405 missa
2883 4365 3021 4406 voce
3050 4350 3360 4421 praeconia,
3382 4352 3580 4409 omni-

172 4424 329 4499 gnis,
360 4428 638 4499 tantaque
684 4444 912 4486 morum
962 4430 1243 4503 dignitate
1302 4436 1672 4507 conspicuus,
1696 4454 1815 4496 rem
1850 4441 1895 4507 D
1928 4435 2035 4492 bus
2056 4437 2408 4509 generaliter
2429 4438 2503 4493 ab
2524 4438 2775 4494 exercitu
2798 4438 3575 4498 discessusinterdiceretur:

172 4518 461 4575 modicam
495 4524 553 4576 et
580 4520 1072 4578 contemnendam
1111 4523 1484 4593 facile,tanta
1530 4526 1825 4599 importu-

172 4608 355 4666 nitate
389 4609 656 4681 repetiit3
689 4625 795 4668 nee
826 4609 1041 4682 aliquid
1077 4613 1242 4671 nobis
1289 4630 1392 4687 pro
1420 4605 1710 4674 solutione
1732 4634 1824 4676 oc·

172 4696 373 4769 currit,
406 4698 519 4754 nisi
551 4701 684 4771 quia
716 4705 998 4773 scriptum
1031 4706 1121 4759 est
1155 4719 1168 4757 :

240 4786 400 4846 Nihil
426 4803 497 4845 ex
524 4792 675 4845 omni
698 4797 861 4862 parte
890 4791 1106 4849 beatum
1124 4809 1147 4855 ,·

174 4882 233 4934 et
262 4876 406 4934 illud
441 4894 455 4933 ε

236 4963 572 5036 Quandoque
604 4969 776 5026 bonus
805 4969 1066 5026 dormitat
1095 4972 1360 5028 Homerus
1383 4989 1405 5037 ,·

784 5056 1021 5115 Hoaar..
1053 5060 1155 5117 Ars
1181 5067 1352 5134 poet„
1384 5077 1435 5118 v.
1460 5061 1586 5119 359.

170 5139 318 5199 illud
348 5157 579 5214 quoque
611 5144 841 5201 tertium
877 5162 892 5201 ε

239 5272 254 5286 .
299 5274 314 5290 .
357 5271 372 5287 .
403 5232 580 5304 opere
608 5234 669 5290 in
701 5233 866 5307 lonqo
895 5235 987 5308 sas
1012 5245 1093 5294 est
1121 5240 1376 5311 obrepere
1402 5256 1672 5297 somnum.

1231 5328 1449 5386 Hoaar.

236 5407 310 5465 Ut
329 5409 484 5468 enim
509 5411 568 5469 in
610 5414 778 5472 nobis
816 5415 1032 5490 saepius
1055 5434 1087 5474 a
1108 5418 1260 5476 bono
1279 5419 1607 5479 sentiamus
1633 5422 1819 5481 defec-

165 5497 318 5565 tum,
350 5496 622 5558 humanm
643 5503 802 5575 leges
823 5505 1176 5566 conditionis
1204 5507 1445 5567 habeut.

1934 4524 2196 4582 adhibita
2224 4542 2413 4597 poena,
2444 4527 2599 4597 quod
2645 4526 2691 4582 si
2742 4527 2974 4597 aliquis,
3003 4528 3412 4602 cujuscunque
3441 4545 3579 4587 con·

1932 4612 2170 4671 ditionis
2191 4614 2383 4672 officio
2414 4614 2773 4687 fungeretur,
2804 4620 2906 4672 aut
2942 4616 3341 4689 cujuscunque
3382 4619 3580 4692 digni-

1931 4703 2068 4760 tatis
2089 4702 2322 4777 cingulo
2340 4704 2760 4775 praeemineret,
2788 4705 2987 4762 furtim
3010 4712 3065 4763 et
3092 4706 3219 4763 sine
3237 4707 3577 4782 principum

1931 4792 2181 4861 licentis,
2215 4809 2277 4849 se
2307 4809 2342 4849 a
2369 4793 2577 4850 castris
2608 4794 2994 4863 subtraberet,
3029 4803 3304 4868 tanquam
3336 4798 3580 4856 sacrile-

1930 4898 2039 4954 gus
2077 4887 2179 4940 aut
2210 4882 2520 4952 homicida,
2551 4889 2842 4956 perpetues
2871 4885 3200 4956 subjaceret
3231 4886 3488 4944 infamias
3513 4898 3571 4947 et

1929 4970 2202 5028 ultimum
2234 4977 2508 5045 praeterea
2536 4972 2881 5046 supplicium
2903 4978 3209 5046 cogeretur
3223 4975 3443 5035 subire.
3467 4976 3582 5035 Fa·

1927 5065 2205 5133 ctumque
2232 5061 2441 5129 estita,
2475 5066 2539 5118 ut
2568 5066 2695 5119 tum
2725 5062 2962 5120 virtutis
2984 5080 3205 5135 amore,
3235 5069 3358 5122 tum
3388 5082 3575 5139 poenoe

1927 5151 2257 5220 formidine,
2290 5167 2463 5208 nemo
2484 5151 2613 5222 Jam
2643 5153 2713 5207 de
2745 5155 2970 5221 cetero,
3002 5153 3115 5210 nisi
3144 5169 3177 5211 a
3207 5153 3578 5227 principibus

1926 5242 2234 5310 impetrata
2277 5238 2529 5308 licentia,
2561 5240 2647 5297 vel
2711 5241 2784 5296 ad
2835 5241 3127 5298 modicum
3185 5241 3427 5300 auderet
3454 5260 3577 5302 sea

1923 5329 2125 5387 castris
2154 5328 2497 5387 subtrahere
2521 5330 2648 5388 :sed
2669 5346 2877 5388 omnes
2893 5331 3267 5399 unanimiter,
3282 5334 3573 5406 tanquam

1920 5418 2028 5475 viri
2058 5417 2418 5491 claustrales»,
2449 5418 2816 5492 principibus
2847 5420 2973 5478 suis
2993 5421 3123 5479 aine
3143 5420 3499 5481 difficultate
3519 5430 3576 5482 et

1922 5507 2192 5568 molestia
2220 5524 2285 5568 se
2304 5508 2643 5569 obedientes
2671 5508 3047 5570 exhibebant.
