3784 6000
312 164 459 225 1255

1777 160 1970 220 LUCII
2007 158 2084 219 111
2121 160 2331 221 PAPAE

3615 164 3742 227 1256

309 275 473 334 bona
496 274 657 330 idem
685 271 1114 329 monasterium
1138 269 1197 328 in
1224 283 1493 345 praesens
1520 268 1678 343 juste
1698 274 1755 328 et
1780 285 1968 327 cano·
2000 270 2044 325 A
2078 270 2298 328 dicitur
2328 273 2383 330 S.
2413 270 2688 338 Cornelii,
2719 272 2834 330 sub
2862 270 3196 330 redditione
3223 286 3450 331 census
3477 270 3744 349 quinque

304 364 436 421 nice
462 363 743 437 possidet,
770 363 874 420 aut
919 361 981 417 in
1013 361 1278 418 futurum
1309 359 1700 417 concessione
1726 358 1971 433 pontifi-

304 469 465 521 cum,
496 451 810 525 largitione
833 466 1042 521 regum
1072 458 1129 506 et
1173 450 1535 523 principum.
1567 454 1676 506 etc.

378 547 592 599 Datum
624 539 873 607 Verulis,
908 556 1013 612 per
1044 555 1292 597 manum
1351 539 1568 595 alberti
1609 544 1829 597 sanctie
1859 540 1969 595 Ro-

304 648 501 690 manae
524 631 792 687 Ecclesiae
824 629 1153 702 presbyteri
1179 628 1501 686 cardinalis
1524 634 1582 685 et
1611 628 1966 692 cancellarii,

298 736 341 779 u
373 723 570 777 Nonas
599 718 1083 785 Maii,indictione
1106 720 1189 785 L.,
1219 733 1381 775 anno
1405 719 1561 787 1184,
1585 717 1969 790 pontificatus

304 825 447 867 vero
477 808 617 865 dicti
645 808 803 865 Lucii
834 823 1006 882 papie
1038 808 1107 863 ΙΙΙ
1139 823 1298 865 anno
1353 814 1430 864 ni.

1054 915 1280 972 CXLIV.

304 1005 658 1063 Monaslerii
679 1004 1016 1075 capeiensis
1039 1002 1459 1074 protectionem
1486 1004 1735 1075 suscipit
1783 1010 1969 1074 etpos-

800 1074 1080 1132 sessiones
1103 1075 1433 1142 confirmat.

868 1163 1142 1235 (Verulis,
1180 1163 1407 1235 Maiis.)

378 1253 472 1329 [D.
506 1256 780 1319 Mannum,
814 1252 1081 1309 Historia
1110 1253 1174 1310 S.
1206 1251 1507 1310 Mar-tinia
1531 1252 1960 1327 campis,34i.]

374 1343 572 1400 Luctus
602 1341 941 1415 episcopus,
981 1357 1189 1397 servus
1223 1355 1535 1397 servorum
1568 1341 1690 1408 Dei,
1730 1341 1961 1399 dilectis

304 1431 447 1490 filiis
479 1434 737 1488 Rosea-ro
762 1429 940 1502 priori
954 1427 1298 1501 Capeiensis
1332 1430 1679 1487 monasterii
1710 1431 1961 1505 ejusque

299 1519 607 1585 fratribus,
625 1524 746 1575 tam
760 1517 1157 1591 praesentibus
1170 1534 1355 1590 quam
1374 1517 1607 1589 suturis,
1622 1521 1958 1590 regularem

301 1610 491 1667 vitam
521 1607 828 1681 professis,
861 1608 920 1663 in
952 1610 1331 1679 perpetuum.

371 1696 661 1754 Effectum
686 1697 850 1769 justa
875 1695 1319 1769 postulantibus
1349 1696 1658 1768 indulgere
1694 1701 1752 1754 et
1790 1697 1958 1770 vigor

302 1785 567 1860 postulat
581 1785 878 1859 aequitatis
890 1791 947 1841 et
960 1785 1110 1841 ordo
1135 1785 1319 1856 exigit
1334 1785 1604 1852 rationis,
1625 1787 1955 1859 proesertim

301 1876 551 1951 quando
581 1875 910 1948 petentium
936 1874 1301 1932 voluntatem
1331 1876 1598 1948 etpietas
1631 1875 1877 1948 adjuvat
1900 1882 1956 1935 et

299 1966 516 2023 veritas
544 1980 668 2022 non
688 1963 986 2036 relinquit.
1022 1966 1367 2037 Eapropter,
1384 1964 1578 2022 dilecti
1609 1965 1671 2022 in
1701 1965 1957 2024 Domino

301 2053 431 2120 filii,
480 2054 689 2111 vestris
729 2053 908 2126 justis
961 2052 1464 2125 postulationibus
1501 2054 1821 2112 clementer
1852 2071 1956 2113 an·

300 2143 547 2201 nuimus
570 2147 628 2199 et
654 2141 969 2214 praefatum
1024 2143 1458 2200 monasterium
1491 2144 1552 2200 in
1595 2159 1718 2217 quo
1750 2144 1955 2202 divino

299 2233 442 2290 estis
458 2230 752 2304 obsequio
787 2231 1135 2303 mancipati,
1165 2231 1278 2288 sub
1304 2231 1457 2288 beati
1482 2232 1635 2289 Petri
1673 2239 1729 2290 et
1752 2239 1957 2293 nostra

288 2322 663 2395 ,protectione
686 2320 1049 2394 suscipimus
1073 2324 1132 2376 et
1159 2322 1468 2393 praesentis
1497 2322 1698 2395 scripti
1722 2322 1954 2395 privile-

298 2411 397 2484 gio
436 2411 904 2467 communimus.
939 2409 1272 2466 statuentes
1309 2414 1372 2466 ut
1393 2426 1790 2483 quascunque
1822 2427 1958 2484 pos·

298 2501 623 2564 sessiones,
645 2513 1022 2572 quaecunque
1042 2497 1206 2554 bona
1230 2498 1391 2555 idem
1419 2500 1851 2556 monasterium
1893 2501 1956 2558 in

296 2589 757 2662 praesentiarum
772 2589 932 2659 juste
949 2592 1006 2643 et
1034 2588 1321 2644 canonice
1345 2588 1627 2660 possidet,
1650 2589 1831 2645 autin
1862 2589 1956 2647 fu·

298 2684 502 2734 turum
513 2676 897 2733 concessione
910 2675 1285 2749 pontificum,
1307 2676 1617 2748 largitione
1629 2693 1836 2749 regum
1863 2678 1953 2737 vel

298 2766 658 2840 principum,
694 2764 996 2821 oblatione
1026 2762 1316 2831 fidelium,
1346 2781 1452 2821 seu
1473 2764 1602 2820 aliis
1628 2765 1807 2837 justis
1831 2783 1955 2824 mo·

295 2854 413 2922 dis,
430 2860 749 2928 praestante
769 2852 1043 2918 Domino,
1066 2852 1570 2927 poteritadipisci,
1595 2854 1770 2911 firma
1782 2854 1954 2913 vobis

2082 359 2433 417 solidorum.
2460 361 2781 434 Sexaginta
2796 360 3019 418 solidos
3029 361 3441 420 Atrebatensis
3465 368 3740 419 moneto.

2080 450 2254 522 Apud
2290 450 2674 522 warneston,
2724 457 2840 508 tres
2889 450 3212 509 bonuerios
3257 457 3432 509 terroe
3476 450 3560 509 de
3589 450 3741 509 dono

2081 537 2228 595 Petri
2259 537 2461 595 militis
2499 539 2573 595 de
2614 539 2848 612 Capeio,
2893 538 3362 597 assentientibus
3421 544 3483 598 et
3543 554 3740 598 conce-

2080 625 2359 684 dentibus
2399 630 2520 685 Eva
2551 642 2732 684 uxore
2761 627 2951 701 ipsius
2976 632 3035 685 et
3061 628 3188 686 Gila
3215 627 3339 687 fllia
3370 628 3679 703 ejusdem.

2153 716 2305 774 Sane
2337 716 2643 774 novalium
2675 722 3009 774 vestrorum
3039 733 3176 792 quae
3228 718 3500 792 propriis
3559 719 3736 777 mani·

2079 802 2194 861 bus
2223 811 2327 862 aut
2350 804 2690 879 sumptibus
2711 806 2922 874 colitis,
2952 806 3074 864 sive
3100 806 3175 864 de
3204 808 3606 866 nutrimentis
3629 808 3732 866 ani·

2081 894 2329 951 malium
2359 901 2693 952 vestrorum
2722 894 2925 953 nullus
2953 912 2991 954 a
3021 895 3192 954 vobis
3231 896 3516 955 decimas
3547 904 3730 955 extor-

2079 999 2260 1058 quere
2291 990 2634 1057 praesumat.
2667 984 2734 1041 In
2764 984 3208 1058 parochialibus
3237 989 3449 1043 autem
3482 985 3729 1044 ecclesiis

2078 1088 2233 1145 quas
2271 1072 2524 1140 habetis,
2578 1073 2751 1132 liceat
2797 1074 2968 1132 vobis
3015 1074 3360 1133 sacerdotes
3409 1075 3640 1147 eligere
3691 1080 3730 1134 el

2077 1161 2419 1219 dioecesano
2457 1162 2741 1236 episcopo
2770 1168 3151 1236 prasentare,
3177 1163 3408 1238 quibus
3445 1162 3498 1220 si
3547 1162 3730 1222 idonei

2075 1250 2313 1318 fuerint,
2335 1253 2652 1327 episcopus
2686 1268 2895 1311 curam
2916 1253 3258 1311 animarum
3283 1254 3657 1323 committat,
3683 1257 3731 1311 ut

2072 1341 2122 1398 ei
2150 1341 2225 1399 de
2250 1340 2657 1415 spiritualibus
2675 1341 2866 1410 vobis,
2889 1358 3028 1400 vero
3049 1341 3127 1399 de
3149 1343 3628 1417 temporalibus,
3647 1343 3728 1400 de·

2072 1429 2256 1487 beant
2283 1430 2644 1504 respondere
2669 1446 2681 1486 :
2707 1429 2880 1488 liceat
2905 1429 3078 1488 vobis
3098 1446 3348 1506 quoque
3369 1431 3629 1490 clericos
3653 1432 3727 1489 vel

2070 1518 2253 1576 laicos
2285 1535 2317 1575 e
2347 1518 2570 1575 soeculo
2617 1518 2909 1590 fugientes
2939 1517 3159 1576 liberos
3188 1524 3246 1577 et
3285 1519 3620 1579 absolutos
3662 1519 3723 1578 ad

1990 1630 2034 1686 Β
2070 1608 2523 1666 conversionem
2537 1607 2802 1681 recipere
2818 1611 2874 1665 et
2885 1623 2990 1666 eos
3008 1608 3238 1681 absque
3255 1608 3720 1667 contradictione

2069 1695 2273 1770 aliqua
2296 1696 2567 1754 retinere.
2617 1698 2760 1753 Cum
2793 1701 2992 1756 autem
3037 1697 3319 1769 generale
3349 1696 3720 1757 interdictum

2070 1790 2239 1842 terrae
2284 1785 2477 1853 fuerit,
2511 1784 2687 1842 liceat
2714 1783 2906 1855 vobis,
2937 1785 3160 1843 clausis
3193 1786 3428 1859 januis,
3458 1804 3588 1846 non
3614 1786 3720 1861 pul·

2069 1874 2214 1932 satis
2243 1873 2574 1947 campanis,
2609 1873 2864 1931 exclusis
2889 1875 3440 1934 excommunicatis
3472 1882 3534 1935 et
3560 1878 3723 1934 inter-

2068 1963 2265 2032 dictis,
2288 1979 2611 2037 suppressa
2624 1978 2771 2019 voce
2792 1961 2999 2020 divina
3009 1962 3207 2021 officia
3225 1964 3567 2024 celebrare.
3591 1966 3726 2023 Prio-

2067 2067 2194 2108 rem
2224 2050 2472 2124 insuper
2504 2050 2589 2107 vel
2618 2048 2952 2109 monachos
2979 2050 3130 2109 sicut
3151 2067 3188 2109 a
3210 2052 3398 2111 bonoe
3432 2056 3726 2113 memorie

2067 2155 2231 2213 papa
2270 2140 2448 2196 Lucio
2478 2145 2536 2197 et
2559 2140 2688 2197 aliis
2715 2140 3001 2197 Romanis
3030 2139 3429 2215 pontificibus
3447 2130 3727 2202 'constitu-

2070 2234 2196 2285 tum
2237 2235 2342 2295 est,
2375 2229 2501 2286 sine
2546 2229 2900 2286 auctoritate
2951 2231 3121 2288 Rom.
3174 2230 3495 2303 pontificis
3543 2233 3731 2291 nullus

2066 2318 2677 2377 excommunicationi
2704 2318 2795 2374 vel
2814 2318 3130 2376 interdicto
3159 2318 3475 2392 subjicere
3497 2324 3728 2397 propria

2069 2406 2373 2464 voluntate
2403 2411 2754 2480 praesumat.
2786 2407 2843 2464 Si
2868 2421 3031 2475 vero,
3056 2407 3224 2481 quod
3257 2408 3429 2467 absit
3457 2408 3474 2467 l
3507 2410 3568 2468 in
3592 2410 3730 2469 atrio

2069 2502 2282 2563 vestro,
2311 2495 2404 2552 vel
2422 2496 2483 2552 in
2514 2494 2809 2553 effusione
2830 2496 3161 2569 sanguinis,
3203 2497 3302 2555 vel
3323 2497 3394 2555 in
3423 2498 3726 2557 verberum

2065 2583 2351 2650 illatione,
2376 2585 2506 2641 sine
2531 2585 2592 2641 in
2613 2585 2819 2658 aliquo
2841 2583 3193 2658 hujusmodi
3220 2584 3579 2645 violentiam
3601 2590 3726 2646 irro-

2067 2673 2196 2744 gari
2238 2671 2386 2729 forte
2415 2672 2751 2744 contigerit,
2793 2688 3183 2748 nequaquam
3234 2679 3497 2748 propter
3537 2677 3648 2735 hoc
3687 2691 3718 2735 a

2066 2761 2279 2819 divinis
2317 2761 2572 2818 ecclesia
2606 2767 2801 2819 vestra
2829 2761 3221 2834 prohibeatur
3249 2760 3498 2821 officiis.
3530 2766 3720 2839 Sepul-

2067 2857 2264 2908 turam
2280 2858 2561 2925 praeterea
2573 2851 2760 2925 ipsius
2775 2850 2888 2908 loci
2901 2850 3154 2909 liberam
3169 2868 3304 2909 esse
3317 2852 3714 2921 decernimus,

294 2944 632 3018 vestrisque
660 2941 1109 2999 successoribus
1129 2947 1184 2997 et
1210 2941 1435 2999 illibata
1450 2949 1864 3016 permaneant.
1886 2948 1948 3002 ln
1988 2981 2032 3040 C
2066 2945 2128 2996 ut
2178 2956 2387 2997 eorum
2418 2940 2720 2997 devotioni
2763 2944 2821 2997 et
2863 2945 3141 2998 extremae
3190 2940 3501 3032 voluntati
3537 2942 3633 3018 qui
3663 2958 3717 3002 se

297 3033 520 3108 quibus
565 3034 692 3089 hoec
720 3031 975 3105 propriis
1007 3032 1291 3088 duximus
1339 3032 1738 3105 exprimenda
1771 3050 1952 3092 voca·
2060 3030 2177 3087 illic
2208 3029 2441 3103 sepeliri
2473 3029 2950 3098 deliberaverint,
2979 3031 3094 3087 nisi
3124 3029 3278 3090 forte
3318 3033 3717 3092 excommuni-

294 3120 453 3179 bulis
483 3137 498 3175 ε

367 3209 690 3267 Ecclesiam
730 3210 790 3267 S.
820 3208 1080 3267 Medardi
1109 3208 1184 3265 de
1213 3209 1433 3282 Capeio
1455 3216 1512 3267 et
1543 3211 1775 3268 tertiam
1812 3227 1949 3285 par·

296 3304 413 3358 tem
444 3297 695 3355 decimoe
733 3296 924 3370 ipsius
968 3298 1146 3356 castri
1172 3302 1230 3355 et
1254 3299 1552 3372 quidquid
1578 3300 1657 3355 ibi
1690 3300 1945 3358 habetis.

290 3388 489 3446 Altare
545 3386 621 3443 de
672 3384 1055 3458 Longavalle‚
1120 3386 1350 3443 tertiam
1412 3392 1643 3459 partem
1695 3388 1949 3447 decimae

293 3476 485 3550 ipsuis
508 3475 645 3542 loci,
703 3480 761 3531 et
797 3473 1094 3547 quidquid
1123 3474 1203 3531 ibi
1244 3475 1500 3532 habetis.
1529 3475 1681 3532 Illud
1702 3476 1853 3548 juris
1891 3481 1950 3536 et

290 3564 692 3640 possessionis
719 3563 957 3638 quodin
991 3563 1157 3619 altari
1180 3563 1254 3619 de
1277 3564 1451 3638 Clary
1469 3564 1795 3622 Gaufridus
1827 3567 1947 3624 cle·

289 3654 469 3720 ricus,
492 3653 649 3709 lilius
684 3652 929 3710 Matthaei
962 3653 1313 3710 peronensis
1364 3653 1470 3709 viri
1495 3654 1736 3711 illustris
1761 3655 1945 3713 habe-

290 3742 415 3808 bat,
441 3758 580 3799 cum
618 3747 785 3816 parte
809 3740 1060 3798 decimae
1088 3756 1275 3813 quam
1307 3741 1387 3797 ibi
1417 3741 1655 3799 habetis
1687 3749 1745 3801 et
1771 3744 1941 3819 qnid·

286 3831 437 3906 quid
466 3830 689 3888 ibidem
716 3830 1052 3903 possidetis.
1093 3829 1483 3888 Praebendam
1517 3847 1701 3889 unam
1746 3833 1807 3890 in
1850 3849 1941 3890 ec-

288 3919 529 3977 clesiam
558 3919 618 3975 S.
653 3919 853 3976 Fursei
905 3919 964 3974 in
1005 3917 1323 3975 Peronensi
1361 3924 1577 3984 castro,
1635 3936 1707 3976 ex
1744 3920 1941 3979 dona-

288 4009 447 4068 tione
473 4009 705 4066 Radulfi
733 4006 968 4065 comitis
1016 4006 1366 4064 Viromanil.
1392 4008 1585 4065 Altare
1611 4009 1686 4065 de
1705 4012 1939 4068 Frama-

285 4097 514 4164 revilla,
543 4114 681 4154 cum
711 4096 882 4154 tertia
910 4100 1074 4169 parte
1112 4096 1384 4163 decimae,
1427 4104 1487 4155 et
1522 4098 1819 4172 quidquid
1855 4099 1938 4156 ibi

286 4185 540 4245 habetis.
574 4186 767 4242 Altare
796 4186 870 4241 de
903 4184 1218 4252 Waviller,
1256 4202 1395 4244 cum
1425 4189 1595 4244 tertia
1623 4195 1678 4244 et
1703 4189 1941 4246 decima

287 4281 345 4334 et
365 4281 520 4330 terra
539 4281 595 4329 et
617 4279 782 4330 curte
802 4289 989 4346 qnam
1027 4273 1110 4330 ibi
1134 4274 1384 4330 habetis.
1419 4275 1611 4332 Altare
1637 4274 1714 4333 de
1751 4277 1939 4333 Veteri

285 4361 949 4418 Ambianensiliberum
963 4366 1023 4417 et
1042 4362 1387 4419 absolutum
1401 4363 1547 4420 etab
1559 4364 1722 4422 omni
1747 4370 1939 4423 costu-

287 4451 429 4517 mia,
451 4454 505 4508 et
526 4450 822 4524 quidquid
860 4449 944 4505 ibi
984 4450 1042 4506 in
1095 4452 1330 4508 decima
1360 4452 1454 4509 vel
1494 4459 1648 4510 terra
1678 4453 1935 4511 habetis.

283 4541 525 4598 Terram
548 4542 622 4596 de
653 4541 963 4596 Reinecurt
993 4546 1049 4596 et
1079 4539 1374 4613 quidquid
1405 4541 1486 4597 ibi
1510 4542 1763 4600 habetis.
1802 4546 1939 4601 Ter-

284 4647 417 4690 ram
446 4630 521 4687 de
554 4629 906 4686 Fulconcurt
934 4634 990 4685 et
1018 4627 1317 4702 quidquid
1369 4630 1451 4686 ibi
1496 4629 1750 4689 habetis.
1784 4633 1937 4691 Allo·

283 4719 453 4778 dium
483 4719 559 4775 de
585 4719 942 4777 Choinnoles
965 4725 1022 4774 et
1046 4717 1311 4791 hospites
1334 4719 1697 4794 etquidquid
1727 4722 1937 4780 ibiha-

281 4809 451 4867 betis.
509 4808 702 4865 Altare
729 4807 802 4863 de
828 4809 1050 4865 flames
1089 4812 1147 4864 et
1185 4808 1482 4882 quidquid
1518 4809 1577 4865 in
1605 4809 1845 4868 decima
1874 4811 1936 4868 il·

279 4898 395 4956 lius
430 4896 546 4954 loci
595 4896 858 4953 habetis.
898 4895 1199 4971 Quidquid
1246 4896 1478 4954 habetis
1507 4898 1568 4954 in
1597 4898 1835 4956 decima
1859 4901 1934 4958 de

282 4985 514 5044 Carnai.
546 4985 739 5043 Altare
789 4985 863 5041 de
882 4985 1336 5068 FontaniS,cum
1366 4992 1530 5043 curte
1551 4991 1609 5043 et
1633 4987 1934 5062 quidquid

280 5074 365 5134 ibi
393 5073 650 5132 habetis.
688 5073 903 5145 Viginti
950 5073 1177 5130 solidos
1198 5075 1277 5131 ad
1315 5074 1613 5134 luminare
1659 5076 1932 5135 ecclesias

280 5163 530 5235 singulis
545 5163 791 5220 annisin
807 5165 961 5219 cond
973 5168 1108 5219 uctu
1121 5169 1543 5230 mercatorum,
1555 5166 1717 5237 quod
1752 5167 1933 5238 vulgo

282 5253 676 5325 Guionagium
699 5249 933 5318 dicitur,
967 5255 1205 5309 Peronae
1245 5253 1576 5325 capiendos
1614 5253 1755 5311 etin
1780 5254 1931 5315 festo

282 5341 342 5398 S.
387 5342 633 5413 Remigii
658 5340 1109 5413 persolvendos,
1141 5342 1215 5399 de
1239 5341 1402 5399 dono
1433 5340 1669 5400 Radulfi
1696 5345 1932 5403 comitis

266 5420 605 5489 'viromand
634 5435 693 5487 et
732 5430 1031 5488 Adeleidis
1064 5431 1261 5490 uxoris
1314 5431 1468 5506 ejus.
1508 5431 1751 5492 Terram
1791 5450 1930 5510 quae

1969 4336 2016 4393 D
2047 4372 2262 4422 eoetera
2282 4363 2682 4421 ecclesiastica
2698 4369 3081 4421 sacramenta
3095 4380 3132 4421 a
3145 4364 3522 4428 dioecesano
3547 4368 3696 4428 susei-

2059 3119 2177 3176 cati
2222 3118 2315 3176 vel
2357 3117 2652 3176 interdicti
2691 3120 2827 3187 sint,
2858 3119 3060 3176 nullus
3098 3117 3400 3189 obsistat,
3445 3123 3611 3182 salva
3647 3127 3715 3180 ta-

2060 3223 2197 3265 men
2232 3208 2465 3281 justitia
2492 3208 2730 3265 illarum
2773 3207 3183 3277 ecclesiarum,
3216 3225 3253 3268 a
3311 3210 3552 3286 quibus
3579 3228 3712 3271 mor·
3783 3271 3784 3284 ,

2057 3301 2301 3356 tuorum
2328 3312 2581 3371 corpora
2604 3302 3022 3356 assumuntur.

2129 3385 2519 3443 prohibemus
2555 3385 2805 3458 insuper
2837 3390 2899 3443 ut
2920 3385 3077 3444 intra
3104 3384 3263 3444 fines
3295 3387 3712 3461 parochiarum

2056 3479 2416 3542 vestrarum,
2435 3474 2562 3530 sine
2582 3490 2837 3532 assensu
2853 3477 3068 3542 vestro,
3084 3474 3402 3549 capellam
3426 3478 3522 3536 vel
3541 3485 3714 3537 orato-

2055 3562 2234 3631 rium,
2253 3562 2454 3620 nullus
2477 3563 2779 3620 aedificare
2800 3568 3144 3636 praesumat,
3169 3564 3361 3624 salvis
3383 3572 3591 3628 tamen
3616 3568 3712 3642 pri·

2054 3650 2283 3723 vilegiis
2325 3652 2609 3710 Romanae
2655 3650 2947 3710 Ecclesia.
2981 3653 3325 3712 Statuimus
3358 3657 3549 3715 etiam
3579 3663 3638 3716 ut
3673 3658 3708 3713 si

2050 3741 2215 3813 prior
2235 3742 2335 3813 qui
2359 3757 2468 3815 pro
2499 3747 2767 3815 tempore
2789 3740 3045 3797 fueritin
3074 3746 3282 3800 vestra
3297 3743 3569 3803 eeclesia
3593 3761 3710 3804 eon·

2050 3831 2311 3898 stitutus,
2338 3830 2729 3903 proebendam
2754 3845 2940 3902 quam
2964 3831 3026 3888 in
3047 3828 3311 3889 ecclesia
3337 3835 3401 3890 S.
3439 3834 3704 3892 Furseide

2051 3917 2281 3976 Perona
2298 3919 2528 3975 debetis
2544 3917 2791 3986 habere,
2814 3917 2997 3977 alicui
3016 3933 3304 3992 personas
3334 3921 3582 3982 idoneo
3597 3939 3699 3999 que

2049 4007 2687 4066 assiduedeserviatad
2701 4013 2935 4081 tempus
2949 4006 3700 4074 duxeritcommittendam.

2048 4097 2444 4169 integritatem
2465 4095 2762 4153 fructuum
2794 4095 2946 4153 sicut
2971 4095 3068 4154 alii
3091 4098 3196 4170 qui
3215 4100 3468 4160 assidui
3491 4101 3696 4166 fuerint,

2048 4193 2466 4260 consequatur.
2483 4185 2755 4242 Chrisma
2765 4200 3026 4259 quoque,
3040 4185 3248 4244 oleum
3263 4197 3698 4264 sanctum,con-

2049 4277 2407 4332 secretiones
2456 4273 2761 4341 altarium,
2801 4274 3218 4332 ordinationes
3269 4277 3636 4339 clericorum
3657 4285 3696 4336 et

2048 4453 2220 4526 pietis
2249 4453 2554 4526 episcopo,
2586 4453 2883 4526 siquidem
2912 4451 3247 4511 catholicus
3295 4455 3492 4517 fuerit
3513 4466 3572 4517 et
3595 4475 3696 4532 gra·

2046 4543 2190 4599 tiam
2207 4547 2384 4615 atque
2399 4543 2890 4599 communionem
2903 4541 3252 4616 apostolicas
3263 4545 3442 4605 sedis
3451 4547 3694 4606 habuerit

2045 4636 2103 4689 et
2120 4647 2193 4688 ea
2212 4630 2394 4703 gratis
2409 4636 2465 4687 et
2479 4631 2713 4704 absque
2731 4628 3018 4704 pravitate
3034 4628 3249 4705 aliqua
3263 4634 3460 4693 vobis
3479 4633 3694 4696 voluerit
3741 4633 3746 4638 '

2045 4720 2343 4779 exhibere.
2376 4720 2656 4792 Alioquin
2684 4720 2858 4777 liceat
2893 4720 3065 4778 vobis
3102 4736 3568 4801 quemcunque
3599 4739 3696 4783 ma·

2043 4810 2269 4868 lueritis
2286 4806 2645 4866 catholicum
2677 4809 2841 4868 adire
2858 4809 3206 4878 antistitem,
3231 4813 3354 4886 qui
3381 4821 3596 4874 nostra
3613 4811 3696 4871 ful·

2045 4905 2137 4958 tus
2163 4898 2530 4965 auctoritate,
2561 4898 2723 4971 quod
2758 4898 3090 4972 postulatur
3116 4899 3486 4975 indulgeat.
3529 4904 3696 4964 Libet-

2043 4993 2190 5046 tates
2220 5002 2361 5043 vero
2391 4992 2447 5043 et
2477 4986 2881 5045 immunitates
2923 5003 2995 5045 ac
3018 4987 3438 5052 rationabiles
3483 5007 3694 5053 consue·

2043 5077 2279 5137 tudines
2306 5077 2368 5133 in
2397 5075 2642 5133 ecclesia
2674 5081 2873 5134 vestra
2889 5075 3188 5134 hactenus
3211 5078 3612 5156 observatas,
3631 5097 3694 5140 rs·

2041 5172 2131 5224 tas
2158 5165 2476 5233 habemus,
2505 5180 2733 5249 easque
2775 5165 2986 5222 futuris
3021 5167 3430 5240 temporibus
3466 5173 3694 5231 illibatas

2040 5271 2284 5313 manere
2309 5255 2636 5312 sancimus.
2665 5254 2800 5313 Paci
2817 5269 3064 5334 quoque
3081 5258 3141 5312 et
3161 5259 3610 5334 tranquillitati
3631 5275 3690 5315 ve

2041 5350 2173 5403 stroe
2216 5348 2469 5419 paterna
2494 5344 2558 5401 in
2607 5350 2913 5418 posterum
2952 5342 3380 5408 sollicitudine
3409 5349 3692 5426 providere

2038 5432 2328 5505 volentes,
2341 5434 2687 5520 auctoritate
2702 5432 3031 5508 apostolica
3040 5433 3470 5508 prohibemus
3491 5456 3570 5500 ne
3587 5437 3690 5516 qui*
