3784 6000
173 240 289 303 3⁴1

1231 244 1669 309 culmum}
1707 242 2098 309 TYRENSIS
2138 240 2502 307 attentat).

3453 243 3574 306 ete

168 372 241 429 de
271 374 400 445 eJus
431 375 604 449 coepit
643 382 828 434 morte
866 377 1157 450 (charitati
1197 378 1469 437 fraternae
1515 378 1812 455 publicam
1843 380 1899 448 Α
1924 377 2087 452 prior
2120 374 2469 448 intrepidus.
2487 371 2747 447 Cumque
2770 374 2895 447 jam
2920 373 3074 431 muri
3109 375 3574 449 propugnaculo,

171 461 431 520 fidelium
463 480 807 537 praeponens
838 465 1112 538 salutem)
1144 472 1410 525 tractare.

802 572 1024 629 CAPUT
1058 574 1206 630 XXL

169 659 520 715 Boamundus
569 658 807 716 amicum
839 662 1125 731 sollicitat,
1166 672 1228 720 ut
1273 680 1406 736 opus
1433 667 1766 738 compleatur
1797 683 1811 724 :

238 730 341 786 ille
356 732 587 800 [mtrem
607 746 719 788 non
738 737 1164 791 consentientem
1179 738 1405 807 perimit
1427 754 1448 798 .·
1470 739 1815 796 Christianos

236 815 340 872 per
366 801 579 858 seclum
608 804 903 862 amissam
932 805 993 862 in
1020 806 1215 864 urbem
1244 809 1457 881 recipit.

241 907 465 965 Interea
488 909 764 967 dominus
784 912 1159 971 Boamundus
1182 918 1298 971 tota
1330 920 1523 974 mente
1547 916 1814 986 anbelus,

169 997 464 1066 quomodo
492 996 642 1054 votis
671 999 1049 1072 satisfaceret,
1080 1018 1153 1059 ne
1183 1002 1254 1059 de
1294 1004 1424 1076 ejus
1466 1004 1691 1062 desidia
1731 1020 1820 1062 res

169 1087 368 1155 optata
397 1085 630 1159 suscipe
641 1092 726 1144 ret
744 1088 1107 1163 dilationem,
1131 1091 1424 1164 principes
1445 1093 1675 1163 circuit,
1698 1097 1821 1151 tota

170 1173 456 1231 instantia
484 1180 685 1233 monet
713 1191 841 1235 esse
885 1177 1187 1248 sollicitos,
1220 1180 1434 1238 scalam
1487 1183 1547 1239 in
1579 1183 1820 1240 funibus

172 1263 523 1321 cannabinis
552 1266 700 1322 satis
729 1266 1040 1325 artificiose
1068 1268 1376 1339 intextam,
1416 1276 1680 1344 paratam
1711 1271 1817 1329 ha·

174 1349 321 1408 bens
351 1367 467 1423 pras
499 1353 795 1428 manibus,
829 1372 957 1430 quas
991 1359 1159 1416 uncis
1188 1359 1432 1418 interius
1462 1361 1687 1431 terreis,
1718 1378 1819 1418 su·

177 1439 374 1512 parius
402 1455 536 1498 vero
567 1443 638 1499 ad
669 1459 972 1502 murorum
1003 1451 1441 1523 propugnacula
1469 1450 1672 1508 debeat
1698 1451 1818 1507 alli-

178 1528 325 1603 gari.
357 1529 489 1587 Jam
511 1547 645 1589 vero
667 1537 836 1591 nocte
866 1536 1224 1607 media,cum
1256 1555 1319 1596 se
1340 1540 1611 1598 universa
1639 1541 1822 1612 quieti

180 1618 437 1675 dedisset
490 1618 718 1688 civitas,
755 1622 1047 1679 continuis
1091 1623 1308 1698 vigiliis
1364 1629 1421 1683 et
1476 1625 1673 1685 labore
1711 1627 1822 1683 im-

182 1721 387 1764 menso
447 1708 600 1765 vires
646 1709 838 1782 sopori
906 1710 1404 1785 ministrantibus,
1445 1715 1819 1787 interpretem

182 1795 567 1853 domesticum
630 1802 692 1853 et
739 1796 905 1856 valde
951 1800 1298 1858 familiarem
1347 1803 1419 1860 ad
1480 1804 1821 1876 preadictum

180 1883 435 1941 amicum
460 1884 682 1958 dirigit,
707 1890 770 1944 ut
786 1888 863 1944 ab
881 1889 1083 1947 eodem
1109 1890 1436 1950 sciscitetur
1461 1894 1821 1968 diligentius,

180 1977 382 2031 utrum
407 1972 604 2031 adbuc
632 1976 746 2033 sibi
771 1977 906 2035 velit
935 1979 1143 2037 adesse
1162 1981 1386 2039 domini
1408 1983 1501 2040 sui
1524 1984 1823 2042 familiam.

183 2060 514 2119 Adveniens
555 2066 755 2120 autem
804 2064 925 2133 ille,
958 2064 1142 2124 virum
1191 2069 1250 2126 in
1298 2070 1569 2129 cancellis
1617 2075 1831 2145 reperit

181 2148 548 2223 vigilantem.
580 2150 845 2225 Cumque
893 2155 944 2211 ei
991 2155 1279 2230 interpres
1324 2176 1461 2217 voce
1508 2162 1828 2232 submissa,

180 2239 358 2296 verba
403 2239 631 2297 domini
676 2242 770 2298 sui
817 2245 1199 2317 exposuisset,
1239 2250 1511 2320 repondit
1549 2251 1600 2308 ei
1630 2267 1650 2307 .·
1694 2251 1833 2310 Sede

182 2331 395 2402 quietus
423 2332 474 2384 et
504 2336 640 2399 tace,
657 2346 935 2403 quousque
959 2335 1263 2406 praesectus
1290 2337 1542 2408 vipitum,
1577 2343 1673 2413 qui
1706 2357 1835 2397 cum

185 2417 359 2472 mutto
388 2416 603 2474 accedit
629 2419 931 2490 comitatu,
970 2425 1021 2478 et
1047 2424 1266 2495 fuloore
1314 2427 1718 2499 lampadarum,
1751 2431 1834 2487 lo-

184 2520 314 2561 cum
344 2506 514 2561 istum
539 2510 910 2577 pertranseat.
943 2510 1075 2568 Erat
1120 2513 1277 2570 enim
1327 2516 1385 2572 in
1429 2516 1663 2575 civitate
1693 2534 1838 2576 con·

192 2594 689 2666 suetudino,quod
715 2606 921 2668 prester
940 2599 1271 2675 vigiles,qui
1297 2605 1549 2679 singulis
1571 2608 1833 2666 turribus

192 2691 356 2743 erant
383 2682 673 2755 deputati,
696 2701 901 2748 eorum
931 2690 1200 2763 superior
1219 2695 1620 2768 magistratuS,
1641 2701 1728 2755 ter
1746 2697 1838 2755 vel

78 2851 85 2858 ⁸
193 2779 399 2845 quater
428 2773 486 2830 in
519 2779 709 2845 nocte,
741 2792 941 2834 muros
962 2794 1096 2836 cum
1125 2781 1349 2854 ingenti
1371 2785 1639 2844 circuiret
1658 2787 1839 2846 eoml-

194 2867 341 2936 tatu,
372 2863 595 2922 faculas
626 2867 894 2925 ardentes
922 2871 1203 2940 gestando
1234 2890 1348 2945 prae
1374 2877 1667 2944 manibus,
1700 2882 1765 2934 ut
1785 2878 1836 2935 si

200 2968 349 3027 quos
397 2952 684 3013 inveniret
710 2960 814 3014 aut
840 2973 1047 3018 somno
1093 2966 1381 3036 gravatos,
1410 2968 1513 3023 aut
1546 2966 1841 3042 negligen-

196 3042 314 3100 tius
335 3058 401 3101 se
433 3043 733 3117 babentes,
756 3047 963 3105 debite
980 3050 1472 3113 animadversioni
1502 3058 1839 3131 subjiceret.

198 3131 600 3191 Pertransiens
640 3138 833 3193 autem
872 3137 990 3200 bic.
1023 3141 1194 3212 cujus
1240 3146 1398 3201 tanta
1426 3150 1552 3203 erat
1596 3147 1842 3219 jurisdi-
1873 3118 1919 3188 c

201 3220 423 3289 ctio,‘et
442 3221 783 3292 praedictum
805 3226 996 3284 virum
1024 3229 1364 3307 vigilantem
1387 3234 1701 3307 reperiens,
1715 3237 1846 3309 ejus

204 3310 637 3368 commendavit
654 3312 1046 3388 diligentiam,
1062 3319 1134 3375 ad
1161 3320 1434 3379 ulteriora
1454 3323 1848 3398 deproperans

203 3398 331 3457 loca
357 3414 624 3458 securus.
659 3402 875 3461 videns
919 3409 1115 3463 autem
1153 3409 1244 3466 vir
1281 3412 1595 3485 pradictus
1641 3414 1847 3473 horam

204 3503 269 3544 se
296 3487 580 3546 obtulisse
618 3490 791 3550 rebus
835 3495 1077 3567 agendis
1122 3503 1533 3571 opportunam,
1563 3503 1849 3576 interpre-

201 3579 319 3636 tem
374 3580 702 3651 sepositum
743 3582 1077 3659 alloquitur,
1129 3585 1327 3646 dicens
1358 3607 1374 3647 ε
1405 3591 1559 3649 Vade
1602 3594 1766 3662 citus,
1799 3605 1851 3651 et

203 3663 295 3723 dic
322 3666 544 3726 domino
562 3674 656 3728 tuo
683 3678 746 3729 ut
770 3687 895 3729 cum
919 3673 1058 3731 viris
1079 3676 1268 3735 electis
1297 3680 1531 3750 festinus
1559 3681 1845 3741 adveniat.

204 3752 315 3821 Qui
342 3756 498 3815 dicto
528 3757 705 3817 citius
732 3777 1037 3821 recurrens
1056 3765 1127 3822 ad
1158 3765 1458 3826 dominum
1490 3773 1550 3828 et
1576 3775 1849 3843 paratum

207 3847 520 3919 reperiens,
552 3852 881 3910 convocatis
908 3857 1060 3913 clam
1110 3856 1240 3914 aliis
1272 3859 1654 3933 principibus,
1685 3866 1744 3918 et
1787 3861 1849 3918 in

205 3933 327 3992 ictu
356 3936 532 4009 oculi,
562 3938 715 3996 sicut
756 3944 1085 4013 praemoniti
1122 3951 1304 4018 erant,
1336 3947 1849 4021 subsequentibus,

205 4024 458 4095 quisque
488 4042 622 4083 cum
649 4044 755 4085 suo
785 4031 1102 4091 domestico
1144 4037 1441 4107 comitatu,
1473 4039 1667 4097 subito
1716 4045 1851 4098 ante

205 4112 415 4170 turrim
445 4114 546 4171 diu
570 4122 703 4174 ante
735 4128 1139 4192 praenotatam,
1162 4128 1329 4198 quasi
1358 4128 1449 4183 vir
1469 4145 1621 4185 unus
1650 4130 1849 4186 astite-

207 4206 367 4274 runt,
397 4202 478 4260 ita
509 4209 575 4260 ut
601 4221 701 4262 nec
732 4207 969 4276 clamor,
1002 4227 1107 4267 nec
1146 4215 1420 4285 strepitus
1456 4232 1525 4273 ex
1561 4217 1647 4274 eis
1677 4218 1851 4275 audi-

209 4293 387 4346 retur.
420 4289 651 4348 Interea
694 4293 795 4351 ille
840 4298 929 4354 vir
974 4301 1287 4369 praedictus
1330 4306 1533 4362 turrim
1585 4307 1852 4364 eamdem

208 4376 526 4451 ingressus,
557 4380 794 4440 fratrem
825 4388 1040 4459 reperit
1087 4406 1288 4448 somno
1332 4403 1651 4464 gravatum,
1683 4398 1852 4469 cujus

1922 471 2258 526 transcursa
2286 464 2458 533 scala,
2493 478 2726 520 manum
2768 462 3155 533 adhibuisset,
3185 463 3575 536 comprehen-

1924 556 2070 613 dens
2098 569 2226 611 eam
2259 553 2360 626 qui
2391 556 2514 609 erat
2551 551 2810 619 interior,
2841 552 3033 609 sciens
3081 552 3219 622 qnia
3245 552 3576 610 Boamundi

1924 649 2075 703 essct
2104 659 2335 713 manus,
2367 641 2585 698 dixisse
2625 641 2807 697 fertur
2838 658 2851 696 :
2889 642 3043 698 Vivat
3089 641 3207 700 haec
3231 643 3473 717 :manum
3506 647 3576 700 Bt

1927 737 1991 791 ut
2018 733 2147 805 eJus
2177 735 2236 788 et
2265 730 2525 788 omnium
2559 729 2819 786 fidelium
2850 729 2964 787 sibi
2996 730 3275 802 majorem
3297 731 3575 790 eoncilia·

1927 826 2013 879 ret
2041 820 2312 895 gratiam,
2344 835 2410 876 eo
2454 819 2610 890 quod
2662 819 2897 877 fratrem
2923 817 3237 876 uterinum
3289 819 3351 877 in
3401 836 3572 894 opere

1930 914 2048 968 tam
2080 912 2282 966 sancto
2315 924 2427 964 non
2469 907 2927 965 consentientem
2976 908 3570 977 transverberaverat,

1928 997 2154 1056 inducit
2182 1012 2318 1054 eum
2349 997 2409 1052 in
2432 996 2637 1053 turrim
2664 1014 2678 1065 ;
2710 1000 2769 1053 et
2815 995 3054 1054 tratrem
3084 996 3341 1055 ostendit
3370 998 3573 1055 exani-

1930 1103 2083 1144 mem
2130 1085 2361 1159 proprio
2409 1084 2705 1157 sanguine
2761 1087 3152 1143 cruentatum.
3187 1084 3572 1143 Deosculatus

1929 1176 2108 1250 igitur
2126 1175 2397 1233 dominus
2410 1173 2778 1231 Boamundus
2798 1173 2939 1231 viris
2961 1174 3353 1231 constantiam
3366 1178 3425 1232 et
3437 1174 3570 1232 ildei

1928 1264 2344 1334 sinceritatem,
2377 1263 2450 1320 ad
2481 1279 2714 1320 murum
2745 1262 2996 1331 rediens,
3027 1262 3244 1320 emisso
3273 1262 3573 1337 paulisper

1931 1370 2031 1427 per
2051 1351 2371 1410 cancellum
2402 1351 2610 1423 capite,
2639 1367 2777 1409 voce
2826 1368 3142 1424 suppressa
3186 1367 3329 1409 suos
3375 1353 3449 1408 ad
3479 1369 3570 1410 as-

1929 1457 2169 1501 censum
2190 1441 2356 1515 caepit
2377 1441 2621 1498 invitare
2656 1457 2669 1496 :
2707 1456 2959 1513 cumque
2997 1441 3185 1499 adbuc
3210 1440 3572 1510 dubitarent,

1932 1548 2039 1591 nec
2067 1536 2192 1589 erat
2219 1531 2433 1603 aliquis
2463 1547 2643 1588 ausus
2671 1531 2998 1602 ascendere,
3018 1532 3202 1587 totum
3234 1533 3576 1604 reputantes

1933 1621 2338 1695 sophisticum,
2388 1619 2665 1692 quidquid
2723 1620 2798 1677 de
2846 1634 3017 1676 muro
3064 1619 3405 1677 dicebatur:
3457 1636 3572 1694 quo

1932 1710 2185 1784 cognite,
2215 1710 2287 1767 ad
2337 1724 2474 1765 suos
2505 1723 2603 1780 per
2631 1709 2894 1765 eamdem
2926 1707 3145 1766 scalam
3173 1708 3429 1777 rediens,
3453 1724 3576 1767 suo

1931 1798 2353 1858 incolumitatis
2381 1797 2617 1855 evidens
2641 1797 2803 1854 dedit
2825 1799 3260 1871 argumentum.
3293 1797 3462 1854 Unde
3491 1797 3578 1855 fa·

1928 1895 2087 1949 ctum
2111 1892 2215 1960 est,
2232 1893 2297 1946 ut
2316 1887 2582 1946 certatim
2614 1886 3017 1955 ascendentes,
3033 1886 3094 1943 in
3133 1890 3435 1944 momento
3457 1901 3579 1944 mu·

1931 1995 2062 2036 rum
2093 1978 2426 2051 replerent;
2458 1982 2510 2033 et
2540 1991 2658 2033 non
2685 1975 2876 2033 solum
2919 1977 3128 2032 turrim
3159 1973 3347 2047 illam,
3374 1989 3577 2032 verum

1932 2073 1991 2126 et
2018 2068 2090 2125 de
2118 2065 2553 2126 collateralibus
2577 2065 2889 2123 nonnullas
2917 2069 3310 2137 occuparent.
3339 2063 3582 2121 Audivi-

1936 2173 2067 2216 mus
2097 2157 2253 2231 quod
2271 2156 2426 2214 inter
2445 2154 2596 2213 alios
2620 2154 2893 2211 dominus
2914 2153 3361 2211 Flandrensium
3381 2167 3584 2210 comes

1935 2251 1994 2306 et
2042 2247 2317 2305 dominus
2362 2245 2698 2302 Tancredua
2745 2242 3132 2313 ascenderint,
3181 2259 3435 2316 quorum
3485 2243 3586 2300 do-

1937 2337 2127 2396 ctrina
2150 2335 2340 2393 caeteri
2371 2336 2739 2408 regebantur.

2541 2439 2778 2498 CAPUT
2807 2437 2979 2497 xxn.

1940 2534 2244 2591 lntromim‘
2299 2532 2562 2604 aperiunt
2622 2537 2841 2600 portam
2859 2546 2884 2596 ,·
2931 2531 3220 2596 caeream,
3270 2529 3393 2601 jam
3450 2526 3589 2598 facti

2046 2608 2311 2673 conscius,
2339 2604 2404 2658 in
2431 2603 2623 2658 urbem
2644 2602 2835 2656 irruit.
2870 2600 3079 2657 Ciuitas
3106 2608 3482 2672 θεραπηίην.

2014 2694 2290 2751 videntes
2319 2706 2451 2749 vero
2482 2689 2800 2763 principes,
2831 2689 2987 2760 quod
3010 2687 3348 2746 sufficiebat
3376 2704 3585 2746 nume·

1945 2799 2045 2841 rus
2073 2786 2134 2840 et
2181 2781 2491 2856 prudentia
2531 2795 2732 2837 eorum
2782 2777 2885 2850 qui
2923 2778 3051 2849 ,iam
3089 2777 3495 2846 ascenderant,
3526 2779 3593 2835 nt

1946 2890 2065 2932 una
2092 2871 2180 2929 vel
2211 2873 2407 2945 plures
2463 2872 2635 2941 portae
2667 2872 3028 2940 aperrentur,
3053 2866 3163 2924 sub
3198 2864 3593 2924 omniveloci·

1946 2968 2065 3023 tate
2094 2960 2310 3020 reversi
2345 2963 2486 3018 sunt
2513 2958 2585 3018 ad
2616 2960 2830 3026 castra,
2861 2960 2929 3015 ut
2972 2972 3110 3014 suas
3140 2959 3470 3029 properent
3495 2971 3592 3014 cc·

1954 3055 2100 3128 pias,
2129 3056 2196 3110 et·
2216 3052 2351 3109 dato
2396 3049 2562 3122 signo
2589 3048 2661 3104 ab
2703 3046 3100 3116 interioribus,
3133 3045 3338 3104 urbem
3360 3045 3592 3121 ingredi

1955 3161 2071 3203 non
2100 3144 2422 3201 morentur.
2443 3138 2552 3204 Qui
2571 3152 2702 3194 vero
2718 3153 2895 3209 supra
2921 3151 3157 3193 murum
3185 3134 3590 3205 ascenderant,

1954 3234 2164 3292 virtute
2195 3230 2390 3287 induti
2420 3242 2489 3284 ex
2530 3226 2671 3298 alto,
2701 3226 2848 3283 duce
2890 3224 3163 3300 praedicto
3190 3224 3316 3283 viro
3362 3224 3469 3297 qui
3495 3238 3595 3282 scs

1955 3320 2374 3386 introduxerat,
2400 3317 2524 3389 Jam
2554 3316 2754 3373 decem
2785 3319 2991 3382 turrea,
3025 3314 3086 3373 in
3114 3314 3319 3373 eodem
3352 3313 3482 3372 sine
3509 3313 3596 3371 in-

1958 3409 2333 3484 terpolatione
2353 3410 2561 3475 tractu,
2595 3404 2800 3463 occisis
2829 3419 3030 3462 earum
3060 3402 3400 3461 custodibus
3430 3418 3600 3462 occu-

1956 3503 2233 3573 paverant
2266 3516 2280 3556 ε
2311 3501 2370 3554 et
2401 3501 2597 3553 tamen
2637 3492 2825 3552 adbuc
2854 3492 3130 3552 universa
3156 3490 3495 3566 quiescebat
3515 3491 3599 3549 ci-

1956 3591 2129 3658 vitas,
2158 3588 2239 3645 ita
2265 3589 2332 3644 ut
2360 3601 2467 3643 nec
2497 3599 2701 3640 rumor
2724 3581 2940 3657 aliquis
2979 3581 3298 3640 audiretur.
3325 3581 3466 3640 Erat
3492 3598 3599 3639 au·

1958 3683 2077 3736 tem
2102 3693 2270 3735 secus
2314 3688 2445 3733 eam
2494 3678 2716 3747 partem
2763 3671 2935 3740 muri,
2967 3671 3121 3730 unde
3149 3670 3335 3728 nostri
3383 3685 3598 3728 ascen-

1959 3770 2184 3835 derant,
2219 3768 2386 3839 porta
2422 3762 2787 3828 adulterina;
2820 3761 2893 3818 ad
2934 3776 3112 3834 quam
3156 3759 3596 3822 descendentes.

1960 3855 2270 3916 contractis
2296 3854 2427 3926 ejus
2446 3851 2711 3909 vectibus
2739 3854 2798 3907 et
2825 3849 2993 3918 seris,
3016 3864 3148 3908 eam
3164 3847 3446 3906 violenter
3469 3863 3601 3922 ape·

1960 3947 2159 4015 riunt;
2192 3948 2249 4001 et
2301 3941 2671 4000 admittentes
2707 3954 2806 3998 eos
2853 3940 2955 4011 qui
3002 3939 3076 3997 de
3123 3937 3262 3996 loris
3309 3941 3604 4012 exspecta-

1961 4035 2122 4106 bant,
2155 4031 2333 4090 crevit
2350 4044 2551 4088 eorum
2584 4043 2868 4087 numerus
2897 4025 2997 4099 qui
3018 4026 3182 4084 intus
3201 4028 3367 4082 erant
3394 4024 3456 4082 in
3485 4025 3600 4082 im·

1961 4138 2253 4192 mensum,
2285 4120 2367 4177 ita
2414 4123 2479 4177 ut
2525 4117 2599 4175 ad
2648 4120 2896 4189 portam,
2943 4130 3072 4187 quas
3121 4113 3320 4171 Pontis
3365 4112 3601 4180 dicitur,

1962 4215 2109 4272 lacto
2140 4213 2216 4268 im
2226 4214 2362 4283 petu
2389 4212 2823 4276 concurrentes,
2844 4204 3011 4261 caesis
3040 4202 3235 4277 gladio
3255 4203 3383 4275 eJus
3404 4205 3605 4260 custo-

1961 4303 2157 4370 dibus,
2188 4316 2316 4358 eam
2344 4297 2620 4357 violenter
2648 4293 2960 4368 aperirent.
2995 4293 3223 4352 Interea
3262 4292 3501 4364 quidam
3532 4291 3605 4349 de

1961 4390 2182 4450 familia
2210 4387 2433 4447 domini
2454 4384 2799 4453 Boamundi,
2820 4382 2947 4455 ejus
2966 4381 3239 4440 vexillum
3270 4396 3449 4455 super
3466 4396 3605 4439 eum

207 4468 346 4541 quia
375 4472 629 4527 mentem
665 4480 903 4533 noverat
930 4476 1184 4536 alienam
1214 4496 1249 4537 a
1277 4497 1385 4539 suc
1413 4484 1749 4556 propositio,
1780 4485 1849 4541 ti·
1877 4492 1933 4559 1)
1966 4479 2336 4542 contulerant
2353 4478 2608 4533 montem
2631 4472 2731 4546 qui
2753 4472 2881 4529 urbi
2904 4471 3423 4546 proeminebat3et
3433 4471 3608 4544 juxta

210 4573 378 4616 mens
415 4573 488 4616 ne
517 4575 621 4633 per
647 4576 779 4620 eum
803 4564 883 4622 rei
907 4565 1030 4637 jam
1059 4583 1207 4640 pene
1226 4576 1638 4629 consummatas
1669 4572 1854 4632 mini-
1963 4569 2298 4647 praesidium
2330 4564 2602 4639 superius
2633 4563 2696 4620 in
2724 4578 2857 4621 arce
2885 4562 3164 4636 quadam,
3195 4560 3320 4619 loco
3348 4560 3610 4619 eminen-

208 4651 498 4707 straretur
559 4648 1074 4727 impedimentum,
1131 4658 1324 4731 gladio
1405 4662 1852 4734 transverberat,

207 4737 358 4795 lacto
388 4737 521 4811 pius
552 4745 609 4796 et
651 4741 973 4801 sceleratus
1019 4746 1245 4804 eodem.
1281 4749 1417 4806 Post
1467 4750 1584 4808 haec
1621 4751 1852 4810 radiens

209 4828 282 4885 ad
310 4828 621 4902 cancellos,
653 4835 711 4888 et
737 4848 885 4904 quos
906 4836 1128 4893 evocari
1162 4843 1514 4911 praeceperat
1545 4849 1853 4910 praesentes

212 4918 600 4992 conspiciens,
630 4921 764 4981 dato
811 4928 870 4981 et
915 4931 1215 5000 resumpto
1263 4933 1481 4986 mutuas
1512 4930 1850 4989 salvationis

213 5004 637 5076 affatu,sunem
685 5012 943 5072 demittit
970 5015 1374 5092 inferius,quo
1421 5019 1636 5078 scalam
1679 5021 1751 5078 ad
1790 5037 1852 5079 se

213 5095 517 5169 pertrahat
561 5100 945 5159 sublevatam.
980 5104 1185 5164 Erecta
1226 5107 1407 5183 igitur
1433 5109 1611 5180 scala,
1643 5115 1700 5169 et
1732 5115 1851 5170 tam

213 5203 248 5243 a
277 5187 577 5260 superiore
622 5193 809 5264 parte,
839 5208 1015 5264 quam
1045 5196 1117 5252 ab
1168 5197 1440 5257 inferiore
1468 5200 1695 5259 firmius
1742 5217 1854 5258 an-

212 5290 381 5346 nexa,
414 5293 582 5338 nemo
637 5284 904 5354 repertus
950 5288 1037 5342 est
1066 5286 1169 5358 qui
1206 5288 1279 5344 ad
1310 5304 1504 5348 vocem
1535 5290 1853 5364 superioris

211 5364 301 5424 vel
323 5367 546 5427 domini
558 5370 885 5430 Boamundi
903 5375 1247 5434 mandatum
1268 5384 1855 5450 praesumeretascen·

214 5455 351 5513 dere
386 5460 447 5515 et
499 5458 556 5517 in
613 5474 676 5519 se
740 5460 1077 5535 hujusmodi
1132 5468 1585 5538 esperimentum
1642 5471 1854 5531 facere.

212 5543 379 5613 Quod
408 5545 685 5608 dominus
708 5550 1084 5615 Boamundus
1110 5554 1337 5627 videns,
1366 5560 1704 5619 conscendit
1724 5559 1854 5633 lpse

1963 4660 2189 4720 tissime
2235 4656 2678 4716 collocaverant.
2720 4655 3145 4725 cognoscentes
3191 4653 3390 4709 autem
3450 4651 3604 4726 quod

1967 4768 2178 4811 aurora
2217 4747 2472 4806 rutilans
2500 4744 2643 4803 solis
2671 4749 2863 4802 ortum
2913 4743 3233 4812 nuntiaret,
3263 4743 3404 4801 dato
3433 4742 3606 4816 signo

1962 4839 2239 4901 cornibus
2281 4840 2341 4894 et
2384 4834 2570 4902 lituis,
2609 4836 2911 4907 coeperunt
2950 4839 3304 4906 perstrepere
3333 4831 3408 4889 ad
3445 4831 3608 4891 urbis

1972 4931 2329 5004 ingressum,
2372 4941 2472 4984 eos
2517 4924 2620 4997 qui
2671 4924 2730 4980 in
2769 4924 2982 4981 caetris
3018 4926 3208 4991 erant,
3254 4921 3605 4981 animantes.

1976 5018 2273 5090 Principes
2328 5031 2481 5083 vero,
2529 5014 2680 5086 signi
2736 5012 2891 5086 quod
2948 5011 3325 5070 condixerant
3389 5010 3609 5069 intelli·

1971 5116 2170 5184 gentes
2210 5111 2639 5181 argumentum,
2671 5102 2855 5175 raptis
2884 5101 3090 5168 armis,
3121 5100 3318 5159 subito
3363 5116 3473 5157 sua
3517 5116 3610 5158 es-

1973 5215 2108 5259 cum
2147 5197 2447 5256 trabentes
2491 5192 2747 5266 agmina,
2778 5190 2837 5276 in
2888 5190 3094 5248 urbem
3131 5190 3384 5258 irruunt,
3415 5188 3611 5248 aditus

1970 5292 2031 5348 et
2091 5293 2288 5362 portas
2334 5285 2705 5357 occupantes.
2755 5282 2978 5339 Interea
3046 5279 3359 5354 populares
3413 5280 3610 5349 exciti,

1965 5395 2112 5452 quos
2162 5378 2447 5437 hactenus
2524 5373 2814 5432 secretum
2862 5370 3131 5441 latuerat,
3160 5369 3428 5427 videntes
3483 5370 3614 5443 jam

1967 5472 2160 5528 castra
2207 5481 2355 5543 pene
2409 5478 2609 5532 vacua,
2660 5458 2806 5518 alios
2863 5459 3073 5530 secuti,
3120 5458 3183 5515 in
3226 5457 3434 5515 urbem
3493 5476 3617 5518 cer·

1963 5559 2128 5619 tatim
2188 5573 2253 5618 se
2307 5556 2603 5631 ingerunt.
2648 5550 2811 5611 Cives
2872 5553 3066 5609 autem
3124 5551 3289 5608 tanto
3347 5550 3609 5613 tumultu
