3784 6000
170 217 291 281 als

1253 207 1685 279 culLLeLm
1726 206 2112 275 TYRENSIS
2153 206 2514 271 ARGHIEP.

3469 212 3592 275 220

166 350 258 422 qis
285 356 351 407 ut
395 363 541 406 unus
587 348 859 405 moriatur
890 363 997 420 pro
1043 348 1265 420 populo,
1297 352 1351 404 et
1388 361 1501 404 non
1550 351 1659 404 tota
1697 358 1828 416 oens
1856 347 1913 413 Α
1937 340 2300 415 Nicephorus
2349 337 2699 414 patriarcba.
2731 338 2823 396 Sic
2863 355 2999 414 ergo
3045 338 3285 396 obtenta
3333 338 3587 414 licentia,

169 443 383 515 pereat.
415 439 697 497 Concedite
741 436 901 507 mihi,
930 442 991 494 at
1037 439 1150 495 mei
1192 436 1439 495 habeatis
1466 451 1717 493 annuam
1764 437 1827 490 in

175 528 550 588 benedictione
581 525 926 595 memoriam,
949 535 1006 583 et
1030 529 1248 599 pencris
1275 541 1394 583 meo
1425 525 1597 583 honor
1623 525 1686 580 in
1701 540 1827 596 per-

169 623 401 694 petuum
447 617 661 674 debitus
703 623 1091 685 conseruerun-
1122 631 1217 686 eqo
1252 630 1402 685 cero,
1450 621 1674 671 auctore
1718 615 1827 670 Do-

173 711 346 776 mino,
390 706 534 763 hanc
580 721 617 761 a
664 704 808 762 vobis
858 709 1094 778 straqem
1147 705 1377 778 depello.
1428 706 1825 775 susceperunt

173 799 353 872 igitur
380 800 675 868 gratanter
702 795 969 863 verbum,
992 798 1050 852 et
1074 794 1229 868 quod
1253 794 1351 851 ille
1381 794 1644 866 petierat,
1670 790 1823 849 ultro

171 883 603 943 concedunt.Et
624 886 690 939 ut
713 882 775 940 in
804 883 1008 940 Remis
1042 883 1369 955 palmarum
1402 883 1476 940 ad
1506 894 1822 955 perennem

170 973 303 1045 ejus
335 971 702 1043 memoriam,
735 970 1090 1029 contribules
1122 972 1252 1042 eJus
1283 970 1518 1032 olivam.
1548 986 1677 1042 quoe
1707 968 1823 1025 Do-

171 1061 317 1120 mini
351 1061 534 1118 nostri
563 1060 703 1117 Jesu
735 1059 948 1118 Christi
994 1060 1382 1127 significativa
1408 1063 1522 1128 est,
1553 1057 1820 1114 introdu-

173 1155 310 1210 cant
337 1152 398 1207 in
447 1149 763 1219 civitatem,
800 1151 859 1206 in
908 1151 1275 1222 processione
1321 1148 1591 1217 solemni,
1615 1148 1824 1205 confir-

172 1244 355 1298 mant.
381 1243 505 1308 Quo
536 1240 707 1307 facto,
742 1238 1054 1313 pradictus
1083 1239 1423 1297 adolescens
1471 1237 1822 1310 primatibus

170 1346 235 1388 se
256 1329 428 1386 offert
456 1328 731 1396 civitatis,
756 1343 920 1386 reum
942 1344 1005 1385 se
1025 1328 1352 1397 confltetur,
1376 1331 1433 1384 et
1450 1342 1655 1384 omnes
1677 1327 1823 1383 alios

172 1419 385 1476 astruit
432 1419 789 1474 innocentes.
840 1418 1000 1482 Quod
1048 1417 1347 1475 audientes
1388 1418 1641 1488 judices,
1691 1414 1821 1472 aliis

174 1507 484 1574 absolutis,
508 1506 674 1564 illum
705 1506 899 1580 gladio
929 1514 1340 1581 exposuerunt.
1366 1508 1435 1564 Et
1459 1507 1537 1562 ita
1567 1522 1670 1578 pro
1703 1506 1824 1562 fra-

176 1598 371 1655 tribus
391 1597 650 1654 animam
699 1613 937 1667 ponens,
970 1614 1104 1655 cum
1156 1596 1366 1668 pietate
1411 1596 1821 1653 dormitionem

173 1686 415 1759 accepit,
466 1686 750 1759 optimam
798 1685 859 1745 in
927 1686 1176 1744 Domino
1223 1685 1449 1744 babens
1507 1685 1819 1759 repositam
1852 1717 1902 1783 B

174 1775 448 1849 gratiam.

815 1846 1048 1904 CAPUT
1086 1846 1181 1905 v1.

182 1936 455 2007 Quomodo
488 1937 647 2008 patri
684 1952 940 2009 nequam,
967 1937 1119 2007 filias
1163 1937 1340 1993 Daber
1365 1936 1613 2010 eoreqias
1641 1934 1825 1992 mode-

248 2015 405 2064 rator
431 2010 590 2076 requi
616 2011 871 2065 successit
899 2026 918 2065 .·
948 2013 1000 2065 et
1024 2011 1272 2080 precibus
1317 2008 1532 2065 domini
1551 2009 1806 2076 Romani,

255 2079 846 2151 constantinopolitani
891 2081 1265 2152 imperatoris,
1315 2079 1696 2150 reaedificatar
1740 2094 1825 2135 ec·

251 2152 419 2208 clesia
475 2159 799 2223 cooperante
842 2153 1051 2209 loanne
1112 2152 1421 2224 Carianite,
1470 2153 1828 2209 constantino

247 2222 518 2280 monacho
547 2222 857 2280 necessaria
883 2224 1259 2279 ministrante.

256 2311 456 2369 Adfuit
502 2312 738 2368 tandem
788 2311 984 2368 divina
1031 2311 1360 2383 clementia,
1392 2317 1450 2370 et
1495 2312 1832 2368 afflictorum

181 2400 443 2467 miserta,
474 2400 935 2459 consolationem
966 2400 1163 2458 intulit
1192 2417 1308 2458 non
1328 2390 1630 2458 =modicam
1658 2403 1832 2459 rebus

186 2489 534 2561 desperatis.
568 2489 842 2546 Praedicto
887 2489 1042 2545 enim
1077 2490 1339 2563 principe
1379 2506 1630 2563 nequam
1664 2491 1835 2548 rebus

190 2577 466 2635 humanis
495 2581 789 2651 exempt0,
820 2579 1069 2636 cessavit
1099 2595 1169 2636 ex
1217 2586 1379 2653 parte
1411 2579 1731 2653 quassati0,
1761 2581 1834 2637 fl-

185 2667 265 2725 lio
295 2667 424 2739 eJus
453 2666 644 2726 Dahsr
671 2683 917 2742 regnum
952 2668 1271 2726 obtinento.
1304 2669 1407 2726 Hic
1445 2670 1731 2743 siquidem
1762 2672 1835 2728 ad

190 2756 532 2831 petitionem
563 2757 785 2814 domini
814 2758 1061 2814 Romani
1093 2758 1464 2831 imperatoris
1494 2761 1836 2817 Constanti-

186 2844 509 2918 nopolitani
559 2847 682 2917 (qui
730 2847 1171 2917 cognominatus
1218 2856 1304 2905 est
1352 2848 1837 2920 Heliopolitana,

184 2950 317 2992 cum
351 2950 470 3007 quo
516 2934 690 2990 etiam
725 2935 910 2991 l’oedus
952 2935 1108 3008 quod
1150 2940 1318 3009 pater
1359 2939 1488 3010 ejus
1532 2936 1842 2995 violaverat

189 3024 534 3093 resarciens,
566 3029 933 3081 contraxerat
980 3025 1321 3098 amicitiam)
1350 3027 1687 3099 praedictam
1737 3046 1834 3086 ec·

1933 434 1992 487 et
2021 429 2360 504 sumptibus
2391 430 2464 485 de
2495 428 2781 500 imperiali
2811 430 3015 486 aerario
3057 428 3423 497 ministratis,
3455 446 3584 487 eam

1935 536 2063 593 quaa
2094 536 2252 576 nunc
2282 518 2698 592 Hierosolymis
2728 525 2836 590 est,
2869 525 3087 575 sanctae
3127 520 3587 578 Resurrectionis

1934 608 2367 666 aedificaverunt
2399 608 2723 674 ecclesiam,
2756 623 2911 664 anno
2942 608 3015 664 ab
3047 607 3456 667 lncarnatione
3475 609 3590 667 Do·

1935 697 2080 755 mini
2111 699 2272 768 1048,
2304 702 2441 754 ante
2472 697 2634 754 urbis
2681 697 3078 754 liberationem
3113 698 3284 754 annis
3313 715 3389 769 ιι,
3413 699 3584 757 trice-

1932 789 2083 844 simo
2130 803 2263 845 vero
2311 787 2560 860 septimo
2608 791 2924 860 postquam
2973 786 3171 844 diruta
3220 788 3428 845 fuerat.
3460 791 3585 857 Qua

1933 881 2290 945 constructa,
2324 881 2528 933 contra
2576 876 2944 932 imminentia
2991 877 3270 949 pericula,
3317 882 3377 934 et
3424 878 3585 936 mille

1932 966 2139 1023 mortis
2180 965 2522 1022 discrimina
2552 962 3007 1021 consolationem
3062 973 3422 1040 receperunt.
3455 966 3582 1023 Non

1930 1058 2126 1113 tamen
2158 1055 2472 1113 cessabant
2500 1055 2783 1113 adversus
2822 1056 3093 1112 eumdem
3127 1055 3405 1129 populum
3435 1056 3583 1113 lide-

1932 1144 2048 1202 lem
2099 1145 2428 1217 frequentes
2471 1143 2703 1217 inJuriae
2731 1148 2791 1201 et
2833 1144 3202 1217 angariarum
3235 1162 3379 1202 nova
3409 1161 3585 1217 gene-

1931 1250 2033 1303 τις
2064 1242 2256 1306 sputa,
2288 1232 2539 1306 colaphi,
2560 1233 2814 1305 vincula,
2846 1249 3144 1302 carceres;
3176 1235 3248 1290 ad
3280 1235 3580 1306 ultimum,

1930 1323 2349 1396 suppliciorum
2373 1339 2575 1380 omnes
2604 1340 2808 1394 genus,
2832 1322 3047 1396 quibus
3070 1323 3324 1397 populus
3355 1324 3456 1381 Dei
3491 1326 3580 1381 in·

1930 1418 2225 1471 cessanter
2253 1414 2644 1486 affligebatur.
2678 1414 2795 1472 Nec
2825 1413 3020 1470 solnm
3052 1414 3123 1470 iis
3154 1413 3251 1486 qui
3283 1415 3342 1470 in
3372 1414 3578 1472 cadem

1933 1504 2076 1560 urbe
2106 1507 2292 1574 erant,
2313 1505 2416 1559 sed
2448 1503 2625 1560 etiam
2660 1503 2735 1560 iis
2757 1503 2857 1575 qui
2889 1504 2947 1558 in
2981 1503 3319 1561 Bethlehem
3350 1512 3409 1561 et
3433 1503 3582 1562 Tbe-

1931 1608 2060 1662 cua,
2093 1592 2190 1648 ubi
2241 1591 2350 1648 soli
2399 1591 2740 1648 habitabant
2786 1592 3012 1663 fideles,
3046 1592 3201 1648 idem
3250 1593 3577 1651 cauterium

1929 1682 2397 1756 imprimebatur.
2426 1682 2660 1748 Quoties
2688 1684 2844 1739 enim
2878 1699 3062 1739 novus
3093 1682 3404 1740 accedebat
3430 1699 3576 1755 prae·

1931 1788 2048 1839 ses,
2080 1777 2136 1827 et
2179 1770 2401 1828 missus
2432 1787 2465 1825 a
2494 1770 2725 1843 calipha
2773 1786 2976 1828 recens
3030 1770 3394 1845 dirigebatur
3439 1787 3576 1844 pro·

1927 1867 2178 1928 curator,
2195 1861 2365 1917 toties
2381 1868 2581 1917 contra
2601 1860 2696 1917 Dei
2720 1859 3001 1932 populum
3021 1876 3180 1917 novae
3195 1860 3577 1917 struebantur

1928 1950 2255 2017 calumnias,
2286 1955 2342 2008 et
2390 1950 2544 2008 varia
2575 1951 2957 2024 extorquendi
3004 1950 3450 2009 inveniebantur
3479 1967 3574 2007 ar-

1930 2044 2227 2114 gumenta.
2251 2041 2324 2096 Et
2351 2040 2578 2112 quotics
2598 2057 2632 2097 a
2661 2041 2898 2097 domino
2922 2040 3253 2113 patriarcha
3273 2045 3329 2098 et
3360 2040 3575 2113 populo

1931 2130 2319 2188 communiter
2345 2128 2565 2202 aliquid
2613 2129 2883 2189 volebant
2913 2128 3196 2187 violenter
3240 2129 3492 2203 exigere,
3522 2129 3574 2187 si

1935 2218 2131 2292 aliquo
2162 2235 2301 2276 casu
2348 2235 2548 2276 eorum
2581 2218 2959 2277 differebatur
3005 2218 3341 2292 postulatio,
3375 2219 3575 2276 statim

1938 2308 2312 2366 minabantur
2341 2308 2662 2383 *ecclesiam
2709 2309 2978 2382 deJicere.
3009 2310 3187 2382 quue
3232 2324 3379 2382 pene
3409 2308 3580 2366 annis

1936 2396 2307 2471 patiebantur
2336 2397 2607 2471 singulis,
2639 2398 3112 2473 confingentibus
3141 2396 3489 2470 presidibus
3519 2413 3580 2455 se

1937 2486 2278 2559 hujusmodi
2303 2487 2648 2559 rescriptum
2673 2504 2710 2544 a
2738 2488 2896 2561 regia
2915 2488 3200 2545 directum
3230 2487 3582 2546 celsitudine

1940 2575 2152 2633 habere
2185 2594 2296 2647 pre
2346 2577 2637 2645 manibus,
2666 2581 2732 2633 ut
2766 2577 2816 2634 si
2870 2577 3123 2650 aliquam
3174 2577 3579 2635 difficultatem

1941 2665 2027 2722 vel
2062 2682 2286 2723 moram
2319 2667 2378 2721 in
2411 2666 2758 2738 praestandis
2809 2666 3043 2723 tributis
3073 2671 3175 2724 aut
3204 2666 3586 2741 vectigalibus

1948 2758 2365 2828 praesumerent
2388 2757 2720 2823 adnectere,
2736 2773 2935 2812 eorum
2959 2756 3158 2815 statim
3183 2773 3365 2829 usque
3395 2758 3468 2813 ad
3490 2773 3588 2813 so-

1946 2843 2068 2901 lum
2102 2845 2310 2902 dirutoe
2332 2844 2762 2919 deponerentur
2790 2846 3065 2903 ecclesias.
3088 2847 3356 2913 Quandiu
3387 2850 3589 2905 tamen

1943 2935 2342 3009 AEgyptiorum
2379 2939 2480 2993 ant
2513 2936 2813 2994 Persarum
2849 2938 3148 3010 praevaluit
3176 2953 3447 3011 regnum,
3479 2938 3590 2995 sub

1948 3041 2149 3082 eorum
2183 3026 2426 3096 imperio
2457 3025 2657 3083 fideles
2706 3027 3045 3084 melioribus
3074 3027 3163 3084 usi
3211 3035 3344 3084 sunt
3382 3029 3585 3085 condi-

188 3113 427 3171 clesiam
448 3113 839 3171 reaediflcandi
872 3113 1141 3172 fidelibus
1164 3117 1451 3173 concessit
1471 3122 1830 3188 potestatem.
1864 3080 1909 3147 C
1947 3113 2227 3171 tionibus.
2256 3115 2331 3171 At
2359 3130 2495 3171 vero
2528 3119 2834 3189 postquam
2876 3117 3199 3174 Turcorum
3233 3116 3589 3175 invalescere

184 3208 307 3274 Qua
334 3221 632 3275 concessa,
664 3222 1022 3279 cognoscens
1054 3206 1216 3278 plebs
1246 3207 1531 3276 fidelium,
1553 3226 1678 3282 quas
1707 3210 1835 3267 Hie·

187 3297 497 3370 rosolymis
530 3296 852 3365 habitabat,
884 3297 1042 3370 quod
1072 3299 1142 3354 ad
1195 3298 1343 3355 tanti
1370 3301 1565 3372 operis
1613 3305 1833 3358 restau-

185 3387 476 3444 rationem
502 3403 706 3444 eorum
739 3388 891 3444 vires
920 3404 1037 3444 non
1069 3388 1644 3457 sufficerent,missis
1678 3405 1831 3446 nnn-

184 3473 285 3532 tiis
334 3474 407 3530 ad
461 3475 720 3547 praedicti
780 3475 1025 3533 Romani
1072 3492 1492 3543 successorem,
1524 3478 1831 3536 dominum

185 3563 638 3621 Constantinum
685 3565 1159 3634 monomachum,
1210 3566 1306 3637 qui
1356 3573 1491 3623 tunc
1537 3569 1740 3640 agebat
1769 3568 1832 3625 in

184 3653 454 3726 sceptris,
486 3654 757 3726 precibus
805 3654 1108 3728 porrectis,
1143 3655 1444 3713 humiliter
1492 3657 1837 3730 significant

185 3742 244 3800 in
294 3748 517 3815 quanto
569 3759 808 3801 maerore
836 3748 893 3801 et
930 3746 989 3802 in
1041 3752 1258 3817 quanta
1302 3745 1657 3804 desolatione
1703 3751 1836 3820 post

184 3835 490 3893 ecclesiam
523 3836 774 3894 dirutam
807 3837 1057 3910 populus
1097 3837 1458 3896 consedisset
1486 3857 1506 3893 .·
1538 3847 1707 3897 orant
1746 3839 1832 3898 ai·

184 3924 635 3993 tectucsissime,
671 3930 734 3981 ut
763 3927 831 3982 ad
867 3927 1366 3986 reaediflcationem
1412 3928 1690 3996 ecclesiae,
1720 3930 1836 3985 im-

187 4013 423 4088 perialis
453 4015 868 4072 munificentiae
899 4017 1201 4075 lideralem
1233 4019 1549 4091 porrigeret
1571 4036 1833 4078 manum.

186 4103 546 4161 Procurabat
573 4111 762 4161 autem
789 4121 992 4162 eorum
1025 4106 1368 4178 legationem
1395 4110 1634 4181 quidam
1664 4113 1833 4167 Joan·

192 4207 298 4248 nes
347 4198 735 4264 cognomento
783 4193 1119 4263 Carianitis,
1158 4197 1837 4271 Constantinopolitanus

190 4276 449 4345 natione,
483 4280 700 4336 nobilis
756 4282 994 4353 quidem
1052 4285 1374 4342 secundum
1434 4303 1687 4357 carnem,
1735 4288 1836 4345 sed

197 4365 465 4423 moribus
510 4367 692 4426 multo
724 4368 993 4428 nobilior.
1028 4372 1129 4428 Hic
1162 4374 1484 4446 postposita
1510 4376 1709 4434 saeculi
1740 4377 1839 4434 di-

1939 3202 2147 3259 iterum
2180 3202 2356 3275 coepit
2378 3220 2643 3277 regnum,
2677 3211 2736 3260 et
2762 3220 2962 3262 eorum
2996 3205 3185 3262 viatus
3214 3221 3393 3277 super
3419 3206 3588 3278 AEgy-

1940 3293 2196 3364 ptiorum
2229 3297 2286 3349 et
2335 3294 2638 3351 Persarum
2684 3294 2827 3349 flues
2868 3294 3159 3367 ampliari,
3197 3294 3340 3351 etin
3380 3311 3585 3352 eorum

1939 3381 2089 3439 Urbs
2114 3386 2320 3440 sancta
2367 3383 2583 3440 decidit
2629 3389 2997 3457 potestatem,
3030 3401 3131 3460 per
3177 3384 3417 3458 triginta
3457 3391 3586 3442 octo

1939 3489 2144 3537 annos,
2176 3470 2393 3543 quibus
2424 3489 2550 3530 eam
2590 3473 2965 3530 detinuerunt
3007 3482 3366 3546 occupatam,
3401 3476 3584 3547 maJo·

1940 3563 2105 3620 ribus
2139 3562 2427 3619 molestiis
2473 3564 2647 3636 coepit
2678 3564 2926 3637 populus
2957 3565 3056 3623 Dei
3107 3566 3334 3640 fatigari
3362 3583 3377 3634 ;
3405 3566 3489 3621 ita
3523 3569 3588 3621 ut

1940 3652 2062 3709 leve
2081 3653 2379 3721 ducerent,
2405 3655 2558 3725 quod
2591 3654 2700 3711 snb
2730 3654 3136 3728 Egyptiorum
3159 3654 3246 3713 vel
3277 3655 3584 3711 Persarum

1931 3743 2077 3818 jugo
2108 3743 2481 3817 pertulerant.

2562 3833 2797 3891 CAPUT
2837 3834 2957 3891 Vll.

2117 3924 2191 3980 De
2214 3926 2336 3979 orta
2365 3932 2415 3980 et
2439 3926 2622 3995 prima
2650 3927 2859 3997 oriyiae
2883 3925 3062 3994 neatis
3093 3926 3404 3983 Tarcorum.

2013 4015 2081 4071 Et
2109 4013 2387 4087 quoniam
2413 4014 2485 4071 de
2514 4021 2685 4087 gente
2708 4015 3027 4071 Turcorum
3063 4015 3395 4088 frequenter
3418 4015 3588 4072 nobis

1942 4105 2002 4163 in
2024 4119 2193 4177 opere
2216 4104 2487 4175 praesenti
2506 4108 2672 4161 erant
2702 4104 2948 4161 dicenda
2977 4105 3435 4178 quamplurima,
3457 4122 3586 4179 quae

1941 4194 2054 4268 ipsi
2080 4197 2279 4251 contra
2309 4197 2563 4260 nostros,
2584 4194 2887 4266 nostrique
2915 4195 3194 4252 adversus
3216 4210 3316 4252 eos
3344 4194 3589 4253 viriliter

1944 4284 2368 4357 magnificeque
2391 4283 2601 4352 saepius
2629 4287 2979 4354 gesserunt3
3012 4289 3072 4340 et
3099 4283 3291 4341 adhuc
3322 4287 3588 4356 proterve

1945 4373 2127 4430 nimis
2174 4373 2233 4428 in
2282 4378 2615 4430 nostrorum
2661 4371 3101 4447 impugnatione
3149 4380 3522 4448 perseverant
3570 4393 3584 4431 z

191 4456 439 4531 gnitate,
470 4455 763 4515 Christum
797 4463 1053 4532 secutus,
1078 4462 1374 4536 religionis
1403 4470 1701 4539 assumpto
1733 4466 1836 4523 ha·
1868 4448 1915 4513 D
1947 4479 2060 4521 non
2092 4461 2319 4518 videtur
2342 4462 2600 4518 alienum
2633 4480 2665 4518 a
2695 4467 2894 4519 nostro
2924 4463 3242 4537 proposito,
3275 4466 3345 4522 de
3373 4469 3500 4522 ortu
3532 4469 3589 4522 et

188 4544 338 4612 bitu,
387 4545 801 4620 Hierosolymis
849 4565 1067 4622 pauper
1105 4569 1208 4624 pro
1247 4554 1473 4611 Christo
1504 4553 1828 4611 habitabat.

189 4634 409 4694 Missus
457 4651 613 4709 erge,
664 4636 863 4695 debita
928 4638 1222 4710 instantia,
1272 4641 1667 4700 sollicitudine
1714 4659 1832 4700 non

187 4726 375 4799 pigra,
406 4726 561 4799 apud
593 4728 862 4784 eumdem
899 4728 1206 4786 dominum
1232 4730 1643 4804 imperatorem
1685 4732 1835 4790 flde-

185 4812 319 4870 liter
345 4812 678 4885 elaborans,
708 4816 979 4887 obtinuit,
1012 4823 1078 4875 ut
1106 4819 1176 4874 ad
1209 4835 1356 4891 opus
1403 4820 1659 4891 praedicti
1691 4822 1834 4878 mdi-

187 4900 304 4957 ficii
331 4902 401 4959 de
430 4904 660 4975 proprio
693 4905 852 4974 fisco,
877 4906 1027 4964 idem
1062 4909 1176 4964 Deo
1209 4908 1474 4965 amabilis
1505 4913 1828 4984 Augustus,

186 4992 461 5061 sumptus
494 4995 852 5052 necessarios
881 5004 937 5052 et
965 4998 1321 5055 sufficientes
1345 4999 1666 5058 ministrari
1698 5019 1831 5075 pras·

186 5077 423 5149 ciperet.
456 5079 770 5151 Impetrata
799 5100 935 5156 ergo
965 5103 1066 5157 pro
1099 5095 1226 5144 voto
1274 5088 1461 5145 tidelis
1491 5091 1691 5163 populi
1722 5109 1829 5166 po·

189 5167 527 5238 stulations,
562 5167 728 5228 laetus
775 5173 1233 5246 Hierosolymam
1282 5180 1546 5236 reversus
1578 5185 1686 5237 est.
1720 5181 1830 5239 Ubi

189 5257 460 5316 nuntiato
488 5258 713 5317 itineris
740 5277 1029 5334 successu,
1062 5268 1120 5323 et
1149 5283 1384 5338 precum
1435 5274 1825 5342 porrectarum

188 5347 578 5420 exauditione,
611 5350 945 5410 universum
977 5353 1201 5414 clerum
1249 5362 1308 5415 et
1337 5358 1641 5432 populum,
1663 5360 1829 5434 quasi

189 5437 263 5495 de
288 5439 451 5511 gravi
479 5440 824 5512 agritudine
856 5444 1324 5505 convalescentes
1353 5449 1646 5507 recreavit.
1680 5454 1829 5508 Prn-

193 5528 319 5584 erat
361 5533 554 5585 autem
604 5528 792 5589 cidem
837 5532 1093 5592 ecclesio
1140 5536 1283 5592 tunc
1324 5536 1415 5594 vir
1457 5538 1825 5614 venerabilis,

1944 4553 2133 4624 prima
2152 4550 2375 4623 origine
2396 4551 2589 4622 gentis
2618 4551 2820 4624 huJus,
2841 4556 2900 4608 et
2927 4568 3200 4625 processu
3218 4555 3290 4610 ad
3321 4553 3480 4611 hunc
3500 4569 3588 4611 ex-

1943 4640 2222 4699 cellentioe
2254 4642 2526 4712 gradum,
2549 4643 2606 4699 in
2639 4644 2888 4715 quoiam
2921 4642 3130 4702 multis
3149 4645 3321 4703 annis
3351 4645 3588 4703 stetisse

1939 4730 2238 4804 leguntur,
2270 4728 2492 4801 aliquid
2541 4733 2816 4803 prasenti
2859 4733 3206 4791 interserere
3238 4734 3583 4792 narrationi.

1939 4821 2093 4880 Gens
2124 4821 2301 4895 igitur
2329 4827 2679 4895 'Pur-corum,
2705 4838 2809 4881 seu
2853 4825 3391 4882 Tui-comannorum
3419 4824 3582 4896 (nam

1938 4911 2012 4969 ab
2042 4912 2244 4969 eodem
2268 4913 2602 4972 babuerunt
2620 4915 2931 4988 originem)
2952 4915 3024 4970 ab
3046 4913 3213 4971 initio
3231 4913 3585 4985 septentrio-

1940 4999 2092 5058 nalis
2125 5002 2256 5074 l'nit,
2285 5003 2505 5061 inculta
2553 5005 2809 5078 penitus,
2837 5008 2896 5061 et
2935 5011 3148 5061 certam
3200 5018 3315 5060 non
3363 5002 3584 5061 habens

1938 5090 2155 5149 sedem.
2184 5093 2560 5167 vagabantur
2588 5095 2824 5162 etenim,
2856 5100 2911 5151 et
2960 5094 3180 5167 passim
3210 5094 3582 5152 circumfere-

1938 5182 2177 5252 bantur,
2208 5200 2562 5257 pascuorum
2602 5190 2891 5243 sectantes
2937 5185 3430 5255 commoditatem,
3464 5201 3586 5243 non

1937 5271 2221 5331 habentes
2252 5275 2428 5333 urbes
2459 5275 2547 5333 vel
2584 5275 2819 5348 oppida,
2848 5275 2936 5332 vel
2988 5274 3203 5332 alicubi
3250 5279 3583 5333 manentem

1938 5361 2248 5420 civitatem.
2302 5363 2577 5423 Volentes
2629 5370 2827 5423 autem
2872 5364 3185 5439 proticisci,
3234 5364 3585 5423 incedebant

1935 5451 2114 5511 simul
2146 5453 2249 5527 qui
2277 5470 2348 5511 ex
2375 5455 2577 5512 eadem
2608 5452 2762 5510 tribu
2793 5457 2977 5523 erant,
3001 5453 3251 5525 aliquem
3291 5454 3364 5511 de
3394 5454 3584 5526 mado-

1939 5541 2103 5601 ribus
2123 5541 2542 5603 contribulium
2572 5558 2814 5602 auorum
2846 5542 3128 5602 habentes
3155 5541 3326 5615 quasi
3359 5542 3581 5616 princi·
