3784 6000
124 245 253 307 589

762 243 967 308 ms'l'.
1020 242 1284 308 RERUM
1329 196 1867 306 TRANSMAMN.
1914 273 1991 288 —
2036 241 2184 304 LIB.
2230 243 2386 305 xlv.
2437 242 2693 307 FULCO
2740 244 2919 306 REX.

3425 247 3545 311 590

128 376 306 436 annis
339 378 672 446 duodecim,
705 382 949 451 quartus
978 382 1113 435 ente
1134 395 1261 448 nos,
1286 380 1383 452 qui
1416 396 1571 437 nunc
1601 379 1787 436 eidem
1816 380 1871 448 Α
1902 377 2007 450 pit,
2036 381 2421 451 utquousque
2440 377 2886 446 deliberaretur,
2909 378 3023 435 utri
3047 377 3294 438 duorum
3312 381 3557 453 patriar·

137 465 424 538 ecclosias,
459 483 575 524 non
609 467 893 527 electione
923 470 1139 534 meriti,
1171 469 1272 526 sed
1299 470 1427 525 sole
1458 466 1685 526 Domini
1709 468 1796 524 di·

135 556 414 627 gnatione
444 560 502 614 et
521 556 804 629 patientie
829 557 1233 630 presidemus.
1258 557 1386 626 Qui,
1421 563 1735 630 postquam
1765 574 1801 614 e

146 647 389 704 domino
413 646 942 720 Hierosolymitono
973 647 1304 720 patriarcha
1333 646 1652 717 willelmo,
1675 662 1797 703 eun

142 752 364 794 munus
380 737 837 794 consecrationis
851 739 1092 810 accepit,
1105 737 1370 809 exemplo
1386 738 1797 811 praedescesso·

143 825 226 882 ris
257 825 589 885 nuiviolens
612 828 680 883 ed
696 826 1004 883 Ecclesiam
1026 827 1347 884 Romanam
1364 844 1468 898 pro
1481 827 1798 883 obtinendo

156 914 340 983 pullio
371 931 703 989 properare,
732 917 805 973 ab
827 917 1031 973 eodem
1064 916 1391 989 patriarcba
1411 921 1466 972 et
1496 915 1799 987 ejuscom-

141 1002 403 1077 plicibus
432 1021 645 1079 passus
673 1010 758 1062 est
788 1006 1031 1063 insidias
1061 1011 1119 1064 et
1148 1005 1481 1074 volentiam,
1513 1005 1598 1062 ite.
1629 1006 1799 1062 utvix

141 1097 200 1149 et
228 1108 368 1152 cum
391 1095 579 1152 multu
608 1094 950 1153 difficultate
981 1113 1189 1153 manus
1219 1112 1419 1153 eorum
1453 1096 1800 1168 possetetlu·

142 1196 284 1254 gere
314 1188 374 1240 ot
416 1185 486 1241 ed
536 1182 854 1242 Ecclesiam
919 1183 1244 1242 Romanam
1285 1202 1384 1257 pro
1433 1201 1609 1242 cause
1644 1201 1798 1258 prae-

147 1271 311 1329 diota
358 1275 683 1346 pervenire,
732 1274 883 1331 sicut
929 1290 998 1331 ex
1049 1278 1248 1331 tenore
1313 1273 1634 1331 litterarum
1693 1272 1797 1332 do·

143 1362 291 1420 mini
321 1381 486 1438 papis
506 1363 828 1423 Innocentii
870 1364 1176 1422 manifeste
1202 1364 1678 1436 deprehenditur.
1701 1364 1797 1423 Ait

144 1451 307 1509 enim
341 1471 357 1510 :

224 1553 615 1604 Iunonum-tus
643 1547 948 1618 episcopus,
979 1560 1166 1602 servus
1183 1561 1466 1602 servorum
1495 1545 1610 1615 Dei,
1634 1559 1795 1602 vens·

143 1639 316 1697 rabili
367 1634 541 1710 [ratri
582 1650 872 1692 animun
917 1635 1418 1708 Hierosolymitano
1445 1636 1792 1706 patriarcha,

148 1730 391 1787 salutem
418 1729 469 1782 et
488 1722 862 1797 apostolicam
888 1724 1311 1783 benedictionem

223 1817 601 1893 'aqisterium
629 1820 793 1875 totuis
831 1817 1082 1876 Ecclesiae
1109 1823 1160 1876 et
1206 1820 1599 1876 Ecclesiastico·
1633 1819 1796 1873 insti-

153 1910 394 1969 tutionis
438 1907 586 1965 beato
649 1907 815 1963 Petro
859 1909 1233 1979 apostolorum
1275 1910 1542 1981 principi,
1597 1905 1797 1963 caelcsti

144 1999 439 2072 privileqio
452 2010 569 2052 esse
580 1995 1184 2069 collatum,evanqelica
1195 1996 1457 2053 declarat
1468 1995 1795 2054 auctoritas.

147 2091 222 2146 Et
241 2088 398 2146 intra
427 2103 446 2143 .·

234 2176 506 2234 Uir-amur
557 2182 766 2245 autem,
804 2177 1066 2248 quoniam
1118 2192 1239 2232 cum
1273 2178 1518 2233 Romana
1556 2177 1802 2234 Ecclesia

145 2284 251 2342 pro
270 2268 591 2323 liberatione
636 2265 926 2321 orientalis
956 2265 1206 2322 Ecclesiae
1246 2269 1530 2338 tantopere
1577 2266 1802 2323 labora-

151 2360 314 2422 verit,
340 2365 394 2417 et
441 2359 685 2428 filiorum
730 2357 1038 2413 multorum
1080 2357 1410 2428 sanquinem
1448 2357 1800 2432 effundendo,

151 2449 320 2508 corda
378 2452 495 2504 tam
543 2446 1018 2504 ecclesiaticorum
1094 2464 1260 2519 quam
1312 2449 1674 2505 saecularium
1726 2446 1804 2504 ad

152 2540 275 2612 ejus
293 2538 580 2593 servitium
595 2538 946 2600 excitaverit,
969 2552 1335 2610 nequaquam,
1347 2544 1510 2608 prout
1531 2538 1801 2608 convenit,

152 2630 334 2685 eidem
361 2629 536 2683 matri
555 2640 673 2684 suae
711 2624 813 2681 hac
840 2627 954 2682 vice
976 2626 1300 2697 respondere
1335 2629 1548 2683 curasti
1558 2643 1583 2693 ,·
1605 2645 1806 2700 parum

152 2719 309 2774 enim
360 2714 465 2772 tibi
509 2717 691 2772 visum
727 2718 932 2785 tuerat,
980 2716 1121 2787 quod
1170 2717 1531 2773 venerabilem
1569 2717 1808 2787 fratrem

151 2810 412 2867 nostrum
440 2806 765 2864 Fulcherum
800 2808 1092 2879 Tyrensem
1136 2807 1626 2880 archiepiscopum,
1657 2824 1808 2866 more

151 2898 639 2971 praedecessorum
667 2911 891 2952 suorum
917 2911 1016 2968 pro
1037 2900 1368 2970 susceptione
1400 2897 1567 2970 pallii
1594 2899 1672 2955 ad
1701 2899 1809 2955 Ro-

150 3004 384 3044 manam
413 2986 710 3043 Ecclesiam
727 2986 1066 3056 venientem,
1097 2985 1418 3044 disturbare
1444 3002 1812 3061 praesumpse-

153 3093 272 3145 ras,
301 3078 416 3133 nisi
443 3082 498 3133 et
527 3076 1008 3148 erqaeumanobis
1021 3077 1345 3133 redeuntem
1368 3085 1419 3133 te
1438 3078 1811 3134 inhumanum

154 3165 577 3239 difficilemque,
607 3171 661 3221 et
690 3167 858 3221 nimis
878 3181 1132 3236 asperum
1158 3165 1439 3223 exhiberes
1459 3184 1478 3222 .·
1507 3166 1641 3223 adeo
1669 3166 1812 3239 quod

158 3271 261 3313 nee
288 3256 586 3327 antiquam
606 3254 937 3325 divnitatem
971 3256 1225 3326 Tyrensis
1245 3258 1493 3313 Ecclesiae
1521 3258 1634 3315 sibi
1652 3260 1812 3314 resti·

156 3354 321 3404 tuere
338 3362 359 3408 ,·
387 3345 568 3402 necde
590 3344 810 3400 damnis
830 3344 911 3401 ibi
936 3344 1133 3412 illatis,
1159 3354 1258 3403 aut
1276 3349 1464 3404 etiam
1480 3350 1548 3403 de
1567 3347 1811 3420 caypha,

155 3436 281 3492 sive
310 3435 644 3508 Porphyria‚
673 3434 846 3506 juxta
883 3435 1209 3490 mandatum
1238 3447 1488 3492 nostrum
1525 3438 1677 3507 infra
1708 3441 1814 3492 tres

158 3540 401 3592 nisum,
425 3528 546 3597 post
566 3525 940 3592 acceptionem
970 3530 1284 3581 nostrarum
1307 3526 1627 3582 litterarum
1653 3526 1815 3596 eiju»

159 3613 381 3670 stitiam
407 3615 595 3684 [acere
641 3613 914 3681 volueris;
963 3630 1087 3669 cum
1120 3617 1312 3686 utique
1339 3614 1472 3671 satis
1518 3614 1815 3685 indiynum

161 3706 321 3762 situl
352 3705 528 3762 honor
574 3704 674 3777 qui
716 3704 848 3774 sibi,
896 3707 945 3761 si
971 3709 1023 3762 ei
1062 3706 1319 3777 obediret,
1359 3708 1428 3764 ab
1472 3706 1815 3764 Anliochena

163 3794 524 3851 exhiberetur
552 3793 812 3862 Ecclesia,
842 3811 876 3850 a
904 3800 956 3851 te
980 3797 1065 3851 vet
1102 3798 1211 3852 tuis
1254 3796 1651 3854 successoribus
1678 3796 1816 3852 sub-

162 3883 448 3939 trahatur.
471 3884 749 3941 Proeterea
779 3886 840 3941 in
872 3885 1137 3956 subjectos
1164 3885 1334 3942 illius
1376 3888 1544 3943 nimis
1571 3893 1815 3959 potesta·

162 3972 283 4030 tioe
304 3971 503 4029 diceris
531 3983 583 4029 te
605 3971 823 4030 habere.
859 3974 1125 4042 Quocirca
1153 3978 1488 4032 auctoritate
1516 3975 1816 4046 apostolica

165 4059 482 4118 mandando
513 4061 614 4117 tibi
641 4064 1011 4134 prsecipimus,
1042 4065 1185 4119 sicut
1213 4066 1450 4135 ejusdem
1481 4067 1679 4120 matris
1710 4074 1816 4120 tuse

162 4151 282 4223 piis
306 4156 464 4223 optas
483 4150 681 4207 studiis
709 4160 873 4222 atque
901 4152 1111 4209 solatiis
1140 4154 1437 4223 confoveri,
1452 4153 1593 4210 sicut
1624 4155 1681 4209 in
1707 4152 1817 4210 tuis

163 4239 587 4296 necessitatibus
657 4242 770 4312 ejus
812 4243 1149 4313 patrociniis
1203 4242 1494 4299 desideras
1531 4243 1814 4315 adjuvari,

155 4330 287 4400 jam
307 4328 516 4385 dictum
537 4328 1004 4403 archiepiscopum
1030 4330 1241 4405 diliqas
1280 4336 1331 4388 et
1378 4332 1604 4390 honores
1648 4341 1705 4389 et
1757 4336 1819 4389 in

163 4418 332 4474 nullo
356 4418 685 4490 perturbare
711 4433 1023 4492 praesumas
1055 4438 1068 4477 :
1101 4424 1231 4492 quin
1253 4421 1435 4493 potius
1462 4422 1816 4489 deomnibus‚

167 4508 240 4564 de
268 4506 467 4578 quibus
498 4508 655 4579 apud
683 4516 734 4565 te
762 4510 1166 4581 querimoniam
1195 4510 1530 4583 deposuerit,
1567 4510 1675 4567 sibi
1699 4513 1819 4583 pte·

164 4613 303 4653 nam
325 4595 609 4668 Justitiam
638 4600 788 4669 intra
808 4600 1183 4671 quadraqinta
1215 4601 1352 4667 dies,
1377 4609 1665 4672 postquam
1680 4617 1823 4671 prse-

165 4685 353 4742 sentia
382 4688 586 4757 scripta
616 4687 932 4759 susceperis,
984 4689 1247 4745 exhibere
1283 4704 1396 4746 non
1440 4687 1692 4763 differas,
1723 4705 1823 4747 nec

166 4774 390 4847 aliquid
416 4778 477 4830 in
503 4774 743 4833 subditos
772 4792 893 4834 suos
920 4782 1113 4834 contra
1140 4784 1353 4835 statuta
1378 4794 1654 4835 canonum
1674 4794 1822 4853 prae·

168 4877 379 4918 sumas.
412 4863 667 4936 Alioquin
717 4864 1019 4922 timendum
1077 4865 1186 4922 tibi
1211 4874 1312 4936 est,
1369 4883 1439 4924 ne
1473 4873 1595 4923 tam
1643 4868 1822 4939 ipsum

173 4967 344 5024 quam
364 4952 748 5027 sunraqaneos
793 4971 918 5011 suos
966 4973 1001 5011 a
1037 4968 1132 5012 tua
1169 4956 1474 5013 obedientia
1519 4957 1823 5014 subtraha-

168 5056 320 5107 mus,
351 5054 538 5112 eosque
564 5044 627 5098 in
655 5060 826 5099 manu
857 5047 1045 5101 nostra
1066 5047 1424 5102 retineamus.

243 5128 390 5185 Data
410 5128 591 5189 Later.
623 5147 717 5188 xvi
747 5132 868 5188 Kal.
899 5134 1026 5191 Ian.
1120 5147 1127 5155 ·

777 5221 1011 5279 CAPUT
1041 5222 1171 5279 XII.

178 5305 445 5379 Praecipit
476 5308 726 5367 Romana
755 5312 989 5368 Ecclesia
1020 5319 1082 5368 ut
1105 5314 1257 5369 idem
1303 5313 1513 5371 obediat
1568 5313 1820 5372 Hieroso·

253 5378 528 5451 lymitano
581 5383 870 5455 pontifici:
899 5393 949 5440 et
983 5399 1108 5441 eum
1154 5385 1332 5442 locum
1368 5388 1618 5442 obtineat
1672 5385 1824 5457 apud

246 5468 400 5522 eum,
419 5469 579 5527 quem
604 5454 766 5528 prius
789 5457 1104 5513 obtinuerat
1129 5456 1275 5529 apud
1290 5455 1678 5526 Antiochenos,

245 5558 540 5619 Reversus
570 5560 645 5619 ab
691 5561 950 5623 Ecclesia
978 5563 1239 5625 Romane
1286 5564 1623 5627 mandatum
1653 5581 1825 5629 eoos-

1825 1765 1872 1830 B

1911 465 2155 523 charum
2187 473 2467 540 perpetuo
2496 469 2747 536 cederet,
2779 467 3014 526 interim
3041 468 3217 527 sicuti
3246 477 3301 527 et
3333 472 3554 544 prode-

1909 556 2122 613 cessor-i
2148 557 2278 628 ejus
2308 556 2527 614 dictum
2558 559 2768 626 tuerat,
2807 556 3329 631 Hierosolymiteno
3368 559 3560 618 obedi·

1908 647 1996 700 ret
2026 664 2040 713 ;
2075 660 2319 718 eamque
2351 645 2694 719 dignitatem
2714 646 2773 702 in
2797 645 3317 720 Hierosolymitene
3336 648 3561 706 obtine-

1906 739 1995 792 ret
2025 734 2300 806 Ecclesia,
2340 751 2514 807 quam
2544 738 2673 808 ejus
2726 736 3181 807 predecessores
3230 736 3294 794 in
3346 738 3558 796 Antio·

1908 825 2115 894 chene,
2147 826 2407 897 quandiu
2438 826 2489 883 ei
2519 825 2886 894 obedierunt,
2908 826 3303 883 obtinuerant.
3322 826 3558 886 Certum

1906 922 1989 971 est
2019 919 2239 985 nutem,
2272 916 2424 986 quod
2466 916 2618 972 inter
2655 916 2921 973 tredioim
2961 915 3432 990 archiepiscopos
3456 917 3561 990 qui

1907 1019 1942 1060 o.
1970 1004 2177 1060 diebus
2197 1003 2591 1077 apostolorum
2622 1004 2747 1062 sedi
2780 1005 3150 1062 Antiochensi
3176 1005 3400 1062 subditi
3430 1006 3559 1065 luo·

1907 1099 2065 1163 runt,
2096 1096 2370 1171 Tyrensis
2399 1095 2636 1168 quidem
2669 1096 2929 1169 primum
2958 1095 3153 1154 locum
3180 1096 3454 1165 obtinuit,
3471 1096 3562 1155 ita

1906 1193 1970 1241 ut
2000 1185 2060 1241 in
2089 1183 2321 1243 Oriente
2334 1186 2764 1243 protothronos
2793 1183 3141 1258 appelletur,
3171 1184 3348 1243 sicuti
3366 1185 3428 1241 in
3447 1182 3562 1241 Ga·-

1905 1274 2085 1344 taloqo
2129 1275 2453 1347 pontificum
2486 1275 2987 1348 suffraqaneorum,
3011 1273 3113 1347 qui
3137 1274 3210 1330 ed
3229 1271 3550 1332 Ecclesiam

1904 1360 2325 1419 Antiochenam
2358 1362 2679 1435 respiciunt
2708 1360 3064 1418 continetur.
3106 1359 3173 1416 ln
3206 1375 3322 1433 quo
3353 1358 3437 1417 sic
3465 1356 3554 1417 le·

1901 1450 2063 1524 gitur
2095 1468 2109 1506 :
2143 1450 2301 1508 Sedes
2327 1453 2534 1525 prima,
2570 1451 2761 1523 Tyrus,
2796 1451 2896 1507 sab
2926 1465 3036 1524 qua
3063 1454 3193 1505 sunt
3219 1450 3555 1521 episcopatus

1902 1565 2025 1605 1111.
2050 1548 2208 1606 Sedes
2236 1549 2497 1617 secunda,
2529 1550 2738 1618 Tarsus,
2768 1549 2868 1604 sub
2895 1562 3006 1621 qua
3042 1549 3171 1603 sunt
3196 1544 3563 1619 episcoptatus

1905 1655 1957 1693 v.
1992 1637 2151 1694 Sedes
2180 1639 2367 1708 tertia,
2392 1639 2610 1706 Edessa,
2664 1639 2764 1694 sub
2815 1653 2924 1709 qua
2951 1644 3083 1695 sunt
3122 1635 3475 1710 episcopatus
3499 1648 3560 1693 x.

1902 1727 2065 1784 Sedes
2096 1731 2323 1799 quarta,
2350 1728 2598 1801 Apamia.
2634 1727 2734 1783 sub
2762 1743 2874 1800 qua
2912 1728 3039 1782 sunt
3075 1727 3419 1798 episcopatus
3448 1736 3559 1808 vn,

1905 1815 2072 1872 Sedes
2101 1818 2293 1888 quinta
2340 1816 2671 1888 Hierapolis,
2720 1815 2820 1871 sub
2861 1830 2973 1888 qua
3016 1816 3145 1870 sunt
3205 1813 3559 1886 episcopatus

1905 1922 2028 1961 vm.
2060 1904 2223 1961 Sedes
2253 1911 2434 1973 sexta,
2464 1906 2742 1975 Rostrum,
2771 1904 2872 1960 sub
2910 1918 3019 1976 qua
3046 1906 3178 1958 sunt
3205 1902 3552 1973 episcopatus

1905 2011 2019 2051 xix.
2052 1994 2211 2051 Sedes
2238 1996 2495 2065 septima,
2516 1995 2825 2063 Anavarza,
2849 1991 2947 2049 sub
2975 2007 3087 2064 qua
3110 1997 3237 2046 sunt
3279 1988 3562 2061 episcopu-

1909 2091 1995 2139 tus
2026 2100 2102 2140 xx.
2133 2083 2292 2140 Sedes
2321 2089 2531 2148 octava,
2564 2081 2843 2147 Seleucia,
2876 2079 2979 2137 sub
3025 2095 3135 2151 qua
3172 2083 3304 2134 sunt
3343 2077 3555 2148 episco-

1904 2182 2069 2245 patus
2095 2189 2244 2229 xxiv.
2279 2171 2440 2228 Sedes
2468 2187 2635 2235 nona,
2667 2172 2982 2234 Damascus,
3027 2168 3129 2225 sub
3157 2181 3268 2238 qua
3285 2168 3415 2221 sunt
3443 2164 3556 2236 epi·

1907 2271 2158 2334 scopatus
2205 2277 2259 2316 x.
2308 2259 2469 2316 Sedes
2522 2259 2757 2323 decima,
2814 2256 3033 2327 Amida,
3108 2254 3213 2311 sub
3269 2270 3378 2326 qua
3429 2259 3563 2309 suut
3593 2318 3600 2325 Ι

1910 2352 2251 2421 episcopatus
2270 2365 2364 2404 vn.
2396 2347 2555 2404 Sedes
2583 2346 2902 2406 undecima.
2936 2343 3288 2415 Serqiopolis,
3317 2340 3418 2397 sub
3440 2352 3564 2413 qua

1908 2444 2040 2493 sunt
2069 2441 2413 2510 episcupatus
2444 2454 2518 2492 iv.
2544 2435 2704 2493 Sedes
2732 2433 3073 2500 duodecima,
3105 2428 3562 2503 Tlteodosiopolt's,

1912 2529 2011 2582 sub
2047 2544 2156 2599 qua
2201 2535 2329 2582 sunt
2378 2526 2715 2599 episcopatus
2756 2542 2857 2580 vn.
2902 2522 3061 2579 Sedes
3111 2522 3281 2577 tertia
3323 2519 3561 2587 decima,

1913 2618 2143 2685 Emissa,
2174 2615 2272 2671 sub
2302 2631 2412 2687 qua
2453 2621 2582 2671 sunt
2629 2613 2972 2687 episcopatus
3020 2627 3095 2667 tv.
3145 2606 3565 2677 necropotitant

1911 2723 2011 2778 per
2036 2721 2095 2762 se
2121 2706 2456 2762 sustinentes
2476 2720 2600 2760 vm.
2632 2701 3047 2776 Archiepiscopi
3072 2697 3382 2756 duodecim.

1989 2793 2153 2861 Quod
2184 2809 2322 2865 ergo
2343 2794 2596 2866 primum
2620 2792 2808 2849 locum
2829 2790 2985 2847 inter
3014 2788 3411 2861 suffraganeos
3428 2782 3568 2842 nie·

1918 2883 2348 2956 rosolymitenae
2370 2881 2645 2954 ,Ecclesia
2676 2880 2985 2952 [obtinere]
3033 2879 3308 2951 quodque
3336 2875 3409 2933 de
3436 2872 3565 2931 solo

1921 2972 2139 3031 domini
2174 2989 2336 3047 pepae
2368 2973 2640 3030 mandato
2671 2970 2859 3030 eidem
2891 2968 3124 3027 obediat
3165 2963 3424 3024 Ecclesia
3445 2962 3568 3037 Ty-

1922 3061 2127 3131 tensis,
2159 3078 2227 3119 ex
2247 3062 2526 3135 rescripto
2565 3061 2894 3118 litterarum
2942 3055 3166 3115 domini
3215 3050 3562 3119 Innooonlil,

1925 3153 1998 3209 sd
2047 3153 2319 3209 eumdem
2385 3150 2741 3208 willelmum
2817 3144 3408 3219 Hierosolymitnnum
3473 3138 3571 3198 dl-

1924 3244 2239 3310 rectarum,
2270 3240 2579 3298 manifeste
2633 3237 2967 3312 colligitur3
3027 3234 3184 3309 quod
3232 3234 3317 3291 sio
3347 3229 3564 3290 hebet:

1924 3346 2301 3390 inuocem-ms
2340 3330 2643 3403 episcopus,
2700 3344 2885 3386 servus
2929 3340 3213 3383 servorum
3261 3320 3382 3392 Dei,
3435 3316 3567 3378 Wt-

1923 3437 2111 3476 nanno
2142 3419 2642 3492 Hierosolymitano
2668 3416 3033 3490 patriarchis,
3077 3415 3310 3472 salutem
3353 3419 3407 3469 et
3434 3423 3571 3484 apo·

1923 3510 2173 3566 stolicam
2234 3509 2683 3566 benedictionem.

1998 3598 2214 3666 Quanto
2260 3595 2661 3668 munificentia
2715 3606 2972 3665 supernae
3022 3590 3333 3662 beniqnitas
3375 3586 3571 3645 Hiero-

1924 3685 2301 3743 solimitanam
2347 3683 2650 3741 Ecclesiam
2696 3682 2811 3738 tuis
2835 3677 3167 3752 temporibus
3203 3677 3367 3735 allius
3392 3672 3572 3731 subli-

1924 3775 2117 3843 mavit,
2148 3777 2301 3830 tanto
2331 3775 2504 3845 maqis
2533 3771 2749 3846 expedit
2773 3785 3064 3843 personam
3092 3774 3249 3825 tuam
3285 3780 3422 3839 erqo
3447 3764 3570 3836 [ra-

1924 3868 2037 3920 tres
2062 3880 2187 3920 suos
2216 3863 2602 3920 humaniorem
2649 3863 2906 3930 existere,
2954 3868 3007 3917 et
3056 3873 3147 3917 eos
3176 3858 3276 3931 qui
3315 3856 3418 3914 tibi
3443 3854 3571 3912 obe·

1925 3953 2191 4008 dientiam
2219 3953 2498 4023 exhibent,
2518 3951 2789 4008 charitate
2809 3953 3006 4005 mutua
3028 3948 3314 4005 honorare.
3331 3941 3571 4001 Proinde

1925 4039 2274 4111 fraternitati
2316 4047 2431 4097 tuae
2476 4040 2827 4109 mandamus,
2882 4043 3151 4111 quatenus
3205 4030 3573 4092 venerabilem

1925 4130 2164 4202 fratrem
2193 4134 2444 4185 nostrum
2471 4127 2821 4183 Fulcherium
2871 4128 3160 4199 Tyrensem
3199 4123 3574 4195 archiepisco-

1924 4235 2079 4291 pum,
2112 4220 2206 4292 qui
2233 4233 2304 4274 ea:
2335 4216 2593 4274 mandato
2615 4221 2822 4275 sanclae
2865 4217 3126 4273 Romanae
3181 4211 3443 4271 Ecclesiae
3469 4209 3576 4270 tibi

1930 4308 2130 4375 obedit,
2160 4307 2404 4380 trater-ni
2452 4308 2662 4363 amoris
2706 4308 2911 4363 intuitu
2957 4303 3155 4376 ditiqas
3184 4309 3236 4359 et
3294 4300 3525 4360 honores
3553 4317 3572 4354 .·

1929 4400 2167 4458 sollicite
2192 4398 2500 4472 providens,
2524 4413 2592 4454 ne
2611 4396 2723 4454 sibi
2744 4411 3043 4469 qravamen
3071 4391 3294 4468 aliquod
3319 4393 3574 4463 inseras:

1851 4478 1897 4544 D
1930 4489 2011 4546 vel
2031 4488 2128 4546 sub
2150 4488 2374 4546 obtentu
2397 4485 2773 4560 hujuscemodi
2817 4485 3192 4555 subiectionis,
3218 4495 3344 4555 quae
3381 4480 3576 4553 utique

1932 4593 2003 4634 ex
2061 4577 2412 4648 beneficentia
2457 4575 2774 4647 apostolicae
2833 4574 2997 4643 sedis,
3057 4571 3164 4628 tibi
3217 4574 3268 4626 et
3322 4565 3576 4625 &etesia

1933 4668 2438 4739 Hierosolymitanae
2468 4663 2831 4738 impenditur,
2874 4662 3133 4734 Tyrensis
3183 4655 3442 4724 Ecclesia,
3471 4668 3576 4712 uo·

1934 4756 2069 4814 bilis
2098 4766 2150 4813 et
2175 4759 2411 4827 famosa,
2441 4768 2560 4812 suae
2596 4754 2834 4827 justitiae
2871 4757 2967 4808 aut
2995 4747 3287 4820 divnitatis
3329 4746 3579 4820 patiatur

1932 4848 2159 4918 aliquod
2189 4845 2599 4902 detrimentum.
2644 4842 2945 4912 Indiqnum
2992 4843 3046 4897 et
3090 4837 3239 4896 enim
3305 4839 3368 4893 ut
3397 4834 3578 4892 honor

1932 4936 2033 5009 qui
2060 4934 2191 5003 sibi,
2223 4934 2347 4991 siei
2375 4935 2633 5003 obediret,
2680 4934 2748 4990 ab
2802 4929 3103 4988 Antiochia
3150 4925 3580 4996 exhiberetur,u

1934 5029 1986 5082 te
2013 5024 2098 5080 vel
2116 5022 2230 5080 tuis
2257 5025 2657 5081 successoribus
2682 5020 3063 5080 subtrahatur.

2004 5115 2141 5173 Data
2170 5115 2391 5184 Albani,
2424 5132 2522 5171 xvt
2550 5115 2675 5172 Kal.
2716 5113 2970 5185 Auqusti.

2545 5222 2777 5281 CAPUT
2811 5220 2967 5278 xm.

1932 5315 2229 5372 Handatur
2246 5316 2372 5385 esus
2394 5312 2757 5385 suffraqaneis
2787 5318 2847 5368 ut
2882 5311 2940 5367 et
2966 5304 3229 5365 obediant
3254 5319 3277 5366 .·
3318 5308 3372 5360 et
3390 5297 3581 5360 adhoc

2321 5386 2509 5457 plures
2562 5384 2890 5454 diriquntur
2918 5378 3189 5453 epistolae.

2007 5474 2290 5534 Redeunti
2311 5473 2647 5546 igitur,licet
2659 5489 2794 5531 oum
2812 5462 3361 5537 molestia,reetituti
3376 5462 3579 5522 suntol

1935 5566 2008 5625 de
2064 5564 2452 5640 suffraganeis
2496 5565 2648 5639 ejus,
2708 5563 2810 5636 qui
2841 5577 3018 5620 manu
3065 5551 3581 5628 Hierosolymitoni
