3784 6000
137 237 148 294 Γ
254 280 366 341 15⁷

1749 292 2187 358 SERMONES-

3550 297 3668 358 158

137 411 150 468 r
247 419 446 472 tamen
477 416 638 491 quod
659 416 722 474 in
744 416 1000 479 hocloco
1022 421 1311 495 Propheta
1329 421 1489 481 aliud
1515 439 1726 482 nomeu
1747 441 1905 498 qua·
1935 432 1988 500 Α
2018 428 2123 484 sed
2145 435 2199 485 et
2214 445 2445 502 requam
2455 430 2713 487 coelcrum
2732 430 2846 487 vim
2864 432 3096 503 patitur,
3120 431 3170 485 et
3188 427 3417 486 violenti
3434 428 3666 500 rapiunt

137 509 150 578 ξ
243 503 622 581 ratintelligi,
646 511 924 582 quoniam
946 512 1184 571 nomina
1203 512 1906 588 illaproptersuavitatem

244 600 292 649 et
301 594 582 668 gratiam,
595 598 963 659 devotionem
976 604 1215 676 quidem
1229 608 1286 662 et
1297 604 1573 663 fiduciam
1595 610 1900 680 prostant:

139 739 146 744 .
240 682 738 747 hieveroalterius
748 691 1055 763 quusdam
1066 692 1314 753 nominis
1334 696 1662 753 memoriam
1674 695 1902 768 quierit,

247 774 706 847 eujussersritas
727 780 896 839 uobis
908 783 1191 842 cautelam
1204 785 1544 859 diligentiis,
1567 794 1620 843 et
1631 785 1902 843 timorem

143 851 152 918 ἕ
245 865 579 923 reverentias
612 868 812 930 doust.
839 871 1003 939 Quod
1025 877 1115 932 est
1132 872 1278 931 illud
1297 876 1326 930 ?
1345 874 1517 933 Deus.
1541 876 1693 933 Deus
1714 875 1900 934 inter·

245 957 508 1026 pretatur
524 958 721 1015 timor.
741 959 873 1033 Ipse
902 965 1093 1019 autem
1116 963 1178 1021 in
1200 961 1458 1021 hocloco
1480 964 1756 1022 timentes
1776 978 1901 1023 esse

246 1059 342 1100 nos
367 1044 561 1118 exigit
580 1050 643 1104 et
663 1050 1003 1122 prudentes.
1025 1052 1329 1110 Commisit
1349 1054 1502 1110 euim
1528 1052 1697 1112 nobis
1721 1054 1901 1114 haere-

244 1132 484 1190 (litatem
504 1150 702 1205 suam,
725 1155 905 1211 quam
927 1140 1038 1198 nisi
1055 1140 1403 1199 timentibus
1427 1159 1541 1200 non
1564 1143 1896 1200 committit.

145 1237 150 1242 ·
243 1225 467 1296 Dedisti,
489 1227 712 1302 inquit,
743 1228 1114 1288 hereditatem
1143 1230 1460 1289 timentibus
1488 1249 1687 1291 nomen
1718 1238 1897 1302 tuum,

243 1313 461 1374 wetino
493 1317 679 1387 (Psal.
715 1317 828 1392 u).
879 1319 1196 1378 Hereditas
1250 1325 1443 1379 autem
1474 1322 1603 1394 ejus
1651 1321 1750 1379 illa
1788 1327 1900 1392 est,

238 1419 404 1476 quam
437 1406 578 1480 ipse
605 1425 644 1465 a
670 1413 833 1481 patre
861 1410 1068 1468 merito
1094 1415 1151 1467 et
1179 1408 1566 1484 postulatione
1608 1411 1900 1486 passionis

235 1496 477 1569 accepit.
531 1499 784 1567 Postula,
824 1500 1037 1573 inquit,
1092 1518 1126 1558 a
1168 1517 1275 1573 me,
1324 1508 1378 1559 et
1404 1501 1543 1560 dabo
1583 1503 1687 1559 tibi
1711 1506 1901 1575 pentes

139 1591 148 1688 Ι·
234 1583 618 1643 'tarditatem
658 1593 816 1644 tinem
852 1587 1034 1661 (Psal.
1069 1587 1167 1661 n):
1199 1589 1505 1646 hareditas
1551 1593 1739 1646 autem
1771 1589 1893 1647 haec

137 1703 146 1776 Ι
232 1674 582 1732 ιιιίνοηίιισ
613 1675 871 1734 fidelium
901 1680 1006 1749 est,
1041 1693 1169 1750 que
1215 1678 1453 1736 nomine
1496 1686 1765 1736 censetur
1792 1683 1897 1735 Bc-

137 1847 140 1920 }
229 1851 354 1910 fidei
385 1857 615 1911 nusum
644 1854 913 1926 credidit,
940 1855 1093 1914 hanc
1115 1856 1497 1915 sollicitudini
1527 1858 1896 1916 commenda-

137 1931 140 1948 '
227 1940 312 1998 vlt.
344 1941 446 1999 Ad
477 1958 689 2000 curam
737 1942 912 2016 igitur
939 1948 998 2003 et
1044 1945 1367 2004 custodiam
1399 1948 1530 2019 ejus
1559 1963 1694 2005 cum
1738 1929 1902 2004 omni

228 2030 439 2090 timore
481 2048 720 2091 omnem
772 2049 878 2091 nos
924 2038 1151 2109 oportet
1197 2035 1561 2109 diligentiam
1596 2036 1898 2096 adhibere·

228 2117 392 2177 ltulla
447 2138 561 2179 nos
602 2121 923 2181 absterrere
949 2124 1119 2181 debet
1145 2124 1535 2193 comminatio,
1569 2125 1733 2183 nulla
1760 2140 1891 2198 per-

227 2208 452 2266 secutio
495 2210 799 2269 retardare
842 2211 991 2285 (56);
1039 2213 1185 2285 quin
1237 2211 1312 2268 iis
1355 2230 1588 2287 semper
1635 2214 1695 2269 in
1725 2213 1889 2271 omni

227 2298 674 2372 opportunitate
719 2316 823 2358 sua
854 2301 1101 2359 fideliter
1147 2318 1497 2360 occuramus
1534 2307 1592 2359 et
1621 2304 1888 2361 divinum

226 2386 274 2443 in
300 2402 444 2461 spe,
466 2403 602 2458 qun
624 2403 740 2446 uon
768 2388 1094 2458 contundit,
1117 2390 1545 2463 amplectamur
1563 2391 1843 2449 auxilium
1869 2409 1884 2462 ;

228 2475 360 2550 quia
403 2492 531 2532 non
564 2479 656 2532 est
680 2475 850 2534 nobis
879 2477 938 2534 iu
970 2482 1127 2535 terra
1157 2479 1420 2546 victoria,
1464 2496 1598 2537 cum
1633 2497 1889 2553 sponsus

227 2567 348 2639 sJ‘us
381 2564 715 2622 debellator
743 2565 961 2624 scilicet
988 2568 1184 2625 omnis
1205 2570 1373 2626 aerius
1404 2569 1705 2643 potestatis
1726 2568 1888 2626 Chri-

229 2660 350 2712 stus
381 2653 398 2709 i
408 2654 587 2727 psius
608 2663 1010 2729 propugnator
1029 2656 1108 2715 sit
1132 2658 1203 2713 ad
1227 2657 1595 2715 salvandum.
1620 2657 1729 2725 Qui
1751 2657 1891 2714 vivit

229 2750 283 2807 et
309 2749 533 2821 regnat
560 2762 696 2805 oum
727 2749 896 2806 Patre
920 2752 978 2805 et
1003 2749 1221 2823 Spiritu
1243 2753 1441 2809 sancto
1471 2750 1623 2808 Deus
1654 2767 1755 2822 per
1782 2768 1892 2807 sas-

233 2835 381 2894 eula.
415 2837 630 2894 Amen.

1034 2944 1102 3003 11.

805 3051 991 3094 seauo
1021 3052 1093 3093 oa
1118 3053 1331 3095 sousa.

304 3123 596 3182 Hesterno
626 3138 914 3192 sermone,
945 3124 1170 3183 domini
1214 3131 1271 3183 et
1300 3126 1497 3184 Patres
1536 3126 1890 3196 charissimi,
1923 3159 1976 3229 C

233 3212 545 3270 vobiscum
575 3226 651 3270 ne
682 3214 905 3271 unitate
933 3213 1203 3271 Ecclesiae
1254 3215 1354 3273 Dei
1384 3220 1441 3273 et
1470 3215 1736 3275 libertate
1768 3221 1892 3274 tra-

234 3305 468 3360 ctatum
519 3300 856 3373 habuimus,
882 3304 950 3360 ad
991 3303 1051 3360 id
1078 3304 1241 3360 omni
1273 3305 1467 3361 studio
1498 3305 1898 3380 principaliter

236 3389 637 3459 intendentes,
661 3393 725 3446 ut
745 3390 897 3447 bona
915 3394 975 3447 et
994 3394 1193 3448 sancta
1210 3390 1474 3449 voluntas
1496 3398 1692 3451 vestra
1713 3394 1897 3452 divini

236 3478 1358 3539 sermonisexhortationeinteradversa
1371 3481 1900 3541 reddaturalacrior

239 3572 297 3626 et
314 3569 387 3625 de
417 3567 727 3642 agnitione
745 3567 953 3626 divinas
984 3571 1357 3642 protectionis
1378 3576 1432 3629 et
1451 3571 1653 3645 gratias
1674 3572 1899 3630 insolu-

241 3656 377 3714 bilis
407 3659 622 3714 nostrie
645 3656 892 3715 invicem
917 3657 1291 3717 fraternitatis
1311 3661 1645 3731 proficiendi
1669 3677 1899 3731 semper

241 3746 300 3803 in
315 3745 532 3803 melius
545 3745 759 3803 fiducia
769 3747 1382 3806 convalescat.Fratres
1394 3751 1686 3824 siquidem
1699 3766 1896 3808 sumus

241 3851 310 3893 ex
335 3837 553 3892 eodem
571 3836 742 3892 Patre
759 3833 1009 3905 Christo,
1030 3843 1173 3893 etex
1195 3837 1393 3896 eadem
1419 3842 1600 3895 matre
1624 3839 1897 3907 Ecclesia,

241 3941 344 3999 per
392 3923 893 3998 regenerationem
941 3941 1110 3999 aqum
1152 3934 1210 3983 et
1238 3926 1485 3999 spiritus
1524 3928 1594 3984 de
1627 3928 1761 3986 filiis
1796 3931 1895 3985 irae

239 4014 512 4072 transsati
537 4012 600 4070 in
629 4014 1001 4086 adoptionem
1030 4014 1227 4088 glorias
1259 4014 1513 4072 filiorum
1546 4018 1641 4074 Dei
1672 4017 1892 4091 (Ephes.

241 4104 304 4178 1).
337 4104 573 4162 Bonum
605 4101 803 4177 itaque
831 4109 938 4170 est,
987 4103 1123 4176 quia
1151 4103 1331 4172 utile;
1365 4105 1720 4177 jucundum,
1753 4108 1896 4179 quia

240 4190 624 4250 detectabile:
657 4207 762 4249 nos
792 4191 903 4248 hac
930 4190 1219 4265 spirituali
1260 4192 1622 4251 fraternitate
1648 4197 1895 4266 conjun-

237 4287 387 4349 ctos,
407 4283 476 4339 in
491 4280 714 4339 unitate
726 4279 1066 4350 consistere,
1089 4286 1151 4338 ut
1170 4281 1246 4339 sit
1270 4281 1494 4340 scilicet
1532 4283 1723 4352 nobis,
1740 4284 1896 4344 sicut

235 4371 296 4430 in
324 4369 631 4445 primitiva
669 4368 952 4439 Ecclesia,
1003 4369 1364 4428 multitudini
1402 4372 1763 4430 credentium
1796 4392 1896 4434 cor

235 4476 422 4518 uuum
453 4462 512 4517 st
539 4458 737 4516 anima
756 4474 890 4516 una.
914 4460 1002 4517 Sit
1030 4459 1091 4518 in
1114 4459 1282 4518 nobis
1313 4477 1467 4518 unus
1485 4462 1748 4533 spiritus,
1775 4481 1893 4522 uua

2011 514 2152 573 illud
2182 517 2392 591 (attacta.
2430 518 2534 591 ιι).
2584 520 2669 576 lta
2712 519 2908 576 omnia
2954 535 3130 590 regna
3179 517 3375 574 unitas
3417 516 3576 583 fidei,
3609 519 3669 572 et

2012 608 2155 665 fides
2188 610 2428 667 unitatis
2458 615 2772 684 expugnat.
2822 611 2983 667 Totis
3011 610 3209 682 itaque
3245 607 3453 667 studiis
3484 609 3663 665 debe-

2012 713 2140 755 mus
2164 698 2453 770 insistere,
2477 705 2535 759 et
2554 700 2700 757 alter
2719 700 2963 758 alterum
2992 698 3323 765 cohortatri,
3346 704 3405 754 ut
3435 702 3664 755 stemus

2009 788 2399 861 simu13quia
2444 788 2492 847 si
2540 790 2871 847 steterimus
2919 788 3118 859 simul,
3158 788 3322 845 alteri
3365 787 3438 843 ab
3478 787 3662 845 altero

2008 879 2144 952 plus
2174 878 2466 937 fiduciaeet
2493 880 2726 938 virtutis
2771 884 3072 938 accrescet.
3114 877 3174 935 Si
3211 877 3545 936 steterimus
3581 875 3660 933 si-

2010 968 2154 1039 mul,
2186 970 2536 1028 adversariis
2568 970 2779 1027 nostris
2809 987 2924 1027 non
2947 974 3175 1025 tantum
3199 967 3464 1025 resistere
3495 969 3659 1039 pote-

2007 1058 2213 1128 rimus,
2247 1060 2351 1116 sed
2381 1064 2437 1116 et
2466 1076 2595 1116 cum
2623 1059 2834 1116 fiducia
2869 1074 3197 1133 provocare.
3231 1056 3288 1113 Si
3318 1055 3652 1112 steterimus

2007 1145 2206 1214 simul,
2221 1146 2477 1204 Ecclesia
2493 1146 2901 1220 Deiapparebit
2922 1144 3220 1215 terribilis,
3243 1148 3308 1199 ut
3327 1146 3649 1200 castrorum

2007 1234 2160 1290 acies
2200 1233 2484 1291 ordinata.
2517 1234 2751 1296 Stemus.
2782 1234 2973 1307 inquit
3003 1232 3098 1289 ille
3129 1231 3430 1305 propheta,
3459 1235 3655 1286 stemus

2004 1323 2194 1379 simul.
2215 1324 2346 1395 Quis
2366 1331 2442 1381 est
2458 1324 2803 1381 adversarias
2815 1326 3000 1380 meus?
3019 1320 3117 1395 qui
3127 1318 3457 1377 contradicit
3478 1315 3621 1372 mihi
3634 1319 3659 1370 ,⁹

2005 1412 2227 1469 accedat
2272 1412 2343 1469 ad
2379 1430 2465 1470 me
2496 1415 2626 1484 (lsa.
2660 1413 2723 1486 ι).
2755 1412 2902 1478 Quia
2946 1411 3203 1484 aliquem
3253 1408 3363 1465 sibi
3396 1408 3662 1465 senserat

2007 1501 2257 1559 fideliter
2295 1503 2691 1573 assistentem,
2721 1519 2856 1560 cum
2891 1500 3102 1557 fiducia
3140 1499 3508 1573 loquebatur.
3542 1495 3658 1552 Nos

2006 1608 2258 1665 quoque,
2307 1592 2527 1650 domini
2575 1597 2632 1649 et
2664 1597 2863 1649 Patres
2910 1590 3046 1659 mei,
3088 1589 3373 1646 habemus
3421 1585 3654 1658 aliquos

2006 1683 2176 1739 uobis
2196 1681 2447 1740 fideliter
2466 1683 2808 1741 assistentes
2833 1699 2846 1737 z
2881 1682 3158 1738 habemus
3186 1679 3344 1735 enim
3378 1676 3653 1733 assisten-

137 1779 142 1840 ξ
232 1762 444 1830 claein,
499 1780 634 1838 quo
675 1765 1021 1824 catholicam
1066 1768 1325 1825 continet
1367 1769 1675 1826 unitatem.
1735 1768 1896 1825 Hanc
1924 1782 1973 1848 Β
2005 1772 2120 1828 tem
2169 1771 2338 1828 uobis
2385 1772 2631 1845 gratiam
2665 1772 2880 1828 civium
2924 1783 3335 1843 supernorum,
3378 1764 3654 1821 habemus

2012 1860 2338 1917 assistentia
2370 1862 2537 1918 nobis
2568 1862 2774 1917 merita
2802 1866 2858 1916 et
2887 1859 3177 1916 orationes
3208 1860 3449 1920 vestras,
3480 1853 3659 1909 habe-

2011 1964 2145 2005 mus
2170 1950 2540 2008 assistentem
2574 1951 2741 2008 nobis
2772 1950 2945 2007 tidem
2978 1953 3035 2005 et
3065 1947 3423 2004 devotionem
3457 1941 3660 1999 catho-

2009 2035 2256 2097 licorum
2284 2056 2507 2115 regum,
2539 2041 2640 2114 qui
2672 2041 2947 2097 unitatem
2970 2036 3315 2095 catholicam
3351 2031 3657 2090 uobiscum

2000 2134 2058 2187 st
2087 2131 2260 2188 verbo
2290 2131 2657 2203 profitentur,
2679 2136 2737 2187 et
2753 2129 3026 2203 operibus
3056 2128 3454 2197 exsequuntur
3480 2138 3494 2190 3
3529 2136 3658 2176 om·

2003 2236 2106 2277 nes
2137 2220 2255 2276 fere
2290 2221 2628 2292 quicunque
2659 2218 3265 2289 {censenturtnomine
3302 2212 3653 2270 Christiano.

2001 2308 2450 2382 Comparatione
2478 2326 2611 2367 vero
2642 2314 2817 2367 tantas
2854 2307 3268 2376 multitudinis,
3301 2304 3530 2362 modica
3559 2307 3650 2360 est

2003 2400 2179 2456 unius
2208 2401 2485 2473 exceptio.
2536 2400 2698 2458 Unus
2745 2399 3031 2473 siquidem
3079 2395 3389 2469 excipitur,
3436 2397 3493 2450 et
3522 2393 3646 2466 ipse

2001 2489 2186 2548 solus.
2242 2492 2331 2548 Va!
2356 2494 2541 2547 autem
2567 2492 2693 2559 soli,
2739 2492 2870 2563 qaia
2917 2492 2964 2544 si
3001 2486 3281 2552 ceciderit,
3329 2501 3442 2540 non
3488 2483 3653 2539 habet

2000 2580 2376 2637 sublevantem
2418 2580 2627 2653 (Eccle.
2674 2581 2773 2653 tv).
2804 2579 2909 2635 Sed
2940 2582 2995 2634 et
3026 2577 3151 2650 ipse
3192 2591 3294 2648 per
3323 2572 3655 2631 misericor-

2000 2670 2159 2728 diam
2205 2670 2306 2728 Dei
2354 2675 2721 2729 convertetur
2767 2674 2824 2727 et
2869 2668 3040 2736 vivet,
3079 2667 3360 2740 quoniam
3409 2665 3536 2737 ipse
3564 2665 3652 2719 est

2001 2761 2151 2817 inter
2174 2761 2466 2834 principes
2486 2765 2651 2819 terroe
2675 2758 2860 2816 multa
2883 2756 3195 2832 prudentia
3215 2763 3269 2813 et
3289 2755 3497 2810 virtute
3519 2751 3648 2809 lau·

2000 2848 2235 2917 dabilis,
2264 2850 2372 2906 nisi
2403 2850 2644 2924 gloriam
2674 2864 2835 2905 suam
2857 2848 3064 2903 divinis
3093 2844 3290 2919 gloriae
3321 2855 3652 2915 praeponere

2004 2939 2367 2997 decrevisset.
2400 2938 2636 2996 Utinam
2686 2936 3034 2993 humilietur
3075 2935 3186 2991 sub
3227 2930 3444 3008 potenti
3472 2945 3650 2986 manu

2003 3029 2124 3097 Dei,
2140 3034 2197 3086 et
2212 3029 2596 3104 principatum
2613 3027 2881 3085 Ecclesiae
2902 3043 3007 3083 suo
3030 3039 3278 3099 proeesse
3296 3019 3653 3095 principatui

2005 3127 2402 3193 recognoscat,
2453 3121 2674 3176 utinam
2723 3116 3015 3189 intelligat
3060 3115 3198 3187 quia
3241 3112 3291 3168 si
3329 3111 3655 3177 Christum,

2002 3226 2286 3284 sponsum
2318 3209 2537 3267 scilicet
2558 3208 2826 3266 Ecclesiae
2858 3207 3165 3264 dominum
3197 3203 3528 3271 confitetur,
3560 3219 3657 3259 ne-

2002 3316 2164 3357 cesse
2198 3300 2371 3356 babet
2398 3306 2452 3356 et
2482 3299 2801 3356 Ecclesiam
2830 3313 2959 3368 quae
2988 3311 3206 3368 sponsa
3234 3296 3324 3350 est
3352 3291 3649 3349 nihilomi-

2004 3406 2118 3448 nus
2147 3390 2435 3447 dominam
2460 3389 2743 3446 confiteri.
2770 3390 3052 3444 Praeterea
3074 3383 3388 3457 specialem
3413 3397 3649 3439 causam

2003 3478 2197 3549 habet,
2229 3497 2341 3554 qua
2365 3488 2620 3536 sanctam
2647 3478 2965 3536 Romanam
2992 3474 3308 3533 Ecclesiam
3350 3472 3650 3529 dominam

2004 3584 2413 3643 recognoscere
2430 3569 2629 3625 debet:
2653 3568 2911 3640 alioquin
2942 3562 3420 3621 manifestissime
3439 3563 3654 3633 poterit

2004 3675 2137 3716 reus
2168 3658 2609 3733 ingratitudinis
2647 3672 2946 3730 apparere.
2998 3655 3056 3711 Si
3112 3654 3268 3709 enim
3321 3652 3393 3706 ad
3432 3658 3653 3706 veteres

2004 3764 2372 3805 recurramus
2387 3747 2680 3814 historias,
2695 3753 2910 3802 certum
2926 3744 3036 3800 erit
3049 3741 3503 3815 praedecessores
3524 3740 3657 3810 ejus

2000 3821 2314 3911 imperium
2366 3853 2484 3893 non
2516 3837 2586 3892 de
2634 3834 2747 3893 alio
2787 3836 2942 3904 jnre,
2976 3848 3154 3904 quam
3186 3830 3257 3885 de
3286 3827 3411 3884 sola
3441 3830 3653 3883 sanctis

2002 3931 2276 3984 Romanae
2323 3926 2590 3984 Ecclesiae
2633 3923 2819 3998 gratia
2867 3920 3213 3994 percepisse.
3266 3915 3420 3972 Nihil
3469 3915 3651 3986 igitur

2002 4016 2135 4090 plus
2157 4016 2314 4087 juris
2343 4014 2629 4070 vindicare
2657 4011 2950 4085 principes
2978 4013 3240 4082 possunt,
3281 4022 3456 4080 quam
3490 4006 3647 4078 quod

2001 4105 2061 4160 in
2092 4119 2192 4161 eos
2220 4103 2461 4160 contulit
2505 4101 2766 4176 dignatio
2797 4098 3118 4173 largientis.
3155 4097 3437 4153 Praeterea
3473 4094 3648 4150 habe·

2002 4209 2136 4250 mus
2152 4192 2515 4250 assistentem
2538 4191 2709 4248 nobis
2730 4190 2903 4247 etiam
2936 4189 3252 4245 Christum.
3271 4187 3468 4258 Neque
3486 4183 3643 4242 enim

2004 4280 2321 4339 Ecclesiam
2353 4298 2417 4337 ea
2440 4281 2607 4339 nobis
2627 4280 2959 4338 conditione
2981 4277 3239 4346 tradidit,
3265 4280 3330 4333 ut
3359 4275 3650 4345 relinque-

2004 4380 2087 4429 ret
2120 4389 2134 4427 :
2165 4386 2399 4444 semper
2427 4371 2668 4428 assistit.
2700 4371 2817 4427 Non
2845 4369 3188 4441 relinquam,
3210 4366 3416 4438 inquit,
3438 4380 3528 4421 vos
3553 4379 3651 4419 or-

1999 4461 2230 4534 phanos,
2293 4458 2426 4517 vado
2463 4464 2516 4516 et
2544 4461 2700 4517 venio
2736 4459 2807 4515 acl
2836 4474 2925 4516 vos
2954 4458 3131 4531 (lona.
3165 4458 3297 4525 xiv),
3346 4455 3646 4511 vobiscum

231 4550 402 4608 fides.
442 4547 647 4606 Unitas
675 4548 835 4606 euim
868 4548 998 4607 ndei
1021 4551 1395 4608 concordiam
1448 4551 1615 4624 parit.
1650 4553 1896 4611 Concor·
1924 4541 1971 4607 D
2004 4567 2187 4625 usque
2229 4550 2300 4608 ad
2350 4552 2910 4607 consummationem
2959 4547 3153 4605 saeculi
3207 4558 3646 4620 permansurus.

232 4639 330 4696 dia
351 4642 548 4697 mater
564 4642 655 4696 est
677 4637 938 4696 unitatis.
963 4636 1170 4697 Unitas
1189 4655 1321 4698 vero
1342 4639 1476 4696 fidei
1498 4641 1704 4698 tribuit
1720 4641 1893 4701 liber-

229 4732 437 4786 tatem.
471 4731 551 4784 Ex
582 4726 695 4786 fide
722 4728 1013 4801 siquidem
1045 4728 1162 4786 vita
1215 4730 1386 4788 nobis
1431 4735 1489 4786 et
1518 4732 1757 4790 victoria
1780 4741 1893 4791 est.

227 4819 426 4876 Iustus
460 4819 632 4885 enim,
665 4817 876 4891 inquit,
922 4834 1077 4875 meus
1103 4834 1177 4875 ex
1204 4818 1310 4890 fide
1348 4820 1476 4877 vivit
1517 4820 1693 4891 (Rom.
1729 4825 1787 4896 ι).
1825 4825 1896 4881 Et

231 4907 358 4964 haec
386 4912 478 4964 est
505 4904 748 4964 victoria
776 4921 903 4979 quo
934 4905 1111 4963 vincit
1141 4906 1445 4975 mundum,
1490 4909 1635 4968 ssdes
1668 4922 1887 4970 nostra.

233 4996 348 5054 Sed
378 5000 442 5053 et
485 4994 674 5053 sancti
721 5009 825 5068 per
871 4995 1041 5052 fldem
1087 4995 1350 5054 vicerunt
1386 5013 1601 5071 regua3
1643 5016 1889 5074 regnum

233 5084 485 5153 Sanno,
529 5099 776 5159 regnum
816 5084 1038 5153 mundi,
1075 5101 1316 5156 regnum
1346 5086 1645 5145 coelorum.
1691 5090 1762 5146 Et
1816 5090 1890 5147 de

235 5191 419 5250 regno
447 5173 689 5249 quidem
723 5174 932 5232 mundi
951 5179 1011 5232 et
1038 5190 1214 5248 reguo
1234 5175 1460 5234 Satanae
1482 5178 1884 5250 manifestius5

299 5334 651 5409 (50)0mnia
666 5351 797 5409 quae
809 5352 1005 5394 vocem
1024 5337 1311 5395 retardare
1329 5346 1675 5412 sequuntur,
1699 5357 1887 5415 usque

233 5408 302 5466 ad
336 5407 510 5465 Hom.
543 5424 608 5472 u,
637 5424 698 5480 p.
733 5408 821 5478 ¹0,
850 5407 891 5476 l,
923 5409 1012 5478 12,
1031 5409 1396 5476 convalescat,
1426 5428 1544 5468 om.
1579 5413 1639 5469 B.
1671 5417 1730 5470 et
1759 5415 1885 5471 duae

235 5478 496 5539 bomilia
521 5493 703 5536 uuam
726 5479 965 5536 faciunt.
985 5481 1060 5537 At
1073 5497 1176 5555 pro
1196 5483 1436 5551 omissis
1455 5492 1582 5555 post
1602 5485 1888 5541 retardare

229 5550 412 5611 hahet
431 5550 474 5607 Β
493 5550 801 5624 sequeutia
823 5568 837 5609 z
857 5572 887 5603 α
919 5552 1238 5626 participes
1257 5554 1724 5612 consolationum
1748 5557 1885 5613 facti

229 5638 460 5685 samus.
492 5620 728 5683 lustum
755 5626 939 5683 estut
956 5623 1101 5685 socii
1129 5625 1314 5685 simus
1350 5625 1528 5687 etiam
1556 5626 1883 5688 tribulatio-

2000 4639 2237 4712 Adjutor
2254 4640 2450 4713 itaque
2470 4646 2524 4696 et
2539 4645 2814 4711 protector
2835 4637 3001 4693 nobis
3021 4638 3169 4693 estin
3192 4634 3442 4691 salutem
3465 4630 3641 4700 (Psnl.

1999 4729 2200 4802 xxxu).
2228 4730 2371 4786 Cum
2393 4729 2681 4799 adjutorio
2703 4728 2899 4800 itaque
2927 4731 3014 4783 tot
3041 4723 3447 4782 assistentium
3478 4719 3645 4777 nobis

2003 4820 2164 4877 nulla
2193 4837 2300 4877 nos
2330 4819 2500 4876 debet
2528 4821 2847 4875 absterrere
2886 4815 3285 4886 comminatio,
3331 4812 3493 4868 nulla
3518 4826 3649 4883 per-

2000 4911 2224 4967 secutio
2256 4924 2538 4975 revocare,
2573 4908 2690 4964 imo
2719 4911 2872 4964 stare
2901 4904 3179 4962 debemus
3208 4920 3277 4959 ex
3302 4903 3564 4967 advers0‚
3595 4903 3654 4957 et

2000 5013 2288 5069 opponere
2339 4997 2729 5068 nosmetipsos
2782 5009 3019 5050 murum
3077 4993 3208 5066 pros,
3230 4992 3402 5050 domo
3452 4990 3656 5047 lsrael.

2001 5087 2199 5142 Fidelis
2230 5092 2414 5142 autem
2442 5091 2608 5147 Deus,
2633 5085 2737 5156 qui
2755 5098 2864 5140 non
2885 5084 3127 5154 patietur
3146 5097 3235 5139 vos
3266 5084 3468 5139 tentari
3489 5097 3660 5148 supra

1997 5175 2057 5231 id
2084 5174 2225 5248 quod
2241 5173 2490 5247 potestis,
2520 5173 2610 5230 sed
2639 5175 2803 5243 saciet
2829 5188 2944 5230 cum
2977 5175 3275 5229 tentatione
3304 5179 3650 5242 proventum,

1996 5340 2257 5398 num.Ex
2269 5340 2509 5396 adverso
2522 5343 2678 5395 stare
2696 5337 3107 5404 nosconvenit,
3132 5343 3276 5407 etop
3322 5351 3494 5392 onere
3507 5352 3643 5392 nos·

1997 5416 2118 5469 met
2146 5413 2304 5482 ipsos
2325 5427 2560 5468 murum
2595 5427 2698 5483 pro
2720 5411 2894 5466 domo
2920 5407 3115 5466 israel.
3139 5410 3261 5474 Quo
3322 5423 3464 5463 sane
3478 5407 3647 5465 nobis

1995 5500 2110 5540 non
2146 5482 2312 5539 facile
2341 5482 2598 5556 quidem,
2625 5482 2726 5538 sed
2755 5479 3030 5550 possibile
3052 5486 3247 5538 tamen
3270 5480 3405 5545 erit,
3434 5479 3484 5536 si
3505 5496 3651 5546 con-

1994 5559 2214 5613 stanter
2261 5556 2320 5611 in
2378 5555 2603 5611 unitate
2671 5552 2999 5626 catholicaj⁸
3004 5550 3470 5609 consenserimus
3564 5568 3650 5609 er-

1993 5642 2253 5688 mansre.
2284 5627 2461 5686 Porro
2482 5628 2690 5686 fratres
2709 5641 2916 5685 sumus
2936 5640 3007 5684 ex
3033 5624 3236 5685 eodem
3267 5627 3450 5697 patre,
3482 5639 3512 5683 e
3542 5630 3646 5680 ct»
