3784 6000
105 235 224 296 ³⁶1

1019 236 1222 298 HIST.
1271 234 1554 299 RERUM
1594 232 2138 299 TRANSMARIN.
2186 272 2263 286 —
2305 240 2451 304 un.
2496 241 2599 303 VI.

3404 249 3525 312 362

103 381 486 445 quosomnes
504 366 718 442 gladils
736 366 1104 438 interimunt,
1135 369 1392 442 exceptis
1421 368 1645 442 paucis,
1666 366 1764 439 qui
1791 368 1848 436 Α
1877 369 2219 429 amicitiam.
2251 375 2621 448 Interrogans
2653 374 2837 449 igitur
2857 377 2931 435 ab
2961 390 3028 434 eo
3058 378 3373 451 imperator
3400 381 3533 438 dili-

104 477 216 534 per
244 462 463 518 dumos
492 460 551 516 et
597 458 809 515 fruteta
837 461 895 514 et
942 458 1351 531 speluncarum
1384 458 1640 516 latebras
1671 457 1768 516 de-

105 552 380 610 litescere
408 550 728 623 potnerunt
752 565 765 605 ε
791 563 920 621 quae
942 548 1096 605 lama
1122 548 1258 606 mali
1282 547 1507 617 nuntia,
1536 553 1768 606 nostros

105 657 230 698 non
260 638 466 697 minus
493 655 667 712 quam
698 640 830 712 ipsa
855 638 1027 696 famis
1046 638 1369 697 enormitas
1400 637 1765 696 molestavit:

105 729 348 803 quoties
417 728 576 785 enim
622 744 865 786 suorum
943 744 1144 785 casum
1200 729 1537 797 audiebant,
1600 727 1767 785 toties

103 835 316 876 eorum
361 816 532 875 dolor
580 817 986 876 renovabatur.
1044 818 1209 874 Unde
1254 821 1341 874 tot
1387 816 1671 874 molestiis
1709 820 1769 873 et

104 908 330 966 laboris
361 907 778 976 immensitate,
819 913 877 964 et
914 908 1258 979 quotidiana
1302 922 1539 964 suorum
1572 906 1767 970 ruina,

99 1002 155 1056 et
195 997 668 1055 infortuniorum
728 996 1047 1054 acerbitate
1095 1012 1274 1067 supra
1319 998 1470 1052 vires
1520 995 1766 1068 fatigati,

97 1089 228 1162 jam
259 1088 337 1146 de
361 1090 483 1144 vita
507 1088 813 1160 desperare
838 1110 854 1156 ς
878 1088 1121 1159 jamque
1149 1087 1340 1143 minus
1370 1103 1475 1159 pro
1504 1103 1613 1143 sua
1649 1085 1766 1142 tui·

106 1178 266 1235 tione
295 1176 629 1247 sollicitari,
670 1176 984 1249 minusque
1013 1177 1247 1235 abedire
1278 1176 1644 1249 principibus
1672 1175 1768 1232 in-

107 1266 434 1339 cipiebant.

779 1355 1010 1413 CAPUT
1039 1354 1105 1412 X.

113 1444 440 1519 Stephanus
465 1458 643 1501 comes
669 1444 1087 1502 Garnotensium
1111 1444 1181 1501 ad
1210 1444 1600 1515 imperatorem
1623 1443 1771 1501 Con-

449 1516 1009 1588 stantinopolitanum
1037 1518 1432 1590 proficiscitur.

182 1627 422 1684 Interea
448 1625 778 1683 willelmus
826 1626 898 1684 de
944 1626 1390 1684 Grentemaisnil
1433 1630 1491 1683 et
1527 1624 1626 1682 alii
1664 1623 1767 1696 qui

1875 465 2077 533 genter
2122 463 2193 519 de
2229 462 2352 521 vita
2380 471 2435 521 et
2484 465 2674 522 salute
2727 469 2785 522 et
2838 469 2994 524 statu
3038 467 3375 542 principum
3407 488 3424 539 ς
3473 473 3532 527 et

1876 565 2144 622 qnaenam
2175 558 2331 610 esset
2376 570 2557 612 causa
2584 555 2738 627 quod
2766 555 2838 612 ab
2888 555 3021 613 aliis
3054 557 3268 615 rediret
3295 573 3533 631 separa-

1875 644 1994 710 tus,
2028 645 2363 715 respondit:

2520 735 2752 792 CAPUT
2781 735 2875 793 XI.

1876 820 2062 881 Oratio
2082 824 2204 895 eJ'us
2228 826 2303 881 ad
2316 826 2563 882 eumdem
2588 826 3003 897 imperatorem,
3025 825 3309 884 mendacio
3333 828 3527 900 plena,

2387 900 2699 969 perniciosa
2725 897 2997 968 fidelibus.

1945 1004 2159 1062 Fideles
2189 1008 2289 1068 tui,
2317 1009 2615 1078 imperator
2657 1007 3037 1076 invictissime,
3069 1010 3166 1081 qui
3197 1009 3363 1081 paulo
3400 1013 3530 1068 ante

1870 1110 1974 1166 per
1997 1103 2153 1152 tuam
2172 1096 2480 1154 habuerant
2509 1097 2811 1153 transitum
2834 1097 3214 1167 eminentiam,
3241 1106 3299 1154 et
3332 1098 3401 1153 de
3431 1102 3530 1154 tua

1872 1185 2234 1255 plenitudine,
2259 1190 2310 1243 te
2339 1187 2629 1259 larpiente,
2660 1186 2797 1255 sacti
2840 1191 2969 1242 sunt
3003 1186 3405 1258 locupletiores,
3424 1202 3528 1243 ca-

1872 1282 1969 1347 pta
1998 1275 2206 1344 Nicaea,
2230 1292 2398 1349 usque
2411 1275 2761 1333 Antiochiam
2779 1277 2918 1332 satis
2944 1290 3202 1347 prospero
3214 1290 3383 1331 cursu
3401 1290 3531 1344 per·

1874 1375 2162 1434 venerunt,
2194 1366 2491 1438 urbemque
2529 1368 2707 1436 ipsam
2752 1366 2884 1436 juqi
2933 1365 3211 1422 obsidione
3245 1365 3409 1435 quasi
3432 1378 3533 1435 per

1875 1469 2067 1512 novem
2094 1455 2384 1514 continuos
2412 1470 2622 1512 menses
2650 1462 3047 1526 expuqnatam,
3065 1454 3279 1523 praevia
3313 1450 3533 1509 Domini

1874 1543 2283 1615 misericordia,
2313 1546 2587 1602 violenter
2613 1544 2740 1612 sibi,
2778 1549 3007 1615 excepto
3055 1544 3211 1599 urbis
3251 1541 3536 1614 praesidio,

1876 1633 2018 1705 quod
2042 1635 2101 1690 in
2120 1639 2301 1690 monte
2320 1632 2636 1690 sublimiori
2662 1635 2855 1698 situm,
2885 1632 3010 1688 urbi
3038 1633 3334 1702 praeminet
3362 1631 3537 1686 stultis

115 1733 244 1774 cum
275 1733 346 1774 eo
373 1717 746 1789 aufugerant,
789 1717 1195 1789 pervenientes
1223 1715 1628 1772 Alexandriam
1660 1712 1764 1769 Μί·
1793 1743 1850 1809 Β
1877 1723 2187 1793 superabile
2216 1724 2446 1791 viribus,
2476 1724 2917 1779 vindicaverunt.
2962 1720 3200 1792 Cumque
3245 1720 3537 1776 crederent

115 1823 340 1875 norem,
391 1806 495 1864 ubi
545 1806 820 1864 dominus
867 1807 1197 1880 Stephanus
1235 1806 1673 1864 Cernotcnsium
1707 1809 1765 1861 vt
1877 1828 1999 1868 rem
2018 1828 2160 1868 essse
2186 1816 2640 1880 consummatam,
2662 1815 2907 1883 quodque
2934 1826 2991 1866 se
3016 1809 3279 1881 periculis
3303 1806 3534 1864 exemis-

113 1896 487 1953 Blesensium
535 1911 754 1966 comes,
801 1897 974 1968 cujus
1022 1897 1276 1953 reditum
1318 1900 1436 1953 tam
1476 1896 1767 1967 principes

115 2001 294 2058 quam
315 1984 628 2042 universus
683 1984 953 2058 populus,
977 2001 1076 2055 per
1097 1985 1221 2042 dies
1241 1984 1504 2056 singulos
1520 1983 1770 2039 ardenti·

117 2074 224 2131 bus
247 2074 741 2147 prestolabantur
760 2076 1086 2144 desideriis,
1111 2077 1220 2133 adh
1231 2093 1300 2133 uc
1330 2093 1499 2132 suam
1529 2073 1770 2132 simula-

117 2164 212 2220 bat
241 2163 690 2236 egritudinem:
732 2179 861 2236 quae
892 2165 1047 2237 apud
1087 2165 1451 2222 Antiochiam
1481 2164 1772 2238 gereban-

117 2257 232 2324 tur,
265 2256 605 2326 exponunt3
631 2259 687 2309 et
717 2268 789 2309 ne
834 2253 950 2326 ipsi
986 2255 1162 2310 etiam
1188 2255 1262 2311 ob
1304 2255 1484 2311 levem
1513 2258 1572 2310 et
1601 2253 1772 2308 frivo-

1870 1910 1989 1958 sent
2010 1904 2305 1968 universis,
2344 1903 2477 1958 urbe
2495 1902 2616 1972 jam
2655 1905 2892 1971 recepta,
2923 1904 3104 1970 lactus
3132 1902 3212 1954 est
3251 1912 3407 1952 error
3434 1913 3529 1953 no-

1870 1994 2124 2048 vissimus
2151 1992 2306 2063 peior
2333 1993 2536 2062 priore,
2566 1995 2620 2046 et
2642 1992 2699 2045 in
2728 1989 2902 2044 mutto
2932 1989 3145 2059 majora
3174 2003 3340 2058 quam
3374 1986 3532 2057 passi

1870 2086 2117 2155 fuerant,
2152 2083 2469 2140 inciderunt
2497 2083 2848 2140 discrimina.
2891 2083 2986 2137 Via:
3005 2082 3152 2136 enim
3186 2080 3254 2135 ab
3274 2079 3409 2135 urbe
3437 2093 3530 2134 ca·

1870 2180 1967 2245 pta
1994 2175 2161 2228 tertia
2180 2173 2292 2229 dies
2312 2172 2503 2244 elapsa
2530 2174 2742 2241 fuerat,
2773 2186 2898 2226 cum
2926 2185 3045 2225 ecce
3076 2167 3385 2240 Corbapath
3400 2168 3533 2222 Per-

1875 2278 2065 2317 sarum
2091 2264 2340 2333 princeps
2368 2263 2788 2330 potentissimus,
2828 2275 2950 2316 cum
3002 2258 3246 2328 infinitis
3279 2257 3531 2313 Orienta-

119 2341 236 2398 lam
287 2358 549 2412 causam,
594 2346 656 2398 et
691 2346 971 2415 tanquam
1003 2344 1193 2400 timidi
1224 2344 1414 2401 socios
1443 2343 1773 2400 deseruisse
1876 2351 2018 2406 lium
2046 2353 2239 2424 copiis,
2261 2355 2315 2407 et
2336 2352 2394 2406 in
2419 2350 2779 2406 multitudine
2805 2365 3027 2404 omnem
3053 2362 3349 2403 numerum
3374 2361 3535 2404 exce-

118 2432 474 2501 viderentur,
507 2448 905 2489 aerumnarum
954 2438 1013 2491 et
1040 2433 1372 2492 afflictionis
1409 2436 1648 2493 modum
1671 2436 1774 2508 qui
1878 2443 2068 2510 dente,
2106 2441 2354 2498 eamdem
2392 2440 2669 2498 obsidione
2700 2438 2928 2495 vallavit
2954 2435 3145 2494 urbem
3162 2452 3186 2500 ,·
3213 2445 3265 2493 et
3291 2450 3362 2492 ex
3382 2436 3537 2491 omni

122 2524 266 2589 erat,
317 2519 702 2593 amplificant.
761 2522 832 2578 Et
885 2520 1016 2578 licet
1074 2539 1322 2594 magnus
1377 2529 1528 2582 esset
1577 2530 1634 2581 et
1673 2525 1770 2581 in-
1874 2537 2041 2603 parte
2087 2534 2305 2588 obsessis
2336 2529 2630 2587 introitum
2673 2543 2884 2599 neqans
2910 2536 2962 2584 et
2988 2529 3225 2596 exitum,
3254 2526 3537 2598 principes

125 2609 564 2683 comparabilis,
612 2614 812 2668 tamen
860 2613 1127 2669 studiosa
1173 2611 1449 2670 relatione
1492 2617 1771 2687 majorem
1883 2625 1935 2677 et
1964 2637 2180 2677 omnem
2207 2620 2473 2692 populum
2494 2624 2572 2676 tot
2592 2625 2645 2675 et
2667 2620 2837 2675 tantis
2856 2616 3125 2674 molestiis
3145 2616 3376 2686 affligit,
3400 2612 3542 2686 quod

123 2702 407 2770 efficiunt,
441 2706 501 2758 et
526 2703 599 2759 de
627 2702 861 2776 magnis
895 2704 1117 2774 majora
1146 2704 1483 2777 loquuntur.
1516 2706 1631 2764 Nec
1651 2710 1778 2763 erat
1878 2726 1978 2767 nec
2005 2713 2176 2767 etiam
2205 2711 2272 2767 de
2301 2726 2491 2768 eorum
2520 2712 2630 2766 vita
2658 2724 2878 2780 sperare
2928 2706 3113 2763 liceat.
3163 2704 3543 2761 Multitudinis

121 2791 364 2849 difficile
393 2789 445 2848 ei
467 2793 818 2864 persuadere
847 2793 1135 2866 quidquid
1168 2794 1534 2853 timiditatem
1566 2813 1778 2867 augere
1878 2806 2064 2857 autem
2108 2816 2195 2857 eos
2240 2800 2600 2856 obsidentium
2630 2813 2740 2855 non
2768 2806 2844 2853 est
2871 2798 3036 2869 facite
3068 2811 3363 2850 numerum
3392 2807 3539 2849 com-

119 2885 370 2954 poterat,
399 2895 534 2937 cum
565 2880 690 2954 ipse
726 2882 888 2953 prius
916 2884 1180 2954 ejusdem
1224 2886 1307 2941 rei
1349 2886 1541 2958 gratia
1586 2886 1777 2943 socios
1876 2890 2214 2962 prehendere
2239 2909 2262 2957 ,·
2294 2907 2423 2944 nam
2444 2892 2503 2943 at
2533 2891 2591 2943 in
2620 2904 2834 2943 summa
2863 2886 3099 2952 dicatur,
3131 2901 3344 2940 omnem
3374 2881 3541 2953 adja-

116 2972 448 3029 deseruerat
487 2975 545 3029 et
576 2971 798 3045 fugerat
829 2989 863 3029 a
893 2973 1287 3047 consortibuS,
1319 2977 1665 3049 egritudine
1693 2977 1780 3033 si-
1880 2988 2085 3036 centem
2127 2980 2254 3035 urbi
2284 2981 2582 3050 reqionern,
2625 2977 2961 3033 locustarum
3005 2990 3157 3031 more
3205 2976 3541 3045 operuerunt

117 3060 365 3118 mulata.
401 3061 641 3118 Factum
672 3067 761 3118 est
789 3062 1008 3134 itaque,
1041 3066 1192 3135 quod
1221 3068 1652 3123 communicato
1673 3068 1772 3123 ad·
1799 3108 1841 3177 c
1880 3086 2073 3126 eorum
2101 3072 2353 3142 aqmina,
2379 3072 2451 3123 ila
2484 3073 2547 3123 ut
2570 3069 2735 3123 etiam
2761 3064 3136 3121 tabernacutis
3164 3065 3419 3119 videatur
3468 3078 3533 3119 o·

112 3152 364 3210 invicem
414 3151 676 3221 consilio,
729 3169 904 3210 naves
952 3155 1234 3212 habentes
1293 3165 1546 3228 paratas,
1605 3173 1766 3214 mare
1876 3175 1971 3215 cus
2000 3160 2202 3214 deesse.
2239 3158 2428 3214 Noster
2468 3160 2647 3212 auam
2692 3155 2946 3226 populus,
2988 3156 3156 3224 fame,
3204 3152 3411 3223 fr2'9070
3455 3153 3533 3206 ‘²'-

110 3241 369 3316 ingressi
405 3246 584 3310 sunt3
637 3243 760 3315 qui,
806 3244 948 3299 dum
994 3243 1337 3317 aliquandiu
1371 3247 1763 3319 navigassent,
1877 3251 1989 3304 naut
2036 3256 2086 3304 et
2115 3257 2271 3317 testu,
2314 3247 2552 3305 caedibus
2601 3250 2650 3301 et
2680 3246 2855 3313 clade,
2904 3247 2986 3299 ita
3016 3241 3388 3299 comminutus
3426 3246 3527 3308 est,

112 3330 522 3402 pervenientes
550 3331 610 3387 in
642 3348 819 3389 unam
849 3350 918 3390 ex
950 3334 1195 3391 urbibus
1229 3336 1558 3405 maritimis,
1592 3336 1764 3392 sicuti
1875 3338 2017 3410 quod
2064 3342 2207 3395 totus
2236 3337 2389 3405 infra
2419 3339 2611 3393 urbem
2649 3351 2707 3391 se
2736 3335 3035 3402 collegerit,
3077 3348 3147 3387 ex
3177 3331 3274 3388 viu
3302 3331 3371 3387 ad
3401 3334 3521 3398 ejus

108 3419 354 3478 solliciti
376 3425 563 3488 erant,
585 3425 648 3476 ut
675 3422 917 3479 ubinam
946 3423 1265 3497 imperator
1289 3434 1439 3483 esset
1459 3426 1766 3498 diligenter

108 3510 556 3583 investigarent,
573 3512 911 3570 didicerunt
928 3529 1032 3587 per
1050 3517 1437 3586 quorumdam
1462 3517 1761 3572 dissonam

104 3599 453 3657 relationem
481 3608 538 3656 et
564 3601 902 3671 veridicam,
933 3604 1089 3675 quod
1123 3605 1438 3675 imperator
1466 3621 1598 3661 cum
1627 3604 1762 3660 infi-

105 3688 255 3746 nitis
301 3688 631 3761 legionibus
659 3694 780 3747 tam
820 3691 1151 3750 Graecorum
1193 3710 1371 3766 quam
1405 3694 1762 3766 Latinorum,

105 3779 263 3851 apud
287 3778 487 3834 urbem
509 3778 820 3836 Finlminis
841 3786 1032 3838 castra
1060 3781 1365 3851 locaverat,
1398 3782 1762 3840 Antiochiam

102 3865 505 3940 proficiscens,
553 3867 718 3940 quasi
760 3871 976 3927 nostris
1033 3871 1366 3928 subsidium
1418 3873 1761 3932 collaturus·

104 3958 282 4015 sicuti
320 3971 391 4013 ex
437 3960 860 4031 compromisso
901 3962 1226 4020 tenebatur.
1267 3963 1536 4035 Exceptis
1567 3969 1761 4022 autem

105 4046 464 4104 exercitibus
492 4063 642 4119 quos
671 4049 796 4121 ipse
824 4066 891 4105 ex
922 4052 1210 4109 universis
1233 4053 1566 4109 nationibus
1586 4053 1760 4110 colle-

105 4144 294 4208 gerat,
317 4136 551 4192 erantei
574 4138 857 4208 adjuncti,
882 4142 1050 4211 quasi
1079 4142 1150 4197 ad
1174 4143 1560 4214 quadraginta
1577 4142 1762 4200 millia

111 4224 481 4291 Latinorum,
512 4227 609 4297 qui
630 4243 665 4284 a
689 4226 1016 4300 legionibus
1046 4247 1174 4302 ques
1197 4236 1627 4303 precesserant,
1659 4237 1763 4288 aut

108 4314 482 4387 paupertatis
511 4330 709 4385 cauea,
742 4322 846 4374 aut
876 4334 984 4376 sua
1014 4335 1372 4392 suorumque
1410 4319 1756 4391 valetudine,

103 4410 212 4458 aut
238 4419 310 4460 ex
339 4404 690 4475 quibusdam
721 4407 852 4464 aliis
883 4409 1226 4482 urgentibus
1263 4411 1481 4478 causis,
1512 4428 1614 4484 per
1644 4416 1761 4469 ter-

1873 3427 2171 3483 tuitionem
2190 3427 2448 3497 sufficere
2474 3440 2625 3496 posse
2651 3426 2924 3480 videatur.
2964 3424 3238 3477 Praeterea
3262 3424 3315 3475 et
3346 3419 3403 3474 it
3429 3434 3520 3475 so-

1872 3517 2023 3586 latii,
2048 3517 2189 3589 quod
2209 3516 2272 3572 de
2300 3530 2467 3585 reqno
2496 3520 2611 3580 tua,
2636 3520 2750 3568 tum
2779 3512 2845 3567 dc
2874 3512 3071 3565 insulis
3100 3526 3269 3579 quam
3298 3510 3362 3564 de
3390 3508 3522 3563 aliis

1872 3608 2105 3664 urbibus
2134 3605 2460 3669 maritimis,
2508 3605 2742 3673 naviyio
2790 3600 2995 3670 inferri
3021 3602 3391 3661 consueverat,
3423 3612 3521 3651 no·

1871 3700 2014 3753 veris
2058 3695 2307 3768 funditus
2352 3709 2463 3749 esse
2490 3693 2799 3762 praecisum.
2848 3689 2985 3743 Nam
3014 3686 3211 3742 emissa
3236 3684 3522 3754 copiarum

1869 3792 2049 3858 parte,
2080 3799 2299 3840 omnem
2318 3781 2464 3837 inter
2494 3777 2845 3834 Antiochiam
2873 3782 2925 3831 et
2946 3789 3097 3829 mare
3119 3775 3418 3843 regionem,
3441 3771 3522 3827 ita

1871 3880 2285 3945 occupaverant,
2327 3880 2387 3927 ut
2413 3870 2582 3925 classe
2620 3866 2838 3937 penitus
2884 3868 3223 3930 consumpta,
3254 3861 3443 3915 nautis
3471 3865 3523 3915 et

1870 3966 2212 4020 institoribus
2238 3961 2436 4030 qladio
2467 3958 2773 4030 peremptis,
2818 3969 3031 4009 omnem
3067 3949 3522 4007 commerciorum

1867 4071 2023 4122 spem
2064 4057 2114 4109 et
2144 4047 2435 4107 obtinendi
2472 4050 2645 4103 victus
2673 4044 2936 4115 fiduciam
2964 4041 3163 4099 nostris
3200 4048 3521 4113 amputave-

1867 4145 2003 4198 rint.
2036 4140 2140 4197 Sed
2167 4155 2268 4195 nec
2295 4138 2599 4193 incivitate
2637 4138 2857 4188 tantum
2884 4131 3271 4186 alimentorum
3311 4127 3521 4183 dicitur

1867 4246 2160 4302 superesse,
2210 4236 2271 4283 ut
2304 4225 2387 4284 vel
2433 4224 2602 4281 unius
2638 4222 2748 4278 diei
2768 4218 3057 4278 subvenire
3083 4220 3248 4290 possit
3282 4218 3521 4273 necessi·

1869 4324 1988 4378 tali.
2020 4320 2099 4376 Ad
2123 4320 2259 4384 haec,
2292 4317 2363 4373 ml
2391 4316 2658 4387 majorem
2684 4327 3069 4370 aerumnarum
3102 4307 3403 4377 cumulum,
3427 4321 3525 4362 nec

1867 4412 1926 4465 in
1944 4410 2079 4465 urbe
2104 4410 2267 4463 etiam
2304 4412 2484 4463 tutum
2517 4404 2716 4459 habent
2744 4400 3022 4472 resuyium
3042 4417 3062 4465 ,·
3082 4416 3213 4454 nam
3250 4397 3526 4452 irruenti-

107 4507 242 4548 ram
292 4492 661 4566 imperatoris
706 4497 964 4556 derelicti
1010 4500 1234 4557 inerant
1260 4517 1274 4570 ;
1324 4517 1479 4558 nunc
1507 4517 1644 4559 vero
1675 4519 1768 4559 re-
1795 4486 1843 4552 D
1875 4498 1971 4554 bus
2000 4500 2070 4554 iis
2100 4496 2200 4569 qui
2222 4513 2319 4567 pcr
2338 4501 2582 4551 castrum
2610 4492 2862 4563 superias
2884 4490 2945 4544 in
2974 4488 3163 4543 urbem
3188 4485 3327 4541 atam
3352 4487 3524 4540 etsie-

107 4582 373 4655 sumptis
399 4583 628 4642 viribus
658 4591 716 4643 et
737 4589 932 4645 animo
955 4591 1025 4647 de
1045 4590 1415 4662 imperatoris
1438 4594 1764 4665 praesentia,

107 4676 166 4728 et
181 4673 314 4743 ejus
335 4672 868 4734 innumerabilibus
890 4680 1096 4751 copiis,
1130 4683 1468 4738 transeundi
1492 4682 1765 4740 fiduciam

109 4760 415 4829 habentes,
466 4764 535 4819 ad
575 4765 678 4821 viee
725 4773 1026 4825 consortes
1086 4776 1202 4826 toto
1254 4772 1486 4844 spiritu,
1534 4777 1767 4845 totaque

109 4854 310 4907 mente
334 4852 611 4909 festinare
628 4858 991 4927 satagebant.
1015 4858 1272 4917 Audiens
1295 4876 1433 4933 ergo
1459 4861 1766 4932 praedictus

112 4954 316 4995 eomes
343 4939 698 5013 Stephanus,
748 4944 907 5016 quod
969 4945 1090 5004 illic
1128 4950 1390 5005 residens
1430 4949 1765 5020 imperator,

106 5029 266 5085 vires
296 5029 547 5100 majores
587 5034 1016 5105 praestolaretur
1062 5042 1118 5093 et
1156 5037 1229 5094 ad
1280 5039 1765 5111 proficiscendum

109 5134 174 5176 se
202 5117 551 5191 accingeret,
586 5130 894 5197 assumpto
924 5141 1057 5183 cum
1090 5126 1183 5183 his
1214 5128 1316 5199 qui
1346 5143 1548 5185 secum
1579 5130 1770 5195 erant,

106 5206 340 5265 itineris
379 5212 744 5282 compendio,
784 5229 992 5272 versus
1042 5215 1414 5288 imperatorie
1452 5215 1771 5274 exercitum

107 5313 250 5354 cum
281 5299 441 5355 omni
472 5301 770 5360 eeleritate
798 5306 1099 5363 contendit
1120 5326 1136 5376 ς
1161 5323 1276 5378 quo
1308 5306 1670 5379 perveniens,
1699 5305 1772 5362 ab

1872 4591 2001 4662 pius
2027 4587 2433 4651 immittuntur,
2456 4583 2518 4639 in
2548 4585 2662 4653 ipso
2691 4577 2932 4635 civitatis
2958 4575 3139 4632 medio
3172 4590 3269 4643 per
3300 4573 3445 4628 vivos
3473 4580 3525 4629 ct

1871 4682 2080 4751 plateas
2109 4675 2424 4745 periculosae
2452 4673 2595 4743 fiunt
2634 4668 3072 4738 congressiones:
3121 4678 3220 4719 nec
3255 4662 3525 4717 minorem

1874 4784 2063 4825 curam
2112 4764 2504 4821 intestinorum
2543 4760 2799 4816 habentes
2841 4754 3176 4825 conflictum,
3229 4767 3392 4821 quam
3434 4767 3523 4805 eo·

1869 4875 1995 4914 rum
2026 4870 2153 4927 quae
2188 4854 2256 4909 ab
2288 4851 2654 4908 exterioribus
2698 4846 3097 4919 inserebantur.
3144 4840 3287 4898 Unde
3316 4856 3436 4907 nos,
3470 4855 3524 4906 et

1871 4949 1968 5019 qui
1997 4946 2090 4999 hic
2136 4941 2416 4999 nobiscum
2439 4944 2568 4995 sunt
2597 4941 2895 5008 praesentes
2930 4932 3205 5004 capitanei
3232 4938 3287 4986 et
3317 4929 3523 4985 nobiles

1871 5037 2006 5105 viri,
2037 5032 2284 5090 videntes
2302 5034 2646 5100 contratrum
2670 5024 2891 5093 nepotia
2914 5037 3022 5078 non
3042 5035 3194 5092 posse
3211 5017 3520 5091 procedere,

1873 5142 1963 5183 eos
1990 5124 2360 5187 convenimus,
2403 5104 2593 5188 sapius
2632 5121 2685 5172 et
2712 5116 2961 5184 fraterne
3003 5114 3303 5175 monentes,
3333 5116 3391 5163 ut
3420 5107 3525 5162 sibi

1876 5214 2226 5271 consulerent
2235 5215 2320 5275 :et
2336 5210 2520 5264 invita
2536 5204 2829 5261 divinitate
2839 5216 2954 5256 rem
2972 5196 3361 5270 impossibilem
3370 5211 3488 5251 com
3500 5224 3521 5237 ·

1872 5302 2216 5377 prehendere
2243 5297 2382 5355 velle
2400 5297 2717 5352 desisterent
2737 5309 2757 5355 ,·
2778 5307 2910 5362 quos
2933 5305 3059 5344 cum
3079 5305 3117 5342 α
3143 5301 3240 5341 suo
3264 5300 3371 5339 non
3396 5300 3516 5355 pas-

109 5387 460 5460 imperatore
505 5388 752 5450 honeste
809 5396 975 5467 satis,
1027 5398 1128 5452 sed
1200 5412 1332 5453 cum
1392 5395 1778 5453 admiratione
1878 5408 2057 5449 semus
2086 5403 2335 5447 revocare
2360 5384 2655 5458 proposito,
2694 5395 2814 5447 nos,
2845 5394 2915 5434 ne
2949 5376 3176 5448 paribus
3207 5371 3526 5472 impruden-

110 5482 398 5550 suceptus
424 5482 554 5550 est;
586 5488 827 5541 noverat
861 5485 1020 5542 enim
1053 5500 1188 5543 eum
1233 5486 1582 5558 imperator3
1614 5489 1672 5541 et
1699 5486 1776 5542 ab
1880 5486 1965 5539 ter
1991 5480 2399 5538 involveremur
2424 5469 2857 5537 calamitatibus,
2882 5470 3083 5524 nostrae
3102 5477 3418 5520 curavimus
3436 5477 3527 5517 sa·

109 5564 282 5627 initio
309 5568 456 5627 dnm
475 5586 608 5629 cam
637 5572 768 5632 aliis
786 5576 1090 5647 transiret,
1121 5577 1248 5650 ejus
1269 5575 1389 5635 sibl
1408 5577 1781 5635 contraxerat
1887 5571 1991 5629 luti
2042 5569 2357 5644 procidere.
2406 5566 2473 5622 Et
2500 5576 2669 5630 nunc,
2696 5562 2747 5617 si
2787 5559 2987 5633 placet,
3016 5559 3067 5613 et
3101 5556 3213 5610 tuis
3240 5553 3322 5609 ita
3350 5549 3527 5608 visum

433 5670 696 5737 Parnoi..
740 5674 887 5739 CCI.

3129 5654 3206 5715 12
