3784 6000
147 270 255 333 m

774 400 1002 460 CAPUT
1039 401 1192 460 xvt.

32 490 61 503 ..
146 511 349 570 uosvis
398 509 731 577 pabulatum
770 509 1016 579 cyrenis,
1073 511 1250 568 hozias
1301 519 1693 572 occurrerunt.-
1740 517 1799 573 itt

208 585 505 652 muniente
556 599 897 637 acerrimus:
951 584 1108 636 multi
1147 600 1217 638 et
1260 592 1489 652 utrovis
1532 591 1778 643 exea-cim

208 660 449 738 mitent,
493 660 616 710 lum
668 659 901 723 conitossi
942 660 1137 724 armis,
1190 665 1308 710 tum
1355 659 1625 715 submersi
1683 661 1795 732 flu·

212 743 388 783 nene.

211 851 467 909 Factum
501 860 585 909 rel
619 857 814 907 sutem
855 851 950 905 die
989 852 1239 921 quadam
1282 854 1435 923 quod
1481 853 1552 911 de
1601 859 1798 913 nostro

147 946 398 999 exercitu
435 941 569 1009 viri,
599 945 717 997 tam
746 956 815 997 ex
850 943 1124 1007 equubua
1155 958 1326 1011 quam
1359 960 1429 999 ex
1478 947 1796 1016 peditibus,

146 1047 391 1087 numero
421 1029 693 1096 trecenti,
718 1036 980 1085 nostrum
1006 1035 1235 1099 pontem
1263 1032 1575 1103 pabulandi
1600 1038 1801 1104 grstia

143 1126 552 1187 transeuntes,
583 1125 880 1190 ceperunt
911 1135 1010 1191 per
1041 1122 1360 1192 regionem,
1394 1137 1549 1177 more
1580 1139 1707 1191 suo,
1733 1128 1798 1180 nt

141 1209 245 1268 sibi
277 1214 624 1281 quarerent
654 1209 1001 1275 necessaris,
1032 1209 1311 1281 dispergi.
1346 1209 1564 1268 Morem
1593 1219 1789 1271 autem

141 1302 376 1362 recent.
411 1305 473 1357 et
503 1315 605 1364 pro
631 1298 1058 1356 consuetudine
1082 1298 1410 1366 induxerat,
1443 1306 1567 1356 tum
1594 1318 1796 1359 neces·

138 1391 280 1447 silae
308 1389 680 1462 importuna,
711 1393 834 1444 tum
857 1388 912 1443 id
947 1387 1121 1444 etiam
1147 1390 1301 1463 quod
1329 1390 1696 1461 frequentius
1718 1390 1790 1447 eb

136 1479 253 1539 illis
284 1478 582 1549 pertibus,
612 1478 750 1535 licet
777 1493 976 1535 secum
1012 1477 1179 1550 plura
1207 1487 1640 1545 comportarent
1680 1496 1796 1536 ne-

137 1569 422 1635 ens-aria.
452 1567 747 1626 redierant
776 1568 1116 1624 indemnes:
1151 1569 1304 1624 unde
1338 1569 1448 1625 sibi
1475 1571 1792 1640 quamdam

135 1661 446 1719 incautam
471 1661 650 1716 nimis
671 1657 1243 1730 pollicebantursecu
1254 1661 1504 1724 ritatem.
1529 1660 1794 1717 abitran-

1074 267 1277 330 ffls'r.
1324 267 1603 334 RERUM
1646 272 2172 340 mammam.
2220 309 2297 325 —
2340 276 2488 339 mn.
2534 274 2636 338 IV.

3441 281 3561 342 3¹8

1828 414 1881 481 Α
1910 419 2011 468 aut
2040 417 2227 470 victus
2250 412 2592 485 quaeritandi
2615 412 2803 484 gratia
2826 412 3057 484 longius
3077 415 3337 488 evegsrl:
3363 430 3469 473 nec
3489 415 3548 474 in

1909 505 2053 567 ipsis
2083 507 2255 562 etiam
2287 505 2490 561 cestris
2523 511 2645 559 tutu
2675 505 2823 560 satis
2856 511 2976 559 erat
3004 522 3183 572 mora,
3210 507 3553 561 timentibus

1909 597 2218 662 universis,
2254 613 2323 652 ne
2345 596 2599 650 hostium
2628 596 2856 667 ingens.
2878 611 3006 666 ques
3028 611 3094 650 ex
3116 596 3256 651 locis
3281 597 3550 667 plurimis

1909 686 2242 752 conuregari
2278 684 2599 748 dicebatur,
2651 701 2826 753 super
2867 701 2965 739 eos
3018 690 3249 752 repente
3305 687 3556 740 irrueret

1912 773 2251 839 mullitud03
2277 777 2355 828 ils
2380 781 2440 828 ut
2467 774 2733 844 prudenti
2759 777 2878 829 viro
2906 774 3111 827 merito
3138 777 3334 845 posset
3356 775 3552 831 venire

1910 865 1967 920 in
2000 866 2357 934 ambiguum,
2403 868 2548 921 utris
2592 865 2777 931 magis
2818 864 3140 921 timendum
3182 872 3360 933 esset,
3405 882 3553 938 quo-

1909 972 2111 1011 rumve
2143 958 2348 1010 melior
2377 960 2528 1009 esset
2574 956 2827 1021 condito,
2879 972 2950 1011 en
3000 955 3419 1019 obsidentium,
3473 971 3548 1011 an

1908 1059 2106 1100 eorum
2140 1045 2242 1116 qui
2271 1044 2612 1100 obsidonem
2649 1044 2761 1111 pati
2800 1045 3163 1099 videbantur.

2498 1149 2729 1206 CAPUT
2759 1149 2943 1207 xvtt.

1903 1240 2247 1302 Consumptis
2284 1241 2605 1299 ‚necessat-iii
2642 1239 2801 1296 coenit
2838 1241 3014 1308 sames
3046 1240 3407 1306 invalescere,
3442 1254 3546 1306 po-

1973 1311 2135 1381 pulus
2166 1314 2353 1373 inopia
2384 1312 2653 1378 laborare,
2680 1314 2995 1379 pluviarum
3016 1314 3344 1384 intemperie
3363 1321 3547 1384 putre·

1974 1383 2097 1454 fieri
2118 1384 2376 1448 tentoria,
2407 1389 2681 1441 exercitus
2707 1383 2973 1454 deperire.

1976 1488 2206 1546 Referre
2236 1506 2407 1546 ossus
2435 1491 2716 1564 singulos,
2749 1488 2846 1561 qui
2879 1490 2935 1545 in
2969 1494 3127 1547 tenta
3170 1490 3450 1549 obsidone
3488 1493 3551 1549 et

1903 1584 2069 1637 tento
2098 1582 2374 1637 continuo
2406 1588 2665 1654 tempore
2698 1598 2799 1652 per
2830 1581 2950 1637 loca
2981 1583 3136 1637 varia
3166 1583 3373 1639 diebus
3403 1598 3549 1654 pene

1903 1669 2154 1739 singulis
2195 1671 2558 1737 accidebant,
2607 1670 2844 1743 longum
2885 1676 3041 1726 esset
3080 1688 3445 1738 enumerare,
3487 1677 3547 1730 et

139 1758 223 1808 ιο·
250 1748 420 1824 qnod
463 1762 533 1806 ee
576 1752 856 1821 perpetuo
902 1749 963 1803 in
1005 1748 1340 1819 hujusmodi
1380 1751 1794 1806 continuarent
1827 1775 1872 1839 Β
1907 1757 2155 1813 historin
2177 1759 2540 1829 compendio,
2564 1761 2718 1833 quod
2737 1760 2999 1816 studiose
3018 1760 3548 1832 quaerimus,vslde

141 1854 478 1905 successus,
515 1853 618 1894 nec
649 1853 712 1893 se
748 1838 902 1894 sicut
932 1837 987 1891 ln
1023 1836 1244 1893 bellicis
1283 1839 1425 1894 solet
1457 1838 1581 1894 fleri
1617 1856 1788 1912 nego·

139 1930 253 1992 tiis.
284 1944 469 1986 cuens
498 1927 738 1984 sinister
774 1926 1184 1997 interponeret.
1215 1927 1371 1992 Quos
1401 1943 1468 1984 ex
1494 1929 1637 1984 urbe
1659 1945 1798 1986 con-

141 2023 401 2087 tuentes,
443 2017 668 2089 egressi
702 2016 759 2072 in
792 2016 1011 2087 anore
1050 2015 1429 2073 multitudine
1468 2017 1644 2086 cives,
1688 2034 1796 2090 por

142 2116 384 2182 pontem
418 2112 799 2163 transeuntes
830 2105 1148 2176 lapideum,
1181 2106 1250 2160 ud
1286 2122 1384 2162 eos
1415 2123 1560 2175 quos
1588 2108 1798 2165 incen-

143 2198 256 2255 tlns
302 2196 763 2256 deambulantes
811 2196 1092 2262 viderant,
1141 2197 1251 2250 sub
1290 2198 1449 2251 omni
1500 2199 1793 2258 celerilnte

141 2288 559 2346 condendum:
593 2286 652 2342 in
684 2301 828 2353 onos
859 2291 1146 2340 irruentes
1177 2285 1385 2350 subito,
1423 2285 1684 2357 pluribus
1723 2308 1788 2347 οι

139 2380 218 2436 eis
255 2379 527 2445 intectis,
560 2378 814 2449 reliquos
846 2378 903 2431 in
945 2377 1140 2448 sugam
1183 2383 1431 2432 vertunt.
1475 2381 1605 2445 Qui,
1650 2381 1790 2439 dum

138 2470 201 2527 ad
237 2476 489 2542 pontem
525 2468 756 2524 nuvium
786 2473 1069 2540 tanquam
1104 2467 1159 2519 in
1194 2471 1385 2522 castre
1417 2483 1479 2522 se
1522 2470 1794 2529 collaturi

136 2562 546 2632 properarent.
595 2559 796 2625 primis
837 2564 1064 2628 pontem
1106 2557 1550 2625 occupantibus,
1593 2558 1792 2629 plures

134 2666 198 2707 ex
222 2650 313 2707 eis
345 2650 505 2704 vado
536 2648 782 2704 trinsire
812 2646 1136 2717 cupientes,
1172 2657 1410 2703 mortem
1447 2648 1791 2705 invenerunt

134 2743 187 2799 in
217 2743 426 2806 undis,
460 2742 521 2796 in
562 2742 777 2815 quibus
804 2739 1244 2793 arbitrabuntur
1289 2739 1474 2804 repire
1503 2741 1779 2795 sulutem.

135 2831 229 2887 Alii
260 2845 517 2905 quoque
541 2827 947 2884 nibiliotninus
978 2827 1050 2883 de
1082 2836 1274 2898 ponte,
1300 2826 1430 2882 licet
1453 2827 1643 2892 inviti,
1667 2834 1786 2881 tur-

136 2921 215 2976 bis
243 2918 710 2990 comprimentis
755 2920 1089 2973 serebantur
1140 2918 1194 2972 in
1240 2917 1464 2972 alveum
1521 2919 1782 2989 precipi-

26 3031 31 3036 ·
132 3018 242 3080 tes:
274 3027 434 3085 quos
464 3026 535 3067 ex
580 3014 741 3081 parte
786 3008 1041 3082 plurima
1078 3026 1368 3082 equarum
1413 3010 1784 3081 opprimebat

132 3102 430 3169 violentia,
463 3107 523 3154 et
554 3099 843 3156 involutos
885 3100 1103 3170 pariter
1148 3100 1404 3154 trahebat
1443 3100 1500 3154 in
1537 3103 1777 3171 profun-

129 3192 286 3262 dum,
325 3188 660 3246 absorbens
700 3189 789 3244 avi
814 3194 887 3252 le,
933 3186 1092 3260 quod
1124 3189 1493 3259 postmodum
1528 3191 1776 3248 reddere

24 3325 29 3332 .
127 3282 476 3355 denegabat.
509 3281 667 3347 Quod
703 3284 1010 3351 postquam
1047 3283 1259 3333 nostris
1308 3280 1582 3343 innotuit,
1632 3297 1775 3337 eon·-

128 3379 435 3429 currentes
468 3370 539 3423 ai
571 3384 735 3425 arma
762 3368 1128 3424 loricatorum
1162 3368 1384 3439 aliquot
1417 3370 1620 3431 millis.
1664 3369 1775 3427 nu-

22 3491 27 3504 ·
129 3461 276 3518 mine
329 3458 701 3524 transmisso,
766 3458 961 3513 hostes
1008 3474 1041 3513 a
1102 3465 1434 3514 nostrorum
1499 3461 1773 3518 reduntes

20 3571 27 3604 ;
123 3552 291 3621 cede,
310 3556 376 3606 et
395 3550 473 3605 de
494 3548 696 3616 spoliis
721 3549 1076 3605 exsultantes
1104 3547 1323 3604 babent
1345 3548 1601 3606 obviam:
1625 3567 1774 3623 quos

18 3673 25 3700 l
122 3659 301 3714 usque
344 3643 423 3698 ed
461 3646 694 3714 pontem
727 3640 997 3697 civitatis.
1034 3641 1380 3708 gravissiam
1414 3642 1473 3697 in
1506 3641 1592 3698 eis
1625 3648 1772 3698 stra-

119 3749 242 3806 gem
289 3735 633 3801 operantes,
665 3731 848 3786 multa
889 3729 1170 3798 prosecuti
1203 3734 1341 3786 sunt
1373 3731 1666 3787 instantia.
1696 3735 1772 3789 At

121 3837 249 3878 vero
280 3822 449 3877 cives
478 3818 740 3875 videntes
768 3835 1011 3875 suorum
1055 3824 1306 3890 stragem
1338 3824 1395 3875 et
1421 3819 1681 3888 vulnera,
1713 3827 1772 3880 et

121 3908 537 3968 deficientibus
566 3908 1004 3979 compatientes,
1038 3915 1292 3964 reserata
1325 3923 1486 3980 ports
1517 3910 1575 3965 in
1609 3912 1768 3981 gravi

122 3997 507 4057 multitudiue
552 4003 612 4056 et
661 3998 906 4054 audacia
961 3998 1132 4053 solito
1177 3998 1480 4069 ampliore,
1532 4004 1765 4071 pontem

119 4096 459 4147 transeunte
486 4087 805 4160 lapideum3
839 4094 918 4156 et,
950 4095 1013 4142 ut
1043 4088 1168 4143 suis
1202 4090 1598 4143 necessarium
1635 4106 1768 4157 pro-

117 4182 396 4236 curarent
422 4176 732 4244 auxilium,
762 4177 820 4232 in
856 4188 1083 4233 nostros
1107 4178 1394 4233 irruentes
1417 4178 1762 4247 animosius,

118 4272 373 4341 primum
427 4268 614 4323 valide
663 4268 1022 4336 resiste-ntes,
1069 4269 1308 4323 demum
1361 4267 1413 4322 vi
1453 4285 1764 4339 obpressos

14 4425 17 4438 Ι
116 4358 542 4419 multitudinis,
572 4356 631 4412 in
654 4357 845 4424 rugam
871 4362 1122 4422 vertunt,
1146 4367 1199 4412 et
1224 4373 1405 4430 usque
1429 4359 1497 4413 ad
1527 4371 1763 4431 pontem

113 4457 454 4507 contextum
488 4448 736 4505 navibus
770 4448 1035 4520 persequi
1072 4465 1182 4503 non
1217 4449 1536 4505 desistunt:
1564 4450 1622 4505 in
1647 4466 1764 4521 quo

1903 1847 2248 1904 contrarium
2273 1864 2288 1904 ε
2331 1849 2505 1916 unde,
2558 1849 2794 1905 omissis
2842 1850 3203 1920 specialibus.
3256 1848 3547 1922 generalis

1905 1951 2345 2008 prosequamur.
2379 1937 2534 1993 lnter
2555 1937 2659 1993 hos
2690 1938 2872 2010 igitur
2899 1938 3123 1993 assidui
3155 1938 3349 1993 Martis
3379 1953 3543 1993 even·

1902 2030 1998 2083 tus
2026 2029 2233 2096 verius,
2266 2043 2399 2083 cum
2426 2028 2551 2098 jem
2585 2029 2751 2102 quisi
2772 2030 2828 2083 in
2853 2044 3115 2084 mensem
3140 2030 3379 2084 tertium
3409 2043 3542 2100 pro·

1903 2120 2088 2173 tracta
2108 2122 2261 2172 esset
2281 2117 2528 2183 obsidio,
2552 2119 2723 2188 coepit
2750 2118 2804 2172 in
2833 2119 3040 2173 castris
3058 2119 3252 2173 victus
3269 2117 3539 2188 deficere,

1902 2212 1959 2263 et
1984 2223 2095 2277 prae
2117 2205 2528 2262 alimentorum
2555 2208 2750 2278 inopia
2769 2207 3059 2265 exercilus
3081 2207 3368 2264 laborare.
3395 2207 3544 2263 Cum

1902 2296 2058 2353 enim
2081 2298 2154 2352 ub
2180 2298 2346 2352 initio
2380 2299 2692 2353 maximam
2728 2314 2921 2353 rerum
2957 2299 3419 2353 necessariarum
3446 2299 3541 2354 lie·

1901 2387 2170 2443 buissent
2197 2386 2576 2456 opulentiam,
2608 2395 2665 2442 et
2693 2388 2858 2459 equis
2884 2404 3082 2444 eorum
3118 2405 3231 2443 uon
3263 2389 3542 2447 deessent

1902 2475 2132 2548 pabule,
2158 2492 2313 2531 more
2337 2477 2795 2547 imprudentiu-ii
2822 2477 3082 2532 arbitrati
3106 2485 3268 2544 sunt,
3293 2476 3450 2548 quod
3478 2492 3543 2532 se

1899 2569 1958 2623 in
1989 2570 2188 2623 eodem
2221 2575 2373 2623 statu
2406 2569 2685 2624 deberent
2713 2575 3055 2622 continuare
3079 2573 3362 2639 tempora,
3388 2565 3540 2624 nibil

1898 2657 2009 2712 sibl
2066 2655 2340 2713 facientes
2398 2658 2725 2729 reliquum3
2767 2658 2867 2713 sed
2909 2673 3187 2713 concessa
3226 2661 3539 2714 abutentes

1898 2747 2178 2807 ubertule.
2199 2747 2349 2801 infra
2376 2762 2589 2816 paucos
2619 2748 2745 2802 dies
2776 2763 2907 2818 quoe
2928 2748 2997 2801 ad
3029 2751 3245 2802 multos
3266 2747 3538 2803 sufficere

1895 2843 2186 2906 poterunt,
2225 2837 2274 2891 ei
2307 2853 2561 2907 congruo
2591 2837 3075 2907 dispensarentur
3108 2836 3533 2903 molon-amine,

1892 2925 2274 2997 pruilgabunt
2313 2925 2602 2983 victualia.
2648 2925 2769 2980 Non
2804 2933 2930 2980 erut
2964 2928 3019 2980 in
3053 2927 3264 2980 castris
3297 2928 3532 2995 modus,

1892 3032 1995 3071 nec
2010 3018 2366 3084 prudentibus
2381 3020 2560 3071 amica
2577 3019 2952 3084 parcimonia,-
2974 3018 3071 3071 sed
3096 3018 3313 3086 ubique
3329 3014 3530 3080 luxus,

1890 3106 2103 3174 ubique
2124 3104 2524 3174 superfluitas:
2554 3121 2655 3159 nec
2687 3104 2876 3159 solum
2903 3105 2959 3157 in
2984 3105 3075 3158 bis
3098 3120 3227 3174 quse
3249 3106 3318 3159 nd
3349 3103 3539 3160 bomi-

1889 3210 2025 3248 num
2062 3194 2429 3265 perlinebant
2459 3193 2819 3254 alimoniam.
2852 3211 3051 3249 verum
3078 3205 3135 3249 et
3182 3193 3238 3248 in
3279 3194 3541 3264 cibisju·

1888 3289 2240 3350 mentorum,
2271 3294 2323 3338 et
2357 3284 2416 3338 in
2446 3300 2728 3355 equorum
2774 3285 3025 3355 pabulis,
3058 3286 3251 3340 omnis
3290 3284 3533 3341 omnino

1886 3372 2094 3426 modus
2135 3373 2447 3429 defecerat:
2484 3377 2633 3428 unde
2667 3375 2884 3429 factum
2914 3383 3004 3429 est
3036 3380 3098 3428 ut
3138 3373 3422 3429 exercitus
3456 3372 3527 3430 ad

1882 3462 3531 3534 tantamredigereturinopiamquo·l.l'ameinvalescente,

1884 3566 2029 3621 pene
2046 3553 3528 3625 populnsdeperiretunivsrsus.Colligebanturergo

1882 3641 2244 3707 adinvicem,
2272 3642 2525 3712 probitis
2548 3643 2699 3695 inter
2716 3657 2777 3696 se
2791 3642 3144 3707 juramentis
3162 3641 3318 3712 quod
3340 3645 3528 3710 aequis

1882 3731 2245 3801 portionibus
2276 3736 2331 3784 et
2373 3733 2523 3785 bona
2554 3728 2687 3795 ndo,
2720 3738 2930 3786 cuncta
2968 3746 3091 3798 quae
3141 3729 3303 3783 lucro
3350 3729 3529 3785 oede-

1881 3825 2029 3888 rent,
2062 3819 2488 3876 dividerentur:
2522 3824 2910 3876 trecentorum
2941 3826 3043 3874 aut
3073 3819 3523 3891 quadringento-

1878 3924 2006 3963 rum
2030 3907 2207 3965 simul
2229 3910 2678 3979 egrediebantur
2699 3911 2952 3977 agmina,
2977 3911 3308 3963 universum
3337 3906 3527 3977 perlu-

1876 3998 2124 4053 strantia
2150 3998 2464 4069 regionem.
2493 4010 2548 4053 ut
2570 3998 2678 4052 sibi
2705 4000 2912 4053 victum
2934 4014 3282 4070 quacunque
3305 4001 3525 4054 ratione

1878 4093 2273 4159 procurarent.
2295 4089 2488 4143 littule
2508 4090 2872 4159 propositum
2908 4089 3285 4149 babentes,in
3318 4090 3522 4161 princi·

1877 4180 1991 4251 piu,
2025 4184 2338 4251 antequam
2362 4183 2516 4234 cives
2547 4180 2617 4233 ad
2640 4196 2738 4236 eos
2761 4181 2955 4252 egredi
2980 4189 3034 4235 et
3061 4178 3303 4235 insidias
3328 4180 3521 4237 moliri

1875 4267 2333 4336 consuevissent,
2353 4269 2612 4339 dumque
2630 4269 2967 4325 suburbana
2988 4268 3391 4343 longelnteque
3409 4287 3523 4333 itre-

1875 4361 2045 4429 gtbus
2071 4362 2129 4413 et
2150 4358 2452 4424 armentis,
2480 4364 2793 4430 lrumento,
2816 4364 2972 4427 vinu,
2998 4366 3059 4416 et
3083 4361 3214 4416 aliis
3238 4363 3526 4418 rebunda-

1873 4453 2004 4502 rent
2030 4449 2349 4513 alimentis,
2373 4465 2506 4504 cum
2533 4451 2717 4505 inulta
2743 4453 2954 4520 pendo,
2977 4458 3033 4504 et
3058 4451 3362 4506 urtieribus
3386 4466 3517 4520 spo·

112 4540 258 4598 iacto
294 4537 558 4612 plurimi,
601 4554 671 4595 ex
719 4539 937 4593 nostris
978 4538 1266 4607 pelitibus
1306 4538 1501 4610 gladio
1532 4541 1763 4595 cecide-
1795 4533 1842 4596 l)
1872 4536 1988 4600 liis.
2019 4544 2076 4593 et
2105 4539 2258 4594 victu
2293 4540 2547 4610 plurimo
2581 4541 3019 4593 revertebantur
3052 4540 3207 4593 unde
3240 4538 3517 4610 prandiola

111 4638 264 4699 runt,
291 4628 570 4701 pluribus
589 4628 765 4685 etiam
790 4628 1109 4687 submersis
1130 4627 1189 4684 in
1215 4627 1475 4684 flumine.
1505 4628 1582 4685 De
1601 4629 1758 4701 equi·

112 4719 255 4776 libus
300 4735 462 4788 vero,
511 4718 655 4775 dnm
694 4734 870 4790 super
910 4724 1097 4789 poten
1141 4718 1356 4775 arctius
1385 4734 1447 4775 se
1492 4720 1758 4789 compri-

109 4816 293 4879 munt,
326 4806 535 4866 hostes
564 4808 839 4880 rugiendo
860 4808 1232 4874 insectantes,
1265 4808 1336 4863 de
1361 4814 1532 4877 ponte
1561 4808 1619 4865 in
1642 4807 1760 4867 ssu-

106 4897 263 4956 vium
292 4897 421 4954 dati
457 4898 800 4970 precipites,
833 4911 967 4953 cum
999 4898 1194 4970 equis,
1228 4897 1444 4965 loricis,
1480 4900 1666 4970 galeis
1697 4904 1758 4956 et

105 4986 325 5062 clypeis
336 4984 648 5058 postmodu
659 5002 710 5040 m
724 5001 852 5043 com
863 5000 1060 5055 parere
1072 4985 1386 5051 desierunt,
1403 4985 1689 5043 fluentoru
1700 5003 1756 5046 m

106 5077 386 5150 voragine
419 5074 722 5146 prefocati.
761 5074 855 5131 Sic
884 5091 1022 5147 ergo
1053 5078 1253 5130 noster
1298 5076 1588 5132 exercitus
1635 5093 1753 5135 non

107 5164 385 5224 leviorem
416 5180 594 5238 quam
622 5163 724 5238 qui
755 5164 815 5221 ln
845 5164 989 5220 urbe
1025 5174 1208 5232 erant,
1243 5164 1569 5235 patiebatur
1596 5166 1757 5222 obsi-

108 5257 375 5314 dionem:
429 5271 567 5313 nam
611 5254 1018 5311 cobibentibus
1047 5262 1291 5310 eostam
1325 5252 1572 5322 civibus,
1604 5270 1754 5326 quos

105 5345 300 5406 ludere
317 5364 432 5404 nou
455 5352 685 5421 poterat
708 5352 1034 5402 nostrorum
1059 5347 1269 5412 exitus,
1288 5361 1461 5416 «luam
1481 5345 1749 5405 hostibus

106 5436 315 5495 asteris
343 5438 445 5509 qni
479 5438 538 5501 in
569 5434 736 5492 silvis
764 5442 823 5492 et
849 5437 1143 5494 montibus
1173 5435 1609 5503 delitescebant,
1642 5452 1749 5494 no-

106 5527 239 5588 stris
276 5526 525 5587 insidias
570 5530 882 5597 protentos
909 5526 1067 5582 etde
1113 5525 1329 5583 nostris
1377 5527 1743 5601 triurnphan-

108 5617 188 5676 tes
214 5614 459 5691 σοφίαι,
489 5631 609 5677 noa
638 5619 806 5676 erant
833 5614 962 5675 anei
993 5622 1155 5675 extra
1184 5619 1372 5675 eastra
1406 5618 1739 5691 procedere,

1867 4625 1928 4681 in
1961 4629 2170 4683 castris
2203 4629 2383 4683 fuerat
2415 4628 2733 4697 opulentia.
2770 4635 2845 4682 At
2874 4644 3028 4685 nunc
3048 4628 3347 4685 exhaustis
3372 4627 3514 4685 locis

1865 4717 2270 4786 conterminio,
2301 4724 2359 4774 et
2389 4718 2613 4783 'rut-cis,
2645 4718 2743 4791 qui
2779 4720 2937 4784 prius
2971 4718 3175 4772 timore
3204 4718 3512 4771 contabue-

1866 4814 2018 4872 rant,
2043 4824 2175 4865 resu
2193 4810 2357 4875 nptis
2378 4811 2622 4876 viribus,
2648 4816 2704 4863 et
2725 4808 3095 4864 animo-itate
3122 4812 3375 4876 recepta,
3400 4823 3510 4864 sua

1864 4897 2470 4967 locadefsndentibus,
2489 4904 2593 4954 eut
2611 4899 2775 4954 vacui
2796 4897 3026 4969 pertitus
3047 4896 3517 4967 revertebantur3

1865 4991 1989 5055 aut,
2011 4989 2162 5059 quod
2181 4988 2394 5057 saepius
2411 4989 2804 5058 contingebat,
2824 4986 3194 5058 interemptis
3211 4988 3512 5059 omnibus,

1865 5093 1983 5133 non
2033 5092 2331 5147 superet-n,
2383 5076 2483 5147 qui
2527 5078 2612 5132 vel
2663 5077 2734 5134 de
2781 5094 2983 5134 eorum
3033 5078 3269 5134 interitu
3320 5085 3516 5135 castra

1862 5166 2226 5223 certificaret.
2279 5166 2666 5223 invalescebat
2705 5167 2889 5239 igitur
2933 5185 3032 5240 per
3077 5167 3338 5229 singulos
3389 5165 3518 5224 dies

1864 5257 2049 5314 fames
2078 5256 2375 5325 etinedia;
2409 5257 2489 5313 ite
2521 5262 2583 5312 ut
2611 5260 2703 5314 vix
2737 5274 2837 5326 pro
2877 5260 3104 5313 «luobus
3133 5256 3358 5321 solidis,
3406 5255 3504 5328 qui

1860 5347 1958 5402 uni
2002 5362 2259 5417 personas
2291 5363 2351 5402 se
2378 5344 2466 5402 nel
2501 5346 2559 5402 in
2593 5345 2686 5400 die
2716 5354 2945 5416 sumpto
2976 5348 3125 5414 cibo,
3167 5344 3491 5415 sufficeret,

1859 5436 2026 5508 panis
2060 5434 2431 5491 inveniretur.
2472 5439 2578 5491 Bos
2618 5434 2705 5491 vel
2742 5437 3010 5502 juvenci,
3044 5449 3170 5506 quus
3211 5436 3286 5491 ab
3331 5435 3502 5492 initio

1855 5524 2618 5603 quinquednbatursolidis,
2637 5527 2863 5582 duabus
2882 5526 3094 5582 mercis
3110 5525 3501 5595 ven-lebaturg

1855 5632 2043 5691 sgnu-
2074 5616 2165 5675 vel
2194 5616 2487 5689 baidulus,
2526 5617 2628 5691 qni
2659 5632 2762 5689 pro
2792 5616 2977 5673 tribus
2996 5621 3098 5675 ant
3121 5616 3492 5690 quatuorde-
