3784 6000
251 195 391 257 ¹³³¹

1676 187 1873 247 Lucu
1911 184 1989 243 111
2027 181 2231 261 rarle

3569 176 3696 237 1332

246 318 726 381 confirmationis
785 318 1127 391 infringere,
1169 319 1261 376 vel
1304 318 1358 377 ei
1386 334 1543 376 ausu
1587 314 1903 374 temerario
1935 312 1986 387 Α,
2016 307 2174 364 tione
2186 304 2356 363 nullu
2375 322 2433 361 m
2455 304 2765 378 proprium
2782 303 3104 361 antistitem
3125 299 3544 373 dispendium
3561 300 3702 359 time·

243 408 562 468 contraire.
597 409 655 467 Si
689 408 826 482 quis
853 413 1056 467 autem
1085 412 1196 466 etc.

322 502 539 559 Datum
564 500 777 556 Veron.
804 497 947 554 Idus
978 497 1353 555 Novembris.

878 686 1071 744 ANNO
1116 684 1271 743 1185.

967 890 1188 950 CCXIII.

248 980 572 1046 Batauino,
616 980 1063 1050 archiepiscopo
1106 981 1533 1037 Cautum-iensi
1568 983 1907 1047 susceptum

318 1068 539 1111 mmm
579 1054 956 1124 modulatur,
981 1052 1356 1125 palliumque
1381 1067 1492 1123 per
1533 1051 1907 1108 Transmari-

319 1124 487 1191 dum,
509 1123 813 1181 notarium
836 1140 1033 1191 suum,
1057 1124 1264 1180 mittit.

460 1212 759 1288 [Wrsnzn
808 1214 882 1269 Η.
930 1214 1003 1270 Α.
1047 1213 1350 1284 Scripe.,t.
1380 1214 1420 1280 Ι,
1453 1227 1512 1284 p.
1543 1211 1690 1283 627.]

320 1304 554 1370 Quanto
594 1303 670 1360 de
696 1317 955 1376 persona
1000 1308 1103 1359 tua
1142 1300 1465 1360 laudabilis
1507 1298 1906 1359 conversatio-

248 1390 343 1449 nis
379 1390 531 1448 odor
565 1395 623 1448 et
650 1390 919 1465 probatae
948 1390 1273 1449 honestatis
1303 1390 1506 1462 opinio
1536 1387 1906 1461 jamdudum

248 1478 329 1537 ad
352 1483 626 1536 nostram
657 1478 927 1536 notitiam
949 1477 1180 1552 plenius
1204 1482 1580 1543 emanarunt,
1614 1482 1777 1534 tanto
1791 1490 1905 1533 nos

248 1572 309 1626 et
335 1568 546 1626 fratres
569 1568 755 1625 nostri
792 1568 1009 1639 majori
1059 1568 1280 1639 gaudio
1307 1567 1680 1624 exsultamus
1706 1566 1764 1621 in
1795 1566 1907 1621 Do-

2012 397 2427 467 reoporteatin
2437 395 2651 460 vitare;
2671 390 2772 466 qui
2796 392 3156 449 auctoritate
3184 396 3414 447 nostra
3434 390 3608 465 quod
3623 406 3706 463 po-

2014 484 2369 543 stulaveritis
2417 483 2725 553 largiatur.
2778 480 2936 540 Nulli
2987 486 3045 537 et
3080 479 3422 537 bominum
3471 479 3706 537 omnino

2014 574 2354 632 liceathanc
2370 573 2654 644 paginam
2676 577 2899 628 nostra!
2929 568 3704 641 concessionisinfringere,

2016 663 2110 720 vel
2137 663 2190 720 ei
2220 678 2374 719 ausu
2399 660 2715 720 temerario
2741 660 3057 717 contraire.
3105 660 3166 717 Si
3195 657 3350 733 quis
3372 664 3594 715 autem
3613 657 3706 717 boe

2018 756 2307 811 attentare
2322 751 2789 824 praesumpserit‚
2805 746 3296 821 indignationem
3330 746 3704 821 omnipoten-

2017 841 2093 901 tis
2121 840 2220 899 Dei
2250 845 2307 899 et
2328 840 2645 898 beatorum
2664 836 2887 896 Petriet
2917 838 3080 896 Pauli
3109 836 3562 911 apostolorum
3597 836 3704 911 ejus

2015 929 2361 1002 cognoverit
2399 930 2808 986 incursurum.

2087 1019 2305 1077 Datum
2339 1018 2608 1085 Veronae,
2639 1034 2689 1072 vi
2718 1016 2857 1073 idus
2880 1014 3172 1073 Ianuarii.

2122 1214 2510 1285 Privileqium
2540 1228 2653 1285 pro
2686 1211 3046 1270 monasterio
3087 1209 3313 1269 Sancti
3345 1208 3615 1269 Gislem'.

2538 1302 2829 1374 (Veronae,
2859 1301 2990 1358 Jan.
3035 1302 3155 1372 12.)

2228 1393 2650 1466 [Burrenum
2693 1389 3089 1456 Monuments‚
3133 1388 3284 1455 vul,
3333 1386 3506 1463 39⁶]

2085 1483 2286 1539 Luctus
2332 1480 2677 1555 episcopus,
2709 1494 2912 1537 servus
2951 1493 3269 1535 servorum
3311 1476 3448 1545 Dei,
3484 1475 3700 1533 dilectis

2015 1570 2152 1627 filiis
2179 1570 2506 1636 Lusum-o,
2558 1568 2762 1627 abbati
2812 1566 3162 1624 monasterii
3198 1566 3418 1624 Sancti
3467 1564 3698 1631 Gisleni,

252 1656 419 1717 mino
459 1660 515 1715 et
552 1656 951 1729 omnipotenti
997 1656 1117 1713 Deo
1161 1658 1488 1728 gratiarum
1529 1656 1905 1714 exsolvimus
1943 1688 1984 1742 Β
2015 1662 2269 1733 ejusque
2284 1658 2568 1718 fratribus
2588 1663 2711 1715 tam
2729 1655 3130 1731 praesentibus
3155 1670 3363 1729 quam
3383 1654 3702 1713 futui-isre-

250 1746 517 1806 actiones
545 1745 709 1819 quod
738 1746 1229 1803 cantuariensem
1249 1746 1570 1804 ecclesiam
1599 1745 1773 1801 solita
1800 1744 1908 1802 mi·
2013 1749 2285 1823 gularem
2314 1748 2499 1807 vitam
2530 1746 2834 1820 professis,
2861 1744 2922 1802 in
2959 1749 3358 1819 perpetuum.

250 1834 543 1895 seratione
565 1834 909 1906 respiciens,
940 1838 997 1891 te
1026 1833 1105 1891 ad
1127 1836 1393 1905 regimen
1425 1834 1615 1907 ipsius
1646 1835 1904 1903 vocavit.

250 1927 313 1984 ut
357 1923 463 1996 qui
514 1923 575 1979 in
606 1921 878 1997 pluribus
927 1923 1218 1996 probatus
1270 1922 1470 1980 fueras
1502 1928 1558 1979 et
1588 1923 1780 1979 tidelis
1817 1923 1906 1980 in-

248 2016 481 2078 ventus,
512 2011 800 2069 invitante
838 2011 1090 2069 Domino
1119 2011 1197 2068 ad
1231 2011 1443 2069 altiora
1467 2011 1902 2079 conscendens,

246 2101 655 2162 odoramentis
708 2100 997 2157 virtutum
1049 2104 1286 2157 tuarum
1334 2100 1533 2173 plures
1562 2100 1794 2158 reficias
1823 2101 1903 2159 ad

247 2189 503 2249 salutem
545 2192 602 2246 et
631 2188 1121 2246 commendanda
1167 2196 1468 2261 operatua
1496 2207 1568 2246 eo
1584 2189 1904 2261 pretiosius

246 2279 595 2342 enitescant,
634 2292 744 2352 pro
787 2277 1264 2335 excellentiorem
1316 2280 1515 2335 locum
1572 2277 1906 2335 obtinueris

245 2367 570 2440 dignitatis.
601 2366 915 2425 Credimus
960 2366 1120 2424 enim
1171 2367 1396 2425 factum
1420 2384 1557 2424 esse
1584 2384 1622 2425 a
1644 2368 1901 2426 Domino

247 2462 304 2516 et
338 2461 427 2514 est
457 2456 824 2529 acceptabile
867 2457 928 2513 in
957 2455 1146 2513 oculis
1195 2455 1431 2524 nostris,
1464 2457 1631 2531 quod
1660 2462 1902 2515 cuncto-

243 2560 381 2603 rum
419 2550 560 2603 vota
606 2546 667 2602 in
715 2545 1068 2605 electionem
1094 2549 1261 2604 tuam
1299 2546 1584 2603 divinitus
1608 2546 1904 2620 inspirata

246 2637 682 2692 consenserunt
727 2639 782 2691 et
824 2639 880 2691 te
919 2635 1088 2707 apice
1111 2634 1418 2705 dignitatis
1450 2635 1528 2691 ad
1554 2651 1742 2707 quam
1773 2639 1903 2692 tan-

244 2739 430 2800 quam
461 2726 660 2781 Aaron
700 2739 738 2780 a
777 2725 896 2781 Deo
924 2739 988 2779 es
1014 2726 1280 2789 vocatus,
1317 2739 1436 2779 uno
1461 2739 1563 2780 ore
1590 2729 1648 2780 et
1691 2740 1903 2782 conso-

241 2813 337 2871 nis
358 2812 610 2871 vocibus
634 2812 1063 2885 dignissimum
1090 2817 1509 2885 protestantur.
1556 2811 1698 2869 Inde
1720 2812 1903 2886 siqui-

244 2901 383 2960 dem
436 2902 544 2960 fuit
588 2901 754 2976 quod
812 2902 1055 2959 nuntios
1103 2901 1461 2959 excellentie
1486 2901 1663 2972 regioe
1691 2905 1901 2959 ettam

243 2991 760 3066 suffraganeorum
807 3008 994 3066 quam
1053 2990 1292 3064 capituli
1348 2990 1613 3048 ecclesias
1647 2991 1902 3048 Cantua·

238 3080 452 3138 riensis
484 3082 664 3146 viros,
699 3081 902 3153 utique
934 3080 1218 3154 providos
1250 3084 1307 3136 et
1358 3080 1669 3151 discretos,
1722 3079 1903 3137 alacri
1937 3058 1979 3117 C

240 3173 442 3226 mente
465 3173 524 3227 et
545 3169 748 3226 debita
779 3169 1175 3240 benignitates
1213 3169 1556 3240 uscepimus
1580 3173 1637 3224 et
1664 3169 1901 3226 electio·

240 3273 383 3316 nem
425 3262 590 3316 tuam
633 3273 819 3332 quam
851 3273 922 3314 ex
951 3258 1159 3314 litteris
1185 3273 1343 3331 quas
1372 3263 1681 3329 gestarunt
1722 3262 1781 3314 et
1810 3274 1898 3315 re-

238 3345 463 3406 latione
478 3348 725 3419 propria
742 3347 1101 3405 canonicam
1119 3364 1251 3403 esse
1276 3346 1673 3418 cognovimus
1688 3363 1759 3403 ac
1783 3349 1902 3404 Deo

240 3440 300 3494 et
351 3436 698 3493 bominibus
748 3436 1173 3508 approbatam,
1222 3436 1429 3493 habita
1472 3435 1902 3493 deliberatione

238 3541 380 3584 cum
421 3524 704 3584 tratribus
744 3525 967 3582 nostris
1015 3527 1131 3582 sub
1178 3541 1448 3595 congrua
1494 3525 1787 3582 celeritate
1843 3529 1902 3583 et

239 3614 433 3688 gratia
475 3614 820 3673 curavimus
872 3615 1251 3672 confirmare.
1303 3613 1553 3671 Pallium
1612 3620 1903 3686 praeterea

238 3702 673 3779 plenitudinem
721 3703 1076 3778 pontificalis
1122 3704 1301 3761 officii
1353 3702 1706 3761 fraternitati
1783 3708 1900 3760 tum

238 3794 669 3860 concessimus,
700 3798 756 3851 et
781 3794 980 3866 ipsum
1013 3810 1118 3866 per
1148 3793 1432 3851 dilectum
1465 3793 1654 3850 filium
1684 3793 1901 3850 Trans·-

237 3881 538 3944 mundum
579 3882 883 3942 notarium
912 3888 971 3940 et
998 3882 1355 3940 familiarem
1387 3887 1659 3939 nostrum
1701 3887 1759 3938 et
1782 3881 1899 3938 sub

240 3972 353 4031 alis
395 3972 614 4030 nostris
659 3972 738 4032 ab
782 3973 1032 4046 antiquo
1074 3973 1357 4029 nutritum
1393 3971 1683 4029 duximus
1706 3976 1900 4028 trans-

241 4061 628 4122 mittendum.

967 4170 1185 4226 CCXIV.

241 4256 633 4329 Priviteoium
650 4257 844 4328 priori
865 4258 1280 4315 carthusiensi
1296 4262 1352 4314 et
1368 4256 1639 4314 omnibus
1668 4257 1898 4315 ordinis

718 4328 1024 4400 fratribus
1054 4344 1416 4386 eoncessum.

774 4417 1064 4489 (veronae,
1107 4416 1239 4473 Jan.
1284 4417 1365 4487 8.)

479 4503 837 4579 [Privileqia
870 4504 1002 4563 ord.
1043 4505 1347 4572 Gor-thus..
1381 4505 1481 4564 fol.
1515 4508 1579 4560 21>
1608 4507 1649 4580 .]

311 4596 510 4654 Luctus
546 4596 887 4669 epiwopus,
932 4611 1145 4653 servus
1171 4611 1481 4653 servorum
1513 4595 1640 4662 Dei,
1666 4595 1897 4653 dilectis

237 4681 374 4743 filiis
394 4684 581 4757 priori
610 4685 1011 4745 carthusiensi
1039 4692 1095 4742 et
1119 4686 1405 4742 omnibus
1434 4684 1715 4741 fratribus
1734 4685 1786 4755 ej
1796 4700 1893 4740 us-

234 4769 618 4832 demordinis
628 4774 885 4833 salutem
905 4782 962 4831 et
978 4774 1371 4846 apostolicam
1394 4773 1890 4830 benedictionem.

307 4863 542 4931 Quanto
569 4863 893 4923 ferventius
924 4863 1305 4922 observantia
1344 4862 1602 4933 regulari
1644 4861 1895 4920 faciente

236 4951 491 5012 Domino
504 4952 818 5019 insudatis,
839 4957 1002 5011 tanto
1022 4952 1309 5010 sincerius
1332 4952 1777 5009 universitatem
1795 4966 1893 5007 ve-

232 5046 420 5102 stram
436 5042 750 5115 diligimus
772 5047 830 5099 et
852 5042 1042 5115 quieti
1057 5047 1264 5100 vestrm
1295 5043 1572 5099 attentius
1598 5040 1892 5098 debemus

230 5131 583 5194 etvolumus
601 5131 935 5205 providere.
962 5134 1288 5204 Eapropter
1306 5132 1510 5188 vestris
1539 5129 1890 5203 postulatio·

230 5223 774 5290 nibusannuentes‚
795 5221 1146 5280 auctoritate
1174 5221 1342 5279 vobis
1355 5218 1892 5294 apostolicaindul-

230 5325 445 5382 munus
464 5317 527 5372 ut
546 5312 595 5369 si
612 5316 879 5384 tempore
904 5310 1375 5377 ordinationum,
1400 5311 1745 5368 dioecesano
1766 5310 1893 5383 epi-

230 5412 421 5473 nepo
464 5401 774 5474 requisito.
831 5400 966 5475 ejus
1010 5399 1237 5460 habere
1264 5399 1502 5473 copiam
1549 5399 1888 5473 nequiveri-

232 5483 531 5554 mussi
555 5487 941 5552 sebbelium
964 5487 1331 5552 utbolieum
1354 5489 1625 5566 desujus
1649 5487 1889 5550 ordina-

2086 1837 2374 1896 Effectum
2401 1836 2567 1911 justa
2597 1833 3043 1910 postulantibus
3082 1832 3418 1905 indulgere
3459 1839 3520 1891 et
3551 1833 3702 1905 vigor

2014 1926 2314 2007 aequitatis
2358 1930 2417 1984 et
2459 1924 2610 1982 ordo
2652 1924 2833 1995 exigit
2878 1922 3150 1989 rationis,
3184 1922 3543 1997 praesertim
3567 1938 3694 1981 cum

2013 2016 2342 2089 petentium
2388 2012 2724 2071 voluntates
2756 2018 2813 2069 et
2860 2012 3049 2085 pietas
3087 2010 3354 2084 adjuvat
3395 2015 3461 2069 et
3490 2010 3700 2069 veritas

2010 2117 2134 2160 non
2160 2103 2531 2177 relinquitur.
2567 2105 2913 2176 ssapropter,
2958 2100 3160 2158 dilecti
3193 2101 3260 2157 in
3289 2100 3566 2159 Domino
3585 2100 3694 2165 tilii.

2012 2193 2227 2249 vestris
2252 2193 2431 2266 justis
2464 2190 2974 2265 postulationibus
3008 2191 3350 2248 clementer
3379 2191 3700 2249 annuimus

2011 2286 2069 2338 et
2092 2281 2408 2354 praefatum
2434 2281 2868 2339 monasterium
2889 2281 2948 2337 in
2965 2294 3093 2353 quo
3117 2279 3346 2337 divino
3369 2278 3696 2355 mancipati

2012 2371 2150 2426 estis
2178 2370 2493 2444 obsequio,
2521 2368 2635 2426 sub
2652 2368 2810 2426 beati
2835 2369 2984 2425 Petri
3003 2371 3062 2425 et
3078 2372 3297 2425 nostra
3331 2370 3694 2442 protectione

2012 2459 2374 2532 suscipimus
2402 2464 2458 2515 et
2486 2458 2799 2532 proesentis
2834 2456 3038 2530 scripti
3065 2456 3406 2529 privilegio
3431 2472 3692 2514 commu-

2011 2547 2234 2613 nimus,
2248 2548 2548 2621 imprimis
2563 2547 2864 2620 siquidem
2879 2550 3218 2603 statuentes
3237 2552 3302 2604 ut
3315 2546 3482 2604 ordo
3509 2562 3694 2605 mona·

2012 2642 2193 2693 sticus
2216 2636 2322 2710 qui
2345 2636 2681 2694 secundum
2709 2637 2898 2693 Deum
2919 2638 2977 2693 et
2992 2634 3155 2692 Beati
3179 2636 3510 2693 Benedicti
3529 2638 3694 2708 Regu·

2011 2725 2131 2782 lam
2144 2725 2206 2782 in
2219 2726 2434 2783 eodem
2447 2725 2805 2783 monasterio
2821 2722 3130 2782 institutus
3143 2740 3286 2781 esse
3297 2724 3691 2797 dignoscitur,

2013 2814 2545 2886 perpetuisibidem
2562 2814 2934 2886 temporibus
2952 2811 3411 2871 inviolabiliter
3427 2814 3687 2873 observe-

2011 2908 2126 2959 tur.
2145 2907 2431 2961 Praeterea
2441 2918 2837 2976 quascunque
2849 2901 3300 2975 possessiones,
3314 2916 3682 2977 quincunque

2011 2993 2174 3050 bona
2203 2993 2363 3050 idem
2395 2992 2824 3050 monasterium
2857 2991 2915 3048 in
2943 2993 3444 3063 praesentiarum
3466 2993 3618 3067 juste
3637 2992 3687 3049 et

2011 3082 2301 3139 canonice
2364 3082 2655 3156 possidet,
2708 3084 2813 3138 aut
2872 3082 2932 3138 in
2975 3079 3262 3138 futurum
3307 3082 3690 3142 concessione

2013 3170 2367 3243 pontificum
2397 3170 2712 3242 largitione
2757 3185 2968 3241 regum
3000 3167 3092 3227 vel
3119 3171 3522 3245 principum,
3549 3171 3696 3229 obla·

2013 3259 2168 3317 tione
2191 3259 2483 3330 fidelium,
2514 3276 2620 3316 seu
2642 3259 2773 3316 aliis
2790 3259 2962 3331 justis
2984 3259 3212 3328 modis,
3245 3259 3384 3319 Deo
3419 3261 3690 3336 propitio,

2010 3349 2226 3421 poterit
2245 3348 2517 3423 adipisci,
2541 3348 2718 3406 firma
2744 3347 2916 3405 vobis
2947 3347 3294 3422 vestrisque
3326 3350 3694 3409 successori·

2008 3436 2146 3502 bus.
2179 3437 2476 3495 etillibata
2494 3443 2905 3508 permaneant.
2938 3438 3002 3493 ln
3016 3436 3253 3509 quibus
3267 3437 3421 3497 hoec
3450 3439 3693 3515 propriis

2009 3525 2296 3583 duximus
2325 3526 2716 3599 exprimenda
2743 3526 3087 3583 vocabulis:

2079 3616 2300 3673 Locum
2323 3616 2522 3689 ipsum
2542 3616 2602 3673 in
2632 3631 2755 3690 quo
2786 3613 3106 3689 praefatum
3131 3619 3602 3678 monasterium
3625 3619 3693 3676 si-
3783 3603 3784 3608 ἵ

2011 3710 2136 3764 tum
2182 3710 2290 3773 est,
2325 3721 2464 3762 cum
2513 3705 2801 3763 omnibus
2843 3704 3216 3778 pertinentiis
3270 3707 3458 3779 suis;
3504 3707 3698 3766 villam

2009 3796 2236 3851 Hornut
2265 3809 2406 3851 cum
2453 3794 2826 3868 pertinentiis
2856 3793 2982 3851 suis
3005 3808 3022 3863 ;
3047 3792 3112 3851 in
3147 3793 3304 3853 villa
3335 3797 3552 3872 slogia
3581 3811 3700 3856 cnr·

2009 3887 2127 3942 tem
2179 3882 2611 3941 dominicatam
2664 3887 2721 3940 et
2773 3888 3148 3942 carrucatam
3203 3889 3402 3944 terrm
3461 3886 3700 3946 arabilis

2009 3987 2149 4029 cum
2187 3971 2496 4029 curtilibus
2522 3976 2581 4029 et
2628 3971 2795 4030 omni
2841 3972 3078 4030 decima
3108 3976 3238 4031 tam
3301 3975 3510 4049 ipsius
3543 3981 3700 4034 tene

2006 4076 2191 4135 quam
2219 4063 2493 4118 omnium
2520 4061 2834 4119 feodorum
2862 4059 3138 4133 ejusdem
3161 4061 3338 4122 villa
3357 4070 3422 4122 et
3441 4064 3525 4125 de
3545 4065 3702 4124 terris

2006 4154 2133 4208 tam
2175 4149 2350 4208 cultis
2399 4166 2585 4223 quam
2636 4150 2915 4221 incultis;
2947 4149 3024 4210 de
3053 4156 3228 4209 curte
3279 4153 3506 4213 Sancti
3535 4155 3702 4220 Petri,

2006 4238 2275 4297 decimas
2301 4239 2455 4297 sicut
2482 4240 2771 4299 hactenus
2802 4239 3134 4307 habuistis3
3167 4240 3502 4302 decimam
3523 4244 3604 4303 de
3625 4243 3704 4301 vi-

2006 4342 2124 4387 nea
2146 4329 2431 4400 Bugonis,
2452 4328 2655 4386 villare
2671 4327 2836 4403 quod
2851 4328 3068 4387 dicitur
3103 4329 3278 4388 Ultra
3303 4333 3552 4392 Hontes
3573 4349 3704 4392 enm

1931 4435 1977 4491 D
2006 4417 2377 4490 pertinentiis
2430 4418 2575 4483 suis.
2625 4421 2682 4475 et
2724 4417 2994 4489 ejusdem
3025 4415 3146 4474 loci
3173 4419 3528 4481 ecclesiam
3573 4437 3704 4480 cum

2006 4505 2383 4579 appendiciis
2403 4523 2430 4561 s
2442 4507 2534 4562 uis
2552 4507 2892 4564 Arminiaco
2909 4509 2966 4563 et
2981 4507 3376 4580 Bewermiis3
3399 4509 3706 4570 decimam

2005 4593 2080 4652 de
2122 4600 2284 4652 curte
2329 4601 2384 4652 et
2446 4595 2523 4652 de
2567 4597 2739 4653 terris
2769 4596 2966 4653 Sancti
2991 4593 3449 4666 Landelini3in
3475 4601 3708 4658 Novella

2005 4690 2223 4741 terram
2238 4684 2531 4741 arabilem
2553 4700 2629 4739 un
2640 4685 2733 4741 ius
2749 4689 3073 4742 carrucatoe
3099 4699 3115 4751 ;
3145 4691 3458 4757 quartam
3473 4695 3704 4763 partem

2003 4771 2153 4831 villoe
2186 4772 2420 4843 Blelgiis
2446 4789 2585 4830 cum
2629 4772 3004 4846 pertinentiis
3039 4773 3163 4829 suis
3191 4781 3260 4831 et
3289 4775 3586 4838 districto
3603 4799 3624 4852 ;
3651 4781 3702 4836 ie

2001 4862 2062 4918 in
2111 4861 2253 4919 villa
2282 4877 2420 4935 quoe
2458 4862 2674 4920 dicitur
2723 4862 2956 4919 Wamia
2990 4861 3292 4921 allodium
3329 4865 3616 4937 Gonteri,
3651 4872 3700 4926 et

2001 4950 2256 5022 AEngidii
2283 4950 2386 5007 filii
2438 4953 2570 5023 ejus
2627 4952 2702 5007 de
2732 4953 2895 5023 cing,
2923 4954 3275 5025 terramque
3305 4955 3600 5028 lingonis
3633 4961 3698 5015 ds

1999 5039 2255 5111 AEngien
2315 5055 2456 5097 cum
2509 5040 2644 5097 aliis
2692 5040 2883 5108 terris,
2928 5040 3270 5110 curtilibus,
3321 5045 3700 5110 redditibus,

1999 5129 2186 5202 pratis
2243 5133 2300 5186 et
2356 5130 2518 5185 silvis
2546 5147 2560 5196 ;
2591 5136 2826 5203 partem
2857 5129 3014 5187 villas
3045 5129 3235 5187 Burni
3288 5148 3450 5193 cum
3479 5137 3626 5196 villa
3649 5141 3700 5195 et

1998 5216 2294 5284 districto;
2315 5217 2525 5276 villam
2551 5218 2944 5277 waheriaset
2963 5223 3192 5276 curtem
3215 5219 3699 5292 dominicatam,

1997 5306 2079 5364 ab
2102 5308 2270 5365 omni
2285 5308 2684 5366 advocatione
2703 5314 2760 5366 et
2779 5308 3017 5367 decima
3035 5307 3299 5368 liberam
3320 5327 3339 5379 ς
3369 5315 3702 5376 meum

1996 5411 2135 5471 quaa
2184 5397 2299 5455 sub
2331 5413 2495 5456 anno
2519 5414 2704 5456 censu
2739 5403 2984 5458 centum
3015 5396 3370 5459 solidorum
3403 5405 3696 5468 Camen-

1998 5488 2202 5548 censis
2233 5492 2496 5550 menetn
2523 5489 2606 5550 ab
2634 5488 2888 5550 scelesta
2909 5487 3112 5548 Sancti
3141 5487 3494 5566 Genu-rial
3519 5496 3704 5574 ped.
