3784 6000
233 270 246 292 ..
284 212 429 270 1115

1712 207 1906 266 LUCII
1940 206 2014 265 m
2042 206 2251 265 PAPAE

3523 192 3696 268 '1116
3779 212 3784 253 τ

244 388 251 393 .
287 338 427 407 sint,
455 338 658 394 nullus
696 337 964 401 obsistat,
1012 337 1184 394 salva
1213 342 1411 395 tamen
1435 334 1665 408 justitia
1692 333 1929 391 illarum
1962 337 2012 392 A
2041 331 2292 405 cepisse,
2325 331 2475 389 sicut
2495 347 2567 390 ea
2590 332 2752 405 juste
2776 348 2849 392 ac
2870 335 3118 408 pacifice
3147 334 3496 409 possidetis,
3525 333 3695 394 vobis

287 427 670 485 ecclesiarum
705 445 739 483 a
770 429 988 500 quibus
1040 435 1416 484 mortuorum
1471 440 1728 498 corpora
1767 439 1935 481 assu-

286 522 554 575 muntur.
1548 553 1553 557 -

358 607 751 679 Paciquoque
781 613 835 662 et
857 606 1263 680 tranquillitati
1299 612 1504 663 vestras
1535 610 1783 678 paterna
1817 600 1933 658 sol-

285 694 586 752 licitudine
605 694 918 766 providere
947 696 1220 762 volentes,
1240 695 1582 753 auctoritate
1606 691 1937 765 apostolica

289 783 683 856 prohibemus
723 790 787 840 ut
812 785 964 842 infra
989 785 1302 843 clausuras
1328 784 1594 842 locorum
1627 798 1731 838 seu
1762 795 1937 854 gran·

289 872 522 943 giarum
541 878 894 944 vestrarum,
909 875 1113 931 nullus
1135 875 1503 943 violentiam,
1527 871 1618 929 vel
1634 870 1933 943 rapinam,

288 959 514 1018 furtum
540 965 931 1030 committere,
958 967 1153 1038 ignem
1170 978 1610 1039 apponere,seu
1627 959 1937 1018 hominem

289 1064 502 1121 capere
534 1051 624 1107 vel
656 1051 983 1111 interficere
1011 1055 1250 1113 audeat.

362 1139 747 1198 Decernimus
778 1158 917 1217 ergo
951 1148 1010 1199 ut
1032 1143 1178 1202 nulli
1205 1144 1454 1201 omuino
1487 1141 1804 1200 hominum
1840 1137 1935 1195 fas

252 1286 259 1293 ,
291 1229 364 1285 sit
385 1229 694 1301 praefatam
716 1233 1031 1290 ecclesiam
1049 1238 1270 1291 temere
1290 1231 1660 1307 perturbare,
1684 1227 1935 1301 auteJ'us

288 1321 703 1392 possessiones
719 1321 969 1393 auferre,
991 1324 1081 1379 vel
1101 1324 1337 1380 ablatas
1350 1323 1620 1387 retinere,
1644 1318 1935 1387 minuere,

288 1421 392 1462 seu
405 1408 773 1481 quibuslibet
791 1414 1195 1470 vexationibus
1209 1414 1476 1486 fatigare,
1500 1409 1607 1467 sed
1627 1408 1831 1467 omnia
1854 1408 1937 1462 in-

290 1497 457 1565 tegra
485 1506 931 1569 conserventur,
964 1518 1170 1559 eorum
1204 1519 1312 1576 pro
1341 1517 1602 1577 quorum
1632 1499 1938 1571 guberna-

292 1583 974 1648 tioneacsustentatione
987 1586 1940 1649 concessasuntusibusomnibus

259 1736 265 1742 ,
288 1672 801 1747 profutura,salva
817 1682 977 1738 sedis
995 1682 1337 1755 apostolicae
1362 1681 1711 1739 auctoritate
1732 1676 1939 1734 etdioe·
1974 1695 2016 1751 Β

289 1764 490 1822 casani
528 1767 794 1842 episcopi
821 1772 1110 1829 canonica
1136 1773 1384 1845 justitia.
1426 1773 1483 1828 Si
1524 1785 1646 1842 qua
1675 1767 1854 1839 igitur
1881 1764 1945 1821 in

263 1850 560 1918 *futurum
591 1858 1008 1928 ecclesiastica,
1037 1862 1411 1919 saecularisve
1442 1877 1718 1935 persona,
1751 1863 1861 1917 etc.

374 1945 493 2014 Ego
526 1947 757 2016 Lucius,
777 1948 1090 2007 Catholicae
1116 1950 1394 2008 Ecclesioe
1422 1950 1763 2026 episcopus.

366 2041 489 2110 Ego
515 2038 875 2107 Theodinus,
899 2041 1234 2097 portuensis
1256 2046 1310 2097 et
1340 2047 1559 2098 sanctae
1576 2040 1805 2098 Rufinae
1825 2041 1947 2116 epi-

294 2142 765 2288 .o‘l,3}¹‹1>sl’aulus,
793 2217 1191 2276 Proenestinus
1219 2221 1560 2294 episcopus.

363 2307 486 2378 Ego
527 2307 752 2373 Petrus,
812 2306 1121 2379 presbyter
1181 2307 1501 2366 cardinalis
1551 2309 1698 2366 tituli
1739 2309 1798 2367 S.
1839 2310 1947 2366 Su·

292 2409 520 2452 zannoe.

374 2489 494 2557 Ego
545 2487 853 2554 vivianus,
913 2484 1112 2558 presb.
1145 2486 1308 2544 card.
1362 2488 1444 2545 tit.
1474 2490 1530 2545 S.
1571 2488 1854 2560 Stephani
1883 2486 1945 2544 in

297 2580 476 2640 Coelio
502 2579 715 2634 Monte.

378 2675 500 2744 Ego
525 2668 810 2735 Cinthius,
842 2663 1042 2737 presb.
1070 2665 1234 2723 card.
1265 2666 1349 2722 tit.
1384 2667 1437 2722 S.
1467 2664 1729 2724 Coecilioe.

370 2769 492 2836 Ego
519 2764 709 2833 liugn,
739 2753 944 2829 presb.
975 2753 1139 2810 card.
1174 2754 1257 2810 tit.
1286 2755 1344 2810 S.
1378 2755 1712 2812 Clementis.

366 2858 490 2927 Ego
512 2847 835 2911 Arduinus‚
860 2841 1060 2918 presb.
1087 2844 1250 2899 card.
1279 2844 1364 2900 tit.
1385 2845 1441 2900 S.
1468 2845 1665 2901 Crucis
1695 2845 1754 2901 in
1784 2845 1946 2902 Jeru-

296 2945 505 3104 sassbg·
519 3027 848 3091 Matthaeus,
881 3022 1076 3096 presb.
1112 3023 1274 3079 card.
1310 3023 1391 3079 tit.
1427 3025 1483 3081 S.
1517 3023 1783 3081 tiarcelli.

367 3126 491 3193 Ego
518 3117 849 3180 Laborans,
878 3112 1080 3186 presb.
1114 3112 1274 3170 card.
1308 3119 1530 3170 sanctae
1561 3113 1749 3171 Mariae
1787 3118 1953 3171 trans

295 3212 551 3273 Tiberim
583 3205 737 3266 tituli
772 3202 1000 3263 Calixti.

366 3305 489 3373 Ego
502 3297 787 3363 lacobus,
805 3294 959 3352 diac.
978 3292 1140 3350 card.
1177 3297 1397 3351 sauctoe
1423 3293 1618 3350 Mariae
1639 3292 1701 3350 in
1720 3296 1957 3351 Cosme·

298 3395 490 3551 ‘mg-go
522 3474 857 3541 Rainerius,
889 3473 1043 3530 diac.
1077 3471 1240 3529 card.
1284 3472 1340 3529 S.
1377 3473 1611 3544 Georgii
1638 3474 1716 3530 ad
1746 3472 1956 3530 Velum

297 3583 580 3628 aureum.

368 3662 490 3733 Ego
556 3655 892 3721 Gratianus,
928 3658 1274 3711 sanctorum
1312 3653 1541 3709 Cosmae
1584 3657 1643 3709 et
1676 3651 1948 3710 Damiani

296 3748 452 3807 diac.
477 3746 641 3805 card.

375 3839 497 3907 Ego
527 3836 839 3902 Ranerius,
876 3834 1069 3891 sancti
1101 3831 1345 3889 Adriani
1376 3831 1530 3888 diac.
1557 3830 1722 3887 card.

376 3928 591 3983 Datum
617 3924 891 3982 Laterani
917 3939 1023 3996 per
1052 3938 1302 3979 manum
1337 3920 1557 3978 Alberti
1597 3924 1821 3977 sanctoe
1851 3921 1961 3978 Ro-

300 4030 502 4077 manae
525 4014 794 4071 Ecclesiae
816 4011 1151 4086 presbyteri
1180 4009 1499 4068 cardinalis
1520 4014 1575 4066 et
1595 4009 1957 4075 cancellarii,

303 4104 378 4161 111
409 4103 706 4162 Kalendas
749 4100 1071 4169 Februarii,
1127 4100 1449 4157 indictione
1504 4116 1620 4167 xiv,
1680 4098 1961 4156 Incarna-

304 4193 485 4250 tionis
516 4192 838 4250 Dominicoe
882 4206 1044 4248 anno
1081 4191 1233 4256 1181,
1266 4188 1644 4261 pontificatus
1684 4204 1821 4245 vero
1854 4190 1963 4245 Do·

306 4281 457 4339 mini
483 4280 647 4337 Lucii
676 4280 852 4352 Papae
881 4279 970 4347 111,
1004 4294 1166 4336 anno
1191 4278 1406 4350 primo.

1007 4388 1216 4445 XXXV.

310 4495 583 4555 Ecclesiae
592 4496 871 4554 &Mariae
880 4495 1591 4640 Euggssji'rfsp‘tmanmn
1602 4494 1965 4569 etprivileqia

1229 4586 1263 4625 a
1293 4612 1307 4628 .

981 4659 1323 4731 (Laterani.)

316 4748 608 4824 [Uariana
637 4748 821 4806 Italia
845 4764 1028 4815 sacra,
1057 4748 1099 4814 1,
1132 4751 1256 4805 639.
1302 4779 1368 4789 -
1402 4747 1676 4820 Diploma
1724 4745 1843 4803 fere
1875 4748 1965 4800 est

310 4871 315 4876 .
384 4819 544 4877 idem
570 4836 708 4878 cum
730 4836 802 4877 eo
831 4820 994 4893 quod
1018 4820 1143 4892 jam
1165 4819 1392 4876 eisdem
1416 4823 1790 4876 concesserat
1833 4814 1965 4873 Ale-

384 4892 614 4949 xander
639 4892 712 4948 111
787 4908 922 4965 apa,
956 4907 1118 4948 anno
1153 4892 1309 4958 1170,
1345 4905 1407 4947 nr
1437 4889 1562 4947 Kal·
1589 4888 1965 4954 Novembris,

384 4963 589 5020 indict.
616 4980 673 5019 1v
698 4980 713 5031 ;
739 4908 854 5020 Hoc
892 4979 1081 5020 unum
1107 4967 1335 5019 tantum
1366 4961 1665 5035 peculiare
1693 4959 1965 5032 legiturz]
2065 5022 2091 5037 ·

384 5069 705 5128 Libertates
748 5070 996 5142 insuper
1023 5073 1081 5127 et
1114 5069 1523 5127 immunitates
1572 5085 1609 5125 a
1636 5067 1737 5125 bo.
1774 5083 1960 5125 mem.

313 5161 377 5217 B.
412 5158 726 5230 Eugubino
755 5158 1042 5232 episcopo
1069 5159 1128 5216 in
1148 5158 1433 5216 omnibus
1462 5172 1601 5215 cum
1647 5156 1971 5229 possessio-

313 5249 493 5308 nibus
515 5253 575 5307 et
600 5248 733 5306 aliis
752 5248 930 5307 bonis
957 5248 1124 5307 vobis
1154 5247 1414 5305 abinitio
1434 5246 1756 5313 concessis,
1783 5250 1841 5302 et
1867 5261 1971 5303 an·

316 5339 514 5413 tiquas
525 5338 974 5396 etrationabiles
984 5337 1246 5396 ecclesioe
1261 5340 1468 5394 vestrae
1480 5335 1968 5408 consuetudines,

315 5443 429 5486 nec
448 5443 568 5487 non
581 5428 1028 5497 decimationes,
1049 5428 1387 5488 oblationes
1403 5428 1816 5495 etmortuaria,
1829 5444 1968 5502 quae

318 5514 593 5592 ¹abannis
609 5518 1013 5594 quadraginta
1040 5517 1380 5594 etamplius
1401 5533 1509 5576 vos
1536 5516 1806 5576 asseritis
1834 5532 1968 5592 per-

2041 426 2098 479 et
2118 420 2315 479 eidem
2326 421 2588 481 ecclesioe
2607 424 2893 497 praesenti
2913 425 3220 498 privilegio
3234 424 3695 485 confirmamus.

2048 509 2435 567 prohibemus
2463 526 2708 586 quoque
2739 518 2803 571 ut
2848 513 3005 572 infra
3052 515 3332 589 antiquos
3381 513 3694 582 terminos,

2043 603 2169 657 tam
2220 600 2466 672 majoris
2494 601 2758 659 ecclesias
2786 618 2974 677 quam
3006 603 3261 662 aliarum
3306 602 3696 662 ecclesiarum

2045 689 2221 746 vestri
2256 690 2637 763 episcopatus
2667 692 2867 749 nullus
2896 693 2972 751 de
3012 709 3171 752 novo
3215 694 3402 752 aliam
3431 692 3696 768 plebem,

2049 777 2141 835 vel
2163 779 2498 847 ecclesiam,
2529 785 2635 838 aut
2662 783 2990 839 oratorium
3024 782 3151 840 sine
3181 798 3491 840 consensu
3526 783 3698 840 vestri

2045 868 2314 941 episcopi
2334 874 2390 926 et
2409 875 2609 928 vestro
2632 871 2927 930 oediflcare
2952 876 3302 945 praesumat,
3322 871 3474 930 salvi
3495 876 3699 930 tamen

2045 957 2373 1031 privilegiis
2395 961 2802 1018 Romanorum
2826 963 3199 1034 pontificum,
3226 967 3337 1020 etc.
3373 961 3431 1020 Si
3453 976 3582 1036 qua
3601 960 3701 1034 igi·

2046 1051 2143 1105 tur
2181 1047 2243 1104 in
2287 1048 2572 1118 futurum,
2619 1055 2733 1108 etc.
2771 1052 2934 1110 Hanc
2989 1057 3205 1111 nostrae
3235 1049 3694 1124 constitutionis,

2044 1141 2155 1194 etc.

2576 1226 2581 1231 ’
2642 1231 2827 1288 Locus
2854 1233 2897 1302 †
2916 1232 3117 1305 sigilli.

2117 1354 2241 1423 Ego
2271 1353 2503 1421 Lucius,
2537 1355 2851 1414 Catholicae
2883 1357 3155 1418 Ecclesiae
3183 1363 3524 1435 episcopus.
3608 1426 3611 1430 ,

2118 1440 2242 1514 Ego
2269 1442 2630 1512 Theodinus,
2652 1446 2995 1507 Portuensis
3025 1456 3081 1509 et
3113 1454 3170 1509 S.
3194 1451 3425 1510 Rufinae
3446 1452 3635 1527 episc.

2122 1533 2243 1602 Ego
2275 1531 2510 1599 Paulus,
2539 1534 2915 1595 Praenestinae
2942 1540 3214 1599 Ecclesiae
3247 1543 3602 1617 episcopus.

2122 1620 2242 1690 Ego
2273 1621 2495 1689 Petrus,
2524 1623 2671 1681 tituli
2702 1628 2756 1683 S.
2787 1628 3074 1687 Susannae
3100 1632 3299 1704 presb.
3326 1631 3494 1689 card.

2125 1712 2247 1780 Ego
2307 1709 2604 1782 vivianus,
2640 1715 2723 1771 tit.
2782 1718 2837 1775 S.
2896 1721 3177 1793 Stephani
3207 1722 3266 1778 in
3307 1721 3489 1779 Coelio
3521 1724 3708 1781 Honte

2054 1798 2253 1873 presb.
2291 1801 2453 1860 card.

2127 1889 2249 1959 Ego
2281 1891 2570 1960 cinthius,
2606 1895 2754 1952 tituli
2784 1903 3005 1956 sanctae
3037 1901 3281 1959 Gaeciliae
3310 1900 3515 1976 presb.
3542 1898 3705 1957 card.

2126 1980 2248 2049 Ego
2277 1981 2443 2054 Hugo
2475 1983 2626 2041 tituli
2656 1989 2844 2045 sancti
2877 1987 3194 2049 Clementis
3223 1991 3430 2066 presb.
3459 1990 3630 2049 card.

2135 2075 2258 2142 Ego
2298 2071 2625 2144 lacinthus,
2672 2077 2827 2136 diac.
2860 2081 3025 2137 card.
3057 2081 3114 2139 S.
3147 2082 3340 2140 Marioe
3367 2083 3434 2141 in
3464 2086 3704 2144 Cosme·

2054 2165 2181 2223 din.

2135 2266 2254 2328 Ego
2286 2259 2633 2333 Raynerius,
2666 2259 2820 2318 diac.
2854 2260 3019 2319 card.
3056 2261 3216 2318 tit.S.
3236 2262 3474 2335 Georgii
3503 2265 3587 2322 ad
3619 2268 3715 2324 Ve-

2052 2352 2181 2410 lum
2206 2354 2488 2408 Aureum.

2134 2446 2258 2512 Ego
2308 2441 2647 2510 Gratianus,
2693 2445 3039 2499 sanctorum
3068 2442 3295 2500 Cost
3336 2444 3396 2499 et
3446 2442 3718 2501 Damiani

2053 2538 2211 2598 diac.
2242 2535 2407 2594 card.

2136 2632 2255 2702 Ego
2285 2627 2612 2692 Matthaeus,
2642 2626 2699 2683 S.
2733 2621 2930 2680 Marias
2952 2624 3132 2679 Novae
3160 2619 3317 2678 diac.
3349 2620 3519 2677 card.

2137 2732 2353 2787 natum
2401 2717 2672 2777 Laterani
2719 2729 2825 2787 per
2875 2726 3128 2769 manum
3164 2708 3407 2777 Alberti,
3455 2711 3512 2769 S.
3559 2712 3626 2768 R.
3655 2709 3712 2766 E.

2056 2820 2262 2900 presb.
2285 2809 2607 2874 cardinalis
2630 2803 2879 2872 cancel„
2907 2819 2961 2859 iv
2988 2799 3276 2867 Ianuarii,
3309 2799 3436 2857 ind.
3479 2816 3578 2872 xv,
3627 2800 3714 2856 ln·

2057 2905 2423 2973 carnationis
2466 2897 2793 2958 Dominicae.
2823 2907 2987 2950 anno
3026 2890 3178 2957 1181,
3223 2888 3435 2947 Pontis.
3470 2904 3613 2947 vero
3652 2888 3717 2946 D.

2061 3000 2222 3060 Lucii
2249 3012 2423 3073 papoe
2451 2992 2541 3058 111,
2570 3003 2732 3047 anno
2755 2995 2800 3042 1.

2780 3088 3002 3147 xxxvl.

2136 3209 2234 3267 Ad
2259 3210 2311 3265 1.
2349 3204 2609 3277 priorem
2649 3204 2702 3257 et
2738 3188 3269 3325 fingat-sefela&
3294 3187 3356 3247 S.
3402 3187 3722 3262 fflqdiam·

2562 3377 2884 3454 (Laterani,
2916 3371 3086 3430 Febr.
3116 3373 3198 3445 2.)

2259 3494 2509 3569 [Buca.
2552 3487 2823 3555 Miscell„
2864 3487 2961 3543 ed.
3002 3483 3210 3552 Hansi,
3248 3483 3340 3548 lv,
3370 3478 3532 3555 597.]

2141 3605 2340 3662 Lucius
2368 3600 2709 3674 episcopus,
2741 3611 2951 3653 servus
2983 3606 3298 3651 servorum
3334 3588 3457 3655 Dei,
3495 3585 3722 3645 dilectis

2067 3692 2205 3752 filiis
2225 3691 2267 3749 1.
2305 3689 2507 3764 priori,
2564 3692 2621 3744 ct
2671 3684 2955 3745 iratribus
3006 3684 3065 3741 S.
3125 3678 3410 3746 Fridiani,
3465 3675 3723 3736 salutem

2066 3785 2126 3840 et
2152 3779 2545 3855 apostolicam
2569 3774 3069 3834 benedictionem.

2139 3871 2411 3929 Relatum
2440 3873 2528 3925 est
2557 3865 2736 3924 nobis
2762 3880 2834 3922 ex
2860 3868 3030 3938 parte
3056 3867 3255 3920 vestra
3274 3856 3444 3935 quod
3472 3857 3541 3913 D.
3570 3853 3723 3929 prior

2066 3960 2331 4019 ecclesioe
2351 3960 2409 4015 S.
2429 3956 2656 4016 Martini
2679 3954 2984 4020 Senensis,
3008 3951 3240 4024 absque
3263 3953 3385 4013 tuo,
3416 3945 3526 4003 filii
3545 3944 3722 4019 prior,

2066 4056 2125 4110 et
2156 4049 2409 4108 aliorum
2440 4048 2692 4104 fratrum
2729 4059 2980 4101 suorum
3027 4039 3277 4099 consilio
3335 4043 3392 4095 et
3453 4050 3724 4103 assensu,

2068 4147 2273 4199 contra
2323 4137 2503 4196 etiam
2534 4132 2840 4209 privilegia
2880 4130 3043 4190 sedis
3088 4127 3445 4203 apostolicae
3488 4123 3727 4183 insolita

2067 4227 2424 4304 gravamina
2444 4226 2558 4299 ipsi
2581 4223 2852 4283 Ecclesiae
2883 4222 3192 4296 imponere
3222 4234 3334 4293 pro
3355 4232 3471 4274 sua
3496 4213 3731 4273 temeri·

2069 4323 2186 4378 tate
2209 4314 2683 4391 praesumpserit.
2724 4312 3022 4381 Quoniam
3051 4308 3231 4381 igitur
3251 4321 3389 4381 quoe
3418 4304 3582 4363 facta
3605 4302 3729 4361 iue-

1992 4412 2041 4468 D
2069 4407 2186 4466 rint
2210 4406 2548 4470 enormiter,
2581 4400 2912 4476 apostolica
2946 4398 3167 4457 debent
3209 4395 3568 4454 auctoritate
3608 4409 3730 4450 cas-

2072 4496 2212 4564 sari,
2233 4500 2291 4553 et
2309 4493 2487 4567 culpa
2506 4506 2775 4566 personoe
2796 4504 2920 4547 non
2934 4485 3186 4545 debetin
3201 4484 3504 4543 damnum
3532 4480 3730 4539 Eccle-

2073 4587 2173 4643 siae
2202 4583 2561 4650 redundare,
2588 4577 2983 4654 praesentibus
3005 4574 3213 4634 litteris
3246 4572 3425 4632 vobis
3452 4572 3729 4644 indulge·

2073 4692 2210 4734 mus
2238 4678 2300 4730 ut
2326 4671 2493 4747 quod
2535 4687 2571 4728 a
2602 4669 2852 4743 praet'ato
2911 4666 3108 4740 priore
3152 4663 3328 4723 vobis
3379 4660 3730 4720 inconsultis

2074 4764 2267 4822 illicite
2296 4762 2522 4819 factum
2550 4760 2728 4817 estin
2759 4756 3146 4816 manifestum
3174 4752 3611 4811 detrimentum
3638 4751 3731 4807 Ec·

2075 4853 2290 4919 clesiae,
2323 4867 2445 4907 non
2475 4848 2800 4906 teneamini
2826 4846 3210 4921 aliquatenus
3234 4841 3589 4900 observare.

2151 4945 2297 4999 Data
2328 4939 2622 5009 Laterani,
2650 4955 2707 4995 iv
2735 4940 2881 4995 Nov.
2917 4932 3239 4993 Februarii.

2779 5063 3027 5120 xxxvii.

2080 5175 2358 5236 Ecclesiae
2393 5175 2457 5231 S.
2527 5170 2930 5230 waldetrudis
2976 5165 3281 5224 Montensis
3315 5164 3736 5234 protectionem

2247 5245 2489 5317 suscipit
2511 5244 2780 5316 bonaque
2797 5257 2871 5299 ac
2886 5237 3200 5311 privilegia
3218 5237 3567 5307 confirmat.

2574 5332 2890 5399 (Laterani,
2924 5332 3090 5388 Febr.
3127 5328 3236 5400 18.)

2374 5427 2645 5499 [Missum
2675 5423 2826 5493 opp.
2849 5419 3121 5492 diplom„
3150 5418 3241 5486 1¹1,
3270 5416 3438 5488 3⁸04

2144 5518 2345 5576 Lucius
2361 5513 2705 5590 episcopus,
2720 5526 2932 5571 servus
2951 5521 3267 5568 servorum
3288 5504 3412 5573 osi,
3435 5502 3740 5564 dilectinin
