3784 6000
139 237 296 294 ¹389

1585 232 2147 296 TESTAMENTUM.

3427 232 3573 297 13⁹0

138 364 464 434 Eapropter
479 362 883 436 praedecessor
905 370 1110 421 noster
1139 366 1303 434 Hugo
1317 342 1795 421 Autissiodoren-
1823 366 1867 419 A
1901 365 2546 438 fratribus‚adjuvante
2578 361 2775 433 gratia
2808 361 3066 429 Domini,
3089 362 3365 420 ordinem
3377 361 3438 421 B.
3459 363 3581 420 Au·
3677 354 3682 359 ’

141 453 222 507 sis
250 451 566 525 episcopus
582 451 1102 524 plurimalargitus
1116 457 1209 510 est
1231 452 1538 510 canonicis
1558 452 1794 523 regula-

136 541 307 597 ribus
327 541 906 598 praemonstratensis
918 542 1166 609 ordinis,
1181 558 1335 616 quos
1352 542 1475 598 zelo
1489 542 1793 611 religionis

140 644 466 686 succensos
489 631 652 701 apud
678 630 1161 689 Autissiodorum
1190 631 1250 687 iu
1294 630 1546 688 ecclesia
1582 631 1641 686 S.
1681 632 1794 687 Ha-

139 719 530 776 rianiibidem
553 721 671 776 Deo
702 721 1025 777 servituros
1051 720 1321 777 instituit.
1341 722 1399 777 Si
1420 719 1667 794 quidem
1689 720 1793 775 do·

140 809 307 865 navit
335 808 419 863 eis
445 810 942 879 praenominatam
957 808 1274 867 ecclesiam
1294 810 1355 864 S.
1370 808 1638 876 Mariani,
1654 823 1794 865 cum

136 896 505 970 quibusdam
534 897 729 953 eidem
775 897 1042 955 ecclesiae
1072 898 1556 973 appendentibus
1586 898 1791 964 vineis,

134 984 448 1042 ecelesiam
480 988 537 1043 S.
566 987 811 1053 Martini,
840 987 1156 1046 ecclesiam
1187 991 1244 1045 S.
1280 987 1475 1054 Salvii,
1502 993 1559 1045 et
1586 986 1793 1043 sedem

134 1076 463 1131 molendini
497 1091 675 1146 super
720 1076 1000 1134 Belcham
1050 1076 1327 1143 fluvium,
1368 1092 1505 1133 cum
1556 1082 1709 1133 terra
1738 1079 1796 1132 et

134 1178 315 1220 censu
331 1163 763 1233 pertinentibus
776 1164 854 1220 ad
874 1165 1312 1221 molendinum.
1341 1165 1793 1222 Donavitetiam

134 1252 220 1309 eis
270 1252 588 1309 ecclesiam
621 1253 679 1307 Β.
727 1255 918 1311 Mariae
971 1255 1047 1325 iu.
1065 1254 1359 1311 suburbio
1404 1254 1603 1319 sitam,
1654 1268 1795 1310 cum

133 1341 415 1400 censibus
442 1348 500 1396 et
529 1341 730 1406 vineis,
773 1343 959 1409 terris,
987 1342 1259 1410 decimis,
1279 1344 1487 1413 pratis,
1531 1343 1718 1399 servis
1740 1346 1797 1399 et

134 1429 388 1495 ancillis,
421 1437 478 1485 et
499 1430 1276 1503 omuibusappendeutibus
1318 1431 1797 1505 propeLongene

135 1520 365 1595 positiS,
391 1525 447 1574 et
479 1519 866 1590 proebendam
884 1519 1179 1589 integram
1208 1522 1267 1576 iu
1299 1520 1559 1578 Ecclesia
1585 1523 1642 1578 S.
1675 1521 1794 1576 Ste-

134 1607 350 1682 phani.
388 1607 522 1663 Haec
534 1608 742 1664 omnia
762 1608 1031 1664 canonici
1053 1607 1126 1664 de
1151 1624 1338 1664 mauu
1358 1609 1622 1682 episcopi
1649 1607 1796 1666 acci-

1902 455 2123 528 gustiui
2154 459 2367 518 teneat,
2420 458 2478 510 et
2506 464 2645 508 cum
2677 450 2853 508 fuerit
2915 452 3273 509 constitutus
3304 453 3424 511 nisi
3466 466 3575 527 per

1902 545 2258 616 episcopum
2288 546 2667 601 amoveatur.
2709 543 2788 597 Ne
2819 556 2942 614 qua
2959 555 3101 598 vero
3116 541 3399 616 deinceps
3421 542 3575 600 inter

1902 633 2255 704 episcopum
2284 636 2343 688 et
2360 631 2684 688 canonicos
2705 630 3123 686 controversiae
3143 630 3370 688 oriatur
3392 646 3573 688 occa·

1903 722 2012 789 sio,
2046 723 2437 779 constitutum
2466 725 2555 777 est
2586 735 2721 776 meo
2760 724 2816 775 et
2846 734 3055 776 eorum
3100 734 3373 786 assensu,
3396 726 3458 777 ut
3495 720 3574 778 de

1905 810 2091 867 vineis
2119 811 2387 882 episcopi
2415 811 2476 867 in
2504 808 2728 882 quibus
2760 808 3037 865 canonici
3060 808 3361 866 decimam
3378 809 3578 882 requi·

1901 901 2135 964 rebant,
2155 899 2477 972 episcopus
2495 896 2748 969 siugulis
2779 897 2958 954 anuis
2990 896 3313 954 duodecim
3335 897 3576 956 modios

1901 988 2023 1045 viui
2047 987 2370 1058 persolvat,
2401 987 2610 1044 decem
2640 986 2716 1043 de
2763 985 2954 1043 rubeo
2984 991 3041 1042 et
3102 985 3262 1043 duos
3304 985 3382 1043 de
3410 984 3578 1045 albo.

1903 1080 1966 1134 lu
1998 1081 2153 1133 terra
2178 1092 2320 1133 vero
2344 1092 2481 1150 quoe
2512 1075 2846 1134 cunemine
2872 1074 3112 1142 dicitur,
3136 1075 3405 1149 episcopi
3428 1090 3580 1150 quo-

1904 1168 2013 1223 ties
2042 1169 2207 1223 culta
2266 1165 2458 1232 fuerit,
2492 1165 2767 1221 canonici
2806 1163 3112 1220 decimam
3164 1163 3580 1223 habeant.Fa-

1904 1261 2000 1312 cta
2027 1260 2112 1311 est
2136 1259 2336 1311 autem
2355 1254 2483 1310 haec
2512 1253 2859 1310 constitutio'
2884 1253 2943 1309 in
2958 1253 3187 1310 octavis
3202 1254 3263 1309 Β.
3291 1252 3579 1327 Stephani

1904 1344 1964 1401 in
2004 1341 2270 1416 capitulo
2322 1341 2836 1399 Autissiodorensi
2894 1340 3172 1399 Gnidoue
3224 1342 3576 1415 proeposito,

1904 1432 2215 1490 Rainaudo
2289 1431 2738 1501 archidiacono,
2797 1430 3110 1504 Rodulpho
3175 1431 3570 1499 thesaurario,

1907 1522 2464 1593 Stephanocantore
2494 1520 2894 1593 praeseutibus
2915 1527 2971 1575 et
2984 1519 3429 1590 assistentibus,
3463 1518 3580 1577 sub

1904 1627 2155 1668 assensu
2174 1611 2353 1667 etiam
2370 1608 2548 1666 totius
2579 1608 2836 1680 capituli,
2858 1623 3021 1666 anno
3049 1610 3127 1666 ab
3158 1609 3579 1679 incarnatione

136 1699 389 1772 pientes,
417 1712 488 1753 ea
519 1702 719 1752 tamen
758 1711 864 1752 seu
919 1696 1318 1769 simplicitate,
1343 1713 1450 1755 seu
1480 1697 1666 1755 nimia
1691 1697 1794 1754 do·
1824 1703 1869 1758 B
1906 1699 2140 1756 Domini
2177 1698 2333 1766 1163,
2361 1698 2614 1756 domino
2638 1698 2977 1755 Alexandro
3004 1696 3073 1753 111
3107 1714 3355 1755 summo
3384 1698 3581 1771 ponti·

134 1784 916 1856 nautiscoulidentiasigillo
937 1786 1267 1858 episcopali
1291 1802 1412 1843 nou
1435 1786 1797 1845 confirmau-

137 1881 250 1942 tes,
273 1890 432 1931 nunc
461 1873 684 1931 anobis
698 1875 1037 1948 deposcunt
1062 1874 1179 1932 ista
1203 1876 1572 1934 confirmari.
1599 1876 1795 1948 Neigi-

134 1971 234 2023 tur
262 1964 336 2020 de
364 1964 453 2020 bis
483 1962 751 2036 aliquam
788 1964 849 2021 in
880 1964 1147 2020 futurum
1186 1965 1523 2022 sustineant
1573 1965 1798 2022 calum-

137 2053 327 2116 niam,
351 2053 484 2124 ipsa
504 2052 718 2109 eadem
748 2068 883 2124 quoe
908 2052 1178 2121 donavit,
1207 2069 1459 2110 assensu
1475 2059 1533 2111 et
1558 2070 1799 2112 conces-

141 2143 314 2200 sione
357 2143 533 2198 totius
558 2141 804 2214 capituli
831 2143 1030 2200 Sancti
1081 2144 1387 2214 Stephani,
1442 2146 1497 2200 et
1523 2144 1800 2216 precibus

139 2231 423 2288 Willelmi
489 2231 721 2286 comitis
761 2230 1166 2296 Niveruensis‚
1222 2239 1432 2304 postea
1477 2232 1800 2289 Cartbusiae

138 2320 434 2386 conversi,
465 2334 588 2375 uon
625 2319 805 2376 etiam
840 2318 1125 2377 laudante
1149 2323 1281 2393 ipso
1307 2321 1590 2394 capitulo,
1617 2322 1801 2378 doua-

136 2408 539 2483 muszquibus
552 2409 720 2464 etiam
733 2408 935 2475 donis,
965 2411 1372 2481 exepiscopali
1412 2411 1799 2481 benignitate,

143 2499 459 2556 ecclesiam
480 2498 555 2555 de
578 2499 878 2568 Tangiaco
900 2497 1196 2556 donantes
1211 2498 1636 2572 adjungimus:
1666 2505 1725 2556 et
1740 2505 1803 2558 ut

144 2594 294 2654 rata,
320 2587 796 2660 inconvulsaque
817 2587 903 2645 eis
934 2595 1351 2660 permaneant,
1383 2589 1703 2660 conscribi,
1729 2590 1803 2646 si·

147 2677 569 2750 gillorumque,
600 2678 785 2733 nostri
806 2677 1077 2734 videlicet
1115 2684 1172 2735 et
1190 2679 1532 2735 communis
1556 2679 1801 2752 capituli

150 2769 209 2825 S.
257 2766 541 2839 Stephani
571 2766 976 2823 caracteribus
1007 2766 1260 2824 fecimus
1293 2769 1656 2838 consignari.

216 2856 429 2913 Actum
467 2862 555 2911 est
610 2856 724 2912 boc
772 2870 933 2913 anno
984 2856 1064 2913 ab
1092 2857 1512 2915 lucarnatione
1568 2857 1801 2914 Domini

156 2946 320 3003 1163.

954 3035 998 3091 11

149 3124 215 3182 S.
242 3124 537 3181 Amatoris
557 3124 866 3194 prioratus
895 3123 952 3181 S.
976 3122 1187 3193 Satyri
1203 3123 1590 3181 Bitum’censis
1603 3140 1805 3183 mona-

751 3195 930 3252 sterio
966 3195 1195 3251 unitur.

222 3284 311 3340 Ad
338 3283 696 3357 episcopalis
724 3282 906 3339 officii
935 3284 1356 3340 discretionem
1390 3284 1644 3356 pertinet
1675 3288 1807 3343 loca

147 3374 427 3446 religiosa
473 3387 596 3428 uon
627 3373 824 3428 solum
868 3374 1044 3428 tutari
1084 3378 1141 3429 et
1169 3387 1548 3445 conservare,
1599 3387 1806 3431 verum

149 3466 330 3521 etiam
348 3463 544 3535 ipsam
559 3460 908 3528 religionem
927 3462 986 3517 iu
1002 3460 1300 3518 meliorem
1319 3465 1808 3535 statumpromo·

145 3568 307 3609 vere.
331 3551 474 3608 Inde
499 3550 775 3624 estquod
804 3566 917 3621 ego
946 3554 1168 3607 Annus
1197 3551 1501 3623 Deigratia
1528 3553 1809 3610 Autissio-

147 3641 422 3697 dorensis
452 3640 644 3696 dictus
667 3640 1011 3712 episcopus,
1047 3640 1362 3696 ecclesiam
1421 3643 1477 3696 Β.
1513 3641 1809 3697 Amatoris

151 3746 224 3787 ex
252 3727 451 3786 officio
482 3728 630 3785 mihi
659 3728 928 3800 injuncto
958 3734 1014 3785 et
1063 3728 1410 3801 apostolicoe
1440 3730 1810 3787 auctoritatis

152 3816 464 3881 mandato,
490 3832 629 3872 cum
659 3815 773 3872 illis
813 3816 1318 3888 possessionibus,
1348 3832 1504 3890 quas
1532 3817 1809 3874 canonici

151 3905 454 3976 regulares
486 3905 895 3961 tuneteueban
911 3910 948 3973 t,
970 3905 1234 3963 ecclesiae
1267 3908 1324 3963 S.
1368 3907 1562 3980 Satyri
1588 3908 1649 3963 in
1676 3922 1812 3980 per-

152 3999 404 4069 petuum
455 3991 742 4060 concedo,
792 3993 966 4050 salvis
1010 3995 1482 4051 institutionibus
1507 4011 1642 4068 quae
1674 3996 1812 4052 suut

153 4086 309 4141 inter
330 4083 644 4139 ecclesiam
666 4084 724 4139 S.
766 4084 1063 4140 Amatoris
1108 4090 1163 4139 et
1204 4084 1264 4139 B.
1298 4073 1606 4156 Stephani,
1657 4089 1714 4140 et
1740 4100 1812 4142 ea

153 4173 496 4230 conditione
525 4177 589 4227 ut
615 4187 722 4245 per
743 4171 1098 4244 episcopum
1126 4172 1290 4244 prior
1318 4170 1398 4227 ibi
1421 4159 1693 4229 dedomo
1712 4172 1813 4231 illa

1905 1789 2037 1856 flce,
2079 1788 2383 1845 Ludovico
2413 1803 2552 1861 rege
2576 1788 2967 1854 Francorum,
3012 1786 3580 1860 Willelmoiuuiore

1906 1878 2122 1936 comite
2154 1876 2534 1934 Nivernensi.
2719 1965 2792 2022 m

1908 2058 1955 2113 A
1966 2057 2143 2113 lanus
2157 2054 2464 2114 monachis
2485 2054 3090 2183 Donziggir‘gonfirmat
3108 2053 3388 2112 ecclesias
3400 2066 3580 2127 quas·-

1982 2218 2104 2288 Ego
2134 2220 2358 2274 Amos
2399 2216 2499 2273 Dei
2547 2215 2742 2287 gratia
2794 2214 3331 2272 Autissiodorensis
3349 2213 3580 2288 episco-

1910 2321 2046 2378 pus,
2079 2311 2290 2362 notum
2323 2304 2451 2361 fleri
2481 2304 2619 2362 volo
2639 2305 3036 2377 praesentibus
3066 2308 3126 2360 et
3151 2304 3388 2374 futuris,
3408 2303 3577 2378 quod

1909 2393 2088 2450 bonae
2116 2393 2419 2450 memorias
2448 2392 2621 2464 Hugo
2658 2393 2985 2465 episcopus
3015 2391 3575 2458 Autissiodorensis,

1910 2489 2261 2555 assumptus
2284 2482 2345 2538 in
2357 2481 2716 2555 episcopum
2734 2479 2809 2536 de
2823 2480 3077 2537 ecclesia
3094 2480 3151 2536 S.
3176 2480 3580 2537 GermaniAn-

1912 2571 2349 2629 tissiodorensis
2377 2569 2475 2626 cui
2505 2569 2693 2626 multo
2719 2568 2976 2641 proet'uit,
3005 2569 3284 2641 ἱματίω
3308 2568 3584 2627 Donziaci

1913 2667 1969 2717 et
1982 2658 2297 2717 monacbis
2312 2657 2534 2715 ibidem
2552 2657 2807 2715 Domino
2821 2657 3257 2715 famulantibus
3268 2658 3584 2715 ecclesiam

1912 2749 1977 2807 S.
2012 2747 2298 2805 vincentii
2324 2747 2398 2803 de
2429 2747 2727 2818 Pogniaco
2766 2751 2827 2802 et
2854 2746 3177 2804 ecclesiam
3206 2749 3264 2805 S.
3286 2745 3584 2817 Peregrini

1913 2836 1988 2893 de
2029 2836 2243 2893 Boiaco
2264 2835 2531 2892 donavit.
2566 2836 2786 2892 Deinde
2808 2841 3077 2909 tempore
3124 2850 3258 2894 meo
3283 2841 3415 2894 orta
3439 2851 3584 2893 con·

1914 2926 2176 2983 tentione
2206 2925 2281 2982 de
2299 2922 2753 2999 praesentatioue
2775 2924 3109 2999 presbyteri
3130 2925 3207 2981 de
3234 2924 3471 2994 Boiaco,
3497 2923 3582 2982 vi·

1914 3032 2119 3074 rorum
2136 3015 2543 3089 probabilium
2557 3015 2909 3072 testimoniis
2929 3031 3111 3088 super
3126 3015 3242 3072 hoc
3260 3013 3578 3087 susceptis,

1915 3104 2181 3175 vestigiis
2226 3103 2383 3161 illius
2437 3105 2630 3160 sancti
2657 3104 2766 3160 viri
2815 3103 3135 3170 iuhoereus,
3168 3104 3402 3161 donum
3430 3101 3579 3160 illud

1914 3195 1988 3251 de
2020 3191 2270 3251 ecclesia
2300 3193 2373 3249 de
2419 3191 2719 3262 Poguiaco
2759 3196 2819 3249 et
2858 3191 2934 3249 de
2977 3192 3231 3250 ecclesia
3258 3194 3334 3250 de
3363 3193 3580 3251 Boiaco

1916 3283 2144 3340 iactum
2175 3281 2529 3338 confirmavi
2560 3297 2702 3337 cum
2728 3283 3188 3353 praesentatione
3223 3281 3585 3356 presbyteri,

1915 3370 2087 3429 saluo
2111 3371 2245 3443 jure
2273 3368 2628 3444 episcopali,
2655 3374 2882 3426 retenta
2908 3369 3007 3426 illa
3020 3374 3186 3442 parte
3209 3370 3585 3428 decimarum

1915 3473 2052 3535 quie
2078 3461 2233 3532 juris
2277 3453 2552 3515 Ecclesia!
2579 3457 3113 3515 Autissiodorensis
3161 3464 3287 3516 erat
3317 3466 3585 3533 tempore

1916 3550 2183 3623 Bugouis
2212 3546 2479 3622 episcopi
2501 3545 3040 3603 Autissiodorensis
3059 3549 3358 3621 assumpti
3380 3549 3442 3605 in
3459 3549 3585 3624 epi-

1916 3653 2170 3711 scopum
2184 3636 2526 3694 deecclesia
2542 3635 3059 3702 pontiniacensi,et
3071 3635 3174 3693 illa
3191 3643 3360 3710 parte
3372 3652 3587 3694 census

1916 3744 2102 3802 quam
2124 3726 2471 3783 Benedictus
2486 3725 2797 3798 presbyter
2808 3724 3093 3782 habebat.
3107 3726 3294 3797 Hujus
3308 3727 3393 3783 rei
3408 3729 3586 3784 testes

1918 3824 2057 3873 suut
2083 3814 2415 3873 Raiuardus
2443 3815 2635 3871 abbas
2668 3815 2809 3871 Boni
2858 3814 3047 3880 Radii,
3075 3816 3388 3872 Mauricius
3418 3815 3578 3889 prior

1917 3904 1994 3961 de
2027 3904 2338 3970 Douziaco,
2392 3904 2565 3973 cuius
2603 3910 2872 3975 tempore
2889 3903 3006 3961 boc
3047 3903 3272 3961 factum
3295 3903 3429 3971 tuit,
3459 3905 3581 3962 Ste-

1916 3994 2159 4067 phanus
2199 3992 2562 4059 cellerarius,
2590 3992 2939 4049 Rainaudus
2976 3991 3252 4050 canonici
3295 3992 3585 4051 Autissio-

1919 4083 2225 4149 dorenses,
2257 4080 2581 4138 Arnaudus
2609 4080 2999 4138 etGaufridus
3027 4082 3307 4138 monachi
3332 4081 3408 4138 de
3428 4081 3587 4139 Don-

1918 4173 2102 4237 ziaco,
2136 4170 2455 4227 arnaudus
2505 4171 2862 4244 proepositus
2900 4176 2957 4227 et
3015 4171 3354 4230 Willelmus
3411 4172 3584 4230 canis

154 4264 566 4328 constituatur,
585 4266 645 4317 et
672 4261 896 4317 ibidem
918 4260 1090 4332 juxta
1114 4260 1613 4319 consuetudinem
1651 4266 1709 4318 et
1724 4262 1817 4318 di·
1923 4260 2196 4335 putidus.

155 4351 936 4424 scipliuamproenominatoe
953 4348 1216 4407 ecclesiae
1243 4350 1423 4416 vivat,
1440 4356 1498 4406 et
1527 4365 1667 4407 cum
1689 4349 1815 4408 suis
1847 4351 1893 4408 D
1994 4355 2208 4407 Actum
2238 4363 2401 4407 auno
2440 4349 2520 4407 ab
2545 4348 2961 4408 incarnatione
3011 4348 3249 4407 Domini
3281 4350 3441 4407 ¹16⁴.

1020 4709 2109 4835 TESTAMENTUM
2224 4709 2714 4835 ALANI.

1220 4951 1455 5025 (Gallia
1481 4950 1838 5012 Christiana
1865 4965 2046 5019 nova,
2071 4954 2113 5009 t.
2133 4950 2247 5019 xn,
2278 4965 2333 5009 c.
2377 4950 2525 5024 136.)

239 5258 410 5326 Quod
446 5259 522 5315 de
549 5260 802 5318 consilio
827 5265 885 5317 et
926 5258 1228 5317 voluntate
1262 5259 1708 5333 capitulinostri
1736 5260 1821 5319 ia-

163 5352 330 5408 ctum
361 5346 879 5406 etcontlrmauum
909 5354 1016 5415 est,
1038 5348 1818 5417 utnullateuusinfirmetur,

1926 5264 2173 5334 propter
2191 5276 2306 5333 ego
2336 5260 2533 5318 dictus
2547 5260 2741 5318 abbas
2765 5260 2841 5318 de
2873 5261 3195 5334 Ripatorio,
3226 5261 3306 5319 ad
3332 5277 3597 5335 preasen-

1928 5351 2078 5407 tium
2107 5354 2166 5407 et
2220 5354 2598 5423 posterorum
2657 5350 2931 5407 notitiam
2971 5351 3260 5424 scriptum
3315 5351 3591 5425 relinquo

162 5437 303 5498 fidei
317 5436 742 5493 committimus
761 5436 1111 5505 litterarum,
1142 5445 1203 5496 ut
1227 5445 1458 5497 certum
1484 5438 1822 5496 habeantet
1928 5438 2094 5513 quod
2136 5439 2492 5497 venerabilis
2515 5439 2801 5498 domiuus
2812 5440 3039 5498 Alanus
3063 5441 3375 5513 quondam
3395 5441 3596 5498 Antis-

162 5533 369 5588 ratum
406 5524 627 5600 posteri
653 5525 824 5600 quod
844 5534 1161 5588 exaratum
1189 5528 1363 5588 estin
1385 5529 1688 5603 proesenti.
1719 5529 1824 5587 Eae

1931 5528 2300 5587 siodorensis
2310 5530 2658 5604 episcopus,
2681 5544 2757 5587 ne
2774 5529 2925 5604 quid
2952 5529 3030 5588 de
3055 5529 3231 5588 bonis
3243 5545 3381 5604 quai
3401 5530 3600 5592 babe-
