3784 6000
259 202 423 272 ssve

263 340 695 398 reducerentur
713 346 770 397 et
788 340 1036 398 cultum.
1059 343 1231 408 Quod
1250 343 1425 400 etiam
1440 346 1499 400 in
1513 359 1585 401 eo
1598 342 1919 401 locomon-
1946 339 1998 396 A
2035 340 2357 407 exstiterat,
2382 356 2493 398 nos
2502 338 2579 398 de
2591 338 2688 397 his
2707 356 2844 413 qum
2864 339 2944 397 ad
2967 334 3224 412 injuncti
3243 330 3442 391 nobis
3457 332 3664 403 sposs-

263 434 503 499 stratur,
539 429 596 486 in
630 445 754 501 quo
783 434 840 485 et
874 429 948 486 de
974 430 1407 489 confirmandis
1436 431 1717 490 fratribus
1745 432 1914 506 (Luc.

263 518 409 589 xxu)
440 523 496 574 et
525 518 598 573 de
622 518 939 590 pascendis
972 520 1290 576 Dominicis
1320 522 1536 580 ovibus
1566 522 1764 593 (Joan.
1793 520 1917 591 xxi)

267 613 631 680 praeceptum
654 622 689 662 a
714 606 966 663 Domino
1004 613 1207 665 nostro
1235 608 1450 681 legitur
1477 610 1529 667 ei
1553 611 1783 667 datum.

341 699 419 751 Ex
447 696 562 752 hac
608 695 811 768 itaque
854 701 1148 767 potestate
1190 715 1327 771 quae
1368 699 1447 756 ad
1487 701 1545 756 Β.
1579 701 1813 755 Petrum
1843 712 1917 753 ex

271 784 580 842 Dominiea
601 783 920 842 traditione
942 787 1231 857 pervenit,
1250 793 1635 845 sacrosancta
1648 790 1920 844 Romana

268 872 551 939 Ecclesia,
579 889 714 945 quoe
752 889 859 945 per
910 874 1232 932 Dominum
1264 878 1463 933 Jesum
1509 877 1808 935 Christum
1840 873 1919 930 ab

266 961 482 1019 eodem
508 964 571 1018 B.
603 965 769 1019 Petro
794 962 1059 1020 instituta
1089 969 1259 1022 estet
1284 964 1556 1036 tundata,
1584 980 1764 1037 super
1794 963 1923 1019 uni-

271 1065 478 1106 versas
512 1050 806 1107 Ecclesiae
844 1053 1262 1110 auctoritatem
1289 1053 1566 1119 obtinuit,
1596 1059 1662 1110 ut
1696 1052 1921 1124 ubique

268 1142 469 1197 ratum
495 1144 654 1196 esset
682 1155 752 1196 ac
770 1140 1033 1197 solidum
1059 1141 1224 1213 quod
1251 1143 1440 1215 ipsius
1459 1142 1777 1216 prudentia
1806 1145 1922 1196 sta-

273 1228 499 1283 tuisset.
521 1228 692 1294 Quod
714 1229 894 1285 etiam
908 1228 987 1286 ab
1003 1231 1298 1287 universis
1312 1231 1581 1288 Ecclesiis
1594 1246 1697 1304 per
1712 1229 1919 1286 orbem

272 1320 569 1372 terrarum
603 1333 1043 1391 usquequaque
1071 1318 1307 1375 diffusis
1339 1325 1397 1376 et
1424 1325 1724 1393 receptum
1757 1323 1925 1375 estet

254 1408 600 1470 servatum,
629 1406 710 1461 ita
754 1410 817 1462 ut
858 1411 918 1463 et
962 1422 1069 1479 per
1115 1424 1251 1464 eam
1280 1408 1619 1465 distributio
1668 1408 1821 1464 lacta
1851 1406 1927 1463 sit

274 1492 656 1563 dignitatum,
690 1498 746 1549 et
772 1493 1030 1552 inditum
1054 1496 1258 1553 Christi
1286 1497 1566 1555 fidelibus
1592 1502 1650 1554 et
1672 1496 1927 1567 diligen-

274 1582 434 1638 tibus
446 1582 786 1638 ordinatum
799 1584 962 1655 quod
975 1583 1053 1641 ad
1067 1585 1292 1641 cultum
1309 1586 1601 1657 pertinere
1616 1586 1812 1641 visum
1834 1589 1928 1641 est

1716 201 1911 275 tucn
1945 208 2025 271 ιιι
2055 210 2270 273 PAPAE

2023 1051 2124 1123 ius
2139 1050 2522 1108 minuebatur
2535 1051 2948 1114 ulterius,cum
2952 1049 3080 1125 jam
3094 1052 3234 1106 ante
3245 1042 3678 1104 monasterium

2023 1319 2160 1394 jure
2193 1305 2400 1374 fuisset
2436 1323 2782 1390 exemptum
2816 1322 2873 1375 et
2901 1316 3080 1390 plena
3105 1314 3166 1371 in
3198 1310 3503 1370 omnibus
3529 1308 3686 1366 liher-

2023 428 2181 485 latus
2204 446 2241 487 a
2256 430 2377 486 Deo
2394 435 2664 503 spectant
2684 428 2949 488 officium
2962 426 3222 487 existere
3239 418 3664 481 difficilesvide·
3693 466 3704 495 ;

2023 534 2245 584 remur,
2269 524 2326 575 et
2357 522 2521 576 tanta
2543 518 2672 590 ejus
2693 523 2749 576 et
2777 524 2984 575 nostra
3014 517 3400 574 minueretur
3421 508 3662 567 tarditat·

2024 607 2282 675 devotio,
2315 612 2545 681 quanta
2573 607 2760 664 nostri
2791 606 2991 663 studio
3013 604 3092 662 de
3118 603 3290 661 bono
3317 595 3666 671 congruebat

2024 694 2101 753 ad
2131 696 2343 753 melius
2369 696 2625 753 incitari.
2661 698 2810 753 Nam
2841 711 2915 753 ex
2935 693 3053 752 hoc
3081 708 3194 767 pro
3224 686 3546 747 desiderio
3571 684 3666 757 ejus

2027 800 2146 841 non
2178 800 2394 857 parum
2424 784 2595 842 facile
2621 784 2937 843 videbatur
2965 782 3150 858 quod,
3179 780 3324 838 licet
3355 781 3524 836 esset
3547 775 3672 833 iuno-

2025 873 2220 941 litum,
2251 874 2417 945 quod
2446 872 2584 931 duae
2607 873 2970 946 metropoles
3001 877 3126 930 tam
3143 868 3372 927 vicium
3403 864 3674 923 consiste-

2026 968 2179 1033 rent,
2207 979 2278 1020 ex
2307 963 2422 1020 hac
2448 967 2649 1019 tamen
2680 977 2834 1020 nova
2854 960 3280 1019 constitutione
3293 968 3674 1029 nequaquam

2027 1141 2229 1213 ipsum
2254 1155 2361 1213 per
2388 1139 2874 1213 archiepiscopos
2914 1142 2973 1197 et
2999 1136 3349 1212 episcopos,
3373 1136 3512 1190 tam
3545 1131 3604 1187 in
3627 1145 3678 1186 se

2029 1246 2215 1304 quam
2253 1229 2314 1285 in
2343 1229 2630 1286 omnibus
2672 1228 2820 1287 locis
2859 1228 3004 1294 suis,
3035 1225 3115 1284 ab
3144 1221 3322 1282 omni
3364 1217 3682 1294 episcopali

2032 1412 2147 1466 tate
2162 1408 2283 1464 don
2290 1406 2553 1471 atum,ita
2565 1412 2629 1464 ut
2641 1406 2784 1463 nulli
2800 1405 3258 1478 archiepiscopo
3268 1399 3376 1459 vel
3387 1398 3682 1473 episcopo,

2031 1497 2144 1554 nisi
2193 1501 2423 1552 tantum
2459 1497 2628 1554 Rom.
2661 1495 2926 1569 pontiflci
2967 1492 3331 1565 subjaceret.
3369 1491 3455 1547 Te
3501 1487 3686 1559 itaque

2033 1584 2358 1642 venerabili
2386 1585 2449 1641 in
2497 1583 2728 1642 Christo
2757 1584 2923 1642 tratri
2949 1580 3269 1641 Guillelmo
3313 1579 3384 1635 in
3429 1575 3686 1648 eiusdem

278 1670 536 1743 pietatis.
566 1673 644 1726 Ex
676 1671 789 1728 hac
820 1672 1115 1744 siquidem
1146 1674 1290 1730 data
1313 1677 1371 1731 B.
1416 1677 1579 1731 Petro
1610 1691 1646 1731 a
1679 1674 1927 1731 Domino
1962 1684 2007 1741 Β
2032 1674 2147 1731 1οοί
2176 1673 2699 1748 archiepiscopum
2732 1673 2946 1731 nostris
2971 1675 3264 1744 tanquam
3293 1670 3360 1724 B.
3389 1664 3548 1723 Petri
3579 1680 3692 1721 ms-

277 1763 571 1832 potestate
612 1760 740 1831 ipse
788 1765 843 1816 et
896 1777 1274 1819 successores
1316 1764 1506 1836 ipsius
1555 1778 1661 1835 per
1688 1762 1930 1819 diversa

278 1848 491 1906 mundi
520 1847 654 1905 loca
681 1849 1118 1907 constituerunt
1154 1851 1492 1924 episcopos,
1520 1858 1576 1909 et
1611 1852 1930 1926 dignitates

276 1953 385 2011 per
414 1936 754 2009 provincias
783 1938 1135 1996 diviserunt.
1161 1943 1277 1997 Nos
1297 1941 1499 2010 etiam,
1532 1941 1637 2015 qui
1663 1943 1766 2009 eis,
1796 1941 1934 1997 licet

278 2026 542 2097 impares
563 2026 808 2092 meritis,
839 2025 1093 2086 Domino
1117 2035 1391 2097 vocante,
1416 2031 1836 2103 successimus,
1869 2030 1932 2087 in

279 2116 434 2179 loco,
464 2114 566 2189 qui
615 2115 1008 2186 Monsregalis
1053 2118 1282 2185 dicitur,
1322 2134 1430 2191 pro
1461 2118 1651 2177 multa
1679 2119 1932 2175 utilitate

280 2202 490 2278 populi
533 2202 846 2261 Christiani
881 2208 1376 2279 metropoliticam
1413 2209 1619 2266 sedem
1648 2208 1935 2265 duximus

281 2292 685 2349 statuendam.
728 2294 874 2349 Cum
916 2296 1131 2351 etenim
1174 2297 1563 2354 charissimus
1602 2298 1664 2355 in
1706 2298 1935 2355 Christo

281 2381 443 2437 filius
462 2385 664 2437 noster
685 2381 1051 2453 Guillelmus‚
1075 2384 1320 2441 illustris
1343 2385 1553 2443 Siciliae
1575 2402 1697 2453 rex,
1717 2386 1936 2443 divinae

285 2469 738 2541 charitatisigne
755 2487 1104 2539 succensus,
1119 2473 1196 2530 ad
1218 2474 1474 2544 gloriam
1496 2476 1595 2532 Dei
1613 2475 1937 2533 etsalutem

288 2574 463 2615 suam
498 2575 568 2614 ac
599 2564 919 2629 parentum
943 2578 1194 2618 suorum
1233 2566 1666 2622 monasterium
1691 2564 1773 2621 ibi
1804 2564 1938 2621 fun-

288 2646 512 2714 dasset,
544 2652 601 2702 et
621 2647 817 2719 primo
834 2648 1035 2705 locum
1067 2650 1145 2706 ad
1175 2652 1234 2707 id
1261 2652 1563 2723 agendum
1597 2655 1654 2709 B.
1688 2654 1855 2710 Petro
1885 2659 1943 2709 et

288 2736 574 2791 Romanas
603 2734 917 2793 obtulisset
948 2739 1245 2804 Ecclesiae,
1280 2740 1358 2797 ab
1397 2742 1721 2813 episcopali
1748 2741 1944 2812 subJe-

290 2822 485 2878 ctione
508 2837 612 2893 per
630 2826 1044 2882 auctoritatem
1066 2829 1520 2900 praedecessoris
1551 2831 1735 2886 nostri
1759 2828 1946 2886 felicis

294 2911 599 2969 memoriae
617 2912 936 2969 Alexandri
948 2930 1121 2987 papoe
1135 2933 1574 2993 assensumque
1587 2919 1946 2976 venerabilis

2036 1763 2215 1821 nibus
2244 1778 2668 1819 consecramus
2714 1766 2771 1820 et
2813 1760 2978 1834 pallii
3024 1758 3319 1832 dignitate
3379 1754 3692 1812 statuimus

2037 1850 2466 1909 decorandum.
2489 1850 2802 1923 Recipiens
2832 1849 3078 1924 quidem
3101 1844 3352 1904 tandem
3389 1842 3696 1901 eeclesiam

2040 1941 2118 2000 ad
2148 1941 2437 1997 honorem
2477 1938 2709 1997 Domini
2759 1939 2856 1997 Dei
2898 1936 3083 1996 nostri
3128 1939 3186 1994 et
3239 1932 3618 1992 memoriam
3647 1932 3698 1987 Β.

2040 2031 2236 2087 Marioe
2245 2029 2507 2099 virginis,
2525 2029 2692 2098 regia
2704 2027 3056 2085 liberalitate
3068 2024 3422 2089 fundatam,
3436 2020 3700 2093 subapo·

2042 2118 2506 2177 stolicatuitione
2516 2117 2872 2175 muniminis
2885 2119 3158 2174 etnostro
3172 2110 3523 2186 privilegio,
3543 2108 3700 2184 quod

2043 2209 2266 2266 t'actum
2292 2211 2400 2276 est,
2420 2207 2802 2263 roboramus.
2827 2205 3153 2263 Statuimus
3176 2205 3387 2259 autem
3407 2197 3700 2271 imprimis

2046 2295 2268 2354 utordo
2299 2296 2689 2360 monasticus,
2712 2294 2817 2367 qui
2843 2292 3179 2350 secundum
3215 2289 3316 2347 Dei
3349 2288 3630 2345 timorem
3651 2292 3702 2342 et

2048 2387 2102 2441 Β.
2142 2383 2437 2441 Benedicti
2469 2383 2756 2453 Regulam
2795 2387 2853 2441 et
2882 2380 3165 2439 cavensis
3205 2375 3572 2435 monasterii
3603 2374 3702 2431 ob·

2047 2473 2383 2531 servantias
2407 2473 2467 2527 in
2493 2487 2565 2529 eo
2601 2471 2734 2529 loeo
2749 2471 3106 2529 constitutus
3134 2482 3275 2525 esse
3305 2464 3696 2539 dignoscitur.

2047 2563 2351 2637 perpetuis
2376 2561 2598 2617 ibidem
2629 2560 3022 2634 temporibus,
3044 2554 3488 2615 iuviolabiliter
3513 2552 3698 2610 obse*

2052 2658 2239 2709 vetur.

2121 2741 2410 2798 Praeterea
2420 2754 2816 2815 quascunque
2827 2736 3244 2811 possessiones
3259 2737 3702 2805 etquaeeunque

2052 2832 2215 2887 bona
2234 2828 2445 2887 eadem
2459 2827 2710 2884 ecclesia
2729 2827 2790 2882 in
2806 2825 3272 2899 praesentiarum
3289 2837 3374 2880 ex
3393 2821 3560 2877 dono
3575 2834 3704 2893 pre-

2054 2918 2348 2975 nominati
2368 2918 2520 2989 regis
2539 2921 2597 2972 et
2606 2928 2987 2988 quorumque
3001 2912 3260 2969 aliorum
3283 2907 3708 2967 rationabiliter

294 3000 491 3057 fratris
533 3003 715 3074 nostri
749 3004 1025 3061 Cualterli
1072 3008 1479 3066 panormitani
1508 3009 1946 3082 archiepiscopi
1982 3043 2024 3102 C
2053 3008 2343 3081 possidet,
2375 3011 2478 3064 aut
2514 3006 2575 3062 in
2607 3004 2872 3062 futurum
2905 3000 3302 3061 concessione
3329 2997 3707 3073 pontificum,

294 3088 551 3146 liberum
563 3090 825 3148 reddidit
840 3097 899 3149 et
917 3095 1208 3168 quietum.
1232 3100 1313 3160 Ac
1331 3099 1414 3155 sic
1433 3098 1702 3156 aediticiis
1718 3099 1947 3169 erigen-

295 3177 391 3236 dis
417 3180 643 3250 regiam
675 3195 882 3239 curam
912 3183 1271 3256 impendens
1298 3187 1461 3244 brevi
1492 3193 1758 3262 tempore
1799 3193 1949 3244 tem-

298 3266 465 3340 plum
498 3267 752 3327 Domino
783 3271 1038 3330 multum
1070 3275 1255 3345 digna
1272 3276 1788 3335 administratione
1809 3292 1948 3333 con-

299 3356 528 3422 struxit,
545 3359 750 3414 castris
764 3361 1180 3420 munitissimis
1190 3370 1251 3421 et
1267 3365 1600 3423 redditibus
1614 3383 1711 3424 am
1722 3366 1944 3436 pliavit,

2055 3097 2365 3168 largitione
2397 3095 2759 3168 principum,
2793 3092 3098 3150 oblatione
3122 3089 3430 3156 fidelium,
3461 3101 3569 3144 seu
3597 3085 3712 3143 aliis
3783 3103 3784 3109 ¹

2051 3185 2228 3259 justis
2252 3184 2447 3241 modis
2472 3184 2689 3256 poterit
2720 3181 3000 3255 adipisci,
3019 3180 3191 3237 firma
3226 3178 3438 3235 eidem
3461 3173 3710 3234 ecclesio

2058 3276 2117 3332 in
2137 3277 2490 3347 perpetuum
2510 3277 2568 3328 et
2583 3270 2811 3329 illibata
2823 3272 3242 3344 permaneant.
3269 3268 3342 3324 ln
3363 3262 3710 3339 quibusepi-

2060 3367 2377 3436 scopatum
2407 3360 2805 3418 Catanensem
2828 3359 3076 3432 proprio
3104 3355 3402 3413 duximus
3429 3351 3711 3410 vocabulo

298 3442 466 3500 libris
485 3450 542 3501 et
559 3447 744 3503 sacris
767 3449 1030 3507 vestibus
1042 3459 1359 3523 etargento
1375 3454 1905 3513 decoravitetauro
1934 3470 1945 3509 :
2059 3452 2526 3522 designandum.
2573 3464 2751 3522 quem
2798 3464 2911 3506 nos
2958 3447 3034 3505 de
3074 3445 3331 3502 fratrum
3377 3446 3710 3499 nostrorum

300 3536 358 3589 et
388 3533 631 3591 tandem
657 3537 1104 3597 multitudinem
1137 3544 1573 3601 monachorum
1604 3543 1679 3600 de
1706 3543 1952 3601 Cavensi
2062 3541 2368 3599 communi
2391 3539 2643 3596 consilio
2663 3537 2740 3595 ad
2761 3537 3011 3593 multam
3024 3533 3290 3609 praedicti
3310 3531 3473 3603 regis
3499 3531 3708 3588 instan-

302 3620 511 3679 ordine
531 3621 928 3684 introduxitet
946 3629 1252 3687 intantum
1270 3633 1602 3690 oedificiiset
1620 3634 1801 3689 rebus
1824 3631 1954 3690 aliis
2064 3633 2206 3688 tiam
2249 3629 2351 3686 tibi
2381 3629 2617 3701 tuisque
2648 3625 3116 3692 successoribus,
3153 3624 3313 3680 sicut
3336 3619 3601 3695 propriis
3627 3632 3710 3674 ar·

302 3710 507 3768 extulit
554 3712 754 3773 locum
784 3716 984 3785 istum,
1023 3725 1083 3775 ut
1118 3721 1313 3776 simile
1353 3737 1506 3794 opus
1539 3738 1643 3792 per
1690 3722 1952 3796 aliquem
2065 3718 2462 3792 ehiepiscopis
2485 3715 2921 3789 metropolitico
2938 3715 3002 3771 in
3031 3715 3401 3787 perpetuum
3425 3705 3714 3766 constitui-

302 3814 509 3872 regum
541 3801 765 3859 laetum
803 3821 922 3863 non
969 3808 1143 3864 tuerit
1171 3825 1207 3865 a
1253 3809 1471 3866 diebus
1507 3811 1772 3883 antiquis
1804 3817 1867 3867 ut
1895 3810 1955 3866 in
2069 3825 2206 3864 mus
2223 3809 2356 3879 jure
2372 3807 2638 3863 subesse.
2667 3804 3017 3878 Episcopale
3044 3814 3294 3875 quoque
3319 3795 3714 3872 iusetomnis

305 3887 768 3949 admirationem
790 3894 1066 3954 homines
1088 3898 1372 3968 adducat,
1395 3899 1474 3956 ad
1490 3915 1645 3972 quos
1656 3913 1726 3954 ex
1750 3898 1960 3956 auditu
2069 3914 2205 3971 quoe
2234 3898 2294 3952 in
2340 3896 2649 3970 suscriptis
2685 3896 2832 3954 locis
2868 3909 2943 3952 ex
2971 3891 3371 3950 concessione
3399 3887 3655 3946 fratrum
3671 3887 3715 3939 et

307 3977 436 4034 solo
457 3982 715 4050 potuerit
734 3983 902 4055 quod
930 3985 1155 4043 factum
1178 3995 1267 4044 est
1292 3989 1617 4060 pervenire.
1641 3987 1862 4045 Deinde
1880 3988 1960 4045 ad
2070 3986 2553 4060 coepiscoporum
2568 3991 2898 4041 nostrorum
2908 3977 3488 4049 habes,auctoritate
3500 3977 3717 4048 aposto-

306 4067 728 4139 opusbonum,
754 4072 906 4130 sicut
926 4090 1137 4131 cervus
1150 4077 1226 4133 ad
1240 4076 1433 4134 fontes
1455 4092 1754 4150 aquarum
1781 4077 1963 4134 anhe-

305 4155 459 4228 lans,
484 4162 543 4214 et
561 4160 868 4218 modicum
891 4168 1173 4234 reputans
1186 4166 1485 4240 quidquid
1501 4166 1791 4224 desiderio
1817 4167 1966 4223 fece·

309 4249 402 4302 rat
430 4249 814 4314 internorum,
834 4250 1006 4321 juxta
1026 4253 1081 4308 id
1115 4254 1281 4325 quod
1311 4254 1618 4326 Sapientia
1648 4254 1827 4313 dicit:
1854 4254 1967 4323 Qui

311 4332 494 4389 edunt
523 4349 633 4399 me,
666 4336 867 4394 adhuc
891 4340 1170 4409 esurient,
1202 4348 1253 4399 et
1283 4344 1389 4414 qui
1419 4343 1623 4400 bibunt
1650 4359 1744 4401 me
1766 4344 1967 4402 adhuc

311 4419 511 4478 sitient
527 4421 1271 4501 (Eccli.xxiv),apraedicto
1284 4432 1723 4503 praedecessore
1737 4439 1964 4500 nostro,

313 4514 372 4567 et
403 4510 580 4569 nobis
618 4514 765 4586 ipsis
803 4522 859 4573 et
895 4517 1181 4575 fratribus
1228 4522 1444 4577 nostris
1487 4537 1624 4577 cum
1662 4521 1847 4578 multa
1882 4523 1970 4579 in·

315 4601 535 4658 stantia
556 4605 897 4674 postulavit,
920 4613 984 4664 ut
1001 4608 1281 4665 eumdem
1304 4610 1507 4667 locum
1528 4608 1819 4680 dignitate
1842 4626 1970 4667 me-

315 4688 649 4762 tropolitica
674 4694 1063 4765 donaremus,
1092 4698 1418 4770 praesertim
1446 4715 1584 4755 cum
1615 4703 1676 4756 et
1698 4698 1837 4755 illuc
1866 4714 1972 4772 po.

315 4779 528 4849 pulum
550 4798 915 4858 congregare
945 4788 1224 4860 coepisset
1264 4792 1323 4844 et
1352 4789 1700 4859 disponeret
1724 4802 1972 4858 congre·

318 4886 480 4942 gare,
510 4874 615 4946 qui
645 4890 718 4930 ex
748 4874 845 4932 illa
876 4884 1038 4946 parte
1063 4881 1268 4935 contra
1296 4878 1570 4934 omnium
1588 4876 1971 4934 inimicorum

318 4962 595 5019 incursus
614 4963 1083 5037 inexpugnabile
1114 4968 1422 5023 munimen
1445 4972 1649 5040 posset
1672 4967 1776 5023 toti
1802 4972 1971 5023 terras

322 5051 606 5110 conferre.

2070 4077 2187 4134 lica
2217 4075 2322 4133 tibi
2372 4075 2610 4147 tuisque
2662 4071 3115 4128 successoribus
3160 4067 3639 4129 confirmamus,
3673 4063 3720 4118 et

2074 4165 2251 4223 firma
2279 4169 2337 4220 et
2357 4162 2584 4219 illibata
2608 4160 2913 4236 perpetuis
2943 4158 3320 4231 temporibus
3346 4153 3720 4214 decernimus

2074 4268 2427 4327 permanere
2448 4268 2463 4319 ;
2487 4267 2560 4307 ex
2580 4249 2966 4308 concessione
2982 4246 3201 4304 scilicet
3219 4242 3600 4303 venerabilis
3617 4239 3722 4297 tra·

2076 4344 2181 4400 tris
2244 4342 2431 4397 nostri
2480 4339 2757 4397 Gualterii
2812 4335 3219 4397 panormitani
3287 4325 3723 4405 archiepiscopi

2079 4448 2216 4490 cum
2262 4430 2590 4495 voluntate,
2624 4434 2679 4485 et
2709 4427 2958 4485 consilio
2982 4430 3041 4484 et
3055 4438 3313 4482 assensu
3339 4423 3626 4480 omnium
3647 4431 3728 4474 ca-

2079 4519 2430 4577 nonicorum
2453 4533 2723 4582 suorum,
2746 4521 2804 4574 et
2827 4517 2990 4589 regia
3010 4513 3191 4572 etiam
3212 4508 3633 4576 conniventia,
3653 4510 3728 4562 to-

2081 4615 2199 4667 tam
2226 4608 2597 4680 parochiam,
2624 4606 3004 4663 etdioecesim
3025 4599 3251 4660 castelli
3265 4599 3587 4658 Cet-leonis
3605 4609 3726 4653 cum

2081 4698 2444 4756 monasterio
2486 4699 2542 4754 S.
2579 4696 2766 4753 Mariae
2793 4692 3184 4764 Magdalenoe,
3215 4693 3277 4746 et.
3315 4687 3458 4745 aliis
3481 4683 3730 4744 ecclesiis

2082 4804 2220 4846 cum
2240 4786 2491 4844 decimis
2507 4791 2565 4842 et
2586 4784 2717 4841 aliis
2732 4783 2998 4856 justitiis,
3019 4796 3175 4854 quas
3201 4777 3282 4835 de
3315 4775 3664 4834 baronibus
3685 4774 3730 4826 et

2083 4877 2213 4936 aliis
2241 4873 2587 4932 hominibus
2637 4873 2829 4946 ipsius
2869 4870 3096 4929 castelli
3138 4875 3195 4924 et
3235 4862 3732 4940 pertinentiarum

2081 4967 2232 5037 ejus,
2275 4963 2698 5020 panormitana
2744 4960 2999 5019 ecclesia
3039 4957 3276 5014 solebat
3322 4954 3662 5028 percipere,
3687 4949 3733 5004 et

2082 5071 2218 5112 cum
2240 5054 2406 5110 omni
2426 5051 2752 5124 episcopali
2776 5051 2909 5121 iure
2938 5047 3103 5122 quod
3126 5046 3187 5102 in
3214 5046 3436 5101 eadem
3461 5039 3732 5115 parochie

393 5143 572 5200 Porro
601 5157 733 5210 nos,
766 5142 1193 5201 deliberatione
1221 5144 1431 5202 habita
1460 5161 1579 5202 non
1609 5160 1797 5218 parva
1833 5159 1972 5201 cum
2081 5150 2139 5201 et
2174 5142 2415 5200 dioecesi
2451 5141 2763 5198 videbatur
2789 5139 3015 5196 habere
3049 5153 3066 5204 ;
3096 5132 3418 5192 ecclesiam
3465 5134 3734 5205 praeteres

322 5231 700 5299 fratribus,et
722 5232 1096 5290 attendentes
1107 5248 1494 5290 communem
1515 5233 1825 5291 utilitatem
1836 5249 1974 5306 quae
2086 5235 2148 5292 S.
2176 5231 2473 5305 sylvestri,
2500 5246 2638 5303 (1¹1oe
2654 5224 3109 5285 fuersstdomissfi
3130 5227 3189 5280 θ*
3209 5218 3444 5296 ΡῙὋΡΥῙῙ
3467 5219 3627 5293 Ῐῧῑί*
3643 5217 3732 5272 ¹²⁸·

322 5321 399 5379 de
435 5322 807 5380 incremento
844 5322 1001 5380 illius
1046 5323 1161 5380 loci
1205 5329 1502 5396 speratur,
1541 5321 1867 5390 desiderio,
1917 5327 1978 5380 et
2084 5321 2433 5380 normitanae
2480 5318 2762 5385 ecclesias,
2793 5331 2980 5390 quam
3019 5329 3130 5386 pro
3171 5326 3245 5369 eo
3280 5309 3454 5383 quod
3489 5305 3734 5366 euoluit

324 5411 591 5482 petitioni
639 5412 770 5484 ejus
817 5426 937 5469 non
978 5411 1266 5470 duximus
1304 5411 1721 5482 abnuendum,
1749 5427 1822 5469 ne
1871 5410 1978 5469 ubi
2086 5418 2204 5470 tuae
2222 5409 2480 5467 multum
2496 5407 2735 5473 vicinat,
2755 5412 2812 5464 et
2834 5404 3232 5464 multumerat
3268 5397 3734 5472 utilioreiquan

328 5496 784 5560 liberalissimus
810 5501 945 5576 ipse
969 5501 1046 5560 de
1075 5502 1356 5561 thesauro
1389 5508 1445 5559 et
1483 5501 1831 5579 tenimentis,
1852 5501 2014 5577 suis,
2089 5500 2527 5560 Panormitam
2548 5495 2834 5568 ecclesia,
2855 5495 2989 5570 jam
3015 5491 3212 5552 dictus
3227 5487 3732 5564 achiepiscopus.
