3784 6000
1714 218 1908 281 Lucu
1944 218 2020 279 m
2058 220 2268 281 PAPAE

253 347 697 408 testificandum
721 347 1043 415 adducere,
1059 350 1350 405 eteorum
1370 346 1742 414 testimonio,
1764 346 1922 404 sicut
1950 347 1996 401 Α
2104 350 2224 419 Ego
2239 348 2580 407 'theodinus
2598 348 2941 407 Portuensis
2961 348 3268 407 etSanct·
3288 346 3530 405 Ruflnoe
3547 346 3689 405 sedis

251 445 483 500 rectum
500 438 695 504 fuerit,
712 443 768 496 et
793 437 1145 510 propulsare
1166 436 1517 494 violentiam
1543 442 1602 494 et
1620 436 1921 510 iustitiam
2030 435 2379 510 episcopus.

255 529 576 587 vindicare.
597 526 988 584 prohibemus
1017 541 1263 600 quoque
1285 542 1358 583 ne
1380 526 1626 584 cuilibet
1645 526 1925 584 ecclesia-

257 619 419 677 sticoe
458 615 547 674 vel
596 615 869 672 saeculari
900 630 1176 688 personas
1214 615 1305 672 tas
1337 615 1494 672 sitin
1523 615 1790 673 ecclesiis
1820 629 1922 672 ve·

257 707 414 773 stris,
456 711 664 762 contra
716 707 942 760 statuta
979 704 1396 767 Lateranensis
1436 703 1696 771 concilii,
1731 703 1923 761 tallias

256 808 532 854 exercere
556 792 649 850 vel
673 792 979 866 quaslibet
998 794 1151 850 alias
1173 793 1345 851 vobis
1365 793 1599 866 ineptas
1614 799 1673 851 et
1689 794 1927 867 iniquas

255 882 603 942 exactiones
628 882 962 956 imponere.
995 882 1415 940 interdicimus
1445 882 1627 940 etiam
1657 882 1827 940 vobis
1851 897 1928 939 ne

255 973 434 1038 ieras,
471 987 633 1038 aves,
665 987 868 1042 canes,
903 971 1023 1028 sive
1054 977 1269 1029 coetera
1296 971 1648 1043 hujusmodi
1685 971 1931 1029 curiosi·

258 1061 392 1121 tatis
403 1060 694 1119 animalia
707 1078 742 1119 a
753 1059 1024 1135 quolibet
1039 1060 1359 1118 nutrienda
1372 1060 1498 1117 sive
1511 1061 1925 1126 custodienda,

258 1151 320 1208 in
336 1150 770 1209 detractionem
800 1150 976 1208 vestri
996 1149 1249 1217 ordinis,
1278 1150 1579 1224 suscipere
1604 1166 1932 1224 praesuma·

258 1240 352 1298 tis.
384 1244 587 1307 Porro,
620 1244 685 1298 ut
708 1239 970 1312 quietius
1000 1239 1122 1296 Deo
1168 1240 1391 1297 servire
1424 1239 1693 1314 possitis,
1719 1243 1777 1297 et
1809 1239 1932 1296 dis-

257 1328 537 1387 currendi
557 1344 594 1387 a
613 1328 786 1385 vobis
805 1330 1133 1386 necessitas
1157 1328 1463 1386 auferatur
1489 1328 1770 1403 praesenti
1793 1328 1930 1386 scri·

257 1421 363 1494 pto
385 1417 673 1475 duximus
702 1416 1145 1489 indulgendum
1175 1422 1239 1474 ut
1259 1418 1334 1488 si,
1362 1418 1665 1491 episcopis
1695 1417 1929 1478 vestris,

260 1512 366 1565 aut
392 1506 691 1564 malitiose
734 1504 1177 1579 differentibus,
1210 1506 1305 1564 vel
1336 1523 1448 1580 pro
1473 1507 1641 1579 Justo
1683 1507 1931 1581 impedi-

262 1601 468 1655 mento
492 1611 612 1653 non
640 1595 982 1653 valentibus
998 1595 1412 1654 ordinationes
1433 1601 1492 1653 et
1512 1601 1730 1654 caetera
1748 1596 1933 1654 eccle-

2102 525 2227 597 Ego
2254 527 2476 586 Paulus
2511 527 2919 585 Proenestinus
2938 527 3283 601 episcopus.

2036 617 2523 765 ευξῖἓῃλὲαηηοε
2563 617 2877 691 presbyter
2907 615 3230 677 cardinalis
3266 614 3430 675 tituli
3475 616 3693 673 Sancta

2107 795 2229 868 Ego
2246 794 2555 854 Laborans
2580 794 2892 869 presbyter
2910 793 3232 853 cardinalis
3248 794 3494 852 sanctas
3513 793 3696 851 Uaria

2038 887 2204 951 trans
2240 882 2499 941 Tiberim
2529 882 2683 941 tituli
2709 882 2942 941 Calixti.

2110 969 2233 1043 Ego
2269 971 2579 1030 Pandarus
2617 972 2929 1046 presbyter
2974 925 3303 1029 cardinalis
3349 968 3515 1028 tituli
3547 968 3697 1028 basi·
3783 1001 3784 1026 ³

2036 1058 2167 1121 licae
2190 1061 2519 1118 Duodecim
2550 1065 2995 1134 Apostolorum.

2111 1152 2235 1223 Ego
2269 1149 2532 1209 Jacobus
2560 1151 2795 1208 Sancto
2831 1150 3030 1209 Uario
3057 1149 3121 1208 in
3149 1147 3488 1208 cosmedin
3515 1147 3700 1207 diaeo-

2037 1254 2158 1297 nus
2181 1239 2524 1298 cardinalis.

2112 1328 2237 1399 Ego
2259 1328 2485 1386 Arditio
2512 1326 2810 1387 diaconus
2836 1326 3160 1386 cardinalis
3185 1328 3248 1387 S.
3273 1325 3605 1387 Theodori.

2112 1420 2235 1489 Ego
2287 1418 2604 1476 Gratianus
2634 1419 2993 1477 Sanctorum
3040 1418 3276 1477 Cosmo
3329 1422 3398 1475 et
3438 1415 3698 1475 Damisni

2040 1506 2330 1565 diaconus
2354 1504 2700 1565 cardinalis.

2123 1596 2245 1668 Ego
2266 1596 2628 1654 Octavianus
2654 1595 3010 1654 Sanctorum
3042 1595 3232 1668 Sergii
3248 1600 3310 1652 et
3343 1593 3570 1653 Bacclfi
3587 1593 3696 1651 dis·

264 1685 509 1743 siastica
538 1685 824 1757 mysteria
855 1684 1028 1742 vobis
1072 1684 1368 1752 conterre,
1401 1685 1667 1759 aliquem
1701 1684 1934 1759 episco.
1961 1697 2009 1755 Β
2042 1700 2234 1743 conus
2260 1684 2612 1743 cardinalis.

261 1789 434 1847 pum,
461 1773 538 1830 de
557 1774 731 1847 cujus
747 1773 1128 1832 ordinatione
1148 1778 1204 1832 et
1238 1773 1448 1832 officio
1467 1774 1647 1848 plena
1661 1775 1736 1832 sit
1761 1774 1933 1841 vobi.

263 1862 495 1930 notitia,
518 1862 819 1936 hospitem
847 1878 958 1920 vos
978 1861 1202 1920 habere
1218 1863 1555 1937 contigerit,
1583 1865 1842 1922 liberum
1860 1865 1935 1922 sit

263 1952 438 2009 vobis
470 1950 551 2010 ab
579 1967 652 2009 eo
681 1956 737 2008 et
775 1951 1197 2011 ordinationes
1225 1957 1281 2010 ct
1315 1957 1530 2011 caetera
1558 1958 1935 2012 sacramenta

265 2041 591 2114 suscipere,
618 2042 769 2099 dum
791 2046 994 2099 tamen
1023 2041 1244 2099 dioeces
1261 2057 1381 2102 ano
1408 2041 1700 2117 episcopo
1719 2043 1935 2117 praeju-

264 2129 491 2188 dicium
515 2144 640 2190 non
668 2129 889 2189 debeat
915 2145 1223 2203 generare.

334 2246 627 2304 Proeterea
635 2246 1029 2320 postulationi
1042 2251 1250 2305 vestroe
1278 2247 1634 2307 clementius
1648 2248 1935 2323 inclinati,

271 2336 556 2410 praesenti
573 2335 802 2410 pagina
826 2334 1117 2393 duximus
1141 2336 1568 2408 inhibendum,
1591 2352 1666 2395 ne
1691 2340 1829 2413 quis
1849 2350 1941 2396 ar·

273 2424 697 2500 chiepiscopus
721 2424 819 2482 vel
847 2425 1191 2500 episcopus,
1221 2433 1326 2484 aut
1366 2442 1575 2485 eorum
1631 2426 1939 2499 officiales,

276 2513 558 2572 ecclesias
598 2518 841 2582 vestras,
877 2528 986 2571 seu
1028 2515 1336 2586 regulares
1373 2531 1669 2590 personas
1707 2531 1939 2584 earum,

272 2602 507 2675 absque
538 2602 858 2660 manifesta
882 2607 939 2659 et
964 2605 1312 2662 rationabili
1347 2621 1556 2671 cansa,
1591 2607 1942 2663 interdicere

273 2705 385 2748 seu
402 2689 771 2763 suspendere
800 2706 1107 2764 proesuma
1119 2697 1158 2751 t.
1186 2693 1322 2760 Sed,
1346 2694 1395 2751 si
1415 2694 1562 2768 quid
1578 2695 1638 2751 in
1659 2695 1746 2751 eis
1766 2693 1943 2751 fuerit

277 2778 723 2853 corrigendum,
746 2779 823 2837 ad
842 2780 1215 2838 audientiam
1239 2783 1500 2854 generali
1517 2783 1763 2856 capituli
1788 2783 1940 2842 Proe·

275 2869 738 2927 monstratensis
767 2868 1079 2936 referatur,
1134 2876 1192 2929 et
1236 2871 1340 2938 ibi,
1387 2878 1565 2946 prout
1600 2873 1848 2946 justitiae
1884 2877 1944 2931 et

274 2957 576 3016 honestati
603 2958 967 3029 congruerit,
993 2959 1374 3019 emendetur.
1402 2963 1580 3020 Porro
1609 2962 1657 3018 si
1684 2962 1790 3035 qui
1819 2963 1943 3037 epi-

277 3047 444 3120 scopi
474 3051 577 3104 aut
619 3062 830 3103 eorum
858 3047 1150 3106 officiales
1180 3049 1241 3106 in
1272 3066 1563 3123 personas
1593 3057 1821 3110 vestras
1852 3051 1941 3110 vel
1968 3057 2011 3117 C

276 3134 560 3195 ecclesias
584 3136 896 3194 scientiam
925 3137 1199 3211 aliquam
1216 3145 1426 3197 contra
1449 3138 1804 3209 libertatem,
1832 3142 1942 3199 eis-

278 3224 419 3282 dem
447 3240 483 3281 a
512 3224 1057 3297 praedecessoribus
1104 3228 1313 3285 vestris
1343 3228 1433 3286 vel
1461 3245 1498 3286 a
1536 3231 1714 3287 nobis
1742 3230 1941 3289 indul-

279 3313 1252 3386 tam,promulgaverint,eamdem
1267 3318 1940 3393 sententiam‚tanquam

280 3405 494 3460 contra
522 3403 869 3476 apostolicis
908 3405 1069 3463 sedis
1108 3405 1340 3465 indulta
1382 3408 1702 3481 prolatam,
1735 3409 1944 3468 statui·

282 3507 423 3549 mus
444 3491 825 3551 irritandam.

354 3613 739 3673 Decernimus
795 3632 938 3688 ergo
988 3621 1052 3673 ut
1107 3617 1256 3676 nulli
1313 3620 1563 3678 omnino
1617 3621 1938 3680 hominum

279 3702 458 3761 liceat
508 3704 792 3761 ecclesias
847 3713 1074 3764 vestras
1136 3712 1354 3767 temere
1407 3711 1777 3783 perturbare,
1833 3717 1940 3771 aut

285 3807 495 3850 earum
521 3794 938 3866 possessiones
972 3796 1228 3869 auferre,
1260 3797 1353 3855 vel
1382 3800 1615 3859 ablatas
1661 3802 1937 3873 retinere,

283 3883 555 3941 minuere
593 3899 701 3941 seu
756 3884 1127 3958 quibuslibet
1176 3889 1594 3948 vexationibus
1637 3890 1936 3964 fatigare;

283 3970 847 4047 sedomniaintegra
870 3982 1299 4034 conserventur
1309 3993 1541 4048 eorum,
1554 3994 1665 4054 pro
1674 3996 1938 4054 quorum

284 4061 713 4133 gubernatione
727 4080 796 4121 ac
809 4067 1238 4125 sustentatione
1249 4083 1533 4127 concessa
1546 4074 1688 4128 sunt
1704 4070 1938 4143 usibus,

284 4150 682 4237 omnismodis
709 4153 1046 4228 profutura,
1081 4156 1248 4216 salva
1271 4158 1430 4216 sedis
1457 4159 1802 4233 apostolicas
1828 4176 1936 4219 au·

285 4240 571 4297 ctoritate.
613 4241 672 4297 Si
716 4256 840 4315 qua
877 4244 1056 4315 igitur
1105 4244 1168 4303 in
1217 4246 1486 4306 futurum
1540 4249 1942 4310 ecclesiastica

2111 1777 2233 1845 Ego
2262 1774 2511 1832 Albinus
2531 1773 2856 1833 cardinalis
2880 1774 3116 1832 Sancto
3144 1772 3352 1832 uarie
3387 1776 3596 1831 Novas.

2116 1867 2329 1922 Datum
2350 1863 2640 1937 Anagnioe
2670 1879 2775 1938 per
2805 1879 3059 1921 manum
3088 1862 3313 1920 alberti
3343 1868 3580 1920 sancta
3604 1865 3700 1920 Bo-

2043 1967 2240 2011 manoe
2269 1951 2541 2011 Ecclesia
2570 1951 2904 2026 presbyteri
2924 1951 3249 2011 cardinalis
3273 1956 3340 2009 et
3369 1950 3701 2009 canoellarii

2044 2059 2100 2101 vi
2126 2042 2267 2100 idus
2307 2043 2514 2110 Martii,
2564 2042 2891 2101 indictione
2943 2041 3233 2110 secunda,
3265 2041 3705 2101 incarnationis

2046 2131 2366 2190 Dominicae
2406 2147 2569 2189 anno
2617 2133 2774 2198 1183,
2805 2131 3189 2206 pontificatus
3238 2129 3488 2189 domini
3529 2129 3706 2190 nostfi

2044 2221 2208 2280 Lucii
2226 2236 2402 2297 papas
2431 2220 2505 2278 ΙΙΙ
2530 2234 2692 2279 anno
2721 2221 2911 2279 tertio.

2743 2342 3011 2403 cxxxiii.

2047 2471 2329 2531 Abbct'iet
2351 2470 2656 2531 monachis
2684 2471 3092 2530 classensibus
3107 2471 3398 2544 precipit
3426 2477 3499 2530 ut
3525 2471 3702 2531 archi

2401 2544 2669 2614 episcopo
2693 2543 3027 2602 Ravennati
3048 2544 3361 2603 obediant.

2545 2669 2880 2742 (Anagnioe,
2920 2672 3086 2727 Mart.
3129 2671 3247 2742 20.)

2217 2795 2601 2872 [himinum
2627 2797 2856 2855 Annnl.
2887 2795 3260 2867 camaldul„
3296 2796 3390 2861 lv,
3419 2795 3484 2854 1¹
3503 2796 3580 2869 t.]

2125 2926 2324 2983 Lucius
2353 2922 2699 2997 episcopus,
2731 2937 2945 2980 servus
2972 2937 3292 2981 servorum
3332 2920 3466 2988 Dei,
3496 2919 3701 2979 dilectis

2051 3014 2258 3074 filiis...
2289 3013 2497 3072 abbati
2527 3019 2585 3071 et
2619 3012 2933 3071 monachis
2974 3010 3426 3080 Classensibus,
3466 3010 3702 3070 salutem

2050 3111 2107 3180 et
2130 3101 2528 3177 apostolicam
2556 3102 3061 3161 benedictionem.

2054 3183 2062 3191 ”
2123 3194 2269 3251 Cum
2280 3209 2318 3249 a
2328 3195 2526 3250 vesu-s
2535 3207 2662 3250 non
2674 3191 2894 3250 debeat
2906 3192 3180 3250 memoria
3187 3191 3707 3268 excidi-sequuta

2050 3296 2214 3357 quan
2221 3286 2279 3339 ta
2291 3280 2586 3339 beneficia
2600 3279 2858 3354 recipitis
2870 3280 2951 3338 ab
2972 3280 3236 3340 Ecclesia
3245 3278 3708 3344 Ravennatensi,

2049 3376 2347 3444 etquanta
2368 3370 2805 3428 monasterium
2831 3374 3098 3427 vestrum
3119 3372 3195 3426 de
3221 3370 3426 3444 gratia
3445 3377 3508 3429 et
3521 3368 3709 3428 hvon

2049 3458 2407 3518 venerabilis
2431 3457 2628 3517 fratris
2646 3459 2838 3516 nostri
2861 3458 3298 3533 archiepiscopi
3322 3458 3712 3533 spiritualiter

2048 3554 2107 3608 et
2121 3547 2533 3622 temporaliter
2545 3546 2742 3607 valeat
2758 3549 3023 3622 recipere
3032 3548 3442 3618 incrementa,
3455 3549 3604 3607 satis
3621 3562 3714 3622 pu

2044 3654 2153 3696 vos
2176 3639 2339 3713 ipsos
2377 3638 2439 3695 in
2466 3637 2852 3697 devotionem
2877 3638 3069 3711 ipsius
3092 3637 3407 3697 deberetis
3439 3654 3584 3697 esse
3615 3637 3716 3695 ier·
3783 3637 3784 3675 ³

2046 3732 2278 3795 ventes,
2307 3731 2366 3785 et
2405 3726 2684 3801 exemplo
2713 3732 2911 3785 vestro
2938 3726 3018 3786 ad
3046 3727 3179 3800 eius
3208 3727 3644 3787 obedientiam
3669 3729 3718 3784 et
3783 3747 3784 3782 z

2046 3816 2404 3891 obsequium
2452 3817 2602 3875 alios
2651 3816 2919 3874 invitare.
2965 3815 3294 3885 Quorcirca
3343 3815 3714 3877 universitati
3781 3787 3784 3869 ff

2046 3912 2259 3964 vestrae
2271 3921 2377 3979 per
2391 3905 2726 3980 apostolica
2735 3905 2957 3979 scripta
2967 3905 3346 3965 mandamus
3365 3911 3565 3983 atque
3583 3921 3716 3982 ιιι-ο-
3783 3944 3784 3952 1

2046 3995 2330 4070 cipimus,
2344 3999 2666 4069 quatenus,
2682 3994 2811 4054 solo
2829 4000 3080 4071 excepto
3093 3996 3266 4071 quod
3279 3997 3483 4056 bono
3502 4011 3717 4057 memo·

2047 4085 2150 4144 rioe
2170 4084 2525 4154 Gualterius,
2544 4085 2854 4160 quondam
2879 4083 3390 4160 archiepiscopus
3419 4090 3718 4146 Ravenna·

2049 4176 2148 4243 tis,
2168 4175 2245 4232 de
2272 4175 2615 4250 proestanda
2634 4174 2915 4234 fidelitate
2940 4174 3188 4247 remisit,
3210 4174 3276 4233 in
3301 4176 3454 4236 aliis
3481 4193 3722 4253 preser-

2049 4264 2156 4323 tim
2184 4264 2246 4321 in
2283 4263 2684 4339 promissione
2718 4263 3080 4323 obedientie
3109 4268 3170 4324 et
3208 4263 3722 4326 intrhonizatione

287 4327 672 4429 saecularisve
718 4344 1000 4403 persona,
1042 4334 1199 4393 hanc
1240 4341 1459 4395 nostroe
1502 4338 1942 4398 constitutionis
2052 4354 2233 4422 gedig,
2263 4355 2513 4427 quando
2558 4353 2688 4424 tibi,
2715 4354 2797 4412 fili
2825 4352 3041 4424 abbas,
3078 4352 3310 4412 fuerint
3338 4372 3724 4416 successores

288 4430 576 4488 paginam
593 4433 810 4486 sciens,
833 4424 1045 4480 contra
1063 4437 1198 4481 eam
1217 4429 1437 4484 temere
1462 4428 1663 4486 venire
1687 4434 1942 4489 tentave—
1971 4423 2018 4483 D
2050 4442 2239 4512 olgea,
2258 4443 2509 4518 praetato
2521 4443 2973 4517 gromepisoopo
2988 4442 3196 4516 eteius
3217 4444 3553 4514 Masi..
3572 4445 3725 4505 omni

284 4504 380 4572 rit,
404 4506 671 4564 secundo
691 4508 936 4567 tertiove
955 4512 1348 4583 commonita,
1372 4515 1484 4573 nisi
1500 4520 1734 4576 reatum
1760 4535 1942 4578 suum

288 4608 558 4666 congrua
575 4596 975 4657 satisfactione
987 4603 1327 4671 correxerit,
1345 4607 1651 4679 potestatis
1665 4608 1943 4666 honoris·

288 4699 407 4758 que
427 4684 519 4740 sui
539 4691 742 4744 careat
766 4688 1078 4761 dignitate,
1101 4707 1392 4767 reamque
1413 4710 1475 4751 se
1501 4694 1702 4753 divino
1715 4697 1943 4769 jndicio

288 4774 541 4831 existere
578 4774 655 4833 de
693 4783 1035 4851 perpetrata
1082 4781 1394 4857 iniquitate
1441 4791 1786 4856 cognoscat,
1820 4794 1878 4846 et
1906 4804 1944 4847 a

290 4863 701 4923 sacratissimo
746 4882 997 4941 corpore
1043 4877 1102 4928 et
1149 4873 1445 4947 sanguine
1488 4874 1589 4932 Dei
1617 4880 1674 4933 et
1705 4877 1944 4936 Domini

290 4951 705 5025 Redemptoris
735 4956 922 5013 nostri
964 4958 1101 5014 lesu
1132 4960 1340 5018 Christi
1369 4960 1567 5021 aliena
1601 4963 1729 5033 fiat,
1759 4970 1942 5041 atque

290 5039 350 5097 in
399 5047 666 5099 extremo
714 5036 989 5104 examine
1035 5047 1317 5108 districtae
1363 5052 1673 5123 subjaceat
1710 5054 1940 5112 ultioni.

289 5128 531 5190 Cunctis
558 5137 762 5190 autem
789 5132 986 5192 eidem
1010 5134 1143 5194 loco
1172 5154 1284 5196 sua
1299 5139 1438 5211 jura
1467 5142 1849 5201 servantibus
1868 5145 1946 5203 sit

292 5235 409 5294 pax
443 5220 679 5279 Domini
726 5223 914 5281 nostri
958 5226 1099 5284 Jesu
1142 5226 1374 5297 Christi,
1412 5236 1712 5304 quatenus
1754 5238 1810 5290 et
1844 5233 1946 5293 hic

290 5308 553 5368 fructum
598 5310 778 5370 bonai
806 5313 1056 5373 actionis
1100 5318 1434 5391 percipiant
1461 5325 1519 5378 et
1561 5320 1728 5395 apud
1755 5321 1943 5381 distri·

289 5399 449 5453 ctum
458 5397 728 5469 judicem
741 5401 1226 5472 promiaoeternoe
1237 5407 1402 5480 pacis
1412 5406 1943 5472 inveniant.Amen.

363 5510 493 5582 Em
514 5512 739 5576 Lucius
762 5516 1069 5579 catholieo
1094 5519 1366 5582 Ecclesi-
1394 5523 1729 5599 spimpus.

2050 4532 2981 4592 contradictioneetexcusatione
2992 4533 3726 4602 cessante,obedienusn

2049 4620 2317 4680 debitam
2340 4626 2397 4680 et
2421 4626 2770 4680 consuetam
2799 4620 3198 4680 reverentiam
3221 4621 3644 4698 impendatis,
3659 4628 3728 4684 its

2050 4710 2215 4787 quod
2235 4710 2311 4769 de
2338 4710 2759 4769 inobedientiis
2779 4726 2901 4769 non
2930 4709 3174 4783 possitis
3200 4710 3400 4787 culpa
3419 4714 3724 4789 redas-gin.

2050 4815 2162 4858 nec
2187 4800 2262 4857 de
2304 4799 2624 4872 apostolici
2667 4798 3148 4857 dissimulatione
3175 4803 3494 4877 proeeepti
3545 4819 3726 4880 repre·

2049 4888 2405 4947 hensionem
2434 4888 2704 4963 aliquam
2734 4888 3048 4947 sustinere.
3077 4887 3374 4964 Alioquin
3405 4908 3570 4952 cum
3600 4906 3724 4969 pr·-

2050 4978 2173 5035 iato
2196 4977 2653 5051 archiepiscopo
2664 4993 2775 5036 nec
2793 4976 3071 5044 velimus,
3083 4992 3196 5036 nec
3213 4978 3400 5039 salva
3419 4984 3724 5042 οοιιωῐοι·

2052 5067 2135 5125 tia
2189 5067 2492 5140 possimus
2537 5066 2602 5124 in
2640 5068 2776 5140 iure
2824 5066 3053 5134 deesse.
3103 5069 3494 5130 sententiam
3549 5087 3720 5149 quan

2051 5161 2295 5230 propter
2326 5155 2442 5214 hoc
2470 5157 2759 5215 canonice
2796 5155 3015 5227 tulerit,
3039 5161 3291 5216 auctore
3326 5160 3630 5230 Domino,
3647 5177 3720 5220 rs·

2051 5249 2179 5303 tam
2215 5243 2580 5303 habebimus
2620 5250 2682 5303 et
2708 5244 3130 5320 principiemus
3155 5244 3618 5311 invielabiliter
3637 5251 3720 5310 ob-

2053 5350 2302 5393 servari.

2124 5427 2346 5483 Datum
2374 5424 2685 5499 Anagniae,
2713 5440 2818 5485 xm
2848 5424 3151 5485 Kalendas
3173 5426 3433 5501 aprilis.

3781 912 3784 991 4
