3784 6000
327 189 465 252 ιω
1489 238 1505 257 ,
1745 182 1941 244 Lucu
1980 185 2055 245 ιιι
2094 185 2304 245 PAPAE
3609 194 3737 263 1288

313 315 428 373 sita
452 320 543 373 est
565 330 702 373 cum
716 312 1085 388 pertinentiis
1115 311 1259 377 suis,
1290 326 1534 368 mansos
1553 326 1710 385 quos
1735 310 1970 368 habetis
2000 313 2046 369 A
2149 313 2271 382 Ego
2291 312 2601 371 Goffredus
2628 313 2926 374 diaconus
2955 317 3532 381 cardinalisSanclae
3547 325 3734 384 Uario

315 407 373 462 in
414 406 702 471 sobiolla,
738 420 981 461 mansos
1019 418 1173 475 quos
1210 402 1445 458 habetis
1482 401 1543 456 in
1582 404 1864 468 Bassano,
1909 400 1967 456 in
2075 399 2136 455 in
2170 402 2271 457 Via
2311 404 2468 459 Lata.

311 496 642 559 Marmano,
668 502 724 549 et
754 496 1043 563 Romane,
1076 491 1218 547 etin
1255 494 1455 558 Burs0,
1484 498 1539 546 et
1570 492 1630 547 in
1673 489 1879 555 Canili,
1912 493 1970 545 et
2149 491 2262 560 Ego
2304 491 2613 549 Albericus
2678 495 2907 553 Sanctoe
2962 499 3154 558 Μαι-ιω
3205 502 3389 559 Novoe
3437 501 3733 562 &monus

311 583 373 639 in
407 586 464 641 S.
488 584 683 648 Baria,
706 589 760 638 et
790 584 848 637 in
885 580 1181 646 Leudulis,
1210 587 1266 636 et
1291 581 1348 636 iu
1375 582 1574 645 Fonte.
1603 585 1659 636 et
1686 580 1746 636 in
1774 581 1830 637 S.
1862 582 1964 636 Ze·
2072 578 2411 636 cardinalis.
2775 574 2780 579 ’

313 687 754 738 none,mansos
768 687 923 743 quos
946 669 1179 726 habetis
1204 669 1263 724 in
1289 668 1467 735 Asilo,
1492 670 1549 725 in
1566 667 1798 736 Braida,
1830 668 1964 724 etin
2147 670 2361 725 Datum
2390 670 2661 738 Veronae,
2694 688 2800 746 per
2831 691 3081 735 manum
3103 679 3325 750 Ugonis
3361 682 3420 739 S.
3449 683 3732 739 Romane

308 760 656 832 maliagello,
689 760 833 815 etin
871 762 1212 829 Nugaretto,
1253 773 1500 815 mansos
1537 774 1693 831 quos
1729 757 1965 814 habetis
2072 756 2342 814 Ecclesiae
2373 761 2586 817 notarii
2613 760 2741 819 Kal.
2763 762 3053 837 Octobris,
3077 767 3401 827 indictione
3431 772 3732 838 tertiade-

305 849 370 906 in
398 848 854 915 Montebeiluna,
886 854 943 904 et
978 846 1200 903 finibus
1229 848 1357 917 eJ'us
1389 861 1403 902 2
1439 852 1622 904 terras
1662 863 1816 919 quas
1852 845 1962 902 lia·
2070 848 2435 904 carnationis
2450 850 2776 908 Dominicae
2805 869 2968 911 anno
2998 856 3153 925 ¹¹84,
3183 858 3585 931 pontificatus
3606 876 3732 918 vero

305 938 460 995 betis
499 938 557 993 in
597 938 954 1003 Triviniano,
992 943 1047 992 et
1084 937 1145 992 in
1185 934 1432 1003 Casello,
1470 942 1524 992 et
1564 936 1624 992 in
1664 939 1960 1001 pusnovo,
2069 933 2300 992 domini
2329 936 2519 994 Luciis
2548 955 2720 1011 papae
2757 943 2823 998 ΙΙΙ
2854 959 3017 1001 anno
3047 960 3124 1002 iv.

305 1043 558 1085 mansos
579 1043 733 1101 quos
759 1027 990 1084 habetis
1013 1026 1072 1082 in
1094 1025 1452 1098 Dupladin0,
1485 1026 1622 1082 etin
1645 1025 1958 1096 segusino,
2783 1050 2982 1106 (3va-

304 1123 365 1173 et
384 1132 670 1173 mansum
694 1116 966 1172 nnumin
991 1115 1296 1185 Vipican0,
1321 1130 1568 1171 mansos
1593 1130 1749 1187 quos
1776 1114 1955 1170 habe·
2064 1131 2407 1190 mmmmm-,-
2478 1136 2540 1192 S·
2631 1138 2799 1194 Pet„-
2892 1139 3221 1199 Viennam-3
3299 1147 3728 1214 protectionem

306 1206 380 1262 tis
401 1207 463 1262 in
494 1206 943 1271 petrarubea‚et
961 1203 1023 1260 in
1052 1203 1321 1271 Fenario,
1347 1203 1474 1260 etin
1502 1204 1683 1269 Lano,
1708 1218 1956 1261 mansos
2747 1211 3016 1281 suscipit,

305 1310 461 1368 quos
484 1295 720 1351 habetis
751 1294 812 1349 in
837 1299 1029 1361 Auno,
1060 1298 1116 1347 et
1145 1293 1203 1348 in
1244 1291 1376 1349 aliis
1400 1291 1548 1348 locis
1588 1308 1692 1364 per
1720 1293 1955 1364 episco-
2278 1293 2751 1364 (Fragmentum.
2792 1329 2862 1341 —
2896 1300 3169 1373 Veronoe,
3217 1304 3348 1360 Oct.
3398 1305 3499 1364 23.

304 1388 513 1457 patum
536 1384 914 1447 Feltrensem,
936 1388 994 1438 et
1019 1389 1202 1437 terras
1221 1380 1617 1453 quashabetis
1645 1380 1706 1436 in
1731 1382 1961 1453 episco-
2210 1382 2436 1453 [Bosco,
2464 1385 2720 1445 moriac.
2747 1389 3050 1458 Biblioth„
3080 1392 3212 1448 loev.
3245 1398 3407 1466 xyst.
3425 1394 3592 1469 1064

302 1477 449 1544 patu
479 1470 811 1528 Bellunensi
840 1486 914 1527 ex
942 1470 1105 1526 dono
1123 1471 1221 1525 bo.
1253 1485 1433 1526 mem.
1466 1471 1728 1542 Gregorii
1753 1470 1956 1526 Tarvi·
2135 1471 2611 1546 Subscripserunt
2647 1494 2661 1534 :

304 1560 418 1616 sini
448 1560 735 1633 episcopi,
767 1574 1014 1616 omnem
1036 1559 1335 1615 decimam
1368 1559 1546 1614 totius
1575 1563 1749 1615 terras
1777 1558 1855 1614 de
1875 1559 1961 1614 Ci-
2136 1560 2398 1618 Joannes
2455 1542 2768 1640 presbyter
2837 1569 3155 1628 cardinalis
3207 1573 3321 1629 ΤΤ.
3383 1573 3449 1631 S.
3515 1576 3724 1633 uarie.

303 1647 555 1713 liano.si
579 1663 942 1722 quocunqne
962 1653 1230 1720 tempore
1260 1647 1434 1703 fuerit
1459 1647 1734 1704 laborata
1762 1667 1776 1705 ι
1809 1663 1960 1719 prae-
1990 1673 2030 1728 Β
2143 1650 2440 1708 Laborans
2474 1657 2673 1725 presb.
2701 1659 3002 1715 card.'l'T.
3033 1661 3089 1717 S.
3133 1662 3329 1719 Marias
3366 1668 3538 1722 trans
3574 1665 3723 1722 Tibe

306 1742 468 1795 terea
493 1752 705 1794 omnes
725 1736 990 1793 decimas
1021 1752 1158 1809 quas
1195 1737 1256 1792 in
1296 1737 1587 1793 territorio
1623 1735 1791 1792 urbis
1821 1738 1959 1793 Tar·
2067 1737 2204 1794 rim.

304 1826 433 1882 visii
458 1827 576 1898 juri
601 1824 875 1898 ejusdem
903 1825 1170 1882 ecclesias
1201 1825 1412 1882 dicatas
1448 1841 1577 1881 esse
1606 1831 1956 1893 noscuntur,
2139 1826 2435 1886 Hubertus
2469 1836 2526 1889 S.
2554 1836 2843 1892 Laurentii
2868 1837 2929 1893 in
2963 1840 3240 1896 Damaso.

300 1915 820 1989 quemadmodum
834 1914 1178 1987 praelibatus
1191 1915 1507 1986 episcopus
1519 1915 1649 1985 jam
1662 1915 1835 1972 dictae
1865 1930 1958 1971 00-
2137 1909 2477 1967 Theodinns
2522 1915 2859 1973 portuensis
2904 1922 2962 1975 et
3007 1920 3064 1976 S.
3101 1919 3333 1976 Ruflnae
3379 1922 3725 1997 episcopus.

304 2004 497 2061 clesioe
519 2004 1054 2070 vestraeconcessit,
1081 2009 1137 2059 et
1168 2004 1741 2076 scriptoauthentico
1776 2003 1959 2060 robo-
2140 1998 2423 2056 Henricus
2449 2002 2810 2061 Albanensis
2838 2007 3180 2081 episcopus.

303 2094 476 2160 ravit,
505 2109 614 2150 nos
639 2109 741 2149 eas
774 2093 967 2158 vobis,
991 2096 1051 2149 et
1074 2108 1178 2165 per
1207 2108 1313 2148 vos
1336 2093 1531 2148 eidem
1562 2093 1827 2148 ecclesiae
1847 2109 1959 2150 au·
2136 2085 2517 2146 Theobaldus
2547 2093 2796 2150 Ostieus.
2829 2100 2889 2151 et
2918 2096 3081 2154 Veliti
3123 2113 3220 2171 ep.

301 2181 1235 2255 ctoritateapostol.nibilominus
1247 2181 1697 2238 confirmamus.
1719 2181 1958 2238 Plebem
2137 2178 2382 2239 Additio
2412 2183 2567 2239 diac.
2600 2184 2656 2240 S.
2682 2183 2997 2243 Theodori.

299 2270 375 2328 de
403 2271 633 2329 Medulo
661 2287 800 2327 cum
826 2271 1073 2327 decimis
1103 2286 1257 2343 quas
1298 2270 1618 2342 possidetis
1650 2270 1709 2326 in
1740 2271 1956 2327 eadem
2138 2274 2449 2331 Gratianus
2480 2275 2577 2330 SS.
2607 2276 2839 2330 Cosmae
2869 2278 2924 2332 et
2947 2276 3219 2334 Damiani
3249 2276 3415 2335 diac.

300 2359 459 2425 villa,
489 2360 801 2417 ecclesiam
836 2361 891 2416 S.
936 2361 1262 2431 Margaritae
1301 2357 1378 2414 de
1419 2359 1777 2416 Petrarubea
1813 2376 1957 2416 cum
2135 2361 2417 2419 Sal'redus
2450 2362 2516 2421 S.
2546 2362 2743 2419 Marioe
2765 2364 2822 2419 in
2849 2364 2959 2420 Via
2985 2364 3130 2421 Lata
3151 2364 3313 2423 diac.

301 2449 666 2522 pertinentiis
691 2449 836 2516 suis,
863 2447 1173 2505 ecclesiam
1207 2449 1262 2504 S.
1291 2447 1553 2504 Autolini
1583 2447 1657 2504 de
1688 2453 1872 2519 Aspa,
1900 2452 1958 2505 et
2133 2451 2384 2507 Albinus
2403 2452 2461 2507 8.
2487 2452 2680 2508 Μαι-ιω
2699 2452 2878 2508 Novas
2903 2452 3055 2510 diac.
3095 2453 3262 2511 card.

302 2553 553 2594 mansos
579 2537 683 2609 qui
714 2536 951 2593 fuerunt
972 2537 1046 2592 de
1076 2536 1286 2592 vidoro
1312 2537 1624 2603 canonico,
1650 2541 1705 2592 et
1735 2542 1955 2594 terram
2135 2539 2374 2597 Landus
2430 2541 2628 2612 presb.
2675 2541 2839 2598 card.
2870 2543 2972 2598 T'l'.
3007 2542 3276 2600 Basilicas
3329 2560 3417 2602 ιιι
3477 2548 3709 2621 Aposto-

300 2624 377 2682 de
406 2627 692 2682 Grintina.
722 2627 874 2682 Sane
897 2627 1186 2697 quoniam
1213 2641 1318 2697 per
1341 2624 1645 2697 quosdam
1670 2627 1955 2698 praeposi·
2064 2626 2279 2685 lorum.

301 2719 419 2781 tos,
440 2718 763 2787 quicuram
779 2715 1399 2770 honorumcanonicae
1418 2716 1952 2785 vestraegerebant,
2137 2717 2265 2774 Dat.
2296 2721 2537 2775 Veronae
2570 2734 2675 2790 per
2719 2734 2970 2778 manum
3015 2721 3281 2791 Bugonis
3343 2730 3570 2781 sancto
3613 2727 3711 2781 Ro-

299 2819 491 2878 usque
511 2804 664 2860 adeo
675 2803 1160 2859 distrahebantur
1176 2802 1339 2858 bona
1358 2803 1837 2875 praedicta,quod
1856 2802 1953 2859 vix
2063 2812 2259 2855 manas
2287 2800 2555 2876 Ecclesia!
2584 2799 2823 2866 notarii,
2850 2816 2888 2856 x
2909 2799 3034 2857 Kal.
3054 2799 3382 2875 Novemb.‚
3397 2803 3711 2862 indictione

299 2893 585 2966 poteratis
613 2908 684 2949 ex
715 2893 798 2948 eis
827 2907 1090 2962 congrue
1121 2890 1460 2958 sustentari,
1489 2890 1568 2946 ad
1600 2896 1831 2947 tantum
1862 2893 1955 2946 in-
2059 2902 2137 2955 m,
2162 2886 2595 2945 iucarnationis
2623 2889 2942 2945 Dominicae
2992 2904 3157 2946 anno
3209 2890 3378 2959 ¹¹84,
3413 2892 3710 2965 pontifics·

298 2982 689 3039 commodum
714 2979 1148 3038 removendum
1171 2994 1308 3036 cum
1330 2979 1615 3037 venerab.
1645 2978 1822 3037 fratre
1849 2995 1952 3037 no-
2063 2981 2156 3033 tus
2184 2993 2347 3036 anno
2378 2993 2451 3034 iv.

296 3075 420 3128 stro
446 3072 720 3128 Conrado
748 3072 1034 3143 episcopo
1073 3073 1288 3134 vestro,
1328 3074 1386 3126 et
1420 3068 1789 3143 quibusdam
1820 3068 1952 3126 aliis
2770 3067 3000 3125 CLXVI.

296 3160 422 3216 suis
438 3158 981 3231 proedecessoribus
991 3158 1382 3214 communiter
1395 3158 1704 3224 statuistis.
1718 3166 1949 3215 utunus
2235 3157 2613 3229 Priviteqium
2623 3171 2735 3225 pro
2757 3156 3024 3214 Ecclesia
3034 3157 3576 3232 Manebat-aemi.

294 3263 368 3305 ex
394 3248 567 3305 vobis
586 3247 759 3304 annis
779 3246 1030 3318 singulis
1053 3252 1412 3312 assumatur,
1443 3246 1549 3319 qui
1572 3246 1695 3303 vice
1718 3262 1948 3319 proepo·
2586 3245 2886 3318 (Veronoe,
2909 3244 3034 3304 Oct.
3061 3249 3178 3319 25.)

293 3336 885 3395 sitiadcommodum
897 3342 1158 3392 vestrum
1174 3335 1444 3407 ejusdem
1466 3335 1948 3393 canonicoebona
2376 3334 2625 3409 [Oriqin.
2660 3333 2876 3404 θυαμ,
2903 3334 3099 3403 Praet„
3130 3351 3185 3409 p,
3220 3336 3402 3412 xxv.]

292 3426 614 3499 dispenset.
661 3429 777 3482 Nos
813 3426 1020 3481 vestris
1060 3424 1567 3497 postulationibus
1610 3429 1946 3481 annuentes
2125 3426 2894 3496 Luciusepiscopus,servus
2914 3439 3226 3481 servorum
3241 3425 3372 3495 Dei,
3391 3427 3712 3486 venerabili

293 3516 780 3572 constitutionem
797 3515 986 3585 ipsam
1004 3514 1083 3570 ad
1103 3512 1411 3585 exemplar
1424 3514 1475 3585 ej
1487 3514 1697 3570 usdem
1719 3513 1944 3586 praede·
2052 3515 2215 3572 fratri
2236 3516 2588 3570 Wtcunuuo
2606 3510 3101 3583 uagdeburgonsi
3118 3513 3615 3590 archiepiscopo,
3629 3532 3712 3573 sa·

293 3606 550 3662 cessoris
574 3604 758 3661 nostri
779 3602 1094 3659 Alexandri
1117 3603 1216 3659 PP.
1244 3602 1597 3659 auctoritate
1614 3601 1943 3674 apostolica
2049 3601 2238 3660 lutem
2267 3609 2322 3659 et
2347 3599 2742 3674 apostolicam
2769 3599 3268 3659 benedictionem.

288 3693 742 3750 confirmamus.
783 3692 1164 3748 Decet-nimus
1202 3706 1364 3761 ergo,
1407 3697 1468 3746 ut
1507 3689 1654 3748 nulli
1691 3690 1941 3747 omnino
2122 3690 2309 3749 Officii
2332 3689 2516 3746 nostri
2544 3687 2816 3745 debitum
2864 3688 3237 3748 attendentes
3289 3707 3422 3763 quo
3481 3695 3710 3750 cunctis

286 3782 604 3840 hominum
629 3782 824 3846 liceat,
856 3785 964 3837 etc.
992 3781 1049 3837 Si
1074 3781 1210 3853 quis
1239 3785 1461 3846 autem,
1494 3784 1604 3836 etc.
2050 3796 2260 3837 sumus
2289 3779 2350 3835 in
2376 3794 2448 3835 eo
2470 3777 2637 3851 quod
2665 3777 2848 3848 digne
2872 3776 3178 3850 postulant
3195 3777 3542 3849 debitores,
3569 3782 3704 3840 illud

360 3873 484 3943 Ego
498 3873 710 3928 Lucius
733 3869 1040 3927 catholicae
1072 3868 1340 3926 Ecclesia!
1369 3869 1713 3940 episcopus.
2048 3867 2382 3942 specialiter
2417 3866 2779 3937 cogitamus,
2808 3872 2873 3923 ut
2902 3866 2964 3922 in
2991 3881 3098 3922 eos
3119 3867 3228 3939 qui
3249 3868 3596 3928 nobiscum
3624 3886 3708 3928 vo-

357 3963 481 4031 Ego
534 3959 874 4018 Theodinus
926 3958 1259 4015 portuensis
1296 3961 1353 4013 et
1401 3959 1457 4015 S.
1508 3956 1734 4014 Rufinoe
1777 3956 1938 4014 sedis
2048 3958 2161 4015 cati
2189 3962 2330 4014 sunt
2359 3958 2418 4013 in
2451 3962 2683 4029 partem
2708 3954 3120 4014 sollicitudinis
3149 3962 3328 4028 grata
3363 3974 3618 4034 semper
3660 3964 3708 4016 et

280 4050 623 4122 episcopus.
2047 4046 2271 4120 ubique
2304 4044 2516 4102 solatia
2565 4045 2642 4101 de
2690 4049 2903 4101 nostroe
2953 4043 3286 4102 fundantur
3337 4045 3708 4119 plenitudine

356 4141 477 4208 Ego
510 4137 791 4194 ilenricus
824 4136 1111 4192 Albanen.
1145 4134 1489 4207 episcopus.
2047 4135 2374 4209 potestatis.
2425 4137 2768 4207 Eapropter,
2814 4132 3025 4190 dilecte
3078 4134 3140 4190 in
3191 4133 3462 4195 Domino
3519 4138 3706 4204 frater.

355 4230 480 4297 Ego
516 4225 891 4283 Theobaldus
919 4225 1140 4281 ostien.
1167 4231 1226 4280 et
1256 4223 1562 4281 Velletren.
1594 4224 1934 4297 episcopus.
2046 4224 2349 4281 charitatis
2378 4230 2494 4279 tuas
2531 4222 2801 4291 studium
2830 4222 3031 4293 dignis
3046 4222 3104 4279 in
3137 4223 3399 4280 Domino
3427 4225 3708 4284 laudibus

356 4315 479 4384 Ego
509 4314 679 4369 Joan.
715 4312 912 4385 presb.
939 4314 1101 4369 card.
1138 4315 1192 4370 S.
1225 4313 1418 4370 Marci.
2045 4317 2500 4387 prosequentes,
2526 4326 2647 4384 quo
2683 4310 2955 4368 videlicet
2981 4310 3248 4369 ecclesias
3306 4311 3420 4372 tibi
3475 4316 3708 4373 credite

357 4405 480 4474 Ego
500 4402 808 4459 Labor-ans
832 4401 1471 4474 presbytercardinalis
1494 4403 1724 4459 Sanctae
1740 4403 1937 4458 Mariae
1966 4378 2013 4434 D
2043 4402 2126 4459 ita
2163 4400 2480 4458 salubriter
2519 4399 2852 4472 providisse
2887 4399 3278 4471 dignosceris,
3313 4407 3380 4460 ut
3429 4403 3621 4477 digne
3655 4406 3708 4462 in

288 4496 450 4550 trans
477 4491 730 4549 Tiberim
763 4490 930 4549 titulo
954 4490 1180 4548 calixti.
2045 4492 2299 4548 Domino
2327 4488 2830 4547 commendabilis
2869 4488 3172 4556 habearis,
3199 4489 3390 4561 justis
3423 4494 3710 4566 petitioni·

356 4584 478 4653 Ego
503 4580 838 4638 willelmus
862 4582 1180 4638 Remorum
1211 4580 1471 4652 archiep.
1492 4580 1573 4637 tit.
1604 4581 1661 4637 S.
1695 4580 1934 4637 Sabinae
2039 4580 2157 4638 bus
2186 4579 2436 4637 libenter
2467 4579 2815 4647 annuimus,
2841 4585 2900 4635 et
2945 4583 3206 4636 castrum
3251 4578 3520 4656 seburg,
3551 4581 3708 4658 quod

284 4672 450 4729 card.
2041 4685 2180 4727 cum
2213 4668 2440 4742 reliqua
2468 4667 2809 4725 haereditate
2832 4667 3093 4740 proetatae
3135 4666 3414 4728 ecclesus
3461 4671 3706 4730 contuli-

355 4764 477 4830 Ego
508 4760 802 4817 Hubertus
836 4758 1145 4833 presbyter
1182 4757 1503 4815 cardinalis
1542 4757 1741 4816 Sancti
1781 4759 1935 4814 Lau-
2043 4758 2142 4824 sti,
2171 4758 2364 4815 eidem
2385 4756 2649 4815 ecclesias
2694 4758 3044 4815 auctoritate
3094 4755 3444 4829 apostolica
3491 4761 3706 4819 confir·
3783 4749 3784 4754 ¹

281 4852 451 4908 rentii
478 4851 538 4906 in
567 4853 845 4906 Damaso.
2040 4863 2303 4913 mamus,
2335 4853 2392 4903 et
2421 4847 2730 4919 praesentis
2750 4845 2951 4918 scripti
3001 4844 3310 4918 privilegio
3363 4849 3708 4908 eommuni-

354 4942 475 5011 Ego
492 4938 884 5011 Gandulphus
907 4937 1104 5010 presb.
1123 4935 1287 4994 card.
1314 4936 1397 4992 tit.
1424 4934 1683 4993 Basilicas
1700 4936 1934 4993 Duode-
2041 4953 2178 4994 mus
2210 4941 2582 5004 ;statuentes
2615 4939 2679 4993 ut
2727 4933 3227 5007 sumersemburg
3267 4950 3536 5013 quoque
3578 4955 3706 4999 cun
3779 4941 3784 4996 l

278 5029 395 5087 cim
426 5028 867 5101 Apostolorum.
2040 5025 2415 5099 appendiciis
2461 5025 2587 5081 suis
2637 5028 2698 5082 et
2758 5025 2788 5080 J
2797 5023 3079 5097 uterburg
3127 5040 3270 5082 cum
3323 5030 3704 5100 pertinentiis
3775 5023 3784 5084 l

352 5121 475 5188 Ego
493 5118 715 5174 Arditio
738 5116 1031 5174 diaconus
1052 5114 1375 5172 cardinalis
1397 5114 1595 5172 Sancti
1613 5114 1928 5172 Theodori.
2039 5115 2190 5188 ejus,
2220 5114 2472 5187 aliaeque
2498 5113 2908 5188 possessiones
2943 5118 3001 5169 et
3037 5112 3268 5186 pradia
3301 5129 3459 5188 qum
3499 5117 3706 5191 prodi-

350 5210 471 5279 Ego
513 5208 828 5265 Gratianus
871 5208 1223 5264 Sanctorum
1280 5205 1511 5262 (Zosmoe
1556 5208 1614 5261 et
1656 5203 1930 5262 Damiani
2037 5210 2146 5263 ctoe
2166 5202 2656 5276 magdeburgensi
2683 5202 2952 5260 ecclesiae
2981 5201 3248 5260 studium
3295 5208 3366 5262 et
3409 5205 3704 5265 industria
3771 5199 3776 5204 ’

279 5295 620 5354 diac.card.
2036 5300 2155 5353 tuae
2184 5292 2594 5350 sollicitudinis
2639 5292 2951 5365 acquisivit
2979 5290 3116 5363 (32),
3143 5289 3329 5350 firma
3383 5295 3502 5354 tibi
3525 5303 3590 5356 et
3613 5297 3703 5355 illi-

349 5404 462 5472 (3-3)
491 5405 634 5460 Tam
668 5401 793 5458 miti
822 5401 1118 5459 vocabulo
1148 5402 1330 5457 utitur
1349 5399 1614 5473 pontifex
1655 5405 1717 5457 ut
1745 5401 1926 5458 etiam
2036 5401 2395 5457 industriam
2435 5398 2850 5456 sollicitudinis
2889 5397 3244 5471 episcopalis
3292 5400 3552 5462 uferat-
3585 5407 3697 5462 Non

275 5474 557 5532 ecclesias
585 5475 791 5548 spoliis
817 5475 1073 5533 aliorum
1096 5472 1555 5545 locupletaread
1581 5473 1846 5531 studium
1865 5479 1924 5532 ct
2038 5476 2260 5540 tamen,
2292 5478 2357 5530 ut
2383 5472 2446 5530 id
2467 5471 2661 5530 obiter
2685 5471 2906 5538 dicam,
2939 5469 3170 5530 uenrici
3201 5471 3430 5531 Leonis
3457 5475 3572 5534 filii
3597 5475 3699 5534 hoe
