3784 6000
118 218 239 293 ³³21

1051 229 1247 296 ulsv.
1290 230 1559 295 RERUM
1604 226 2137 293 TRANSMAMN.
2182 264 2260 282 -
2303 231 2460 295 Lle.
2502 229 2604 294 lv.

117 362 179 420 in
210 362 413 435 fugam
446 363 597 420 versi
628 367 767 420 sunt
800 378 815 421 ε
847 380 996 435 quos
1027 366 1193 437 quasi
1228 382 1329 438 per
1357 367 1473 422 duo
1498 363 1765 421 milliaria
1800 366 1851 432 Α
1883 370 2280 423 contereretur
2327 366 2658 433 universus,
2716 364 2786 421 ad
2846 368 3195 422 conventum
3242 365 3528 423 accedens

116 453 504 521 insectantes,
546 460 794 529 stragem
830 456 1139 525 plurimam
1167 457 1226 514 in
1259 459 1342 513 eis
1370 462 1769 512 exercuerunt.

118 541 301 601 Unde
328 558 467 600 cum
501 551 679 616 tropos
711 546 1040 612 redeuntes,
1072 562 1206 603 cum
1253 545 1423 619 equis
1479 549 1538 601 et
1596 543 1772 599 mulis

117 638 178 691 et
210 632 496 690 uberibus
526 633 753 703 spoliis,
785 640 841 691 et
873 639 1062 706 prieda
1091 635 1459 704 multimoda,
1492 649 1668 707 quarn
1701 632 1774 688 de

122 723 400 781 universa
444 730 855 782 contraxerant
900 728 1156 796 regione,
1213 727 1271 783 in
1333 731 1519 783 castra
1561 724 1684 782 sani
1716 727 1772 779 et

118 812 454 870 incolumes
476 830 538 870 se
559 815 956 871 contulerunt.
984 814 1238 871 Laetatus
1259 822 1349 871 ost
1381 814 1667 871 exercitus
1700 813 1772 868 de

118 903 369 959 fratrum
402 919 703 971 suraeessu,
748 912 801 961 el
856 907 1033 977 coepit
1080 923 1112 961 a
1158 905 1455 962 laboribus
1512 903 1634 960 suis
1663 901 1773 959 ali-

117 992 473 1068 quantulum
509 1000 833 1066 respirare3
869 996 1141 1067 qnoniam
1175 1002 1367 1051 tamen
1405 996 1596 1067 praeda
1629 1009 1771 1064 pau·

115 1084 428 1153 caruerat,
462 1092 521 1141 et
552 1101 683 1158 quae
728 1092 906 1141 tant-e
957 1086 1310 1143 multitudini
1368 1087 1458 1141 vix
1515 1093 1581 1140 a·l
1628 1102 1773 1159 pau·

115 1190 213 1230 cos
244 1174 379 1231 dies
409 1180 635 1246 poterat
663 1175 950 1243 sufficere,
977 1193 1091 1233 non
1119 1176 1369 1232 multum
1406 1173 1659 1232 relevata
1681 1180 1772 1232 est

115 1262 410 1322 exercitus
439 1262 659 1335 inopia.

752 1371 986 1432 CAPUT
1023 1372 1138 1432 XX.

112 1464 339 1523 &enno
373 1465 656 1521 nouorum
700 1467 843 1536 renis
874 1466 1022 1529 filius
1079 1468 1384 1522 exercitum
1414 1466 1770 1539 subsequens.

176 1554 311 1593 cum
339 1536 463 1594 suis
507 1537 679 1608 copiis
724 1538 896 1610 juxta
927 1538 1115 1593 urbem
1158 1538 1451 1594 finiminis
1489 1556 1523 1595 a
1577 1540 1769 1596 Tur-cie

178 1608 553 1678 interfit-itur.

182 1716 513 1774 Intercatia
535 1715 796 1787 partibus
817 1716 1113 1774 Romania
1137 1733 1339 1774 rumor
1363 1717 1597 1789 quidam
1631 1734 1772 1776 mm·
1801 1746 1848 1812 Β

117 1823 249 1865 rore
280 1806 500 1879 plenus
539 1816 591 1861 et
622 1806 937 1875 anxietate,
992 1807 1390 1863 universorum
1438 1810 1612 1865 corda
1644 1826 1770 1880 per·

115 1898 365 1965 coleret,
384 1904 439 1953 st
467 1898 859 1969 praesentibus
884 1896 1135 1954 miseriis
1155 1899 1447 1969 adjecerat
1464 1901 1768 1957 cumulum

114 1986 469 2045 tristiorem.
505 1987 817 2043 Dicebatur
853 1988 1034 2056 enim,
1068 1996 1124 2044 et
1166 2005 1298 2045 vere
1327 1989 1410 2045 sic
1439 1994 1582 2060 erat,
1614 1991 1770 2061 quod

116 2078 361 2152 qnidam
420 2076 595 2133 bomo
641 2077 855 2133 nobilis
912 2087 963 2134 et
1017 2085 1241 2149 potens,
1286 2078 1580 2134 Danorum
1618 2079 1769 2150 regis

114 2169 290 2234 filius.
310 2172 513 2224 Sueno
542 2169 797 2237 nomine,
829 2168 913 2223 vir
939 2184 1170 2240 genere,
1206 2170 1468 2224 moribus
1497 2174 1556 2224 et
1583 2168 1770 2226 torma

113 2258 480 2330 conspicuus
519 2263 580 2312 et
632 2256 900 2323 illustris,
956 2260 1220 2326 ejusdem
1283 2260 1771 2331 peregrinationis

110 2364 398 2406 accensus
427 2347 739 2412 desiderio.
765 2347 927 2404 mille
957 2349 1312 2422 quingentos
1332 2350 1550 2417 optime
1581 2367 1771 2406 arma-

110 2445 195 2497 tos
223 2438 507 2508 ejusdem
550 2436 802 2494 nationis
842 2440 1089 2509 juvenes
1148 2454 1345 2495 secum
1406 2440 1664 2509 trahens,
1708 2440 1770 2498 in

110 2530 452 2587 subsidium
517 2528 750 2598 nostris,
788 2533 847 2585 et
901 2529 973 2585 ad
1023 2538 1366 2600 praeeentem
1427 2532 1772 2602 properabat

110 2619 509 2677 obsidionem.
537 2616 644 2674 Hic
674 2618 746 2674 de
787 2635 964 2691 regno
1000 2623 1175 2688 patris
1228 2622 1445 2675 tardior
1472 2637 1767 2694 egressus,

109 2710 433 2785 plurimum
470 2712 910 2774 acceleraverat,
945 2716 1009 2765 ut
1045 2727 1106 2766 se
1139 2711 1598 2778 praecedentibus
1629 2727 1765 2768 cum

112 2800 255 2854 omni
290 2814 411 2854 suo
444 2796 722 2853 comitatu
748 2798 1096 2868 adjunheret
1117 2797 1446 2870 legionibus
1470 2813 1486 2866 ς
1507 2799 1602 2854 sed
1629 2814 1770 2853 cau-

115 2884 183 2941 sis
203 2884 573 2959 pra-peditus
596 2885 1000 2952 familiaribus„
1019 2903 1130 2942 non
1158 2887 1340 2953 poluit
1359 2888 1585 2955 assequi
1610 2883 1769 2957 quod

115 2982 439 3048 optaverat.
475 2974 748 3033 Seorsum
782 2974 957 3048 igitur
1006 2976 1244 3033 trahens
1303 2977 1556 3049 agmina,
1608 2975 1767 3033 solus

116 3066 334 3139 absque
385 3066 644 3136 alicujus
680 3066 921 3123 aliorum
956 3068 1247 3123 consortio
1289 3065 1638 3138 principum,
1664 3065 1771 3121 iter

116 3158 474 3231 arripuerat,
517 3165 573 3212 et
619 3157 767 3213 viam
825 3158 1071 3213 aliorum
1114 3162 1369 3224 secutus,
1435 3159 1770 3227 pervenerat

116 3243 711 3316 Constantinopolim,
746 3246 839 3301 ubi
870 3247 945 3302 ab
976 3246 1326 3316 imperatore
1349 3245 1494 3302 satis
1527 3247 1766 3301 honeste

116 3343 405 3394 tractatus
430 3338 653 3403 iuerat;
687 3342 744 3392 et
768 3352 901 3392 cum
924 3336 1327 3391 incolumitate
1355 3335 1599 3392 Nicaeam
1637 3351 1765 3407 per-

115 3429 380 3492 veniens,
429 3425 491 3481 in
527 3436 716 3498 partes
756 3425 1051 3482 Romania·
1090 3427 1161 3481 ad
1193 3427 1510 3482 exercitum
1565 3441 1765 3493 prope·

116 3533 268 3585 rans,
285 3533 430 3574 cum
462 3516 618 3572 omni
645 3533 751 3572 suo
773 3516 1055 3572 comitato
1081 3516 1483 3571 descenderat.
1505 3514 1765 3586 Dumque

115 3604 260 3664 inter
291 3606 482 3663 urbes
537 3603 848 3661 Finiminis
904 3611 962 3661 et
1000 3604 1272 3660 Termam
1324 3611 1766 3660 castrametatus

117 3701 285 3769 essct,
356 3695 559 3752 minus
611 3695 846 3768 provide
903 3712 966 3752 ee
1026 3695 1260 3750 haberet
1305 3692 1763 3765 aliquantulum,

116 3784 484 3844 irruentibus
511 3800 685 3858 super
712 3801 842 3841 eum
875 3783 1023 3840 clam
1050 3788 1108 3840 et
1137 3784 1207 3841 de
1237 3789 1407 3841 nocte
1443 3783 1764 3840 Turcorum

118 3875 455 3950 ingentibus
487 3875 689 3948 copiis,
720 3874 780 3929 in
824 3873 969 3947 ipsis
997 3874 1201 3929 castris
1247 3872 1441 3946 gladio
1487 3873 1766 3945 perempti

120 3974 292 4035 eunt3
346 3970 551 4021 tamen
623 3964 1050 4019 advenientium
1100 3964 1340 4032 strepitu
1398 3963 1766 4035 praecognito,

120 4061 205 4114 sed
231 4055 464 4113 nimise
489 4053 681 4110 vicino
702 4056 772 4110 ad
797 4070 955 4109 arma
972 4053 1310 4116 convolant3
1336 4052 1434 4108 ubi
1457 4059 1768 4123 antequam

122 4145 353 4220 plenius
374 4143 642 4201 instructi
662 4143 861 4202 hostes
889 4148 1122 4217 possent
1140 4147 1422 4215 excipere,
1447 4145 1518 4199 ab
1550 4143 1771 4216 impro-

123 4237 236 4295 visa
264 4236 542 4311 oppressi
575 4233 970 4301 multitudine,
994 4250 1138 4308 pene
1160 4250 1365 4291 omnes
1399 4233 1769 4304 ceciderunt;

128 4329 217 4384 sert
251 4333 459 4384 tamen
490 4325 590 4382 diu
622 4331 681 4382 et
712 4325 952 4381 viriliter
975 4326 1331 4395 resistentes,
1355 4342 1423 4380 ne
1444 4325 1625 4397 gratis
1644 4321 1771 4380 ani-

130 4431 243 4473 mas
262 4415 616 4473 viderentur
635 4414 1010 4485 impendisse,
1025 4422 1325 4472 cruentam
1348 4420 1481 4489 post
1501 4429 1564 4471 se
1584 4413 1773 4472 hosti·

130 4503 232 4564 bns
259 4503 637 4579 reliquerunt
665 4504 988 4562 victoriam.

739 4610 973 4669 CAPUT
1011 4612 1154 4670 XXI.

136 4702 353 4761 futinus
383 4704 475 4760 vir
499 4700 777 4769 subdolus,
828 4709 1090 4774 tanquam
1117 4701 1417 4758 vitantium
1446 4699 1774 4758 commercia

188 4779 495 4843 misseriae,
525 4781 578 4830 et
609 4777 990 4846 imperatorem
1037 4781 1337 4843 renaturus
1363 4779 1427 4829 ut
1451 4773 1771 4841 subveniat,

192 4850 263 4906 ab
290 4847 551 4907 exercita
569 4846 792 4903 discedit
821 4862 929 4903 non
949 4846 1247 4904 rediturus.

190 4955 446 5014 'Patiens
476 4954 680 5025 etiam,
721 4954 792 5011 de
820 4971 937 5029 quo
965 4958 1024 5011 et
1052 4970 1230 5026 snpra
1262 4953 1503 5011 fecimus
1534 4952 1775 5009 mentio·

134 5059 277 5114 nem,
302 5043 1135 5116 imperatorisapocrisiarius,
1166 5043 1263 5116 qui
1297 5045 1462 5114 quasi
1497 5057 1598 5113 pro
1626 5038 1775 5097 duce

134 5132 353 5192 itineris
381 5134 461 5190 ab
492 5132 697 5190 eodem
740 5134 1086 5205 imperatore
1135 5137 1460 5188 nostrorum
1492 5129 1773 5186 exercitui

134 5222 311 5282 iuerat
338 5224 680 5295 adjunctus,
704 5228 761 5281 et
792 5223 1054 5295 usquein
1089 5230 1432 5296 praesentem
1466 5219 1619 5276 diem
1664 5233 1773 5276 no-

132 5317 276 5371 stras
330 5318 578 5371 secutus
636 5315 823 5371 iuerat
870 5312 1148 5385 legiones,
1214 5313 1417 5367 videns
1478 5307 1773 5365 molestias

134 5403 339 5475 quibus
372 5401 747 5475 premebatur
791 5401 1097 5472 exercitus,
1135 5401 1482 5471 timensque,
1514 5396 1685 5454 sicuti
1716 5401 1774 5454 et

134 5490 369 5552 timidus
385 5495 538 5563 erat,
561 5506 634 5550 ne
654 5491 945 5566 principes
968 5501 1198 5566 possent
1234 5491 1293 5547 in
1327 5487 1624 5561 proposito
1646 5502 1774 5562 per·

134 5575 411 5653 ware,
448 5589 508 5640 et
534 5579 790 5655 populus
818 5596 938 5640 una
991 5577 1088 5640 die
1125 5580 1239 5640 sub
1267 5576 1528 5639 bostium
1559 5575 1773 5652 gladiis

1883 455 2235 528 principum,
2270 457 2611 528 persuadere
2641 456 2817 527 coepit
2846 471 2978 512 cnm
3015 456 3200 512 multa
3224 454 3527 528 instantia,

1880 549 1943 600 ut
1971 544 2154 602 rotata
2198 546 2473 603 obsidione
2517 547 2587 603 ad
2640 547 2802 604 urbes
2853 551 2905 603 et
2950 544 3192 618 finitima
3242 546 3529 620 presidia,

1881 637 2175 691 universus
2193 651 2250 691 se
2268 638 2598 707 transferret
2617 639 2912 702 exercitus,
2936 636 3036 691 ubi
3052 639 3105 692 et
3124 638 3247 692 vitoe
3276 651 3525 694 necessa·

1880 726 1971 779 ria
2001 732 2218 796 possent
2246 727 2615 781 abundantius
2665 742 2927 795 reperire,
2957 730 3008 782 el
3055 725 3402 783 Antioc-lienis
3418 728 3533 798 sre-

1882 824 2103 885 quentes
2123 814 2333 879 insert-e
2359 814 2669 877 molestias.
2692 832 2968 888 quousque
2999 816 3210 872 domini
3238 819 3531 889 imperato·

1882 904 1962 958 ris
1983 908 2279 967 exercitus.
2307 920 2466 977 quem
2487 921 2557 962 ex
2589 906 2819 961 diver-sis
2842 907 3182 976 nationibus,
3212 906 3283 962 nd
3304 907 3529 977 infinita

1881 1004 2239 1050 contraxerat
2296 994 2502 1064 millia,
2566 999 2623 1050 ut
2677 995 2757 1050 eis
2806 996 3109 1050 subsidium
3155 994 3530 1065 ministraret,

1879 1083 2035 1139 circa
2065 1086 2207 1139 veris
2235 1086 2517 1140 adveniret
2539 1084 2782 1140 initium.
2811 1086 3124 1153 Adjicicbat
3146 1085 3320 1140 etiam
3342 1087 3524 1157 quod,

1880 1175 2012 1246 quia
2053 1173 2328 1229 &ibor-ibus
2373 1189 2560 1230 eorum
2598 1175 2666 1229 ab
2697 1175 2864 1230 initio
2901 1175 3306 1230 communicare
3349 1175 3528 1231 decre·

1880 1266 2051 1329 verat,
2073 1268 2128 1318 et
2163 1266 2277 1319 tam
2316 1265 2697 1336 prosperitatis
2726 1281 2889 1335 quam
2919 1263 3267 1319 adversorum
3295 1280 3351 1321 se
3377 1272 3529 1334 opta·

1883 1352 1977 1406 bat
2021 1351 2222 1408 habere
2262 1354 2616 1423 consortium,
2657 1354 2920 1424 majorem
2977 1368 3038 1409 se
3091 1355 3157 1409 ob
3184 1369 3528 1412 communem

1880 1441 2123 1513 qratiam
2176 1452 2229 1499 et
2258 1443 2539 1510 poetieam
2569 1442 2867 1500 utilitatem
2920 1444 3054 1499 velle
3102 1445 3342 1501 laborem
3370 1460 3527 1503 assu·

1879 1545 2072 1598 mere,·
2124 1532 2372 1588 videlicet
2428 1538 2492 1588 ut
2519 1532 2590 1588 nd
2630 1534 3018 1589 imneratorem
3059 1532 3262 1590 directo
3307 1535 3527 1603 festinet

1879 1620 2098 1683 itinere.
2119 1620 2422 1677 exercitum
2440 1627 2728 1678 maturare
2745 1623 3056 1691 compellat,
3078 1631 3130 1679 et
3158 1627 3230 1679 de
3251 1624 3525 1681 universis

1876 1712 2022 1764 citra
2052 1710 2251 1766 urbem
2280 1713 2505 1779 finibus,
2538 1710 2711 1768 victui
2740 1716 3050 1769 necessaria
3082 1715 3253 1784 laniat
3273 1728 3522 1788 compor-

1877 1799 2205 1871 tari.Cujus
2239 1805 2518 1865 mentem,
2550 1801 2678 1857 licet
2736 1804 2918 1858 nostri
2980 1802 3274 1874 principes
3304 1808 3517 1859 extunc

1877 1887 2024 1941 elab
2058 1888 2224 1941 initio
2250 1887 2558 1942 subdolam
2591 1892 2997 1961 cognovissent
3027 1895 3087 1944 et
3119 1888 3407 1956 fallacem,
3432 1896 3524 1946 ta·

1880 1993 2012 2033 men
2044 1979 2205 2033 illius
2236 1981 2431 2047 verbo,
2465 1995 2632 2034 nemo
2671 1995 2734 2035 se
2776 1980 3011 2035 obvium
3059 1979 3240 2046 dedit,
3275 1994 3380 2037 neo
3412 1979 3524 2038 tuit

1877 2084 2191 2140 quisquam
2213 2068 2312 2139 qui
2335 2069 2461 2138 rjus
2480 2084 2543 2123 se
2566 2068 2966 2124 moliminibus
2990 2076 3324 2140 opponeret.
3340 2074 3520 2141 Tunc,

1877 2161 1943 2210 ut
1999 2171 2348 2228 quocunque
2395 2155 2586 2211 colore
2636 2156 2897 2212 fraudem
2947 2172 3116 2211 suam
3162 2158 3426 2228 palliaret
3463 2161 3524 2214 et

1876 2252 2298 2314 commentum,
2321 2250 2573 2300 tentoria
2594 2244 2847 2315 reli-luit,
2886 2255 2937 2301 el
2979 2260 3048 2301 ex
3074 2247 3325 2316 plurima
3359 2258 3520 2319 parte

1875 2334 2155 2389 familiam
2178 2350 2193 2400 ς
2217 2342 2318 2389 aut
2334 2350 2532 2390 eorum
2568 2334 2867 2406 negligens
2897 2335 3169 2403 salutem,
3216 2346 3314 2391 aut
3344 2335 3402 2392 in
3424 2351 3521 2393 oc-

1875 2428 2034 2478 culto
2066 2424 2428 2495 significans,
2453 2431 2512 2479 ut
2557 2425 2627 2479 ad
2660 2425 2853 2479 locum
2887 2424 3241 2480 destinatum
3275 2424 3369 2481 die
3392 2430 3516 2482 sta·

1874 2517 2097 2569 statuta
2151 2528 2286 2569 eum
2361 2521 2760 2584 sequerentur.
2808 2513 2962 2568 Abiit
3017 2530 3177 2586 ergo,
3242 2517 3410 2586 quasi
3455 2513 3521 2573 iu

1877 2601 2142 2670 proximo
2176 2599 2503 2655 rediturus:
2536 2600 2636 2671 qui
2672 2607 2873 2671 postea
2907 2616 3021 2655 non
3070 2601 3402 2673 comparuit
3430 2602 3520 2659 vit·

1873 2686 2133 2743 inlidelis
2181 2695 2238 2745 et
2296 2704 2570 2761 nequam,
2616 2690 2782 2744 morti
2840 2695 3128 2762 perpetuae
3176 2692 3520 2750 tradendus.

1878 2777 2131 2849 Reliquit
2159 2793 2293 2843 eruo
2326 2786 2457 2849 post
2475 2794 2535 2833 se
2558 2780 2944 2850 perniciosum
2976 2779 3346 2850 exemplum:
3382 2797 3516 2839 num

1876 2868 1948 2923 ab
1978 2883 2045 2921 ea
2071 2869 2185 2935 die,
2218 2870 2554 2940 quicunque
2584 2886 2617 2924 a
2643 2869 2851 2925 castris
2899 2868 3045 2925 clam
3096 2886 3158 2925 se
3198 2876 3517 2941 potnerunt

1874 2955 2218 3026 subdocere,
2245 2961 2438 3029 fugam
2454 2958 3512 3031 occultatoinierunt,juramentorum

1876 3045 2270 3114 immemores,
2292 3054 2349 3101 et
2373 3046 2612 3117 publicae
2639 3047 3028 3116 professionis,
3053 3065 3224 3120 quam
3252 3050 3326 3104 ab
3348 3049 3517 3108 initio

1799 3119 1843 3187 C
1882 3137 2030 3191 votis
2052 3144 2440 3207 conceperant
2460 3137 2821 3195 ardentibus.
2848 3142 3048 3193 Fames
3071 3145 3262 3194 tamen
3287 3140 3519 3195 interim

1875 3224 2288 3295 invalescebat,
2345 3242 2451 3282 neo
2518 3233 2780 3298 poterant
2829 3230 3119 3300 principes
3178 3228 3311 3285 buic
3360 3234 3520 3289 tanto

1876 3316 2028 3370 malo
2062 3331 2314 3387 praesens
2359 3315 2593 3388 aliquod
2655 3319 2975 3373 remedium
3034 3318 3331 3376 adhibere.
3369 3317 3515 3378 Nain

1877 3405 2010 3462 licet
2033 3406 2148 3462 uini
2169 3419 2223 3462 et
2242 3406 2358 3463 bini
2385 3410 2456 3463 de
2484 3407 2684 3465 electis
2709 3409 3092 3482 principibus.
3132 3427 3268 3467 cum
3307 3411 3512 3484 ingen·

1875 3498 2038 3551 tibus
2056 3494 2383 3554 alternatim
2411 3500 2617 3569 copiis,
2642 3500 2896 3555 hostium
2940 3500 3204 3572 regiones
3227 3518 3380 3573 saepe
3407 3500 3512 3557 in-

1876 3588 2272 3659 grederentur,
2323 3593 2381 3643 et
2425 3590 2640 3659 stepius
2699 3588 3061 3660 victoresque
3143 3590 3398 3647 redirent
3442 3591 3514 3647 ad

1878 3677 2151 3748 propria;
2186 3682 2382 3732 tamen
2412 3693 2515 3733 nec
2547 3678 2791 3748 praedas,
2833 3694 2938 3735 nec
2975 3678 3154 3734 victui
3184 3695 3377 3735 secum
3409 3679 3517 3736 de·

1877 3765 2142 3820 ferebant
2199 3768 2547 3822 necessaria.
2615 3765 2819 3823 Hostes
2886 3769 3165 3825 nimirum
3220 3774 3521 3842 comperta

1877 3856 2162 3910 exercitus
2193 3871 2393 3911 eorum
2425 3855 2528 3927 qui
2574 3856 2938 3924 depredandi
2977 3858 3166 3930 gratia
3201 3859 3356 3913 exire
3384 3874 3521 3917 con·

1877 3955 2185 4000 sueverant
2215 3946 2389 4016 fama,
2422 3961 2623 4016 nreges
2651 3951 2709 4002 et
2733 3952 3013 4016 armenta,
3063 3955 3118 4003 el
3176 3949 3226 4003 si
3258 3962 3375 4019 qua
3404 3946 3520 4006 alia

1878 4032 1938 4088 in
1965 4033 2206 4104 peculiis
2227 4031 2521 4090 habebant
2540 4033 2833 4099 animalia.
2858 4036 2928 4092 ad
2955 4042 3184 4093 montes
3216 4036 3523 4110 impervios

1880 4128 1938 4179 et
1959 4123 2083 4178 loca
2103 4123 2526 4180 transferebant
2557 4124 2860 4196 penitiora,
2886 4127 2980 4181 ubi
3007 4141 3111 4183 nec
3129 4131 3346 4183 nostris
3370 4137 3522 4199 pate-

1881 4221 1968 4272 ret
2026 4230 2288 4281 accesus,
2347 4221 2402 4272 et
2451 4215 2923 4286 pervenientibus
2967 4220 3148 4275 etiam
3204 4232 3322 4275 non
3362 4221 3522 4276 esset

1881 4304 2048 4362 facile
2078 4306 2303 4378 praedas
2332 4305 2640 4364 abducere.

2480 4412 2714 4473 CAPUT
2748 4413 2917 4474 xxn.

1799 4509 1847 4578 D
1875 4522 2040 4579 Fame
2068 4520 2451 4591 invalescente,
2479 4527 2535 4579 et
2564 4526 2652 4579 tue
2677 4524 2939 4606 pestilera
2956 4522 3217 4595 populum
3254 4539 3523 4594 occupan-

1954 4606 2028 4659 te,
2061 4594 2384 4650 triduanum
2412 4596 2478 4649 ab
2501 4598 2764 4668 episcopis
2795 4596 3067 4651 indicitur
3086 4597 3373 4667 jejunium.
3405 4596 3529 4651 oux

1955 4666 2278 4737 Godelrtdus
2305 4668 2527 4737 plenam
2583 4668 2778 4734 recipit
2801 4670 3123 4733 uanitatem,
3162 4672 3211 4722 et
3248 4667 3524 4723 exercitus

1953 4738 2022 4795 de
2047 4740 2165 4812 ejus
2191 4740 2373 4795 salute
2398 4738 2847 4795 consolationem.

1953 4846 2240 4902 Paridem
2273 4851 2528 4917 tempus,
2559 4861 2693 4901 cum
2724 4844 2880 4901 circa
2908 4842 3221 4900 exercitum
3257 4841 3523 4901 dedicio

1882 4933 2036 4990 diem
2067 4937 2275 5002 sames,
2295 4942 2440 4991 etex
2457 4935 2609 4990 fame
2630 4935 2774 5004 lues,
2808 4937 2867 4989 et
2894 4934 3005 4990 alia
3029 4932 3526 4990 increbrescerent

1885 5023 2162 5097 pericula,
2213 5026 2477 5080 videntes
2532 5025 2791 5079 seniores
2839 5024 3062 5095 populi,
3093 5024 3276 5096 etqui
3310 5039 3528 5081 sensus

1882 5117 2176 5174 habebant
2210 5116 2392 5189 magis
2422 5114 2780 5184 exercitatos,
2831 5119 3064 5186 peccata
3119 5114 3427 5172 bominum
3469 5115 3526 5170 id

1882 5209 2134 5280 exigere,
2166 5214 2223 5264 et
2251 5206 2564 5263 Dominum
2598 5204 2669 5261 ad
2719 5204 3080 5261 iracundiam
3127 5213 3526 5276 provocatum,

1884 5298 2093 5354 merito
2115 5298 2233 5353 baec
2257 5295 2486 5369 flagella
2510 5294 2721 5366 populo
2742 5295 2903 5350 durae
2942 5294 3184 5350 cervicis
3214 5293 3478 5364 infligere
3505 5307 3522 5363 3

1882 5387 2294 5443 convenientes
2315 5388 2387 5443 ad
2412 5386 2744 5450 invicem,el
2768 5382 2999 5439 Domini
3021 5382 3283 5440 timorem
3309 5384 3531 5441 baben-

1882 5481 1972 5534 tes
1994 5493 2109 5549 pra
2130 5478 2335 5547 oculis,
2369 5477 2537 5533 anxie
2567 5472 2886 5530 deliberare
2914 5480 3212 5547 coeperunt
3238 5471 3531 5547 quomodo

1882 5565 2197 5627 commissa
2222 5566 2397 5627 celeri
2415 5563 2778 5640 penitudine
2793 5563 3110 5637 ducentes,
3127 5574 3188 5622 et
3207 5579 3311 5638 pro
3337 5563 3526 5639 culpis
