3784 6000
14 46 64 190 Ι
1091 221 1467 284 EPISTOLAE
1505 221 1594 280 ΕΤ
1625 219 2061 281 PRIVILEGIA.
2106 252 2174 268 —
2210 222 2330 281 AN.
2371 221 2533 283 1184.
3367 218 3517 279 1310

86 227 235 286 1309

15 197 52 448 ἱ
85 363 224 407 cros
247 346 490 405 ordines
516 344 738 403 fuerint
761 346 1180 419 promovendi,
1206 362 1242 404 a
1273 346 1620 404 dioecesano
1644 359 1742 402 su·
1770 348 1820 400 Α
1852 345 1919 403 ln
1949 346 2158 419 primis
2187 346 2489 421 siquidem
2526 349 2858 406 statuentes
2884 349 2950 404 ut
2978 344 3129 404 ordo
3158 344 3511 403 canonieus’

15 449 34 510 ,ς
85 436 364 509 scipiatis
410 435 716 510 episcopo,
760 436 1058 510 siquidem
1100 435 1431 494 catholicus
1459 434 1655 501 fuerit,
1686 439 1745 492 et
1850 435 1955 508 qui
1984 436 2318 493 secundum
2347 440 2556 505 Deum,
2580 440 2637 494 et
2663 436 2824 494 beati
2854 435 3170 506 Augustini
3200 433 3511 505 Regulam,

15 529 26 598 “,
81 528 348 601 gratiam
364 530 543 598 atque
565 526 1055 582 communionem
1079 524 1239 583 sedis
1264 525 1608 599 apostolicae
1633 524 1745 582 ha·
1850 527 1910 582 et
1946 524 2380 584 institutionem
2421 526 2835 584 portuensium
2878 525 3150 591 fratrum,
3181 524 3242 580 in
3291 523 3509 581 eodem

15 631 18 660 =
78 616 308 681 buerit,
335 619 393 671 et
409 630 482 670 ea
498 613 671 670 vohis
694 613 879 684 gratis
906 621 960 669 et
976 613 1206 687 absque
1225 613 1514 687 pravitate
1538 612 1744 685 aliqua

76 702 347 762 voluerit
392 701 675 759 exhibere
721 718 737 769 ;
792 702 1060 775 alioquin
1118 703 1292 761 liceat
1333 702 1507 760 vobis
1558 716 1744 775 quem

15 819 18 830 ·
77 791 426 851 malueritis
466 791 827 850 catholicum
856 792 1023 849 adire
1054 791 1405 863 antistitem,
1438 790 1541 866 qui
1572 788 1744 847 nimi·

76 898 249 949 rum,
295 885 504 937 nostra
550 879 735 937 fultus
783 880 1154 948 auctoritate,
1204 881 1366 953 quod
1407 877 1746 953 postulatur

75 969 419 1041 indulgeat.
452 968 834 1041 sepulturam
864 985 1110 1043 quoque
1130 969 1323 1042 ipsius
1353 968 1467 1026 loci
1489 967 1743 1025 liberam

77 1074 222 1116 esse
250 1057 651 1125 decernimus,
696 1062 759 1115 ut
799 1072 1010 1115 eorum
1039 1057 1346 1115 devotioni
1381 1062 1438 1114 et
1462 1061 1745 1115 extremoe

78 1147 381 1204 voluntati
425 1146 534 1220 qui
576 1162 639 1203 se
679 1146 796 1202 illic
834 1147 1065 1219 sepeliri
1096 1147 1579 1215 deliberaverint,
1628 1143 1743 1201 nisi

81 1235 242 1293 forte
267 1235 772 1292 excommunicati
803 1235 896 1293 vel
927 1235 1220 1294 interdicti
1253 1235 1392 1305 sint,
1418 1234 1617 1292 nullus
1643 1233 1745 1289 ol»-

85 1323 283 1389 sistat,
322 1325 490 1382 salva
517 1329 719 1381 tamen
744 1324 975 1398 justitia
1011 1315 1250 1383 illarum
1288 1324 1674 1382 ecclesiarum
1704 1337 1743 1379 a

86 1412 315 1487 quibus
337 1420 713 1471 mortuorum
741 1429 998 1487 corpora
1024 1421 1440 1471 assumuntur.
1472 1412 1742 1470 Obeunte

88 1517 234 1558 vero
249 1507 324 1571 te,
347 1517 508 1559 nune
530 1502 800 1574 ejusdem
826 1502 940 1559 loci
953 1502 1194 1572 abbate,
1218 1502 1311 1560 vel
1332 1508 1571 1560 tuorum
1587 1516 1746 1575 quo·

88 1589 693 1657 libetsuccessorum,
717 1590 917 1647 nullus
945 1591 1026 1648 ihi
1047 1591 1317 1666 qualibet
1339 1588 1745 1664 subreptionis

90 1679 313 1736 astutia
336 1695 441 1736 seu
458 1679 1156 1754 violentiaproeponatur.
1182 1681 1492 1754 nisiquem
1512 1678 1746 1751 fratres,

89 1769 400 1827 communi
432 1784 759 1835 consensu,
793 1769 888 1826 vel
927 1768 1178 1826 fratrum
1210 1786 1351 1842 pars
1387 1768 1620 1826 consilii
1652 1784 1749 1825 sa-

93 1858 304 1925 nioris,
332 1858 661 1914 secundum
705 1860 801 1916 Dei
853 1858 1127 1916 timorem
1169 1864 1225 1916 et
1262 1858 1424 1916 beati
1454 1856 1749 1915 Benedicti

94 1945 405 2018 Regulam,
426 1947 791 2019 providerint
813 1946 1178 2018 eligendum.
1205 1948 1586 2005 Decernimus
1606 1960 1750 2016 ergo

99 2036 167 2090 ut
181 2034 330 2093 nulli
353 2035 605 2092 omnino
629 2034 969 2106 hominum,
991 2041 1127 2109 etc.,
1156 2052 1340 2110 usque
1356 2037 1438 2094 ad
1453 2037 1655 2106 tinent,
1684 2038 1751 2091 ut

94 2121 160 2178 in
182 2123 517 2196 privileqiis
545 2125 878 2183 Innocentii
891 2140 1068 2196 papae
1093 2129 1147 2184 et
1180 2125 1485 2184 Coelestini
1508 2124 1624 2198 (35)
1655 2138 1751 2181 su·

90 2213 473 2283 pra-scriptis.

167 2304 289 2373 Ego
316 2304 600 2370 Joannes,
633 2302 783 2360 tituli
810 2304 1009 2361 Sancti
1030 2302 1201 2362 Marci
1227 2303 1541 2378 presbyter
1561 2301 1752 2360 cardi·

95 2391 273 2450 nalis.

167 2482 290 2551 Ego
319 2481 649 2548 Laborans,
681 2482 992 2556 presbyter
1018 2481 1339 2539 cardinalis
1368 2481 1601 2539 Sanctae
1631 2483 1751 2539 Ma-

98 2570 203 2628 rioe
237 2570 690 2638 Transtiberim,
724 2571 873 2629 tituli
901 2571 1132 2629 Calixti.

169 2661 294 2730 Ego
325 2658 705 2727 Humbertus,
748 2660 898 2717 tituli
935 2659 1137 2717 Sancti
1185 2660 1494 2718 Laurencii
1539 2660 1599 2717 in
1643 2660 1752 2717 Da·

103 2763 277 2804 maso
304 2748 619 2821 presbyter
639 2749 983 2806 cardinalis.

173 2838 297 2908 Ego
335 2836 676 2903 Pandultus,
710 2839 1020 2911 presbyter
1048 2837 1369 2897 cardinalis
1408 2835 1555 2895 tituli
1581 2837 1753 2894 Basi-

95 2924 225 2982 licae
245 2925 571 2983 Duodecim
598 2927 1051 3000 Apostolorum.

172 3017 295 3087 Ego
327 3016 559 3084 Lucius,
588 3017 896 3074 catholicas
923 3017 1192 3074 Ecclesioe
1216 3017 1561 3091 episcopus.

390 3119 634 3162 suctus
673 3121 901 3163 remus.
942 3122 1176 3163 emerus
1211 3121 1447 3164 nocue.

173 3196 385 3252 Datum
410 3194 677 3263 veroum,
711 3211 819 3267 per
843 3210 1094 3252 manum
1119 3194 1364 3268 Alberti,
1399 3200 1622 3254 sanctoe
1644 3199 1752 3254 Ro·

97 3299 295 3344 manae
324 3284 599 3340 Ecclesiae
613 3284 836 3358 presby
845 3285 947 3341 teri
968 3283 1290 3342 cardinalis
1313 3289 1371 3342 et
1384 3284 1748 3354 cancellarii,

96 3391 157 3435 xl
188 3372 618 3440 Kal.Januarii,
646 3372 973 3431 indictione
991 3390 1068 3440 ιιι,
1093 3372 1530 3431 incarnationis
1552 3374 1752 3432 Domi-

98 3464 249 3520 nicae
294 3477 456 3519 anno
507 3463 668 3532 1184,
710 3463 1094 3534 pontificatus
1142 3478 1284 3520 vero
1334 3462 1545 3522 domni
1590 3462 1752 3521 Lucii

96 3567 273 3626 papoe
306 3551 456 3608 tertii
488 3567 649 3609 anno
674 3557 914 3625 quarto.

805 3658 1043 3718 CLXXX.

102 3764 419 3823 canonicis
429 3765 1661 3835 Reqularibusmonasteriisanctaenaffae
1671 3766 1753 3825 ad

135 3836 415 3895 Carceres
433 3837 497 3892 in
517 3837 818 3894 territorio
842 3839 1081 3897 Estensi
1096 3839 1423 3911 privileqia
1446 3842 1714 3898 renovat.

625 3944 913 4016 (Veronae,
948 3948 1082 4003 Dec.
1112 3945 1228 4018 2⁶2.)

402 4066 739 4142 [Musas-ont,
771 4071 975 4143 Antiq.
999 4071 1166 4143 Ital„
1203 4073 1266 4137 V,
1291 4071 1441 4146 265.]

174 4176 374 4232 Lucius
406 4175 744 4249 episcopus,
785 4193 996 4235 servus
1020 4194 1329 4236 servorum
1372 4179 1493 4246 Dei,
1522 4177 1754 4237 dilectis

97 4261 236 4321 filiis
259 4263 528 4330 Ltvnno,
559 4265 736 4336 priori
758 4266 1022 4324 ecclesiae
1036 4269 1267 4325 Sanctoe
1298 4266 1492 4326 uariae
1519 4267 1597 4324 de
1621 4267 1755 4325 Car-

1849 613 1984 671 loco
2023 615 2328 673 institutus
2355 631 2485 673 esse
2515 615 2916 686 cognoscitur,
2953 613 3255 686 perpetuis
3283 611 3510 669 ibidem

1851 702 3510 776 temporibusinviolabiliterobservetur.Praetereaquas-

1849 807 2090 866 cunque
2119 794 2544 866 possessiones,
2586 797 2722 860 etc.,
2753 793 2814 849 in
2839 791 3062 867 quibus
3085 790 3215 848 hoec
3242 788 3507 864 propriis

1850 880 2137 938 duximus
2163 882 2557 957 exprimenda
2581 880 2892 939 vocabulis
2921 896 2936 936 τ

1923 972 2146 1027 Locum
2171 971 2392 1045 ipsum,
2409 972 2467 1028 in
2488 987 2613 1045 quo
2628 975 2964 1028 memorata
2985 966 3237 1026 ecclesia
3262 965 3375 1023 sita
3392 970 3503 1037 est,

1850 1075 1988 1117 cum
2012 1060 2292 1120 omnibus
2320 1060 2675 1133 adjacentiis
2694 1065 2749 1118 et
2768 1056 3133 1133 pertinentiis
3152 1057 3307 1113 suis:
3336 1060 3393 1113 et
3409 1055 3505 1111 de·

1851 1148 2043 1206 cimas
2072 1149 2577 1208 novaliumtotius
2598 1150 2709 1207 loci
2734 1149 2835 1222 qui
2865 1145 3305 1205 carrateculum
3332 1159 3510 1202 voca-

1852 1241 1969 1307 tur,
2001 1238 2152 1296 sicut
2167 1239 2544 1312 privilegium
2572 1238 3032 1312 praedecessoris
3054 1235 3238 1293 nostri
3258 1234 3510 1291 Alexan-

1852 1328 1946 1385 dri
1978 1327 2215 1401 plenius
2245 1328 2511 1387 continet
2555 1344 2570 1395 ;
2616 1332 2674 1385 et
2710 1327 2774 1385 in
2805 1325 3170 1398 Augutiano,
3202 1328 3259 1382 et
3289 1325 3349 1380 in
3386 1327 3511 1381 tota

1856 1416 2207 1484 Scudechia,
2237 1417 2298 1475 in
2349 1420 2574 1485 Fracta,
2612 1418 2673 1474 in
2702 1415 3104 1480 Montaniana,
3147 1412 3295 1471 etin
3342 1412 3510 1483 Vigo-

1853 1504 1983 1563 solo
2008 1524 2023 1575 ;
2045 1506 2341 1580 quidquid
2370 1507 2607 1564 habetis
2628 1506 2689 1562 in
2717 1504 3024 1575 cavalligo
3049 1522 3064 1573 ;
3089 1499 3390 1576 quidquid
3406 1501 3511 1557 ha·

1852 1594 2008 1652 betis
2035 1594 2098 1651 in
2124 1595 2445 1665 craterolo,
2484 1595 2544 1653 in
2576 1597 2790 1667 Carpo,
2821 1594 2881 1650 in
2912 1594 3113 1658 Portu,
3140 1592 3201 1648 in
3232 1588 3510 1656 Minevio,

1777 1696 1822 1753 Β
1858 1683 2178 1752 Bonadico,
2220 1683 2480 1751 Urbano,
2529 1682 2759 1750 Casale,
2793 1681 3127 1748 Milliarino,
3167 1683 3373 1745 Panse,
3417 1677 3511 1734 vi-

1855 1773 2082 1844 gezolo,
2138 1776 2261 1840 Est,
2305 1773 2366 1830 in
2416 1772 2589 1830 Plebe
2649 1772 2725 1829 de
2783 1770 2951 1837 Villa,
3002 1770 3062 1826 in
3130 1766 3511 1832 montesilice,

1858 1863 2061 1918 Baono
2089 1865 2182 1919 :et
2199 1860 2501 1936 quidquid
2525 1860 2750 1918 ibidem
2767 1860 2826 1915 B.
2847 1858 3169 1915 Paduanus
3190 1856 3513 1929 episcopus

1855 1950 2287 2010 rationabiliter
2304 1951 2474 2008 vobis
2503 1948 2795 2008 concessit
2821 1964 2835 2004 :
2861 1945 3160 2022 quidquid
3187 1943 3422 2003 hahetis
3450 1942 3512 1999 in

1860 2041 2156 2113 spasano,
2183 2041 2364 2107 cona,
2388 2039 2668 2106 Tribano,
2690 2039 2752 2095 in
2782 2036 2935 2094 Villa
2953 2037 3238 2101 Pantena,
3265 2032 3326 2089 in
3356 2035 3514 2090 Mon-

1857 2133 2140 2201 tegnana,
2157 2130 2216 2186 in
2240 2128 2530 2187 Albetona
2545 2145 2560 2197 ;
2574 2141 2950 2201 quocunque
2964 2141 3002 2183 a
3015 2124 3190 2181 bonai
3206 2120 3513 2179 memoria

1856 2217 2075 2276 Bellino
2115 2224 2173 2275 et
2208 2217 2519 2276 Sinibaldo
2549 2216 2852 2275 Paduanis
2893 2213 3162 2290 quodam
3210 2207 3514 2284 episcopis

1855 2304 3044 2374 vobiscanonicedatasunt‚nihilominus
3057 2301 3512 2359 confirmamus:

1855 2395 2167 2454 ecclesiam
2199 2397 2397 2454 Sancti
2423 2395 2767 2462 Salvatoris‚
2800 2409 2941 2450 cum
2970 2391 3254 2449 omnibus
3279 2402 3514 2463 posses·

1857 2486 2129 2544 sionibus
2167 2485 2312 2552 suis,
2338 2490 2475 2551 etc.,
2497 2484 2651 2541 sicut
2669 2484 2828 2557 juste
2856 2499 2927 2540 ac
2956 2480 3205 2555 pacifice
3233 2477 3513 2536 eamdem
3599 2501 3605 2506 ·

1855 2575 2176 2650 possidetis
2203 2591 2218 2632 ε
2241 2578 2481 2641 terram,
2501 2589 2692 2647 quam
2716 2572 2952 2629 habetis
2981 2571 3042 2626 in
3067 2569 3438 2627 Vicotineoso
3459 2562 3519 2623 el

1856 2664 1920 2721 in
1949 2663 2162 2723 Gazolo
2195 2681 2209 2720 ι
2237 2662 2549 2722 ecclesiam
2581 2660 2783 2720 Sancti
2810 2659 3058 2718 Joannis
3084 2658 3160 2715 de
3191 2652 3516 2728 vighizolo,

1857 2769 1995 2811 cum
2013 2753 2301 2811 omnibus
2332 2749 2817 2826 possessionibus
2840 2754 2898 2806 et
2924 2749 3054 2806 aliis
3082 2762 3222 2821 quae
3248 2745 3327 2803 ad
3356 2759 3521 2803 eam·

1857 2844 1997 2903 dem
2011 2843 2323 2901 ecclesiam
2350 2842 2646 2916 pertinere
2664 2843 3016 2905 noscuntur,
3034 2838 3202 2896 terris
3220 2833 3516 2900 videlicet,

1858 2932 2207 3009 paludibus,
2226 2930 2658 3007 piscationibus
2678 2946 2750 2988 ac
2773 2929 3054 2986 decimis:
3086 2924 3518 2984 decimationes

1860 3024 2038 3081 etiam
2085 3023 2262 3080 totius
2293 3021 2534 3096 paludis
2572 3021 2648 3077 de
2686 3019 2910 3087 Baone‚
2944 3018 3100 3075 sicut
3130 3015 3300 3074 vobis
3331 3031 3369 3073 a
3405 3017 3516 3070 Pa-

1858 3111 2362 3186 duanoepiscopo
2372 3109 2806 3168 rationabiliter
2821 3122 3125 3166 concessus
3143 3109 3303 3172 sunt,
3317 3104 3435 3175 etej
3445 3118 3515 3159 us

1859 3201 2327 3258 instrumentum
2352 3199 2588 3273 plenius
2613 3198 2878 3256 continet
2905 3213 2919 3254 :
2947 3195 3247 3253 decimam
3269 3206 3517 3267 quoque

1858 3289 1936 3347 de
1963 3288 2251 3348 territorio
2261 3289 2417 3345 villoe
2432 3304 2569 3362 quae
2585 3287 2798 3345 dicitur
2817 3284 3116 3344 cavallile.
3143 3282 3258 3340 Seu
3267 3281 3514 3339 tentiam

1860 3394 1999 3437 vero
2018 3378 2381 3451 illamquam
2405 3377 2680 3448 profatus
2701 3378 2762 3432 B.
2782 3390 2964 3447 super
2975 3373 3356 3430 contentione
3374 3383 3514 3444 quas

1858 3467 2011 3526 inter
2030 3483 2136 3524 vos
2154 3471 2211 3525 et
2227 3466 2473 3524 clericos
2499 3466 2725 3522 Sancloe
2743 3463 2930 3520 Teclae
2945 3462 3020 3519 de
3047 3462 3246 3527 Adest,
3278 3460 3354 3516 de
3384 3473 3517 3532 per-

1861 3572 2015 3614 sona
2051 3555 2273 3628 Ugonis
2305 3553 2588 3613 Balisterii
2619 3557 2675 3610 et
2702 3553 2807 3610 filii
2833 3552 2987 3624 ejus,
3022 3556 3081 3607 et
3109 3550 3286 3607 bonis
3324 3545 3515 3618 ipsius

1860 3645 2173 3717 agebatur,
2193 3643 2453 3715 legitime
2476 3640 2896 3715 promulgavit,
2910 3644 3106 3696 ratam
3118 3637 3438 3705 habemus,
3461 3637 3518 3690 et

1860 3733 2212 3793 auctoritate
2237 3732 2570 3806 apostolica
2589 3730 3042 3788 confirmamus.
3068 3729 3356 3785 Proeterea
3375 3738 3518 3782 ven-

1860 3823 2148 3881 ditionem
2170 3838 2356 3897 quam
2377 3819 2546 3880 vobis
2560 3818 3040 3893 archipresbyter
3061 3815 3138 3873 de
3152 3817 3356 3872 Runco
3376 3826 3515 3870 cum

1860 3911 2147 3970 fratribus
2166 3911 2291 3969 suis
2306 3912 2381 3969 de
2401 3909 2669 3985 quadam
2701 3907 2945 3967 terrain
2974 3907 3233 3964 Minerva
3261 3903 3520 3961 rationa-

1859 3999 2057 4059 biliter
2084 3999 2241 4067 iecit,
2271 3999 2449 4057 vobis
2484 4003 2544 4056 et
2578 3996 2846 4057 ecclesiae
2885 4000 3096 4052 vestrm
3126 3990 3517 4049 nihilominus

1860 4089 2297 4148 confirmamus
2310 4108 2326 4154 ς
2341 4090 2666 4146 statuentes
2685 4090 2751 4143 ut
2762 4085 2836 4142 de
2854 4081 3342 4158 possessionibus
3362 4093 3518 4152 quas

1862 4194 2025 4236 nunc
2053 4179 2238 4236 habet
2256 4177 2507 4235 ecclesia
2527 4180 2744 4242 vestra,
2776 4173 2870 4232 vel
2891 4177 2980 4230 est
3005 4173 3065 4229 in
3092 4175 3390 4245 posterum
3412 4167 3519 4225 ha-

1862 4267 2083 4336 bitura,
2131 4266 2329 4324 nullus
2371 4264 2561 4323 laicus
2601 4263 2871 4322 decimas
2899 4264 3229 4336 praesumat
3265 4257 3516 4331 exigere.

98 4351 360 4419 ceribus,
393 4353 643 4426 ejusque
672 4353 980 4423 fratribus,
997 4361 1124 4413 tam
1153 4356 1546 4428 proesentibus
1566 4372 1754 4430 quam
1866 4359 2021 4415 Sane
2052 4356 2362 4414 novalium
2399 4361 2759 4421 vestrorum,
2781 4368 2918 4428 quas
2949 4349 3207 4423 propriis
3235 4346 3521 4406 manibus

98 4438 335 4509 tuturis,
375 4441 712 4511 regularem
752 4443 939 4500 vitam
979 4443 1292 4517 professis.

172 4529 411 4595 Quoties
432 4529 577 4587 illud
595 4531 823 4588 anobis
847 4533 1063 4605 petitur
1081 4532 1247 4607 quod
1277 4533 1546 4606 religioni
1576 4539 1633 4591 et
1653 4535 1757 4592 bo-

99 4618 318 4675 nestati
360 4617 593 4675 videtur
620 4623 960 4691 convenire,
992 4623 1199 4680 animo
1218 4638 1330 4680 nos
1361 4622 1530 4680 decet
1550 4622 1756 4682 libenti

101 4706 453 4776 concedere,
470 4712 528 4763 et
547 4709 875 4781 petentium
895 4710 1207 4768 desideriis
1219 4711 1620 4784 apostolicum
1639 4712 1757 4770 sul·

99 4795 356 4866 fragium
377 4795 686 4867 impertiri.
706 4800 1053 4872 Eapropler,
1072 4799 1268 4857 dilecti
1285 4800 1344 4856 in
1357 4800 1611 4858 Domino
1629 4799 1753 4868 filii,

102 4885 312 4941 vestris
337 4884 508 4956 iustis
532 4887 1035 4960 postulationibus
1064 4888 1387 4947 clementer
1402 4890 1754 4958 annuimus,

100 4976 157 5029 et
181 4972 496 5030 ecclesiam
530 4975 762 5032 Sanctae
789 4976 985 5033 Mariae
1020 4976 1097 5034 de
1127 4977 1500 5045 carceribus,
1543 4979 1603 5036 in
1634 4995 1757 5051 qua

99 5061 305 5117 divino
320 5063 461 5119 estis
480 5064 805 5136 mancipati
821 5065 1138 5139 obsequio.
1154 5066 1231 5124 ad
1247 5067 1558 5141 exemplar
1571 5067 1756 5126 felicis

101 5149 530 5206 recordationis
557 5151 880 5210 Alexandri
923 5169 1119 5227 papae,
1151 5155 1612 5227 proedecessoris
1651 5171 1758 5214 no·

105 5237 233 5304 stri,
264 5236 378 5293 sub
416 5237 576 5296 beati
607 5241 756 5298 Petri
785 5247 844 5301 et
878 5248 1085 5300 nostra
1112 5245 1478 5317 protectione
1507 5245 1759 5319 suscipi-

105 5342 268 5395 mus,
292 5329 351 5382 et
378 5330 689 5400 praesentis
718 5332 919 5407 scripti
950 5332 1259 5406 privilegio
1288 5334 1756 5392 communimus.

182 5504 296 5580 (35)
319 5504 684 5580 patrologia
707 5510 852 5567 tom.
880 5509 1141 5582 cmlx,
1172 5510 1289 5570 sub
1307 5524 1480 5570 num.
1508 5514 1601 5570 30.

1786 4410 1832 4466 D

1865 4450 1969 4503 aut
1998 4444 2343 4519 sumptibus
2373 4443 2585 4511 colitis,
2629 4458 2734 4500 seu
2773 4441 2850 4498 de
2879 4438 3259 4496 nutrimentis
3303 4439 3523 4495 vestro·

1862 4549 1998 4591 rum
2016 4533 2395 4600 animalium,
2412 4531 2613 4590 nullus
2639 4529 2862 4589 avobis
2883 4527 3151 4585 decimas
3162 4526 3400 4597 exigere
3425 4522 3520 4580 vel

1863 4628 2214 4695 extorquere
2234 4625 2585 4696 praesumat.
2604 4619 2804 4676 Liceat
2822 4631 3067 4691 quoque
3089 4611 3522 4672 vohisclericos

1864 4717 1923 4769 et
1947 4711 2158 4779 laicos,
2189 4727 2222 4769 e
2258 4710 2480 4769 soeculo
2510 4709 2823 4780 fugientes,
2850 4705 3072 4762 liberos
3109 4707 3166 4760 et
3205 4701 3517 4760 absolutos

1865 4801 1945 4858 ad
1968 4799 2421 4858 conversionem
2445 4798 2730 4871 recipere,
2752 4800 2810 4852 et
2834 4809 2939 4852 eos
2964 4792 3196 4867 absque
3221 4787 3523 4849 contradi·

1865 4889 2083 4954 ctione,
2122 4887 2392 4963 qualibet
2432 4887 2702 4944 retinere.
2733 4885 2797 4940 ln
2837 4880 3281 4956 parochialibus
3321 4883 3524 4936 autem

1865 4978 2132 5037 ecclesiis
2152 4992 2309 5050 quas
2327 4975 2585 5041 habetis,
2614 4973 2791 5030 liceat
2813 4971 2984 5029 vobis
3005 4970 3220 5042 eligere
3247 4965 3526 5025 sacerdo-

1868 5062 1990 5134 tes:
2015 5071 2073 5125 et
2106 5066 2450 5123 dioecesano
2479 5063 2764 5136 episcopo
2793 5062 3176 5133 praesentare,
3207 5055 3452 5131 quibus,
3476 5053 3526 5111 si

1864 5156 2066 5215 idonei
2092 5155 2316 5213 inventi
2339 5152 2572 5219 fuerint.
2599 5151 2920 5224 episcopus
2944 5161 3152 5205 curam
3178 5145 3524 5203 animarum

1867 5246 2224 5312 committat,
2254 5248 2316 5301 ut
2340 5243 2393 5299 ei
2416 5240 2495 5298 de
2523 5237 2959 5313 spiritualibus,
2999 5234 3172 5293 vobis
3202 5237 3408 5292 autem
3447 5231 3526 5290 de

1868 5332 2303 5409 temporalibus
2315 5331 2571 5389 debeant
2586 5344 2680 5386 res
2686 5325 3268 5401 pondere.Antiquas
3280 5321 3527 5381 eti-atio-
