3784 6000
126 231 246 294 521

629 231 833 294 HIST.
883 229 1156 292 RERUM
1200 228 1739 294 TRANSMARIN.
1787 261 1862 277 --
1908 231 2055 293 LIB.
2101 231 2231 294 ΧΠ.
2278 231 2737 297 BALDUINUS
2780 234 2833 296 11
2879 236 3060 298 REX.

129 366 275 436 Nili,
328 367 479 439 quod
528 366 809 424 carabeix
862 366 1108 435 dicitur;
1142 382 1320 438 supra
1358 368 1512 439 quod
1553 367 1780 423 iterum.
1814 371 1867 436 Α
1900 366 2082 440 litato,
2116 373 2180 425 ut
2207 371 2462 442 equitare
2504 389 2615 428 non
2670 377 2881 443 posset,
2911 374 3176 432 lecticam
3216 377 3541 448 instruunt,

129 456 436 529 Tampuis,
470 456 609 513 urbs
632 454 1082 528 antiquissima:
1108 460 1165 511 et
1194 457 1654 528 signorumque
1673 457 1780 513 Do·

131 546 329 603 minus
370 562 475 618 per
513 546 751 618 Moysen
782 561 1011 602 servum
1045 561 1213 602 suum
1257 563 1452 602 coram
1482 546 1781 603 Pharaone

129 640 409 709 operatus
430 640 542 705 est,
566 634 898 691 familiaris.
921 635 1100 707 Capta
1129 634 1310 706 igitur
1333 636 1495 705 urbe,
1511 650 1780 708 egressus

128 742 230 781 rex
242 726 312 782 ad
327 725 669 797 proedictum
684 724 897 781 ostium
916 723 1481 792 Nili,admiratusest
1497 740 1778 794 aquarum

132 811 457 884 quasprius
477 828 591 867 non
605 809 1091 877 videratssuenta3
1122 826 1307 881 eoque
1333 812 1603 878 maxime,
1623 811 1778 883 quod

127 899 320 963 Nilus,
353 901 524 973 cujus
553 900 880 971 portionem
920 898 1118 955 alveus
1161 898 1258 955 ille
1312 914 1496 971 usque
1532 898 1592 954 in
1626 913 1780 954 mare

129 991 396 1061 deducit,
429 1006 610 1047 unum
655 990 725 1045 de
755 999 1003 1061 quatuor
1033 990 1279 1061 paradisi
1313 990 1655 1046 fluminibus
1687 989 1777 1045 di-

130 1081 294 1136 citur
331 1096 481 1149 esse,
510 1087 561 1136 et
609 1078 885 1136 creditur.
917 1079 1107 1150 Captis
1147 1079 1329 1151 igitur
1376 1079 1446 1135 de
1493 1080 1777 1152 piscibus,

129 1187 390 1241 quorum
422 1169 536 1226 illic
565 1169 814 1225 maxima
844 1173 934 1226 est
960 1168 1221 1240 copia,in
1250 1169 1446 1224 urbem
1471 1184 1647 1240 quam
1677 1183 1778 1224 oc·

131 1263 495 1331 cupaverant
524 1261 786 1329 redeunt,
818 1267 872 1314 et
902 1261 1101 1331 parato
1133 1258 1380 1330 prandio
1413 1258 1608 1314 resecti
1639 1262 1781 1313 sunt

130 1366 198 1405 ex
229 1351 355 1417 eis;
388 1363 644 1421 cumque
690 1365 788 1404 rex
817 1346 1165 1403 surrexisset
1209 1364 1241 1402 a
1290 1362 1473 1413 coena,
1507 1345 1688 1401 sensit
1716 1360 1780 1402 se

130 1436 330 1494 dolore
371 1437 630 1509 plurimo
677 1437 923 1493 interius
973 1436 1315 1509 praegravari
1341 1453 1355 1503 ;
1406 1439 1463 1491 et
1510 1435 1781 1492 recrude-

130 1531 329 1583 scente
359 1526 582 1599 antiqui
614 1525 872 1582 vulneris
895 1524 1371 1597 molestia,coepit
1391 1524 1653 1581 laborare
1683 1541 1778 1581 ve-

128 1614 485 1685 hementius,
510 1615 589 1672 ita
618 1619 684 1672 ut
708 1615 781 1671 de
808 1614 924 1670 vita
946 1614 1282 1686 periclitans
1304 1615 1657 1687 desperaret.
1680 1615 1780 1670 ln-

1896 472 2147 528 eumque
2179 458 2236 514 in
2269 475 2357 529 ea,
2389 461 2556 517 anxie
2597 461 2960 518 laborantem
2993 461 3297 522 collocant.
3333 466 3544 540 Sicque

1889 546 2247 603 continuatis
2278 549 2607 619 itineribus,
2648 558 2981 609 transcursa
3010 567 3079 609 ex
3126 558 3288 625 parte
3338 554 3539 612 solitu·

1888 633 2049 703 dine,
2079 651 2206 706 quas
2230 637 2380 694 inter
2412 638 2722 710 AEgyptum
2753 642 2810 695 et
2846 640 3065 711 Syriam
3097 641 3294 698 media
3321 643 3542 698 diffun-

1890 722 2069 788 ditur,
2101 723 2262 780 Laris
2312 726 2615 798 antiquam
2650 725 2916 796 ejusdem
2961 726 3302 787 solitudinis
3334 732 3540 788 urbem

1889 813 2234 883 perveniunt
2264 814 2642 871 maritimam.
2680 814 2788 871 Ubi
2840 817 3043 873 morbo
3077 824 3390 891 superatus
3415 836 3533 893 rex,

1888 901 1959 955 ad
1992 907 2314 958 extremum
2345 903 2607 971 veniens,
2641 903 2698 958 in
2733 903 2854 961 fata
2885 908 3212 976 concessit;
3256 908 3409 964 unde
3439 907 3536 966 lu·-

1888 990 2162 1061 gentibus
2175 999 2229 1047 et
2248 1009 2362 1064 prae
2385 991 2602 1049 doloris
2621 994 2896 1065 angustia
2915 994 3323 1052 deficientibus
3352 996 3533 1070 legio·
3642 985 3647 990 ⁵

1888 1078 2084 1146 nibus,
2127 1079 2579 1153 Hierosolymam
2614 1081 2952 1152 deportatus
2994 1087 3102 1138 est.
3135 1083 3205 1139 Et
3234 1100 3299 1140 ea
3330 1083 3534 1142 Domi-

1886 1170 2020 1224 nica
2045 1184 2170 1239 quse
2198 1169 2410 1225 dicitur
2454 1169 2512 1225 in
2561 1169 2761 1227 Ramis
2813 1171 3161 1243 palmarum,
3193 1189 3297 1245 per
3323 1173 3533 1230 vallem

1883 1256 2194 1329 Josapbat,
2229 1258 2328 1315 ubi
2377 1257 2448 1315 de
2498 1275 2657 1316 more
2709 1259 2962 1331 populus
3020 1262 3088 1317 ad
3141 1262 3289 1318 diem
3320 1262 3536 1320 festum

1886 1348 2325 1408 convenerat.in
2361 1350 2568 1405 urbem
2609 1349 3002 1418 introductus,
3025 1358 3079 1406 et
3101 1351 3269 1422 juxta
3299 1353 3534 1410 fratrem

1887 1436 1998 1493 sub
2037 1437 2317 1505 Calvaria,
2350 1437 2413 1494 in
2461 1436 2586 1494 loeo
2629 1437 2727 1508 qui
2783 1437 3071 1511 Golgotha
3117 1439 3349 1510 dicitur,
3380 1441 3539 1513 regia

1892 1525 2329 1597 magnificentia
2384 1526 2650 1597 sepultus
2704 1532 2814 1583 est.
2876 1526 3144 1584 Mortuus
3200 1532 3290 1585 est
3346 1536 3535 1586 autem

1891 1630 2044 1671 anno
2075 1616 2146 1671 ab
2196 1615 2597 1673 incarnatione
2647 1615 2875 1673 Domini
2907 1616 3047 1672 1118
3088 1618 3252 1691 regni
3281 1619 3409 1690 ejus
3439 1633 3539 1676 oc·

126 1706 285 1761 dicto
304 1703 838 1778 igiturlegionibus
865 1719 1172 1776 pervocem
1201 1709 1552 1777 praecontam
1567 1703 1778 1773 reditu,
1810 1747 1860 1814 B
1889 1710 2020 1764 tavo
2051 1706 2298 1763 decimo.

128 1794 368 1851 domino
392 1809 543 1866 rege,
567 1794 914 1866 egritudine
934 1794 1602 1862 invalescente,eatenus
1624 1795 1786 1850 debi-

992 2150 1398 2237 INCIPIT
1470 2150 1790 2239 LIBER
1854 2149 2656 2241 DUODECIMUS.

664 2520 898 2580 CAPUT
945 2520 1242 2577 PRIMUM.

123 2614 439 2670 Balduinus
469 2627 644 2668 comes
674 2611 1004 2676 EdessanuS,
1035 2609 1381 2665 sublimatur
1409 2609 1478 2663 ad
1507 2624 1736 2677 reputem
1752 2625 1774 2670 ,-

479 2683 807 2739 describitur
836 2685 956 2752 quis
981 2686 1032 2737 et
1062 2681 1207 2736 unde
1231 2681 1426 2751 suerit.

195 2791 505 2848 Secundus
555 2787 1080 2859 Hierosolymorum
1130 2804 1250 2853 rex,
1301 2802 1370 2841 ex
1418 2786 1638 2842 Latinis
1690 2783 1772 2839 l'ui

120 2881 403 2937 dominus
455 2878 778 2935 Balduinus
828 2876 897 2932 de
950 2881 1158 2948 Burgo,
1193 2875 1292 2948 qui
1325 2875 1773 2945 cognominatus

118 2977 212 3028 est
239 2968 525 3035 Aculeus;
576 2967 661 3023 vir
694 2966 1001 3038 religiosus
1050 2982 1116 3022 ac
1158 2966 1373 3022 timens
1423 2963 1627 3032 Deum,
1659 2963 1772 3020 side

1903 2519 1918 2572 i
1957 2518 2080 2574 viro
2108 2518 2166 2574 in
2198 2517 2643 2583 Nortbmannia‚
2666 2518 3046 2576 matrimonio
3075 2518 3388 2592 copulavit.
3413 2517 3538 2585 Quo

1886 2608 2163 2662 defuncto
2185 2606 2402 2663 sororis
2425 2607 2664 2664 illorum
2696 2608 2877 2677 tilius,
2917 2607 3207 2665 Mahaldis
3246 2607 3536 2677 videlicet,

1885 2711 2014 2767 quae
2061 2693 2379 2751 castellano
2427 2694 2775 2752 vitriacensi
2827 2700 3128 2768 nupserat.
3182 2697 3388 2752 iterius
3433 2712 3537 2753 no·

1885 2783 2063 2852 mine,
2097 2784 2154 2837 in
2215 2784 2421 2839 eodem
2474 2786 2753 2840 comitatu
2804 2786 3111 2842 successit.
3160 2785 3266 2841 Sed
3320 2784 3393 2841 de
3442 2783 3536 2841 his

1884 2875 2188 2931 hactenus.

2532 2966 2761 3023 CAPUT
2801 2965 2870 3024 11.

115 3061 501 3132 conspicuus,
535 3059 592 3113 in
641 3072 701 3112 re
751 3055 991 3112 militari
1041 3055 1389 3112 exercitatus
1421 3053 1763 3125 plurimum.
1806 3063 1849 3130 c
1882 3055 1998 3123 Qua
2044 3053 2110 3112 de
2157 3072 2325 3113 caiisa
2372 3057 2645 3127 profectus
2692 3061 2772 3112 est
2814 3055 3269 3128 Hierosolymam,
3307 3059 3525 3129 quando

115 3147 228 3204 llic
259 3147 369 3203 suit
405 3147 636 3202 natione
682 3145 961 3210 Francus,
995 3144 1066 3199 de
1094 3143 1429 3214 episcopatu
1464 3141 1759 3207 Remensi,

117 3235 284 3292 tilius
313 3235 534 3291 domini
565 3234 827 3305 Hugonis
860 3233 1092 3288 comitis
1134 3235 1205 3287 de
1253 3232 1470 3301 Retest,
1503 3238 1555 3286 et
1606 3229 1760 3286 Mili-

2393 3129 2592 3184 electus
2620 3133 2700 3184 est
2729 3130 2787 3182 in
2818 3144 3013 3200 reqem.

1948 3233 2188 3289 Domino
2220 3234 2399 3306 igitur
2430 3233 2738 3303 Balduino,
2774 3235 2997 3290 domini
3026 3234 3194 3293 ducis
3226 3235 3334 3306 piae
3363 3240 3421 3292 et
3444 3235 3515 3293 il-

116 3325 326 3382 sendis
351 3321 637 3395 praeclarae
657 3321 990 3390 comitissze,
1016 3338 1141 3392 quoe
1187 3326 1269 3377 tot
1291 3321 1505 3376 dicitur
1533 3334 1762 3376 sorores
1870 3319 2074 3378 lustris
2106 3324 2399 3380 memorias
2427 3323 2721 3379 Godet'ridi
2764 3326 2954 3392 fratre,
2988 3328 3117 3397 post
3173 3325 3364 3380 fratris
3413 3325 3520 3381 ob·

122 3413 424 3483 babuisse,
457 3411 610 3468 unde
640 3415 800 3467 tanta
832 3410 1139 3466 multitudo
1162 3410 1412 3465 liliorum
1435 3417 1488 3465 et
1510 3409 1761 3464 tiliarum

120 3502 341 3559 dicitur
370 3505 685 3573 procreata,
720 3505 999 3570 quantam
1031 3500 1067 3553 ii
1102 3503 1383 3555 noverunt
1413 3499 1512 3569 qui
1544 3496 1764 3569 princi—

119 3608 263 3666 pum
295 3589 663 3662 genealogias
685 3588 932 3645 sollicita
957 3588 1310 3658 investigant
1330 3586 1763 3658 diligentia.Hic

114 3682 347 3738 vivente
376 3679 565 3735 adhuc
605 3682 768 3749 patre
814 3693 946 3735 cum
997 3676 1129 3732 aliis
1161 3676 1473 3744 nobilibus,
1508 3675 1608 3747 qui
1655 3676 1767 3732 iter

116 3767 718 3842 Hierosolymitanum
751 3766 1138 3838 arripuerant,
1161 3766 1220 3820 in
1252 3765 1524 3821 comitatu
1543 3763 1764 3821 domini

115 3860 291 3917 ducis
305 3858 626 3925 Godefridi‚
653 3858 825 3927 cujus
846 3861 970 3913 erat
992 3856 1763 3928 consanguineus,eamdem

115 3949 298 4016 viam,
322 3963 388 4005 ea
410 3947 715 4003 devotione
734 3962 851 4016 qua
864 3945 962 4000 alii
985 3944 1284 4015 ingressus
1302 3949 1409 4010 est,
1427 3943 1764 4015 relinquens

115 4040 280 4095 domi
313 4037 467 4110 apud
502 4041 725 4108 patrem
764 4037 888 4104 jam
935 4033 1333 4106 grandaevum,
1369 4034 1575 4089 fratres
1619 4032 1765 4087 duos

113 4132 175 4183 ct
197 4142 429 4184 sorores
447 4123 961 4194 totidem,quorum
986 4123 1109 4194 ipse
1131 4124 1394 4176 omnium
1419 4119 1764 4192 primogeni-

115 4224 215 4272 tus
244 4217 390 4273 erat.
447 4213 668 4269 Nomen
726 4210 970 4267 alterius
1029 4213 1271 4266 fratrum
1304 4210 1634 4274 Gervasius‚
1665 4208 1766 4279 qui

119 4308 330 4376 postea
361 4302 472 4358 suit
511 4300 727 4357 electus
752 4301 824 4356 ad
869 4300 1171 4355 ecclesiam
1203 4299 1587 4369 Rcmcnsem3
1621 4298 1764 4354 alte·

112 4394 242 4450 rius
273 4392 591 4448 ManasseS.
626 4390 900 4446 Sororum
936 4394 1129 4445 autem
1159 4387 1397 4443 alteram
1438 4388 1639 4443 habuit
1671 4403 1765 4443 ca-

117 4480 412 4537 stellanus
444 4480 515 4534 de
554 4478 827 4543 Vitria00‚
861 4477 1093 4534 nomine
1124 4476 1450 4533 Mahaldam
1477 4501 1491 4544 ;
1523 4477 1764 4532 alteram

116 4569 402 4626 dominus
439 4567 819 4623 Herbrandus
851 4567 922 4622 de
953 4565 1187 4637 Hei-ges,
1215 4567 1303 4621 vir
1334 4565 1549 4621 nobilis
1580 4570 1637 4620 et
1666 4581 1764 4635 po-

114 4664 270 4724 tens,
287 4658 525 4713 nomine
539 4656 889 4712 Hodiernum
910 4672 922 4709 :
954 4672 1021 4712 ex
1042 4672 1151 4726 qua
1167 4660 1339 4711 natus
1361 4659 1449 4710 est
1471 4654 1769 4709 Manasses

118 4749 192 4803 de
232 4746 471 4819 Bergae,
505 4761 680 4818 quem
712 4762 818 4801 nos
840 4746 1207 4817 postmodum
1242 4750 1501 4817 tempore
1522 4742 1769 4800 dominoe

122 4836 456 4893 Milisendis
479 4836 713 4907 reginae,
734 4836 958 4905 regium
977 4833 1233 4889 vidimus
1246 4832 1766 4890 constabularium.

119 4926 303 4981 Porro
336 4927 492 4995 patre
522 4924 699 4994 hujus
733 4923 955 4978 domini
988 4922 1256 4978 Balduini
1291 4923 1441 4994 regis
1471 4922 1768 4990 defuncto,

122 5014 428 5069 Manasses
457 5012 609 5068 iilius
628 5012 934 5084 ejus,quia
955 5012 1255 5066 dominum
1278 5010 1649 5078 Balduinum,
1670 5009 1772 5081 qui

121 5100 567 5175 promogenitus
597 5106 743 5168 erat,
776 5102 939 5172 regni
972 5101 1275 5170 occupatio
1306 5099 1774 5165 detinebat,suc-

118 5191 294 5247 cessit
326 5207 341 5246 :
375 5205 492 5262 quo
540 5191 715 5247 etiam
763 5192 889 5246 sine
937 5189 1133 5246 liberis
1182 5189 1516 5256 decedente,
1566 5189 1776 5243 Gerva-

116 5283 250 5338 sius
286 5281 461 5336 irater
480 5297 693 5348 eorum,
728 5280 970 5336 dimisso
1004 5277 1274 5334 Remensi
1317 5277 1776 5348 archiepiscopa-

120 5375 210 5441 tu,
244 5383 484 5425 uxorem
532 5375 737 5426 contra
784 5368 1050 5425 instituta
1099 5367 1483 5424 ecclesiastiea
1532 5366 1776 5435 ducens,

116 5458 400 5516 eumdem
426 5458 777 5515 comitatum
794 5459 930 5528 ⁸iure
954 5458 1211 5529 possedit
1241 5456 1622 5512 boereditario.
1643 5454 1782 5510 Sus-

116 5552 356 5624 coptam
383 5552 579 5605 autem
610 5563 679 5603 ex
702 5562 878 5604 uxore
898 5549 1128 5604 unicam
1159 5545 1341 5602 tiliam
1365 5545 1596 5602 cuidam
1621 5542 1778 5600 nobi-

443 5647 712 5711 Parnot..
756 5643 899 5712 CCl.

1873 3410 2022 3465 itum
2055 3413 2125 3465 ad
2159 3427 2403 3481 regnum
2451 3410 2978 3483 Hierosolymorum
3012 3416 3211 3469 vocato
3241 3421 3296 3468 et
3334 3413 3393 3468 in
3424 3428 3516 3468 re-

1873 3499 1971 3571 gni
2007 3499 2151 3557 solio
2182 3500 2519 3557 solemniter
2541 3500 2838 3568 collocat0,
2860 3498 2954 3554 hic
2978 3499 3075 3571 (de
3103 3516 3220 3570 quo
3242 3500 3408 3556 nobis
3436 3508 3523 3557 est

1874 3588 1936 3644 in
1970 3591 2271 3661 praesentia
2293 3589 2509 3659 sermo)
2540 3588 2803 3643 tradente
2827 3589 3062 3643 domino
3097 3603 3230 3658 rege
3260 3588 3358 3658 qui
3386 3603 3521 3644 con·

1875 3677 2237 3745 sanguineus
2271 3677 2399 3746 ejus
2428 3679 2571 3742 erat,
2587 3675 2644 3729 in
2665 3674 2947 3729 comitatu
2970 3673 3265 3730 Edessano
3287 3687 3523 3730 succes-

1876 3769 1972 3833 sit,
1998 3780 2167 3836 quem
2202 3763 2376 3820 annis
2416 3765 2610 3819 decem
2643 3767 2699 3819 et
2729 3767 2877 3831 octo,
2901 3765 2960 3817 et
2997 3761 3215 3833 aliquid
3247 3760 3520 3833 amplius,

1876 3861 2116 3912 strenue
2144 3860 2201 3911 et
2232 3853 2476 3910 feliciter
2525 3852 2977 3908 administravit.
3024 3853 3189 3909 Anno
3220 3851 3400 3923 igitur
3427 3852 3522 3907 sui

1876 3945 2176 4001 comitatus
2227 3947 2426 3999 octavo
2475 3942 2726 4009 decimo,
2778 3940 3013 4013 regione
3062 3957 3166 3995 sua
3213 3941 3273 3995 in
3324 3942 3523 4013 optata

1877 4033 2294 4105 tranquillitate
2360 4031 2569 4100 loc-ata,
2623 4030 2923 4103 proposuit
2988 4028 3519 4102 Hierosolymorum

1878 4139 2097 4196 regem,
2134 4121 2464 4188 dominum,
2497 4118 2958 4190 consanguinem
3004 4122 3064 4173 et
3092 4118 3519 4173 benefactorem

1877 4228 2074 4276 suum,
2133 4215 2187 4266 et
2227 4209 2351 4264 loca
2391 4212 2615 4274 sancta,
2658 4204 2981 4262 devotionis
3031 4205 3217 4277 gratia
3261 4205 3520 4263 visitare.

1879 4299 2175 4357 Ordinatis
2215 4297 2391 4371 igitur
2422 4298 2494 4353 ad
2544 4298 2649 4351 iter
2698 4296 3067 4360 necessariis,
3101 4295 3526 4366 commissaque

1878 4388 2148 4444 fidelibus
2179 4387 2324 4456 suis,
2358 4387 2429 4442 de
2459 4401 2705 4459 quorum
2740 4385 2853 4439 fide
2885 4389 2941 4439 et
2970 4383 3264 4439 industria
3294 4383 3524 4455 plenius

1876 4473 2230 4539 confidebat,
2264 4472 2521 4544 regione,
2554 4469 2890 4541 municipiis
2939 4469 2997 4523 in
3048 4472 3169 4524 luto
3201 4466 3525 4540 dispositis,

1878 4567 2160 4635 tanquam
2193 4559 2279 4616 vir
2307 4561 2586 4631 providus
2607 4563 2664 4615 et
2686 4557 2852 4630 plene
2878 4555 3524 4627 circumspectus‚viam

1877 4652 2254 4718 destinatam,
2305 4651 2580 4719 adjuncto
2630 4647 2740 4703 sibi
2792 4645 3036 4701 honesta
3085 4643 3384 4710 comitatu,
3417 4654 3526 4710 ag-

1880 4741 2159 4813 greditur.
2215 4746 2475 4809 Dumque
2531 4737 2638 4791 iter
2696 4738 3141 4806 prosequeretur
3199 4733 3522 4802 inceptum,

1879 4846 2012 4886 ecce
2056 4829 2302 4883 nuntius
2350 4825 2627 4894 occurrit,
2662 4823 3016 4878 denuntians
3066 4820 3218 4891 quod
3249 4817 3528 4874 dominus

1881 4934 1981 4974 rex
2009 4919 2067 4972 in
2098 4919 2360 4986 AEgypto,
2392 4915 2548 4970 sicut
2594 4916 2653 4966 et
2693 4925 2891 4966 verum
2923 4912 3063 4967 erat,
3096 4906 3376 4963 ultimum
3408 4909 3525 4964 tato

1881 5008 2173 5063 clauserat
2219 5004 2395 5059 diem.
2430 5004 2553 5068 Quo
2604 5001 2821 5066 audito,
2854 4997 3175 5069 plurimum
3221 4995 3294 5052 de
3342 5000 3529 5053 morte

1882 5094 2105 5152 domini
2137 5096 2193 5149 et
2222 5090 2643 5162 consanguinei
2675 5089 2789 5156 sui,
2813 5088 2966 5143 sicut
3006 5101 3111 5142 nec
3137 5085 3348 5140 mirum
3381 5090 3527 5155 erat,

1883 5181 2684 5248 consternatus,nibiltamen
2705 5179 2779 5233 ab
2803 5177 3030 5246 incepto
3050 5173 3277 5229 destitit
3296 5174 3525 5238 itinere,

1885 5276 1985 5331 sed
2038 5271 2498 5342 Hierosolymam
2532 5269 2841 5326 maturatis
2885 5267 3183 5341 gressibus
3206 5263 3527 5321 contendit.

1885 5364 1970 5419 Ad
2003 5378 2179 5434 quam
2229 5375 2363 5416 cum
2413 5358 2787 5429 pervenisset,
2820 5355 3030 5413 accidit
3078 5371 3241 5420 casu,
3274 5351 3421 5425 quod
3470 5351 3530 5407 in

1888 5452 1981 5508 die
1999 5452 2170 5518 feste,
2191 5450 2291 5520 qui
2311 5449 2528 5505 dicitur
2550 5447 2752 5504 Ramis
2775 5447 3273 5518 palmarum,cum
3287 5441 3358 5497 de
3379 5456 3537 5498 more

1891 5540 2145 5615 populus
2164 5537 2473 5596 universus
2493 5537 2554 5593 in
2589 5536 2794 5595 vallem
2833 5532 3115 5606 Josaphat
3143 5531 3531 5597 convenisset,

3131 5632 3207 5694 17
