3784 6000
24 276 29 283 ⁵
118 196 265 257 uss

1104 192 1473 255 EPISTOLAE
1512 196 1600 255 ET
1640 196 2085 260 PRIVILEGIA.
2127 228 2195 245 -—
2233 202 2349 259 AN.
2399 205 2561 260 1¹82.

3383 188 3556 271 1126‘

24 302 35 315 ²
117 324 333 383 diuum
363 327 422 383 et
448 323 871 397 possessiones
898 338 1055 397 quas
1096 322 1178 382 ibi
1203 322 1467 394 habetis,
1492 324 1780 383 medieta-
1810 329 1857 384 A
1959 329 2080 401 Ego
2125 329 2427 397 vivianus,
2479 330 2682 402 presb.
2747 330 3066 391 cardinalis
3118 334 3287 392 titulo
3346 338 3544 396 Sancti

118 418 239 472 tem
278 413 465 473 castri
523 412 691 481 Novi,
724 419 781 470 et
831 412 1164 479 ecclesiam,
1216 417 1481 471 castrum
1535 414 1782 472 Petrosoe

120 509 178 562 et
210 503 550 570 ecclesiam,
596 501 793 560 villam
843 503 916 559 de
963 503 1158 568 Prato,
1187 501 1388 560 villam
1441 502 1515 560 de
1545 503 1780 572 Guerlo‚

119 598 178 653 et
206 592 549 659 ecclesiam,
579 597 637 649 et
687 592 988 666 quidquid
1025 591 1261 648 habetis
1302 590 1364 647 in
1397 597 1561 649 curte
1590 592 1783 651 Castri

122 682 370 747 Veteris,
421 681 733 739 ecclesiam
788 682 863 738 de
919 683 1112 738 Monte
1164 679 1407 751 Cuculo,
1466 680 1784 739 ecclesiam

122 771 325 829 Sancti
354 771 588 827 Martini
617 770 692 827 de
720 774 927 836 Curso,
949 768 1189 842 plebem
1221 768 1297 825 de
1319 768 1614 841 coligaria
1645 786 1784 827 cum

119 860 385 918 ecclesiis
433 859 576 927 suis,
616 859 843 917 scilicet
895 858 1150 915 ecclesia
1195 859 1425 916 Sanctae
1479 859 1671 916 Mariae
1724 859 1785 915 in

120 951 313 1007 Strata
342 949 654 1021 sitaJ'uxta
702 948 929 1005 flumen
983 947 1238 1013 Panarii,
1287 947 1541 1005 ecclesia
1589 947 1785 1006 Sancti

121 1038 399 1097 Dalmatii
460 1042 518 1095 et
571 1038 824 1096 ecclesia
879 1037 954 1094 de
1004 1036 1356 1110 coligarola,
1406 1036 1657 1094 ecclesia
1711 1036 1787 1094 de

121 1131 364 1187 Fossato
407 1128 606 1199 Regio,
661 1127 914 1185 ecclesia
969 1126 1044 1183 de
1105 1125 1332 1191 insula,
1363 1126 1614 1183 ecclesia
1646 1127 1790 1185 San·

121 1224 231 1276 ctae
283 1219 478 1276 Marioe
538 1216 930 1288 magdalenae,
963 1225 1022 1273 et
1076 1216 1278 1273 Sancti
1333 1214 1569 1273 cusaldi
1600 1221 1657 1273 et
1684 1216 1788 1273 ho-

116 1307 315 1383 spitali
344 1307 621 1379 eiusdem
651 1305 936 1371 ecclesiae,
966 1312 1249 1379 quartam
1295 1310 1529 1378 partem
1560 1307 1788 1363 territo-

116 1398 190 1455 rii
242 1396 493 1455 Miotinae
546 1411 684 1453 cum
736 1395 987 1452 decimis
1037 1409 1174 1469 qum
1212 1394 1350 1466 iure
1405 1396 1785 1469 proprietatis

116 1487 404 1545 canonice
432 1490 643 1543 vestrae
673 1485 945 1558 pertinet,
971 1484 1321 1542 etdecimas
1343 1491 1574 1557 quartae
1601 1485 1785 1559 partis

118 1576 393 1651 ejusdem
422 1573 690 1634 territorii
710 1574 793 1633 ad
816 1574 1170 1648 episcopum
1198 1575 1549 1648 pertinentis
1576 1579 1633 1632 et
1660 1589 1787 1632 mo·

1891 417 2176 489 Stephani
2209 418 2267 475 in
2312 419 2491 476 Coelio
2531 421 2740 486 Monte,
2792 421 3135 495 subscripsi.

1973 516 2095 583 Ego
2121 509 2410 583 Cynthius
2437 509 2633 581 presb.
2661 525 2763 565 car
2811 510 2888 567 iu.
2923 513 3088 569 titulo
3117 516 3341 571 Sanctoe
3367 516 3547 573 Caeci-

1892 603 1982 660 liae
2025 599 2375 672 subscripsi.

1963 694 2087 762 Ego
2118 689 2308 760 Rogo.
2339 687 2602 760 presbyt.
2633 687 2953 744 cardinalis
2983 688 3148 747 titulo
3196 691 3395 748 Sancti
3429 693 3549 751 Cle·

1897 780 2134 848 mentis,
2167 778 2520 850 subscripsi.

1968 872 2089 940 Ego
2116 868 2278 936 Ard.,
2305 865 2506 940 presb.
2534 864 2859 925 cardinalis
2889 867 3054 926 titulo
3085 870 3314 927 Sanctae
3344 870 3548 928 crucis

1897 960 1956 1016 in
1985 958 2336 1023 Jerusalem,
2376 956 2722 1029 subscripsi.

1971 1050 2091 1118 Ego
2120 1045 2423 1104 Laborans
2453 1045 2770 1119 presbyter
2818 1046 3140 1104 cardinalis
3170 1049 3401 1106 Sanctae
3430 1049 3548 1108 hla-

1897 1138 2002 1195 rioe
2029 1141 2197 1193 trans
2224 1135 2481 1191 Tiberim
2511 1136 2677 1192 titulo
2703 1135 2909 1194 calixti
2941 1137 3297 1209 subscripsi.

1971 1229 2092 1298 Ego
2149 1223 2534 1297 Hyacinthus,
2595 1224 2888 1281 diaconus
2940 1226 3262 1282 cardinalis
3314 1227 3548 1285 Sanctae

1898 1317 2092 1373 Harioe
2115 1314 2177 1372 in
2208 1312 2549 1380 Cosmedin,
2583 1312 2931 1387 subscripsi.

1967 1408 2090 1475 Ego
2119 1403 2448 1470 Rainerius,
2470 1403 2623 1460 diac.
2652 1403 2974 1462 cardinalis
3000 1406 3199 1464 Sancti
3213 1406 3446 1480 Georgii
3470 1408 3550 1467 ad

1893 1494 2100 1553 velum
2143 1495 2429 1559 Aureum,
2462 1492 2814 1566 subscripsi.

1967 1588 2089 1656 Ego
2140 1583 2474 1649 Gratianus,
2509 1584 2863 1642 Sanctorum
2919 1586 3146 1643 cosmoe
3176 1593 3233 1644 et
3274 1588 3548 1646 Damiani

114 1667 362 1725 lendina
402 1682 537 1740 qum
589 1665 652 1722 in
704 1663 952 1737 proefata
1003 1670 1225 1737 quarta
1270 1670 1442 1739 parte
1494 1666 1782 1722 canonice
1814 1688 1858 1744 Β
1891 1675 2188 1733 diaeonus
2207 1671 2548 1740 cardinalis,
2577 1672 2927 1746 subscripsi.

117 1757 476 1825 consistunt,
529 1761 587 1813 et
641 1753 938 1828 quidquid
992 1754 1227 1811 habetis
1266 1753 1326 1810 in
1397 1754 1620 1813 Soleria
1672 1769 1783 1827 pro

116 1845 473 1905 concambio
529 1844 697 1919 quod
755 1843 981 1902 fecistis
1042 1859 1181 1900 cum
1233 1842 1603 1902 manfredino
1660 1844 1783 1901 tilio

116 1935 466 1995 Bernardini
494 1932 809 2008 quondam
844 1933 1153 1990 Hanfredi.

188 2025 482 2099 Antiquas
508 2028 796 2098 praeterea
821 2029 879 2079 et
907 2021 1298 2080 rationabiles
1317 2021 1784 2080 consuetudines

115 2113 908 2174 ecclesiaevestraehactenus
924 2113 1276 2169 observatas
1295 2110 1784 2181 ratashabemus,

117 2211 288 2264 eteas
316 2205 665 2262 auctoritate
677 2202 1019 2275 apostolica
1040 2201 1498 2259 confirmamus.
1514 2201 1789 2259 Prohibe·

116 2312 254 2354 mus
276 2309 519 2369 quoque
545 2292 785 2350 utinfra
811 2291 1130 2365 parochias
1156 2291 1544 2349 ecclesiarum
1567 2296 1787 2349 vestra·

112 2400 248 2442 rum
301 2382 502 2439 nullus
535 2380 857 2438 ecclesiam
897 2380 987 2436 vel
1018 2380 1343 2437 oratorium
1378 2380 1507 2436 sine
1535 2395 1787 2436 assensu

111 2472 437 2530 dioecesani
487 2470 762 2544 episcopi
787 2475 845 2526 et
876 2475 1078 2526 vestro
1107 2469 1408 2527 oediticare
1435 2473 1783 2542 proesumat‚

110 2562 293 2620 salvis
336 2565 533 2618 tamen
589 2558 918 2633 privilegiis
957 2561 1365 2615 Romanorum
1410 2557 1783 2630 pontificum.

112 2650 530 2708 interdicimus
561 2650 738 2706 etiam
789 2665 864 2705 ne
894 2649 1040 2723 quis
1071 2647 1134 2705 in
1186 2663 1291 2706 vos
1323 2647 1417 2704 vel
1467 2646 1785 2705 ecclesiam

110 2746 368 2799 vestram
399 2741 530 2798 sine
556 2739 881 2797 manifesta
906 2742 969 2795 et
992 2737 1333 2797 rationabili
1351 2753 1534 2795 causa
1551 2753 1788 2794 excom-

114 2829 448 2888 municatio
460 2829 557 2886 nis
586 2828 680 2885 vel
698 2828 996 2885 interdicti
1025 2827 1378 2885 sententiam
1405 2826 1787 2900 promulgare

113 2924 464 2993 proesumat.
504 2917 890 2991 sepulturam
922 2924 1216 2991 praeterea
1266 2916 1687 2973 Mutinensium
1713 2914 1792 2973 ci·

1963 1764 2181 1821 Datum
2234 1762 2506 1820 Laterani
2568 1778 2674 1834 per
2728 1779 2978 1820 manum
3032 1764 3275 1831 Alberti,
3327 1773 3550 1824 sanctae

1892 1857 2180 1912 Romanas
2205 1850 2479 1908 Ecclesioe
2503 1850 2834 1924 presbyteri
2865 1852 3189 1910 cardinalis
3218 1860 3275 1911 et
3321 1855 3552 1915 cancel-

1892 1943 2046 2012 larii,
2073 1959 2147 1999 vu
2179 1943 2319 1999 Idus
2367 1940 2570 2009 Martii,
2612 1940 2936 1998 indictione
2984 1957 3084 2009 xv,
3119 1944 3553 2001 incarnationis

1896 2032 2222 2091 Dominicae
2273 2047 2433 2088 anno
2487 2034 2640 2096 tt8t,
2695 2032 3078 2103 pontificatus
3128 2048 3266 2091 vero
3333 2032 3548 2091 domni

1896 2122 2057 2180 Lucii
2090 2139 2265 2196 papoe
2291 2122 2362 2177 ΙΙΙ
2387 2137 2549 2179 anno
2590 2122 2805 2195 primo.

2622 2209 2812 2267 xciv.

1896 2316 2278 2389 privileqium
2316 2330 2653 2443 concessuri}
2670 2315 2984 2399 ,canonicis
3013 2316 3273 2374 ecclesiae
3301 2316 3553 2374 Placen-

2660 2402 2797 2444 mae.

2393 2476 2710 2547 (Laterani,
2742 2477 2906 2532 Mart.
2948 2477 3058 2548 10.)

2177 2563 2398 2638 [ωυρμ
2429 2563 2581 2620 Hist.
2599 2563 2663 2619 di
2687 2563 2999 2630 Piae-anza,
3027 2564 3092 2635 ll,
3113 2567 3265 2634 366.)

1965 2654 2168 2712 Luctus
2190 2653 2532 2726 episcopus,
2563 2669 2770 2710 servus
2800 2669 3112 2709 servorum
3158 2653 3282 2721 Dei,
3322 2652 3555 2711 dilectis

1897 2744 2054 2801 filiis.
2072 2784 2117 2802 ..
2143 2744 2468 2816 praeposito
2493 2747 2547 2799 et
2569 2741 2873 2799 canonicis
2909 2741 3172 2799 ecclesias
3201 2740 3558 2800 Placentinae

1898 2833 2174 2900 salutem,
2206 2838 2262 2889 et
2288 2830 2685 2904 apostolicam
2719 2831 3224 2889 benedictionem.

1970 2922 2224 2993 Dignum
2244 2926 2899 2979 estetconsentaneum
2938 2921 3177 2986 rationi,
3203 2926 3263 2978 ut
3302 2920 3556 2993 singulis

112 3011 278 3067 vium
315 3009 530 3067 eidem
565 3007 830 3066 ecclesiae
856 3007 1108 3065 liberam
1138 3023 1269 3065 esse
1297 3007 1697 3072 decernimus,
1728 3013 1791 3068 ut
1821 3047 1863 3106 C
1899 3012 2166 3069 ecclesiis
2185 3011 2528 3082 dignitates,
2550 3012 2758 3083 etjura
2775 3028 2884 3069 sua
2903 3011 3174 3082 diligenti
3199 3012 3397 3069 studio
3410 3026 3557 3068 con-

112 3115 325 3158 eorum
358 3099 677 3156 devotioni
706 3102 764 3156 et
790 3103 1071 3155 extremm
1119 3096 1413 3154 voluntati
1452 3096 1556 3170 qui
1588 3111 1650 3152 80
1676 3096 1791 3153 11110
1902 3117 2234 3167 servemus,
2260 3107 2315 3158 et
2345 3116 2417 3158 ne
2443 3101 2787 3174 aliquorum
2821 3101 3187 3171 malignitate
3219 3100 3553 3174 turbentur,

110 3188 349 3263 sepeliri
372 3188 832 3246 deliberaverint
861 3186 978 3243 nisi
1002 3186 1154 3243 forte
1175 3185 1790 3243 excommunicativel
1900 3206 2228 3263 congruam
2256 3189 2718 3247 sollicitudinem
2749 3190 3057 3248 adhibere.
3091 3194 3209 3248 llac
3238 3192 3438 3264 itaque
3459 3206 3559 3248 ra-

112 3278 406 3336 interdicti
433 3280 570 3345 81111,
606 3277 806 3334 nullus
827 3276 1101 3343 obsistat,
1133 3275 1313 3333 Salva
1343 3281 1541 3332 lamen
1561 3275 1788 3346 justitia
1899 3280 2058 3337 tione
2078 3278 2331 3344 inducti,
2362 3280 2646 3336 elvestris
2677 3279 2959 3352 precibus
3004 3279 3269 3337 inclinati
3308 3280 3559 3338 auctori-

118 3369 554 3443 parochialium
611 3367 1001 3424 ecclesiarum
1041 3381 1078 3422 a
1123 3365 1360 3437 quibus
1410 3370 1785 3421 mortuorum
1897 3374 2014 3425 tate
2034 3367 2367 3442 apostolica
2387 3368 2802 3440 prohibemus,
2831 3370 3023 3425 necui
3058 3368 3233 3425 liceat
3270 3369 3425 3427 infra
3454 3385 3557 3443 pa·

118 3474 374 3531 corpora
402 3462 812 3515 assumuntur.
840 3456 1109 3513 obeunte
1134 3470 1287 3511 vero
1337 3458 1414 3522 te,
1444 3468 1605 3509 nunc
1627 3453 1786 3523 ejus·
1895 3457 2133 3514 rochias
2166 3455 2551 3513 ecclesiarum
2574 3461 2904 3513 vestrarum
2932 3457 3057 3512 sine
3079 3456 3405 3516 dioecesani
3435 3460 3558 3532 epi.

112 3548 254 3605 dem
280 3547 394 3603 loci
424 3545 876 3619 praeposito,vel
904 3549 1143 3601 tuorum
1174 3541 1452 3615 quolibet
1480 3557 1785 3598 successo·
1893 3546 2062 3619 scopi
2090 3550 2144 3603 et
2184 3550 2382 3603 vestro
2429 3560 2680 3602 assensu
2725 3544 3038 3601 ecclesiam
3087 3545 3180 3601 vel
3222 3549 3551 3605 oratorium

114 3654 271 3709 rum,
301 3635 500 3693 nullus
528 3634 612 3693 ibi
657 3633 926 3708 qualibet
956 3631 1374 3705 subreptionis
1427 3632 1645 3689 astutia
1673 3646 1802 3687 seu·
1891 3640 2258 3700 construere,
2284 3632 2464 3691 salvis
2485 3632 2767 3690 nimirum
2790 3633 3155 3691 authenticis
3178 3633 3414 3707 scriptis
3440 3638 3549 3694 Ro·

116 3727 399 3784 violentia
418 3730 822 3799 praeponatur,
856 3722 972 3780 nisi
996 3739 1179 3796 quem
1229 3720 1441 3779 fratres
1469 3720 1778 3779 communi

117 3832 419 3874 consensu
474 3814 565 3873 vel
617 3814 867 3871 fratrum
906 3817 1043 3886 part
1088 3812 1324 3869 consilii
1363 3811 1640 3878 sanioris,
1688 3826 1780 3867 se·

117 3905 387 3963 cundum
415 3905 515 3962 Dei
538 3906 810 3962 timorem
837 3902 1209 3978 providerint
1231 3901 1599 3973 eligendum.

190 3996 572 4052 Decernimus
587 4009 727 4065 ergo
750 3999 814 4051 ut
832 3992 978 4050 nulli
997 3992 1247 4051 omnino
1262 3991 1578 4050 homiuum
1593 3990 1685 4048 fas
1703 3992 1783 4048 sit

125 4086 437 4158 praefatam
451 4085 763 4142 ecclesiam
779 4089 997 4142 temere
1013 4082 1362 4156 perturbare
1384 4088 1487 4140 aut
1505 4082 1635 4154 ejus
1646 4097 1783 4154 pos·

127 4176 428 4233 sessiones
460 4175 691 4232 auferre
744 4172 832 4230 vel
878 4172 1111 4230 ablatas
1162 4171 1438 4236 retinere,
1490 4171 1782 4235 minuere,

126 4284 231 4324 seu
262 4264 635 4339 quibuslibet
669 4262 1080 4319 vexationibus
1112 4261 1355 4334 fatigare
1389 4276 1404 4329 ;
1445 4259 1551 4317 sed
1578 4260 1788 4318 omnia

127 4358 361 4427 integra
388 4356 820 4411 conserventur
839 4367 1046 4410 eorum
1070 4367 1180 4425 pro
1205 4366 1466 4425 quorum
1493 4349 1787 4421 guberna-

128 4448 286 4503 tione
316 4447 373 4500 et
402 4441 825 4498 sustentatione
855 4456 1138 4498 concessa
1165 4444 1303 4496 sunt
1351 4439 1562 4498 usibus
1591 4439 1785 4496 omni-

127 4533 326 4594 modis
344 4529 675 4603 profutura,
706 4529 875 4587 salva
896 4530 1056 4588 sedis
1075 4528 1421 4604 apostolicas
1440 4528 1788 4587 auctoritate

128 4630 186 4683 et
212 4621 477 4697 episcopi
528 4620 709 4678 vestri
742 4621 1035 4678 canonica
1061 4620 1305 4692 justitia.
1352 4618 1409 4677 Si
1444 4634 1571 4693 qua
1608 4619 1790 4690 igitur

130 4715 193 4771 in
223 4714 488 4770 futurum
514 4710 918 4768 ecclesiastica
948 4709 1328 4766 saecularisve
1357 4724 1643 4782 persona,
1671 4713 1785 4765 etc.

200 4805 350 4860 Bene
382 4801 590 4858 valete.

204 4894 326 4964 Ego
352 4892 590 4955 Lucius,
606 4894 831 4948 sanctoe
853 4891 1136 4946 Romame
1153 4887 1424 4945 Ecclesiae
1443 4887 1783 4961 episcopus,

133 4981 482 5055 subscripsi.

207 5077 326 5144 Ego
348 5066 1064 5134 Theodinus.Portuensis
1095 5071 1151 5123 et
1166 5068 1396 5124 sanctae
1420 5065 1642 5123 Ruflnae
1663 5066 1785 5139 epi-

135 5177 381 5236 scopus,
412 5158 763 5232 subscripsi.

207 5251 328 5322 Ego
360 5252 586 5317 Petrus,
614 5247 987 5305 Tusculanus
1036 5244 1382 5320 episcopus,
1427 5243 1782 5318 subscripsi.

207 5344 328 5414 Ego
379 5338 600 5397 Paulus
646 5336 1043 5395 Proenestinus
1087 5335 1407 5410 episcopus
1433 5333 1784 5409 subscripsi.

207 5434 329 5502 Ego
358 5429 581 5495 Petrus,
611 5426 812 5501 presb.
843 5425 1168 5484 cardinalis
1215 5423 1380 5483 titulo
1410 5426 1639 5484 Sanctoe
1678 5425 1791 5484 Su·

135 5535 368 5590 zannoe,
398 5516 750 5592 subscripsi.

1891 3719 2089 3783 manae
2129 3723 2427 3781 Ecclesiae.

1960 3819 2175 3873 Datum
2207 3812 2500 3879 Laterani,
2532 3829 2586 3869 vt
2609 3812 2751 3870 ldus
2775 3814 2976 3871 Martii.

2642 3901 2795 3958 XLV.

1964 3995 2404 4053 Canonicomm
2434 3993 2923 4050 Placentinorum
2950 3993 3285 4050 institutum
3323 3995 3543 4053 sancit.

2391 4081 2712 4155 (Laterani,
2744 4084 2907 4141 Hart.
2943 4082 3053 4154 10.)

2629 4172 2818 4246 [imm]

1965 4264 2167 4320 Luctus
2193 4262 2540 4335 episcopus,
2575 4277 2782 4318 servus
2815 4277 3129 4319 servorum
3162 4263 3281 4330 Dei,
3309 4261 3543 4321 dilectis

1899 4354 2034 4412 tiliis
2058 4352 2399 4426 proeposito,
2425 4350 2734 4422 etc.(modo
2755 4367 2871 4425 quo
2893 4351 3122 4426 supra).

1968 4443 2236 4501 Relatum
2251 4440 2525 4499 estnobis
2537 4457 2610 4499 ex
2623 4446 2788 4514 parte
2809 4448 3029 4508 vestra,
3052 4442 3215 4516 quod
3230 4446 3553 4515 pensantes

1898 4533 2147 4592 sollicite
2169 4531 2484 4590 facultates
2513 4531 2772 4589 ecclesias
2795 4537 3023 4599 vestrae,
3049 4536 3108 4588 et
3130 4546 3310 4603 grave
3349 4532 3555 4590 volen-

1898 4629 1983 4683 tes
2012 4621 2364 4680 scaudalum
2416 4622 2660 4688 evitare,
2701 4620 3102 4678 communiter
3139 4620 3455 4688 statuistis,
3487 4624 3556 4678 ut

1897 4719 2128 4773 tantum
2144 4710 2357 4771 decem
2374 4716 2431 4769 et
2448 4715 2585 4768 octo
2601 4710 2896 4776 canonici,
2910 4714 2970 4767 et
2982 4709 3252 4783 quinque
3269 4708 3551 4767 custodes

1896 4803 2089 4862 sintin
2105 4802 2358 4860 ecclesia
2369 4807 2593 4859 vestra.
2609 4801 2801 4868 Quam
2816 4801 3020 4873 utique
3036 4798 3547 4866 constitutionem,

1893 4900 1958 4951 ut
1972 4892 2266 4964 majorem
2287 4890 2513 4947 habeat
2532 4890 3169 4963 firmitatem,quoeritis
3185 4890 3546 4946 auctoritate

1893 4980 2230 5057 apostolica
2258 4979 2626 5038 confirmari.

1965 5069 2109 5127 lnde
2130 5074 2239 5136 est,
2262 5068 2429 5143 quod
2447 5067 2727 5141 precibus
2743 5068 2955 5126 vestris
2974 5066 3203 5125 inducti
3221 5082 3542 5126 numerum

1893 5177 1954 5236 jn
1966 5159 2274 5218 canonicis
2285 5157 2707 5216 etcustodibus
2719 5156 3230 5231 proetaxatum,ad
3243 5155 3555 5231 exemplar

1892 5249 2081 5308 felicis
2103 5248 2536 5307 recordationis
2556 5245 2876 5306 Alexandri
2895 5262 3070 5321 papoe
3093 5246 3553 5319 praedecessoris

1896 5339 2106 5408 nostri,
2129 5337 2480 5397 auctoritate
2500 5335 2833 5410 apostolica
2852 5335 3304 5403 confirmamus,
3328 5341 3384 5393 et
3403 5351 3556 5411 proe-

1898 5429 2086 5489 sentis
2115 5428 2318 5502 scripti
2342 5426 2678 5504 patrocinio
2711 5428 3160 5486 communimus
3186 5419 3569 5486 :statuentes

1902 5526 1967 5578 ut
1985 5518 2100 5577 nisi
2121 5517 2435 5578 facultates
2459 5520 2544 5577 tot
2563 5517 3066 5593 comparaverint,
3087 5520 3237 5594 quot
3255 5514 3552 5590 sufficere,
