3784 6000
294 174 429 233 1291

1682 164 1877 223 LUCII
1918 163 1994 222 111
2034 162 2244 222 PAPAE

3579 173 3721 235 12⁹2

286 300 420 356 loco
446 297 553 371 qui
570 300 823 354 vocatur
849 292 1295 362 monasterium,
1344 291 1595 365 ejusque
1627 291 1931 358 tratribus,
1972 292 2018 347 A
2052 289 2287 361 integra
2331 301 2756 355 conserventur
2782 310 2993 355 eorum
3022 311 3133 370 pro
3178 312 3444 373 quorum
3495 300 3728 373 gnber-

288 392 415 446 tam
440 385 829 462 praesentibus
855 398 1042 457 quam
1072 381 1307 448 futuris,
1337 379 1685 453 regulariter
1720 379 1942 437 substi-

290 477 550 545 tuendis,
584 477 645 533 in
677 479 1052 547 perpetuum.

358 567 386 622 J
396 568 543 624 ustis
557 564 707 622 votis
729 577 1048 619 assensum
1076 559 1361 632 praebere,
1389 556 1945 632 etjustispetitioni-

286 658 402 715 bus
424 672 599 714 aures
632 650 1093 710 accommodare
1122 665 1232 705 nos
1263 649 1560 717 convenit,
1592 648 1696 720 qui
1720 646 1946 704 scilicet

283 745 513 815 indigni
540 743 783 816 justitiae
799 739 1080 797 custodes
1094 744 1275 811 atque
1304 752 1613 811 praecones
1637 736 1696 792 in
1710 735 1944 792 excelsa

283 833 699 908 apostolorum
720 829 1057 903 principum
1075 829 1221 882 Petri
1235 826 1468 883 etPauli
1482 824 1729 898 specula
1743 824 1939 895 positi,

282 923 538 980 Domino
604 921 980 992 disponente,
1056 915 1482 988 conspicimur.
1545 915 1940 987 Quapropter,

284 1011 494 1068 dilecte
520 1011 580 1067 in
603 1009 855 1066 Domino
876 1006 957 1062 fili
981 1006 1262 1062 Harlwice
1287 1005 1499 1074 abbas,
1536 1003 1651 1058 tuis
1679 1002 1943 1075 postula-

287 1098 770 1158 tionibusdebitae
791 1095 1095 1152 charitatis
1114 1093 1428 1151 affectione
1445 1091 1944 1149 accommodamus

285 1205 625 1255 assensum,
667 1192 723 1244 et
778 1185 1209 1243 monasterium
1264 1183 1419 1239 Beati
1477 1181 1622 1237 Petri
1661 1181 1774 1247 cui,
1822 1181 1943 1236 Deo

283 1287 547 1348 auctore,
565 1277 869 1351 praesides,
893 1275 953 1330 in
985 1273 1226 1329 tutelam
1242 1279 1297 1329 et
1329 1271 1759 1344 protectionem
1785 1269 1943 1325 sedis

279 1368 625 1442 apostolicas
651 1365 1058 1437 suscipientes,
1107 1378 1210 1434 per
1245 1361 1556 1434 praesentis
1602 1358 1806 1431 scripti
1828 1359 1940 1430 pri·

280 1458 565 1528 vilegium
595 1454 1068 1511 communimus.
1138 1450 1439 1523 Imprimis
1471 1447 1770 1521 siquidem
1828 1453 1941 1504 sta-

282 1550 514 1604 tuentes
544 1550 607 1601 ut
631 1544 780 1600 ordo
810 1542 1176 1599 monasticus
1203 1539 1534 1596 secundum
1565 1537 1719 1594 beati
1756 1538 1940 1594 Bene-

2053 379 2292 438 natione
2348 387 2406 438 et
2460 384 2888 442 sustentatione
2953 400 3243 445 concessa
3298 393 3446 446 sunt
3505 389 3721 447 usibus

2052 469 2419 528 omnimodis
2465 471 2826 545 profutura;
2885 475 3052 533 salva
3138 476 3299 534 sedis
3361 478 3722 552 apostolico

2053 558 2405 617 auctoritate
2430 564 2490 618 et
2507 561 2837 620 dioecesani
2856 564 3121 637 episcopi
3142 567 3439 625 canonica
3454 566 3717 641 justitia.

2054 646 2113 703 Si
2142 663 2265 719 qua
2283 647 2462 719 igitur
2490 651 2552 706 in
2599 651 2868 709 futurum
2893 653 3300 715 ecclesiastica
3327 655 3723 716 secularisve

2051 749 2333 807 persona,
2361 742 2473 794 etc.

2550 844 2600 884 s.
2630 844 2859 899 taraus,
2888 846 2937 885 s.
2972 846 3205 889 pausus.

2124 915 2245 985 Ego
2266 915 2503 984 Lucius,
2537 917 2841 974 catholicas
2869 919 3139 978 Ecclesia
3158 920 3510 996 episcopus.

2123 1004 2245 1074 Ego
2286 1005 2568 1076 Joannes,
2612 1006 2926 1080 presbyter
2975 1008 3299 1068 cardinalis
3364 1011 3453 1068 tit.
3521 1013 3720 1072 Sancti

2057 1090 2255 1148 Marci.

2123 1181 2241 1250 Ego
2316 1180 2647 1251 Laborans,
2712 1184 3026 1257 presbyter
3093 1186 3424 1246 cardinalis
3480 1187 3720 1248 Sancta

2050 1270 2242 1325 Mariae
2275 1275 2438 1327 trans
2476 1271 2736 1329 Tiberim
2776 1274 2862 1330 tit.
2899 1271 3141 1333 calixti.

2124 1360 2244 1428 Ego
2273 1359 2597 1430 Hubertus,
2620 1363 2927 1436 presbyter
2946 1364 3276 1422 cardinalis
3298 1366 3455 1424 tituli
3485 1369 3548 1426 S.
3571 1367 3721 1426 Lan·

2050 1447 2223 1503 rentii
2248 1447 2310 1504 in
2337 1450 2625 1506 Damaso.

2123 1537 2245 1606 Ego
2289 1538 2655 1609 Theotimus,
2686 1541 3029 1599 portuensis
3056 1546 3144 1605 et.
3195 1545 3256 1603 S·
3291 1545 3530 1603 Rufino
3561 1546 3718 1605 sedis

282 1635 426 1692 dicti
450 1631 1230 1705 Regulaminibiinstitutus,
1246 1629 1546 1701 perpetuis
1567 1626 1940 1699 temporibus
1972 1649 2015 1705 Β
2049 1624 2395 1699 episcopus.

270 1724 673 1783 inviolabiltev
739 1724 1122 1778 observetur.
1201 1722 1349 1775 Praet
1389 1733 1453 1774 rc
1546 1731 1941 1790 quascunque

279 1813 718 1888 possessiones,
746 1825 1125 1883 quascunque
1143 1807 1304 1864 bona
1330 1810 1487 1862 ⁸‹iem
1508 1805 1939 1862 monasterium

277 1904 340 1959 in
369 1903 825 1975 praesentiarum
862 1901 1024 1970 juste
1053 1902 1110 1953 et
1146 1897 1431 1954 canonice
1470 1894 1734 1967 possidet
1758 1895 1941 1951 autin

272 1992 547 2050 futurum
570 1989 952 2047 concessione
980 1986 1353 2059 pontificum,
1384 1984 1697 2054 largitione
1728 1998 1939 2054 regum

274 2082 366 2138 vel
398 2080 771 2153 principum,
805 2077 1108 2134 oblatione
1137 2073 1426 2141 fidelium,
1478 2088 1583 2128 seu
1613 2070 1744 2128 aliis
1763 2073 1940 2144 Justis

272 2169 494 2238 modis,
520 2170 770 2225 Domino
787 2166 1037 2231 volente,
1057 2161 1558 2238 poteritadipisci,
1576 2162 1750 2218 firma
1765 2162 1937 2218 vobis

275 2262 607 2332 vestrisque
634 2254 1086 2314 successoribus
1118 2259 1174 2309 et
1203 2251 1429 2308 illibata
1450 2255 1846 2323 permaneant
1875 2251 1938 2306 in

269 2349 494 2424 quibus
518 2349 647 2404 haec
670 2345 924 2419 propriis
946 2342 1229 2398 duximus
1258 2340 1649 2412 exprimenda
1680 2338 1937 2395 vocabu·

268 2437 342 2495 lis
364 2456 378 2496 ε
406 2438 568 2494 Duas
595 2436 863 2492 videlicet
882 2440 1080 2505 partes
1096 2431 1472 2486 decimarum
1490 2435 1546 2485 et
1562 2429 1936 2485 oblationum

270 2528 342 2583 de
355 2528 589 2584 duabus
603 2520 1520 2597 parochiis,scilicetAlteuhoven
1535 2524 1590 2574 et
1607 2518 1935 2589 menching,

269 2632 405 2689 quae
421 2615 496 2670 ad
513 2612 820 2685 praefatum
838 2610 1259 2667 monasterium
1276 2608 1563 2679 pertinere
1579 2611 1935 2663 noscuntur.

271 2704 431 2761 Sane
445 2701 747 2759 novalium
764 2705 1094 2755 vestrorum
1121 2713 1257 2769 quoe
1276 2697 1526 2769 propriis
1542 2695 1821 2752 manibus
1834 2700 1939 2750 aut

269 2793 611 2865 sumptibus
640 2790 850 2856 colitis,
891 2787 1015 2842 sive
1056 2786 1130 2842 de
1178 2787 1556 2841 nutrimentis
1599 2792 1934 2840 vestrorum

270 2882 625 2941 animalium
658 2878 856 2935 nullus
886 2893 923 2933 a
950 2875 1122 2932 vobis
1153 2874 1420 2931 decimas
1450 2878 1782 2946 praesumat
1813 2873 1936 2929 exi-

268 2987 427 3045 gere.
449 2967 1080 3038 Prohiebmusinsuper
1094 2962 1310 3020 utnulli
1330 2962 1571 3021 fratrum
1586 2967 1929 3029 vestrorum,

268 3067 403 3136 post
427 3060 720 3117 factamin
737 3058 869 3114 loco
885 3060 1082 3112 vestro
1109 3052 1563 3127 professionem,
1579 3053 1670 3109 fas
1698 3052 1773 3108 sit
1796 3050 1936 3108 abs-

268 3166 387 3224 que
416 3148 652 3207 abbatis
684 3148 778 3203 sui
807 3145 1043 3202 licentia
1064 3143 1140 3199 de
1169 3142 1426 3199 claustro
1454 3147 1644 3198 vestro
1664 3140 1937 3197 discede-

269 3253 354 3305 re,
383 3236 788 3294 discedentem
849 3248 992 3289 vero
1014 3232 1145 3288 sine
1173 3230 1593 3288 communium
1624 3230 1931 3287 itterarum

266 3328 546 3386 cautione
577 3324 775 3381 nullus
804 3323 1025 3379 audeat
1055 3321 1324 3377 retinere.

342 3414 748 3471 Interdicimus
758 3413 929 3468 etiam
947 3409 1221 3466 utnullus
1238 3408 1666 3465 monasterium
1680 3410 1931 3463 vestrum

271 3504 362 3561 vel
387 3504 663 3561 homines
689 3501 766 3559 ad
795 3502 995 3574 ipsum
1025 3504 1382 3571 spectantes,
1407 3498 1724 3554 occasione
1750 3496 1934 3553 advo·

272 3595 524 3651 cationis
541 3592 810 3665 nequiter
834 3589 1165 3662 inquietare
1187 3587 1278 3643 vel
1295 3587 1534 3658 injustis
1560 3586 1932 3642 audeatexa-

272 3683 570 3740 ctionibus
602 3680 937 3737 molestare.
968 3684 1033 3733 ln
1047 3675 1492 3749 parochialibus
1512 3680 1714 3731 autem
1745 3675 1932 3732 eccle-

270 3770 374 3828 siis
404 3787 554 3845 quas
565 3770 819 3839 habetis,
833 3768 1004 3823 liceat
1020 3765 1190 3822 vobis
1200 3774 1462 3837 quatuor
1475 3763 1564 3819 vel
1584 3768 1698 3819 tres
1713 3766 1929 3835 eligere

271 3860 638 3927 sacerdotes,
670 3858 776 3931 qui
832 3856 1222 3913 nihilominus
1260 3854 1607 3911 dioecesano
1645 3854 1931 3926 episcopo

268 3955 722 4025 praesententur,
755 3953 818 4003 ut
838 3947 999 4004 abeo
1021 3960 1228 4002 curam
1258 3942 1927 4015 recipiantanimarum,

269 4045 326 4097 et
358 4039 444 4096 illi
464 4038 539 4094 de
570 4035 1001 4110 spiritualibus,
1027 4034 1200 4090 vobis
1223 4039 1425 4088 autem
1464 4032 1540 4088 de
1586 4031 1931 4102 temporali-

269 4128 386 4185 bus
435 4135 491 4184 et
529 4125 756 4183 ordinis
798 4122 1185 4180 observantia
1236 4120 1499 4177 debeant
1537 4120 1926 4193 respondere.

274 4215 540 4274 Obeunte
566 4229 703 4270 vero
726 4217 783 4268 te
805 4228 966 4269 nunc
981 4209 1252 4282 eJusdem
1279 4209 1396 4265 loci
1421 4209 1663 4278 abbate,
1684 4208 1780 4266 vel
1805 4214 1931 4266 tuo-

272 4319 408 4360 rum
433 4300 1146 4373 quolibetsnccessorum,
1174 4298 1370 4354 nullus
1400 4298 1482 4353 ibi
1501 4297 1768 4372 qualibet
1793 4298 1932 4354 sub·

2120 1713 2245 1785 Ego
2271 1716 2578 1783 Henricus,
2615 1717 2969 1776 Albanensis
2997 1719 3352 1798 episcopus.

2125 1805 2334 1860 Datum
2368 1803 2636 1872 veronis,
2662 1821 2768 1879 per
2783 1822 3036 1865 manum
3066 1809 3333 1882 Hugonis
3355 1819 3592 1871 sanctas
3615 1816 3712 1871 Ro-

2049 1907 2248 1949 manae
2301 1892 2574 1950 Ecclesite
2616 1896 2854 1963 notarii,
2925 1912 2964 1953 v
3016 1896 3270 1959 Kalend.
3327 1901 3717 1969 Novembris,

2047 1980 2251 2037 indict.
2306 1997 2385 2049 ιιι,
2417 1997 2580 2039 anno
2630 1984 2866 2041 Domini
2907 1986 3065 2058 1¹84,
3116 1989 3513 2061 pontificatus
3571 2007 3714 2049 vero

2047 2069 2259 2126 domni
2292 2071 2452 2128 Lucii
2475 2087 2651 2145 papae
2692 2073 2845 2130 tertii
2874 2090 3032 2132 anno
3056 2091 3136 2133 iv.

2741 2181 3000 2239 CLXVIII
3011 2224 3028 2240 .

2043 2266 2374 2324 Ecclesiam
2405 2268 2788 2327 Feltriensem
2838 2271 3121 2329 tuendam
3170 2273 3440 2346 suscipit,
3472 2276 3721 2351 eiusque

2113 2340 2502 2407 possessiones
2573 2344 2629 2397 et
2692 2342 3017 2414 privileqia
3084 2345 3417 2419 confirmat,
3486 2356 3722 2418 petente

2121 2410 2403 2467 Drudone
2428 2410 2695 2482 episcopo
2706 2456 2722 2470 .

2577 2502 2865 2570 (Veronae,
2898 2503 3025 2560 Oct.
3056 2503 3172 2577 2⁹.)

2042 2585 2257 2661 [vesca
2308 2589 2511 2646 Storna
2529 2588 2710 2734 {deut}
2726 2590 3324 2753 Δῖαὲσα3ξιὶἰυίρίαηα
3348 2609 3383 2652 e
3417 2594 3716 2666 veronese,

2114 2781 2315 2838 Lucius
2335 2781 2681 2853 episcopus,
2724 2797 2937 2839 servus
2969 2800 3280 2843 servorum
3304 2787 3446 2859 gnei,
3476 2803 3716 2846 venera-

2044 2868 2150 2925 bili
2178 2869 2309 2926 l'rat.
2340 2870 2611 2937 Daunom,
2631 2871 2912 2928 Feltrensi
2944 2873 3255 2949 episcopo,
3291 2876 3558 2952 ejusque
3588 2895 3713 2937 suc-

1970 2992 2012 3052 c
2043 2959 2382 3016 cessoribus
2406 2962 2690 3018 canonice
2722 2961 3149 3031 subtituendis,
3185 2964 3248 3022 in
3296 3009 3313 3024 .
3357 3010 3372 3024 .
3420 3009 3437 3024 .

2115 3052 2176 3105 ln
2190 3050 2525 3106 eminentiis
2537 3050 2883 3122 apostolicas
2901 3052 3061 3109 sedis
3078 3054 3713 3130 specula,disponente

2043 3138 2319 3205 Domino,
2333 3139 2659 3205 constituti,
2673 3139 2885 3197 fratres
2905 3147 3173 3210 nostros,
3191 3149 3315 3200 tam
3331 3146 3709 3221 propinquos

2040 3241 2227 3299 quam
2256 3226 2435 3299 longe
2490 3229 2738 3299 positos,
2789 3227 3050 3287 fraterna
3082 3231 3382 3290 debemus
3420 3233 3709 3293 charitate

2041 3314 2308 3386 diligere,
2340 3322 2397 3372 et
2428 3315 2702 3372 Ecclesiis
2724 3316 2838 3373 sibi
2871 3333 2909 3374 a
2936 3320 3054 3376 Deo
3079 3321 3433 3378 commissis
3462 3328 3707 3396 paterna

2042 3403 2438 3460 sollicitudine
2486 3404 2823 3477 providere.
2873 3408 3221 3480 Eapropter,
3258 3411 3626 3468 venerabilis
3653 3412 3711 3468 in

2040 3491 2272 3549 Christo
2297 3493 2476 3550 frater
2504 3493 2809 3566 episcope,
2841 3496 2955 3551 tuis
2990 3495 3172 3567 justis
3197 3498 3708 3570 postulationibus

2040 3581 2357 3639 clementer
2371 3582 2719 3650 annuimus,
2748 3583 3186 3642 etFeltrensem
3205 3585 3560 3656 Ecclesiam,
3593 3591 3707 3657 cui,

2038 3676 2281 3727 auctore
2300 3672 2439 3738 Deo,
2468 3686 2726 3745 proeesse
2745 3672 3118 3744 dignosceris
3145 3675 3226 3733 ad
3244 3676 3565 3752 exemplar
3595 3678 3714 3737 leli·

2039 3758 2125 3814 cis
2172 3760 2401 3816 record.
2430 3760 2727 3818 Anastasii
2759 3761 3219 3834 proedecessoris
3243 3767 3439 3823 nostri
3493 3766 3615 3824 sub
3646 3769 3705 3824 B.

2038 3848 2191 3905 Petri
2221 3853 2276 3905 et
2301 3853 2507 3907 nostra
2519 3849 2887 3921 protectione
2899 3853 3264 3925 suscipimus
3292 3859 3351 3911 et
3385 3859 3709 3928 praesentis

2039 3937 2240 4010 scripti
2266 3937 2575 4010 privilegio
2603 3941 3072 4007 communimus,
3093 3944 3423 4000 statuentes
3451 3950 3519 4002 ut
3535 3960 3711 4018 quas·

2037 4040 2277 4100 cunque
2307 4027 2741 4099 possessiones,
2770 4044 3152 4103 quascunque
3171 4030 3337 4088 bona
3363 4032 3592 4091 eadem
3610 4036 3711 4092 Ec·

2038 4118 2227 4174 clesia
2249 4115 2310 4172 in
2350 4116 2809 4189 praesentiarum
2830 4118 2989 4190 juste
3015 4123 3074 4177 et
3102 4121 3396 4180 canonice
3419 4124 3710 4196 possidet,

2038 4209 2144 4263 aut
2170 4206 2231 4261 in
2258 4205 2525 4261 futurum
2553 4208 2947 4265 concessione
2977 4208 3354 4282 pontificum,
3391 4210 3710 4285 largitione

2038 4310 2250 4366 regum
2278 4294 2367 4351 vel
2395 4295 2761 4368 principum,
2782 4296 3089 4354 oblatione
3117 4296 3414 4369 fidelium,
3447 4316 3558 4358 seu
3588 4303 3712 4360 aliis

270 4389 561 4463 reptionis
577 4385 1617 4459 astutiaseuviolentiapraeponatur,
1638 4387 1932 4460 nisiquem
2035 4384 2213 4456 justis
2265 4382 2479 4449 modis,
2507 4389 2829 4457 praestante
2862 4385 3121 4445 Domino
3153 4388 3380 4461 poteris
3433 4389 3709 4465 adipisci.

271 4479 482 4537 fratres
513 4477 788 4535 unanimi
816 4490 1117 4533 consensu
1138 4474 1225 4531 vel
1250 4473 1501 4530 fratrum
1524 4490 1666 4547 pars
1698 4474 1932 4533 consilii

272 4569 529 4628 sanioris
555 4566 890 4625 secundum
921 4565 1020 4621 Dei
1045 4564 1324 4621 timorem
1353 4569 1409 4620 et
1448 4564 1605 4621 beati
1635 4563 1935 4622 Benedicti

267 4657 545 4731 Regulam
560 4653 1295 4729 providerinteligendum.
1305 4651 1676 4724 Sepulturam
1689 4668 1934 4727 quoque

267 4746 461 4821 ipsius
498 4746 613 4804 loci
640 4746 891 4802 liberam
910 4759 1039 4801 esse
1065 4742 1465 4813 decernimus,
1497 4748 1560 4799 ut
1588 4755 1803 4800 eorum
1833 4742 1934 4799 de-

269 4838 496 4896 votioni
538 4842 595 4894 et
624 4841 903 4893 extremas
934 4832 1245 4900 voluntati,
1291 4832 1394 4906 qui
1444 4847 1509 4888 se
1538 4831 1656 4888 illic
1694 4832 1935 4904 sepeliri

272 4926 747 4990 deliberaverint,
779 4924 890 4980 nisi
923 4922 1070 4980 l'orte
1102 4921 1604 4979 excommunicati
1638 4921 1730 4978 vel
1759 4922 1933 4979 inter·

270 5016 410 5074 dicti
467 5016 604 5082 sint,
657 5014 854 5070 nullus
880 5013 1154 5078 obsistat,
1187 5011 1356 5068 salva
1399 5011 1635 5083 justitia
1664 5011 1931 5069 matricis

271 5106 556 5164 ecclesiae.

349 5196 885 5263 Decernimusergo
913 5196 976 5249 ut
1002 5189 1147 5248 nulli
1164 5190 1934 5250 omninohominumliceat

274 5285 592 5360 praefatum
611 5281 1041 5340 monasterium
1061 5285 1279 5337 temere
1309 5281 1657 5353 perturbare
1685 5281 1931 5353 antejus

274 5374 689 5447 possessiones
709 5371 962 5439 auferre,
988 5369 1081 5427 vel
1092 5370 1325 5428 ablatas
1341 5370 1611 5436 relinere,
1636 5370 1927 5439 minuere,

270 5473 381 5520 sen
403 5460 771 5537 quibuslibet
798 5459 1213 5520 vexationibus
1251 5458 1523 5532 fatigare,
1563 5458 1672 5517 sed
1723 5460 1931 5522 omnia

2041 4474 2219 4531 firma
2247 4473 2354 4531 tibi
2382 4474 2618 4547 tuisque
2648 4476 3098 4534 successoribus
3121 4481 3178 4535 et
3208 4476 3447 4538 illibata
3475 4495 3710 4555 perma-

2040 4568 2245 4622 neant.
2273 4566 2335 4619 ln
2352 4562 2576 4636 quibus
2588 4563 2720 4621 boec
2733 4562 3023 4622 duximus
3038 4565 3299 4639 propriis
3312 4569 3712 4642 exprimenda

2042 4651 2351 4710 vocabulis
2380 4673 2395 4708 ι

2114 4740 2522 4799 possessiones
2547 4756 2703 4814 quas
2720 4740 2957 4799 habetis
2981 4742 3042 4800 in
3073 4743 3347 4816 Pergino,
3371 4744 3439 4803 in
3465 4745 3707 4821 Levigo,

2039 4831 2102 4890 in
2116 4831 2561 4903 Calcedraniga,
2590 4833 2654 4888 in
2669 4832 2964 4901 Lavaron,
2998 4840 3057 4892 et
3085 4835 3339 4893 Ravesia
3375 4851 3394 4906 ;
3419 4836 3636 4906 Susis,
3652 4839 3708 4896 ιιι

2038 4921 2289 4995 Alsugo.
2318 4921 2380 4977 in
2393 4920 2700 4993 Tongeno,
2716 4928 2777 4979 et
2791 4938 2898 4996 per
2918 4928 3110 4981 totam
3134 4922 3348 4983 vallem
3369 4927 3705 4999 suganam,

2042 5017 2165 5069 tam
2181 5011 2466 5068 incastris
2477 5026 2665 5085 quam
2685 5011 2747 5068 in
2769 5012 2925 5069 villis
2950 5014 3394 5086 pertinentibus
3409 5015 3706 5084 eeclesia,

2039 5102 2103 5159 in
2126 5100 2330 5168 Grino,
2363 5101 2424 5158 in
2453 5106 2625 5175 prato
2653 5100 2943 5171 imolano,
2973 5101 3242 5170 crivulis,
3286 5119 3449 5177 quos
3472 5105 3709 5166 habetis

2037 5190 2100 5250 in
2129 5189 2336 5248 canale
2359 5192 2584 5260 Brente,
2612 5191 3030 5263 possessiones
3054 5207 3211 5266 quas
3237 5192 3483 5252 habetis
3507 5195 3574 5255 in
3610 5198 3707 5255 La-

2040 5297 2240 5349 mone,
2259 5281 2320 5337 in
2340 5280 2620 5338 Primerio
2645 5281 2967 5339 cumomni
2990 5283 3126 5355 jure
3150 5281 3318 5357 quod
3345 5283 3704 5353 ibibabetis,

2039 5371 2454 5448 possessiones
2483 5385 2638 5446 quas
2694 5372 2927 5430 habetis
2953 5372 3016 5429 in
3058 5371 3232 5447 plebe
3261 5374 3502 5443 arsedi,
3557 5383 3618 5436 et
3650 5377 3703 5434 ιιι

2038 5461 2215 5537 plebe
2238 5460 2526 5536 Fungasi,
2565 5466 2625 5520 et
2647 5461 2710 5520 in
2739 5460 2915 5537 plebe
2945 5460 3089 5532 Sini,
3111 5461 3255 5521 etin
3283 5464 3530 5523 cunctis
3561 5465 3706 5526 villis
