3784 6000
193 190 272 252 43
1241 183 1605 252 ARNULFI
1653 183 2166 248 LEXOVIENSIS
2211 183 2567 248 EPISGOPI
3533 195 3624 252 u

193 337 404 381 nomeu
435 322 619 394 partis
649 321 874 379 tantilla
898 336 1099 378 eorum
1144 324 1398 378 meretur
1425 319 1702 392 exceptio,
1737 334 1841 376 nec
1871 322 1922 386 Α
1958 319 2182 375 timores
2228 327 2525 376 nocturnos
2590 318 2864 377 fidelibus
2932 323 3193 379 excubiis
3264 324 3625 381 ambiendus

193 411 633 470 universitatem
656 414 918 468 nostram
934 410 1114 483 partis
1129 410 1286 466 decet
1298 407 1688 482 appellatione
1709 423 1844 465 cen-

195 500 333 570 seri,
382 500 520 573 quia
565 500 928 574 perditorum
987 498 1311 572 segregatio
1358 513 1672 556 numerum
1726 514 1847 558 nou

195 590 411 647 minuit
437 589 777 660 electorum,
809 603 915 646 nec
934 586 1345 646 detrimentum
1371 588 1547 645 sentit
1576 602 1710 646 area
1735 589 1845 646 Do-

197 678 366 747 mini,
396 683 455 737 et
500 679 700 752 granis
728 677 1101 736 manentibus
1147 676 1327 749 palen
1353 675 1673 734 ventilabro
1703 694 1846 750 pur-

197 772 372 840 gante
428 768 754 824 discedunt.
795 767 975 840 [gitur
1028 766 1227 824 omnia
1246 767 1567 824 recensenti
1599 768 1845 824 manife-

195 860 355 914 stum
386 857 540 930 quod
573 855 901 914 sanctitatis
930 854 1089 912 zelus
1118 856 1477 913 consecravit
1496 856 1680 927 initia,
1713 872 1847 929 pro·

194 962 419 1004 cessum
445 947 654 1017 juncta
672 945 999 1017 prudentiis
1015 944 1289 1002 fortitudo
1311 945 1539 1013 direxit,
1564 945 1847 1017 patientia

193 1034 388 1094 debito
409 1034 844 1093 consummabit
863 1034 1092 1104 effectu,
1113 1052 1314 1106 pacem
1337 1039 1451 1092 Deo
1466 1036 1691 1093 volente
1711 1051 1846 1107 per-

193 1124 530 1183 severantias
584 1124 733 1182 fides
786 1123 1140 1182 inconcussa
1195 1123 1518 1197 praestabit.
1544 1124 1707 1182 Nihil
1749 1126 1846 1184 hic

190 1214 446 1282 carnale,
475 1212 625 1269 nihil
671 1216 994 1280 terrenum,
1025 1212 1173 1270 nihil
1234 1214 1411 1271 vestri
1450 1214 1521 1270 ad
1555 1212 1842 1286 privatam

192 1301 505 1360 utilitatem
535 1300 685 1359 oculi
716 1304 1117 1373 respexerunt,
1150 1303 1249 1359 sed
1297 1303 1368 1358 ad
1402 1317 1715 1360 commuue
1743 1302 1841 1360 bo·

190 1407 332 1449 num
381 1394 441 1447 et
476 1391 756 1448 honorem
805 1388 1071 1448 Ecclesiae
1099 1392 1240 1447 totis
1266 1407 1370 1447 vos
1400 1397 1631 1448 constat
1659 1391 1841 1449 anhe-

186 1480 339 1540 lasse
354 1481 679 1548 desideriis,
695 1482 833 1538 totis
850 1481 1073 1539 viribus
1093 1481 1844 1539 insudasse.Praedicabitur

189 1571 387 1643 itaque
443 1586 655 1628 nomen
704 1574 987 1633 vestrum,
1011 1577 1065 1627 et
1123 1587 1157 1625 a
1187 1570 1331 1627 mari
1362 1586 1549 1643 usque
1582 1573 1651 1628 ad
1684 1587 1841 1628 mare

1953 407 2136 481 (Cant.
2167 409 2274 481 ιιι).
2307 409 2390 465 Ad
2410 424 2531 476 vos,
2562 407 2721 465 velut
2758 409 2829 465 ad
2889 408 3186 469 lucernam
3215 429 3384 486 super
3408 414 3628 470 cande-

1954 492 2171 553 labrum
2199 497 2450 567 positam
2504 497 2715 569 (Mauh.
2738 498 2816 570 v).
2842 498 3155 558 orientalis
3204 502 3421 574 pariter
3437 507 3496 560 et
3513 501 3621 558 Oc-

1952 584 2259 643 cidentalis
2313 587 2608 643 concurrit
2663 588 2939 657 Ecclesia,
2963 591 3061 646 sed
3115 591 3190 648 ad
3228 591 3455 650 insulas
3485 609 3618 665 quae

1954 674 2155 746 procul
2210 679 2368 745 sunt,
2396 690 2559 733 sonus
2595 676 2856 733 veritatis
2907 681 3099 749 exivit,
3141 697 3176 736 a
3228 681 3465 753 quibus,
3492 686 3621 739 tan·

1954 781 2131 838 quam
2163 783 2193 822 a
2228 765 2448 821 finibus
2480 770 2647 822 terrae
2675 766 2850 837 (Psul.
2874 769 3057 838 xvm),
3078 769 3340 843 plerique
3360 771 3488 842 jam
3512 787 3621 844 per

1954 854 2293 911 discrimina
2331 853 2518 911 multa
2546 859 2834 911 venerunt
2862 856 3062 914 audire
3090 860 3422 931 sapientiam
3452 860 3621 917 Sato-

1952 944 2132 1001 monis
2151 943 2362 1016 (ΜαιιΙι.
2390 943 2514 1016 xu).
2555 944 2713 1001 Licet
2741 945 2897 1003 enim
2930 963 3037 1005 nos
3069 947 3324 1021 plurima
3351 949 3619 1008 locorum

1953 1034 2142 1105 spatia
2171 1032 2533 1106 disjungant,
2553 1032 2810 1092 charitas
2840 1051 3073 1109 semper
3094 1037 3347 1095 indivisa
3363 1039 3615 1111 conjun-

1952 1127 2030 1196 git
2061 1138 2207 1195 quos
2226 1137 2384 1179 unus
2404 1122 2668 1194 spiritus,
2695 1140 2815 1180 una
2845 1124 3010 1188 fldes,
3031 1142 3147 1183 una
3163 1128 3449 1185 consessio
3471 1129 3619 1186 diri-

1954 1212 2039 1285 git
2066 1212 2137 1268 ad
2168 1210 2434 1268 salutem.
2461 1212 2524 1268 In
2565 1211 2673 1269 hac
2730 1214 3094 1272 decrevimus
3133 1216 3435 1274 vobiscum
3477 1234 3617 1276 con-

1953 1301 2169 1357 stantia
2199 1315 2558 1372 permanere,
2581 1301 2642 1357 in
2672 1301 2783 1358 hac
2829 1302 3134 1360 vobiscum
3166 1304 3478 1361 vivendum
3501 1312 3615 1377 est,

1952 1390 2013 1446 in
2042 1389 2170 1459 hac,
2193 1389 2610 1447 cumvoluntas
2628 1391 2822 1447 divina
2843 1393 3181 1461 decreverit,
3207 1395 3614 1458 moriendum»

1951 1478 2085 1551 quia
2104 1494 2293 1550 neque
2315 1495 2492 1548 mors,
2511 1495 2704 1551 neque
2723 1481 2865 1550 vita,
2892 1497 3078 1555 neque
3099 1482 3323 1555 aliquid
3347 1501 3609 1558 unquam

1950 1570 2024 1623 ab
2048 1568 2221 1638 huius
2251 1584 2353 1624 nos
2391 1568 2693 1626 sententias
2723 1571 3084 1641 professione
3116 1574 3406 1646 seJunget.
3445 1575 3614 1632 Inte·

189 1658 546 1719 excellentias
598 1664 806 1718 vestras
843 1658 1031 1733 gloria
1088 1659 1444 1732 personabit,
1479 1661 1841 1732 formamque
1873 1675 1921 1741 Β
1950 1655 2059 1711 rim
2085 1656 2134 1712 si
2160 1655 2399 1712 domino
2427 1660 2625 1713 nostro
2654 1657 2889 1713 etvcbis
2910 1667 3169 1716 nostram
3188 1676 3302 1717 non
3317 1661 3618 1732 possimus

188 1747 354 1806 dabit
381 1749 626 1822 posteris
654 1754 714 1808 et
733 1748 1085 1821 exemplum,
1118 1764 1192 1806 ne
1211 1765 1245 1805 a
1264 1749 1503 1821 justitia
1522 1753 1581 1806 et
1599 1747 1841 1806 veritate

188 1837 610 1911 persecutionis
643 1837 962 1910 cujuslibet
1008 1853 1204 1895 errore
1245 1837 1568 1895 discedant.
1600 1839 1687 1895 Ad
1718 1838 1840 1895 haec

182 1926 430 1996 Spiritus
473 1943 708 2000 quoque
752 1928 1129 1984 testimonium
1167 1926 1438 1999 perhibet
1474 1926 1706 1998 spiritui
1743 1942 1842 1984 no-

177 2019 293 2072 stro
320 2016 497 2086 (Rom.
520 2017 644 2087 vm)
689 2016 830 2088 quia
852 2015 1160 2073 nobiscum
1192 2015 1638 2072 schismaticum
1669 2014 1837 2073 illurn

179 2102 417 2178 publica
438 2104 706 2162 omnium
736 2104 1094 2161 conscientia
1123 2105 1345 2175 respuit
1381 2109 1440 2161 et
1468 2106 1838 2174 condemnat,

176 2197 235 2251 et
263 2192 512 2251 electum
571 2193 743 2250 nobis
783 2192 1105 2250 antistitem
1164 2192 1404 2249 sinceris
1452 2193 1755 2250 charitatis
1783 2196 1841 2250 et

181 2284 510 2343 reverentiae
559 2283 818 2342 brachiis
868 2284 1252 2355 amplexatur.
1301 2283 1490 2356 Opera
1547 2284 1837 2357 siquidem

182 2372 338 2431 illius
390 2372 703 2430 manifesta
759 2375 922 2442 sunt,
953 2388 1127 2443 opera
1159 2370 1383 2429 scilicet
1413 2371 1840 2431 maledictionis

183 2467 244 2521 et
269 2459 553 2528 scandali,
583 2477 731 2533 opus
788 2464 978 2518 autern
1022 2460 1191 2518 istius
1215 2461 1277 2518 in
1309 2461 1702 2520 benedictione
1732 2465 1840 2529 est,

184 2554 245 2610 et
265 2551 423 2609 favor
441 2551 567 2623 ejus
610 2550 671 2606 in
702 2553 903 2622 gentes
950 2549 1210 2622 quotidie
1257 2550 1628 2609 convalescit.
1656 2552 1843 2610 Corda

184 2642 342 2700 enim
368 2641 632 2699 omnium
656 2641 966 2699 nobiscum
988 2644 1147 2708 sunt,
1170 2657 1370 2699 eorum
1393 2640 1568 2697 etiam
1589 2656 1842 2714 quorum

187 2731 395 2804 lingum
452 2730 623 2789 nobis
670 2729 925 2803 qualibet
970 2729 1230 2787 soeculari
1276 2731 1621 2787 necessitate
1651 2732 1844 2789 recla-

188 2824 377 2891 mant,
405 2821 550 2877 adec
582 2823 647 2877 ut
674 2820 725 2877 si
756 2820 1020 2876 nondum
1053 2819 1124 2876 de
1153 2819 1515 2891 corporibus,
1548 2821 1621 2876 de
1651 2821 1842 2877 cordi-

184 2911 295 2967 bus
307 2914 502 2968 tamen
517 2910 779 2967 omnium
797 2924 999 2966 verum
1014 2908 1404 2965 sitEcclesiam
1417 2909 1837 2981 triumphasse.

178 2999 383 3059 Nonne
418 2999 574 3060 enim
604 2999 665 3057 in
696 3016 796 3058 eos
818 2999 919 3073 qui
950 2998 1023 3057 ab
1055 2998 1163 3055 hac
1202 2997 1335 3055 fidei
1366 2997 1589 3055 unitate
1617 2999 1839 3058 dissen-

177 3093 333 3149 tiunt
381 3091 525 3148 ultio
582 3090 782 3149 divina
827 3089 1138 3147 manifeste
1185 3089 1464 3160 procedit,
1489 3092 1546 3145 et
1567 3090 1836 3149 voluntas

175 3180 305 3250 ejus
325 3177 697 3236 evidentibus
725 3176 965 3235 indiciis
1008 3177 1297 3234 declarata
1326 3177 1619 3249 patescit?
1636 3180 1839 3235 Nonne

175 3269 448 3341 princeps
474 3265 595 3338 ille,
620 3267 714 3323 cui
759 3267 1017 3324 similem
1075 3284 1109 3324 a
1149 3265 1335 3324 multo
1366 3274 1623 3339 tempore
1655 3267 1840 3325 Roma

178 3373 295 3416 non
329 3356 548 3426 habuit,
570 3358 666 3428 cuj
678 3373 747 3414 us
766 3355 1052 3413 Dominus
1072 3356 1528 3428 apprehendisse
1545 3356 1836 3413 dexteram

178 3446 478 3503 dicebatur
523 3447 648 3519 (lea.
682 3447 833 3518 xcv),
864 3447 1038 3518 cujus
1096 3445 1215 3502 iere
1271 3462 1459 3518 usque
1506 3445 1574 3502 ad
1617 3450 1838 3503 remota

177 3534 429 3592 Orientis
477 3538 665 3592 terror
707 3540 1035 3592 excesserat
1066 3551 1100 3591 a
1131 3534 1226 3591 die
1261 3534 1672 3607 susceptionis.
1704 3535 1835 3592 Otto

179 3624 374 3682 divino
402 3624 573 3696 coepit
593 3624 820 3697 judicio
859 3624 1176 3696 reprobari,
1201 3625 1343 3680 adeo
1371 3627 1436 3679 ut
1455 3624 1513 3679 hi
1538 3640 1683 3697 quos
1703 3628 1839 3681 ante

178 3729 419 3771 securos
476 3711 689 3770 mcenia
726 3729 841 3770 non
884 3713 1230 3781 reddebant,
1255 3713 1529 3786 congredi
1569 3713 1836 3771 cominus

178 3804 307 3862 ausi
329 3803 523 3860 sintet
551 3802 605 3860 ei
633 3803 705 3860 de
726 3802 1116 3875 prosperitate
1134 3817 1473 3859 successum
1505 3802 1787 3860 insultare
1806 3802 1836 3858 ‘l

179 3893 400 3950 Revera
447 3892 663 3962 divitus
737 3893 831 3948 Dei
883 3896 963 3949 est
1014 3890 1106 3948 hic
1142 3891 1336 3965 (Exod.
1394 3893 1570 3970 v111),·
1596 3891 1835 3948 dexterae

179 3981 408 4037 Excelsi
447 3981 752 4054 repentina
808 3981 1043 4039 mutatio
1097 3980 1271 4053 (Psat.
1305 3981 1512 4052 cxxvi),
1546 3982 1836 4052 parcentis

175 4069 370 4127 adhuc
393 4074 451 4128 et
481 4069 538 4125 in
586 4069 676 4125 ira
721 4071 1012 4144 corripere
1043 4072 1384 4128 differentis.
1412 4072 1634 4129 Utinam
1666 4088 1833 4146 sape-

173 4163 287 4231 ret,
307 4166 364 4215 et
411 4157 763 4231 intelligeret
809 4168 862 4214 ee
910 4161 1208 4216 novissima
1263 4161 1593 4231 provideret
1646 4163 1831 4231 (Dent.

171 4248 371 4320 xxxu),
385 4246 526 4320 quia
543 4250 630 4304 tot
647 4246 996 4304 detrimenta
1009 4248 1384 4320 praesentium
1401 4250 1671 4321 quaedam
1696 4254 1835 4307 sunt

179 4337 400 4395 indicia
418 4336 748 4393 futurorum
774 4335 786 4391 1

1949 1744 2316 1817 praesentiam
2346 1745 2637 1815 exhibere,
2656 1746 2857 1818 aliqua
2878 1753 3070 1805 tamen
3090 1765 3158 1805 ex
3182 1755 3349 1822 parte
3370 1750 3617 1823 supplet

1951 1834 2176 1891 devotio
2197 1833 2497 1891 charitatis
2545 1834 2897 1905 absentiam,
2931 1838 3210 1909 quoniam
3257 1841 3611 1896 venerabili-

1949 1924 2060 1981 bus
2092 1924 2363 1981 Patribus
2393 1925 2605 1981 nostris
2617 1924 2771 1981 sedis
2785 1926 3119 1998 apostolicae
3148 1927 3353 2000 legatis
3377 1930 3607 1988 assisti-

1950 2030 2108 2084 mus,
2139 2029 2274 2070 cum
2305 2014 2390 2069 eis
2420 2018 2542 2071 toto
2563 2014 2759 2071 studio
2791 2020 3004 2073 sanctis
3034 2018 3309 2075 Romana
3340 2018 3609 2077 Ecclesiae

1947 2102 2296 2160 utilitatibus
2326 2103 2686 2160 insistentes.
2710 2104 2774 2159 In
2800 2105 3183 2178 quibustauta
3197 2106 3445 2181 refulget
3464 2124 3609 2180 apo·

1948 2191 2163 2249 stolicis
2193 2190 2519 2248 sanctitatis
2562 2194 2620 2248 et
2647 2192 2926 2250 doctrinae
2954 2195 3245 2265 perfectio,
3270 2197 3441 2254 uteie
3470 2197 3606 2270 plus

1948 2280 2147 2354 gratiis
2180 2281 2383 2337 merita
2409 2281 2760 2338 contrahant
2805 2299 2985 2354 quam
3012 2284 3252 2341 terroris
3280 2286 3608 2345 reverentia

1947 2369 2288 2442 disciplinas.
2321 2368 2440 2426 Viri
2465 2375 2622 2442 sunt,
2656 2387 2907 2444 quorum
2938 2374 3311 2431 sanctitatem
3355 2375 3608 2433 miratur

1950 2459 2222 2531 populus,
2247 2458 2590 2531 sapientiam
2611 2459 2799 2518 clerus
2830 2477 3251 2535 usquequaque
3274 2463 3605 2538 collaudat;

1949 2549 2020 2605 ad
2052 2548 2326 2605 virtutem
2367 2550 2692 2606 severitatis
2740 2551 3033 2625 principes
3071 2559 3484 2626 expavescunt.
3517 2556 3605 2612 Ad

1955 2653 2272 2705 summam,
2288 2641 2451 2694 tanta
2462 2654 2635 2695 omne
2649 2654 2796 2705 opus
2810 2658 2981 2698 suum
2999 2644 3449 2701 mansuetudine
3460 2647 3605 2701 tem-

1952 2731 2178 2799 perant,
2208 2730 2271 2783 ut
2315 2742 2501 2798 neque
2532 2728 2810 2786 severitas
2860 2731 3188 2802 disciptinae
3218 2737 3431 2804 pereat,
3454 2736 3512 2791 et
3542 2734 3603 2791 in

1948 2814 2108 2871 omni
2142 2818 2304 2886 parte
2332 2819 2544 2871 sanctas
2579 2815 2854 2873 Romanas
2885 2817 3155 2875 Ecclesiae
3181 2820 3366 2892 gratia
3390 2836 3601 2878 conva-

1947 2903 2146 2960 lescat.
2181 2903 2354 2959 Porro
2393 2918 2570 2975 super
2613 2905 2764 2960 sacto
2794 2904 2916 2973 illo,
2948 2905 3008 2962 in
3040 2923 3159 2978 quo
3187 2924 3383 2980 regem
3415 2909 3605 2966 Fran-

1950 3010 2148 3051 corum
2162 2993 2438 3051 adversus
2464 3010 2563 3051 eos
2584 2995 3043 3053 scandalizatum
3067 2997 3339 3070 audistis,
3362 3016 3603 3072 prorsus

1946 3082 2306 3141 excusabiles
2363 3082 2491 3139 sine
2546 3084 2701 3140 omni
2748 3084 3109 3143 dubitatione
3163 3088 3433 3159 credatis,
3465 3089 3604 3159 quia

1950 3190 2248 3246 nunquam
2289 3173 2361 3230 ab
2416 3189 2764 3232 consensum
2814 3175 3270 3248 dispensationis
3298 3178 3435 3236 illus
3465 3194 3598 3252 per-

1949 3264 2094 3322 trahi
2126 3263 2476 3336 potuissent,
2505 3264 2618 3320 nisi
2648 3280 2747 3321 eos
2770 3264 3243 3338 inexpugnabilis
3260 3269 3598 3338 necessitas,

1946 3360 2003 3411 et
2033 3352 2421 3410 inaestimable
2442 3353 2660 3409 bonum
2700 3357 3251 3427 recompensationis
3277 3355 3431 3415 illico
3462 3374 3597 3431 pro-

1946 3448 2198 3500 venturae
2240 3442 2354 3514 (28)
2384 3443 2676 3500 traxisset.
2736 3443 3137 3502 Convenerunt
3193 3446 3483 3515 siquidem
3526 3465 3597 3505 ex

1945 3533 2219 3590 mandato
2249 3547 2452 3604 regum
2469 3531 2821 3589 venerabiles
2850 3534 2922 3589 de
2944 3549 3119 3606 regno
3139 3535 3447 3609 utriusque
3472 3553 3592 3607 per·

1946 3638 2122 3685 sonoe,
2149 3625 2210 3677 ut
2238 3622 2310 3677 de
2367 3621 2613 3677 Romani
2653 3622 2945 3694 pontificis
2986 3624 3353 3695 susceptione
3379 3629 3598 3685 tracta-

1947 3714 2095 3781 rent,
2127 3712 2196 3766 de
2226 3726 2339 3781 quo
2361 3710 2507 3767 nihil
2532 3710 2725 3768 adhuc
2749 3711 2984 3783 publice
2997 3713 3187 3770 ruerat
3202 3716 3593 3774 constitutum.

2015 3802 2256 3857 Stabant
2309 3800 2503 3872 itaque
2548 3801 2750 3859 fratres
2779 3802 2865 3857 illi
2889 3819 3127 3860 causam
3161 3804 3443 3875 Ecclesiae,
3477 3824 3593 3864 non

1944 3891 2071 3949 sine
2128 3908 2340 3964 magno
2396 3891 2755 3956 discrimine.
2812 3902 3250 3967 prosequentes,
3317 3896 3593 3967 quoniam

1944 3983 2095 4055 apud
2128 3982 2436 4054 plerosque
2463 3980 2625 4040 favor
2652 3982 2984 4055 iniquitatis
3030 3984 3421 4052 convaluerat,
3449 3986 3593 4044 adeo

1943 4074 2010 4128 ut
2045 4072 2147 4146 qui
2177 4071 2501 4130 manifestas
2531 4073 2841 4144 repudium
2864 4072 3121 4131 veritatis
3152 4090 3452 4147 suggerere
3474 4092 3591 4132 non

1943 4165 2256 4234 audebant,
2269 4163 2656 4221 differendum
2671 4163 2864 4235 potius
2883 4165 3145 4221 soeculari
3166 4166 3422 4238 quadam
3440 4172 3596 4223 astu·

1942 4256 2021 4311 tia
2052 4255 2452 4328 praedicarent,
2483 4257 2756 4311 eventum
2789 4253 3014 4310 scilicet
3060 4254 3140 4313 rei
3172 4255 3363 4311 dubias
3395 4254 3593 4327 potius

1942 4343 2397 4413 exspectandum
2412 4358 2591 4414 quam
2612 4341 3036 4413 subjiciendam
3062 4342 3318 4401 fortuitis
3357 4344 3593 4403 casibus

246 4425 531 4483 Omnibus
559 4426 739 4499 igitur
766 4426 840 4482 ab
862 4426 1031 4485 initio
1058 4428 1165 4484 rite
1186 4428 1528 4501 perspectis,
1553 4417 1841 4489 dominict
1868 4410 1916 4475 D
1947 4435 2243 4489 tantorum
2272 4430 2601 4503 principum
2635 4432 3019 4503 majestatem,
3052 4447 3168 4488 non
3200 4436 3464 4503 oportere
3490 4448 3594 4491 eos

174 4521 373 4590 patres
430 4514 565 4582 mei,
595 4531 798 4589 magna
844 4531 945 4572 vos
976 4517 1245 4574 convenit
1272 4518 1657 4575 exsultatione
1686 4537 1827 4590 gau·

1938 4519 2259 4578 temeritate
2281 4520 2470 4576 nimia}
2490 4519 2882 4576 festinationis
2910 4517 3125 4577 involvi
3147 4537 3294 4592 quos
3324 4522 3592 4579 securius

175 4604 332 4670 dere,
364 4604 522 4677 quod
550 4604 623 4661 de
642 4604 799 4662 omni
841 4621 1014 4662 carne
1034 4605 1411 4679 singulariter
1439 4607 1583 4665 estis
1613 4609 1682 4664 ad
1716 4609 1827 4667 hoc
1935 4609 2148 4667 illaesos
2178 4609 2303 4666 sola
2349 4612 2573 4681 poterat
2600 4609 2952 4682 exspectatio
2973 4625 3338 4681 conservare,
3372 4611 3592 4669 Roma·

174 4697 415 4766 tempus
441 4692 630 4760 electi,
663 4709 766 4766 per
783 4709 932 4766 quos
956 4693 1087 4750 fidei
1109 4695 1339 4763 veritas,
1359 4711 1464 4767 per
1478 4714 1627 4768 quos
1646 4697 1831 4756 forma

168 4781 439 4854 justitiae,
471 4799 574 4855 per
591 4798 738 4855 quos
769 4782 1035 4840 Ecclesiae
1067 4782 1307 4841 libertas
1336 4784 1680 4843 inconvulsa
1710 4804 1827 4844 ser·

174 4874 368 4928 vetur.
390 4873 549 4938 Quod
579 4872 737 4929 enim
770 4889 877 4929 nos
913 4872 973 4927 in
997 4871 1108 4929 hac
1127 4873 1426 4931 vobiscum
1448 4874 1672 4932 unitate
1692 4892 1828 4934 con-

173 4958 464 5031 sistimus,
494 4962 645 5033 quod
668 4961 998 5019 haereticam
1019 4963 1358 5034 pravitatem
1379 4980 1513 5021 cum
1546 4981 1649 5023 suo
1672 4967 1829 5023 dete-

173 5051 401 5105 stamur
426 5053 678 5119 auctore,
702 5050 866 5108 vobis
895 5051 1140 5109 debetur
1158 5053 1347 5125 gratia
1368 5053 1466 5127 qui
1489 5056 1771 5127 coepistis,
1794 5072 1829 5112 a

172 5136 392 5208 quibus
421 5153 530 5195 nos
553 5138 953 5195 auctoritatem
976 5139 1232 5197 diximus
1252 5144 1309 5198 et
1327 5157 1489 5198 exem
1500 5142 1684 5216 plum.
1709 5143 1826 5216 Ipsi

170 5225 367 5299 itaque
394 5228 573 5285 duces
599 5228 805 5297 nostri,
836 5227 953 5301 ipsi
976 5244 1170 5286 revera
1200 5230 1272 5287 dc
1313 5232 1637 5303 fortissimis
1659 5233 1828 5292 lsrael

168 5315 328 5386 estis,
351 5316 567 5389 quibus
622 5316 876 5375 lectulus
923 5318 1235 5377 Salomonis
1265 5320 1437 5378 datus
1467 5326 1577 5389 est,
1606 5328 1829 5396 propter

240 5498 358 5575 (28)
388 5498 478 5571 Β..
511 5506 782 5564 venturu.

1938 4716 2073 4757 nam
2109 4698 2423 4756 Ecclesiam
2445 4714 2677 4771 semper
2708 4714 3014 4756 onerosam
3047 4700 3334 4758 exstitisse
3373 4701 3593 4773 princi·-

1938 4791 2132 4863 pibus,
2160 4789 2368 4862 jugum
2400 4789 2716 4863 aliquando
2738 4790 2875 4846 data
2902 4790 3201 4848 occasione
3226 4792 3588 4864 ponendum,

1938 4880 2121 4937 donec
2142 4877 2484 4951 cupiditatis
2513 4894 2713 4950 poenas
2737 4878 2978 4936 ambitio
2998 4880 3342 4937 detestanda
3361 4879 3589 4953 luisset,

1940 4969 2284 5026 solvendum
2311 4971 2500 5025 morte
2546 4966 2881 5025 alterutrius
2903 4968 3243 5039 quoestionis
3271 4967 3587 5041 incertum,

1938 5064 2115 5133 atque
2129 5059 2362 5118 interim
2378 5074 2549 5132 posse
2570 5058 2909 5131 religionem
2925 5059 3332 5130 episcoporum
3355 5076 3456 5131 per
3466 5061 3589 5119 sin-

1938 5148 2075 5224 gula
2105 5164 2284 5222 regna
2340 5149 2626 5220 sufficere,
2660 5148 2844 5204 donec
2879 5146 3075 5203 divina
3103 5147 3374 5205 voluntas
3406 5149 3591 5219 signis

1936 5238 2392 5300 evidentioribus
2422 5244 2736 5311 appareret.
2768 5235 3089 5293 Accedebat
3115 5235 3437 5306 legatorum
3471 5237 3590 5294 im·

1937 5329 2222 5402 peratoris
2250 5332 2306 5386 et
2335 5325 2744 5396 cardinalium,
2779 5324 3313 5383 maledictiscilicet
3339 5325 3588 5385 Joannis
3674 5340 3681 5345 ·
