3784 6000
176 526 250 568 ΑΒ
280 526 555 568 nomana
587 526 783 567 Papus
811 527 1200 569 Atssxarmnuu
1240 528 1363 570 CUM
1402 528 1570 570 ESSET
1609 528 1845 571 cancta·

905 618 1128 660 Lamus·

247 691 589 748 Bandinum
615 694 871 748 vestrum
905 693 974 748 ad
1011 709 1201 765 regem
1233 709 1418 762 usque
1446 693 1704 766 perduxi,
1740 695 1839 767 qui

184 783 509 849 dignationi
542 788 740 838 vestrae
772 782 992 853 gratias
1021 800 1219 850 aesna,
1247 801 1380 840 eum
1407 784 1606 854 majori
1633 802 1843 855 procu-

184 873 353 929 ratori
387 875 609 929 domus
637 889 761 929 sua*
790 873 1033 929 tradidit
1068 874 1528 944 informandum,
1579 880 1644 931 ut
1689 876 1843 932 idem

184 964 227 1020 ai
253 969 308 1019 et
359 962 700 1019 necessaria
739 964 1084 1034 provideret,
1132 971 1190 1019 et
1233 964 1386 1021 inter
1433 964 1578 1020 alios
1616 964 1848 1023 nobiles

185 1069 303 1110 enm
336 1053 649 1124 regalibus
696 1052 993 1124 obsequiis
1033 1054 1379 1111 familiarius
1418 1053 1736 1112 adhiberet.
1767 1056 1851 1117 jEt

187 1144 268 1200 illa
317 1143 565 1215 quidem
629 1143 919 1216 imperata
989 1143 1321 1216 dilligenter
1379 1150 1686 1204 exsecutus
1737 1152 1849 1216 est,

187 1236 266 1292 sed
308 1233 498 1292 etiam
544 1234 861 1308 imperium
908 1237 1259 1311 quandoque
1309 1237 1563 1310 eleganti
1596 1254 1848 1310 praecur-

185 1326 240 1380 rit
268 1323 549 1396 ingenio,
582 1329 894 1398 promptus
923 1327 994 1383 ad
1037 1327 1236 1384 omnia
1265 1327 1473 1399 quibus
1503 1330 1673 1387 debet
1693 1329 1851 1399 inge-

188 1413 269 1471 nui
323 1414 728 1472 adolescentis
773 1415 1066 1473 industria
1112 1414 1458 1474 collaudari.
1500 1419 1629 1476 Sive
1668 1419 1851 1493 igitur

189 1503 589 1576 aucupationi,
619 1520 718 1561 seu
750 1506 1063 1575 venationi,
1093 1505 1308 1579 quibus
1328 1507 1542 1564 studiis
1571 1525 1670 1565 rex
1703 1508 1851 1565 mul-

186 1601 293 1651 tum
347 1595 468 1665 ΗΟ)
500 1593 755 1664 insistit,
785 1611 887 1651 seu
919 1596 1091 1652 rebus
1128 1595 1351 1653 bellicis
1379 1597 1845 1669 intenderentur,

188 1686 357 1759 regios
381 1687 685 1743 decursus
715 1686 1012 1745 indefessa
1031 1688 1327 1745 celeritate
1349 1692 1845 1762 prosequebatur:

188 1776 528 1849 ceterisque
576 1776 986 1849 pigritantibus
1037 1794 1149 1833 non
1201 1778 1390 1835 solum
1445 1781 1584 1853 regi,
1642 1783 1742 1839 sed
1794 1787 1853 1839 et
1886 1780 1929 1847 Β

189 1865 457 1924 omnibus
507 1865 613 1938 qni
647 1881 785 1922 cum
835 1865 960 1936 ipso
991 1870 1154 1923 erant
1182 1866 1491 1940 vigilanter
1519 1869 1852 1941 assistebat,

191 1961 459 2027 tanquam
484 1954 539 2010 si
566 1955 745 2011 unius
758 1955 1040 2027 cujusque
1052 1961 1202 2014 esset
1223 1957 1551 2027 specialiter
1573 1960 1853 2032 obsequio

194 2047 516 2117 deputatus.
546 2043 717 2101 Unde
743 2043 1055 2115 plurimam
1081 2047 1231 2118 apud
1255 2063 1450 2107 regem
1468 2052 1526 2105 et
1547 2051 1701 2119 apud
1727 2066 1855 2107 om-

96 2132 107 2157 *
196 2152 280 2191 nes
292 2135 539 2191 laudem
555 2141 611 2191 et
635 2137 886 2207 gratiam
902 2134 1168 2205 impensa
1183 2136 1495 2194 sedulitate
1515 2141 1856 2208 promeruit.

190 2228 263 2290 At,
294 2224 346 2280 si
381 2224 462 2280 de
488 2223 763 2281 moribus
790 2224 1008 2282 ducitis
1027 2224 1471 2298 inquirendum,
1495 2227 1854 2286 Gallicanam

189 2312 921 2385 perosusincontinentiam
936 2314 1486 2372 severitatisltalicae
1508 2317 1854 2374 modestiam

192 2393 569 2463 conservavit,
621 2397 827 2451 vestrae
876 2410 1103 2451 memor
1152 2411 1256 2467 per
1283 2397 1482 2454 omnia
1513 2397 1858 2470 disciplinae.

192 2484 303 2542 Non
336 2500 483 2542 eum
519 2483 772 2541 reddidit
819 2500 1014 2541 sermo
1043 2484 1317 2556 petulans
1347 2486 1432 2543 vel
1459 2488 1677 2543 effusus
1707 2488 1860 2544 infe·

196 2579 368 2644 stum,
404 2590 527 2629 non
562 2571 789 2645 regales
843 2572 1065 2630 deliciae
1088 2574 1198 2647 (Η)
1232 2574 1487 2633 fortioris
1518 2575 1858 2634 adolescen-

197 2659 275 2715 tiae
327 2659 518 2715 robur
566 2656 959 2730 emollierunt,
992 2673 1107 2714 non
1138 2658 1473 2732 opinionem
1505 2661 1632 2730 eius
1663 2660 1862 2734 aliqua

200 2748 480 2821 respersit
507 2746 780 2810 infamia.
825 2749 921 2805 sed
969 2748 1134 2805 testis
1164 2749 1536 2807 conscientiae
1569 2752 1759 2823 pudor
1788 2753 1859 2809 ad

203 2854 437 2896 omnem
489 2840 801 2910 aspectum
831 2839 888 2894 et
916 2853 1090 2895 omne
1128 2836 1452 2910 alloquium
1506 2840 1705 2896 faciem
1736 2841 1863 2913 ejus

202 2933 356 2986 casto
374 2925 702 2985 laudabilis
730 2926 1090 2983 verecundiae
1114 2927 1320 2985 rubore
1343 2928 1649 2985 suffundit.
1675 2931 1862 3004 Atque

200 3019 312 3076 hae
334 3019 491 3076 mihi
514 3019 871 3091 quandoque
894 3018 964 3073 ad
987 3018 1208 3075 curiam
1234 3019 1490 3077 redeunti
1522 3036 1624 3094 per
1645 3019 1866 3092 pleros-

1696 248 2111 312 smsronAE
2243 256 2252 265 ·
3535 254 3616 319 ,5

1879 399 1933 467 Α
1962 382 2209 439 alterum
2232 388 2491 454 poteram
2509 385 2800 454 reputare,
2820 383 2914 441 cui
2932 388 3094 442 meet
3115 386 3310 458 ipsum
3335 387 3481 444 mibi
3504 405 3620 447 non

1960 477 2155 533 carnis
2184 476 2482 545 identitas,
2528 476 2665 535 licet
2693 492 2761 533 ex
2808 479 3008 535 eadem
3050 480 3231 552 stirpe
3263 481 3617 552 procederet,

1960 567 2062 622 sed
2105 566 2515 639 inseparabilis
2554 567 3046 625 consentientium
3095 570 3294 628 unitas
3336 570 3621 628 asciverat

1960 658 2315 724 animorum,
2346 675 2579 730 semper
2608 660 2775 717 alteri
2807 661 3072 719 collibuit
3118 667 3273 736 quod
3306 665 3471 722 alteri
3500 666 3618 724 col-

1958 749 2206 817 libebat;
2238 766 2344 806 nec
2373 755 2493 806 tam
2526 767 2695 807 suum
2720 752 2867 808 alter
2887 772 3064 826 quam
3087 756 3324 813 alterius
3354 761 3616 816 attende-

1962 839 2058 896 bat
2088 841 2384 910 affectum,
2401 849 2462 898 ut
2477 841 2633 899 illius
2648 844 2833 916 magis
2852 862 3029 918 quam
3050 865 3153 903 suo
3178 865 3406 921 semper
3426 851 3617 909 affice-

1962 935 2124 986 retur
2149 931 2542 998 incommodo,
2574 933 2658 988 vel
2690 937 2996 992 commodo
3033 938 3344 995 laetaretur.
3376 940 3619 1000 Sublata

1960 1025 2047 1076 est
2077 1020 2220 1076 mibi
2250 1022 2459 1078 animae
2492 1039 2635 1080 meae
2678 1038 2745 1080 eo
2791 1026 3102 1083 decedente
3151 1045 3285 1099 pars
3327 1029 3527 1097 altera,
3560 1036 3618 1089 et

1959 1109 2110 1165 intra
2156 1115 2440 1168 secretum
2491 1113 2740 1186 pectoris
2770 1113 2942 1172 inane
2986 1115 3265 1186 quiddam
3297 1121 3615 1191 praecordia

1958 1201 2243 1269 sentiunt,
2293 1203 2572 1274 quoniam
2618 1204 2861 1276 spiritus
2904 1206 3227 1279 integritas,
3264 1209 3482 1279 potiore
3521 1213 3614 1268 sui

1960 1295 2124 1362 parte
2153 1291 2463 1364 diminuta,
2497 1294 2842 1368 languescit.
2876 1298 2949 1353 At
2970 1314 3104 1354 vero
3133 1300 3204 1354 ad
3239 1303 3313 1370 te,
3345 1299 3496 1357 sicut
3523 1301 3615 1357 di-

1959 1383 2115 1437 ctum
2142 1385 2249 1450 est,
2292 1384 2545 1456 amplius
2576 1385 2930 1458 diligendam
2964 1388 3265 1446 flammam
3309 1389 3614 1449 charitatis

1959 1471 2238 1538 accendit,
2270 1475 2420 1543 quod
2452 1474 2631 1544 huius
2657 1480 2712 1533 te
2741 1476 2959 1534 doloris
3002 1479 3217 1536 sociam
3249 1485 3308 1537 et
3335 1480 3613 1539 vicariam

1957 1560 2223 1618 fraternae
2263 1563 2593 1622 dilectionis
2636 1582 2906 1639 agnosco.
2959 1567 3110 1625 Inter
3157 1573 3214 1626 te
3243 1569 3400 1626 enim
3440 1574 3497 1625 et
3524 1570 3615 1642 ip-

1958 1668 2113 1716 sum,
2147 1670 2281 1710 cum
2314 1653 2508 1711 adbuc
2538 1671 2699 1712 esses
2746 1658 3063 1728 septennis,
3099 1663 3404 1732 parentum
3436 1659 3616 1718 inter-

1959 1749 2132 1801 ventu
2151 1749 2448 1803 contracta
2469 1746 2627 1804 fuere
2650 1748 2967 1817 sponsalia,
3000 1751 3144 1806 dum
3174 1751 3258 1807 illi
3284 1749 3394 1807 sibi
3416 1751 3487 1808 de
3505 1751 3615 1808 hu·

1966 1850 2140 1892 mano
2171 1837 2442 1909 conjugio
2473 1853 2619 1893 nova
2649 1838 3036 1896 amicitiarum
3086 1842 3303 1899 foedera
3350 1857 3617 1912 compro-

1966 1925 2226 1996 mittunt,
2259 1931 2317 1984 et
2345 1931 2513 1998 grata
2561 1933 2921 2000 proventuris
2969 1930 3182 1988 sobolis
3215 1930 3455 2004 pignora
3476 1948 3617 1989 con·

1968 2016 2306 2085 temptatur,
2337 2022 2396 2074 et
2425 2019 2696 2075 humanae
2726 2019 2959 2090 quidem
2993 2022 3367 2092 cogitationes
3400 2022 3472 2079 ad
3507 2024 3622 2078 bu-

1970 2122 2177 2162 manos
2207 2106 2384 2163 libere
2433 2108 2823 2178 disponuntur
2874 2111 3135 2178 affectati,
3176 2112 3273 2167 sed
3314 2113 3509 2169 omnis
3534 2117 3621 2169 est

1969 2199 2165 2254 inanis
2197 2199 2440 2267 affectio,
2475 2200 2566 2256 cui
2610 2218 2723 2257 non
2764 2201 3119 2259 desideratos
3162 2204 3358 2261 divina
3387 2205 3619 2263 bonitas

1969 2289 2214 2361 largitur
2243 2290 2500 2346 effectus.
2538 2291 2686 2346 Dum
2717 2291 2871 2348 enim
2906 2292 3200 2350 thalamus
3231 2293 3312 2349 illi
3341 2294 3622 2364 nuptialis

1971 2383 2027 2436 et
2039 2379 2359 2451 conjugalis
2375 2380 2581 2452 puellae
2603 2381 2892 2438 maritales
2913 2384 3280 2439 destinantur
3298 2382 3619 2456 amplexus,

1970 2485 2147 2542 quam
2190 2468 2460 2526 nobilitas
2491 2471 2740 2541 generis,
2773 2489 2949 2544 quam
2980 2475 3173 2530 formas
3206 2475 3409 2545 gratia,
3443 2490 3622 2545 quam

1970 2559 2216 2629 denique
2264 2559 2558 2627 virginalis
2588 2563 3039 2620 commendabat
3070 2563 3398 2636 integritas,
3430 2564 3622 2619 divina

1970 2650 2303 2721 sepulcrum
2354 2650 2436 2706 illi
2486 2652 2770 2723 depositio
2812 2655 3191 2725 praeparabat,
3240 2659 3304 2709 ut
3359 2655 3427 2709 de.
3483 2654 3624 2710 flore

1964 2741 2286 2813 juventutis
2317 2742 2374 2796 in
2408 2740 2723 2813 pulverem,
2757 2743 2827 2798 de
2857 2743 3038 2813 gloria
3085 2744 3541 2816 pulchritudinis
3568 2747 3625 2800 et

1969 2830 2200 2888 virtutis
2231 2831 2289 2886 in
2322 2833 2685 2902 putredinem
2736 2833 3073 2891 solveretur.
3109 2835 3260 2891 Felix
3289 2840 3470 2891 tamen
3502 2835 3623 2905 ille,

1973 2920 2022 2977 si
2055 2920 2231 2994 prior,
2262 2920 2375 2976 imo
2399 2920 2537 2992 quia
2560 2923 2716 2993 prior
2735 2924 3020 2980 coelestem
3044 2924 3368 2980 thalamum
3394 2925 3621 2998 ingres·

1973 3028 2074 3068 sus
2097 3019 2206 3079 est,
2232 3015 2295 3066 ut
2315 3012 2581 3082 adeptam
2597 3014 2962 3071 mansionem
2979 3014 3200 3070 dilectae
3225 3032 3342 3070 suae
3360 3018 3624 3086 quando-

200 3124 305 3181 que
334 3111 647 3182 comperta
677 3110 838 3172 sunt,
873 3108 975 3163 sed
1009 3107 1234 3181 gratius
1264 3109 1441 3166 babui
1471 3110 1623 3183 quod
1659 3110 1777 3167 baec
1807 3113 1865 3167 et
1884 3115 1937 3183 ,c
1976 3117 2089 3174 que
2116 3102 2528 3171 communicet,
2569 3105 2625 3158 et
2654 3103 2725 3158 ad
2759 3103 2909 3176 Agni
2937 3103 3173 3174 nuptias
3206 3105 3415 3174 pariter
3445 3106 3627 3164 intro-

201 3198 302 3256 alia
331 3198 410 3254 da
439 3196 635 3271 ipsius
668 3211 766 3253 ore
795 3196 948 3269 regis
980 3198 1194 3269 accepi.
1227 3199 1509 3270 Adjunxit
1545 3199 1701 3256 enim
1740 3199 1864 3256 nul-

196 3288 305 3344 lum
338 3288 502 3344 inter
530 3289 620 3343 tot
652 3285 877 3342 nobiles
900 3290 1074 3343 tantae
1099 3288 1400 3345 industriis
1423 3294 1667 3362 tamque
1693 3289 1863 3345 bonas

196 3376 406 3434 indolis
440 3391 697 3447 puerum
720 3391 780 3431 se
801 3375 1038 3445 habere,
1061 3378 1574 3452 magisqueipsum
1598 3378 1659 3436 in
1683 3394 1863 3452 agno-

199 3468 402 3523 scenda
433 3467 657 3523 domus
699 3466 866 3539 regiae
895 3465 1209 3537 disciplina
1240 3485 1411 3539 parvo
1441 3473 1700 3543 tempore
1732 3485 1863 3539 pro-

200 3557 396 3613 iecisse
426 3555 553 3627 (12)
575 3570 755 3627 quam
777 3553 876 3610 alii
896 3554 1145 3613 triennio
1167 3557 1567 3629 proiecissent.
1599 3562 1865 3631 Comper-

200 3650 318 3703 tum
351 3662 417 3702 se
446 3644 672 3701 babere
699 3659 942 3716 puerum
977 3644 1188 3703 nobilis
1208 3663 1333 3704 esse
1363 3649 1666 3721 prosapias,
1698 3650 1866 3721 cujus

100 3789 105 3818 ἶ
200 3736 492 3809 ingenuos
526 3749 721 3790 mores
742 3733 896 3791 ultro
918 3738 1038 3791 tam
1063 3737 1369 3806 prudentia
1389 3754 1566 3810 quam
1600 3739 1866 3810 benigni-

100 3837 103 3856 ·
202 3830 283 3883 tas
311 3828 529 3881 innata
560 3824 862 3881 formaret.
894 3824 1125 3882 Placere
1163 3826 1277 3883 sibi
1321 3828 1369 3883 si
1402 3829 1556 3899 apud
1599 3846 1730 3886 eum
1755 3828 1870 3886 ali-

100 3943 107 3958 ν
202 3914 464 3986 quandiu
501 3929 861 3983 morarerur‚
882 3918 1075 3971 vestro
1109 3919 1303 3972 tamen
1339 3918 1750 3975 remittendum
1782 3937 1871 3976 ar-

205 4004 397 4074 bitrio,
429 4020 614 4077 quam
647 4004 901 4074 primum
951 4004 1222 4060 aestivalis
1253 4006 1696 4080 intemperantia
1731 4024 1870 4080 pree-

202 4094 454 4151 terisaet.
491 4091 921 4149 Existimabitis
954 4093 1218 4151 fortassis
1249 4112 1379 4168 qum
1411 4096 1600 4152 scribo
1634 4097 1869 4154 fallaces

203 4198 325 4240 ease
355 4180 724 4251 blanditias3
757 4184 854 4239 sed
898 4198 1004 4238 nec
1053 4183 1375 4255 sapientem
1425 4184 1623 4240 fallere
1673 4189 1868 4241 tutum

205 4278 307 4339 est,
339 4288 450 4329 nec
480 4271 788 4330 mendacio
828 4271 1098 4329 convenit
1128 4272 1286 4329 labia
1316 4272 1500 4345 pollui
1531 4272 1871 4332 sacerdotis.

206 4360 377 4418 Vale.

1001 4452 1090 4507 xl.

770 4556 845 4596 An
887 4556 943 4597 c.
985 4556 1307 4598 monianum.

268 4630 516 4699 Quoties
558 4628 782 4686 litteras
831 4632 946 4684 tuae
993 4629 1314 4687 devotionis
1347 4630 1594 4704 accipio,
1632 4646 1871 4688 causam

201 4718 348 4776 mibi
406 4718 675 4773 mmroris
723 4717 995 4784 afferunt,
1044 4722 1100 4774 et
1144 4719 1217 4774 ad
1261 4721 1317 4777 te
1364 4736 1596 4791 semper
1623 4720 1874 4791 amplius

201 4806 575 4879 diligendam
607 4806 840 4863 sinceras
871 4806 1167 4863 flammam
1190 4807 1492 4864 charitatis
1523 4809 1868 4865 accendunt.

195 4898 267 4953 Et
297 4911 548 4953 causam
576 4895 808 4966 quidem
859 4896 1124 4953 moeroris
1152 4898 1424 4967 afferunt,
1472 4897 1750 4970 quoniam
1784 4914 1872 4956 re-

200 4988 601 5060 praesentatur
630 4984 809 5041 menti
845 4999 987 5042 meae
1018 4985 1195 5042 frater
1224 4985 1320 5043 ille
1360 5002 1548 5056 meus,
1582 5003 1752 5060 quem
1787 4986 1873 5041 vi-

196 5081 439 5133 ventem
480 5073 721 5147 speciali
768 5091 885 5148 prae
933 5074 1156 5132 caeteris
1204 5091 1399 5133 amore
1452 5074 1649 5144 dilexi,
1699 5078 1872 5149 cujus

200 5168 436 5238 quanto
473 5164 592 5219 vita
636 5164 780 5220 mibi
803 5164 1122 5235 jucundior
1160 5166 1393 5234 exstitit,
1426 5169 1584 5223 tanto
1617 5165 1872 5223 defuncti

198 5255 542 5329 lacrymosa
568 5253 898 5312 recordatio
929 5253 1060 5327 plus
1088 5254 1306 5312 doloris
1328 5255 1624 5326 importat.
1658 5254 1872 5329 Requi-

199 5346 444 5402 eseebat
490 5342 551 5399 in
598 5359 665 5401 eo
711 5342 957 5416 spiritus
988 5359 1174 5413 meus,
1213 5345 1351 5418 quia
1389 5346 1584 5418 ipsum
1616 5360 1746 5403 vere
1777 5362 1872 5403 me

277 5470 403 5542 (¹0)
440 5474 528 5536 Β..
558 5470 786 5528 multus.

280 5544 403 5612 (11)
440 5547 528 5600 13..
553 5541 785 5599 divitia.

276 5615 401 5688 (12)
431 5613 518 5685 8.,
544 5614 895 5688 processisse.

1903 4495 1951 4562 D

1976 3192 2156 3258 ducti,
2190 3190 2249 3245 in
2281 3196 2592 3262 conspectu
2624 3192 2752 3262 ejus
2784 3192 3037 3264 copulari
3069 3194 3180 3266 (¹3)
3211 3194 3446 3250 valeatis
3475 3199 3531 3254 et
3563 3194 3623 3252 in

1973 3281 2171 3339 laetitia
2192 3280 2459 3339 delectari
2484 3282 2497 3337 l
2524 3282 2683 3339 Felix
2708 3287 2790 3354 tu,
2813 3300 2942 3354 quoe
2963 3284 3287 3355 corporales
3311 3285 3625 3356 aliquando

1975 3371 2258 3447 superasti
2307 3374 2418 3444 (14)
2468 3373 2693 3431 lascivae
2740 3374 3055 3430 voluntatis
3094 3373 3418 3441 illecebras,
3452 3391 3624 3447 quam

1976 3466 2050 3522 ab
2097 3464 2526 3536 ejusdemmodi
2576 3467 2845 3522 contactu
2888 3464 3045 3520 zelus
3094 3463 3301 3519 divinoe
3349 3462 3629 3520 bonitatis

1976 3555 2338 3614 conservavit
2366 3555 2665 3622 intactam,
2701 3557 2767 3610 ut
2792 3568 3033 3610 munere
3063 3550 3161 3606 tibi
3195 3558 3484 3624 per-petuas
3512 3554 3630 3610 vir·

1977 3642 2237 3715 ginitatis
2269 3643 2520 3710 indulto,
2569 3642 2783 3711 Aqnum
2825 3643 2990 3712 sequi
3038 3658 3353 3714 quocunque
3391 3643 3546 3708 ierit,
3577 3645 3637 3699 et

1978 3731 2284 3804 spirituale
2316 3730 2457 3786 illud
2477 3732 2770 3788 canticum
2794 3730 2985 3803 possis
3006 3747 3139 3786 cum
3168 3732 3477 3800 assignatis
3508 3731 3635 3786 mil·

1976 3824 2134 3880 libus
2166 3822 2508 3880 decantare!
2544 3824 2727 3894 (Apoc.
2763 3821 2878 3891 14.)
2921 3825 3045 3875 Non
3090 3834 3225 3891 ergo
3256 3818 3360 3874 tibi
3400 3819 3636 3876 sublata

1979 3920 2142 3984 sunt,
2174 3916 2274 3972 sed
2308 3916 2616 3970 immutata
2646 3911 2961 3984 sponsalia,
2994 3912 3060 3964 ut
3079 3910 3204 3981 jam
3234 3925 3347 3965 non
3384 3909 3631 3978 homini,

1979 4008 2079 4063 sed
2107 4006 2223 4062 Deo
2246 4002 2536 4077 spirituali
2559 4000 2764 4074 copula
2790 3999 3190 4071 conjungaris,
3214 4000 3386 4071 cujus
3409 3999 3638 4058 deside·

1980 4094 2179 4151 rabilis
2207 4099 2261 4149 te
2293 4094 2476 4149 foveat
2506 4096 2563 4149 et
2608 4088 2895 4159 astringat
2923 4087 3245 4161 amplexus,
3279 4094 3345 4145 ut
3383 4090 3462 4146 sit
3500 4088 3639 4147 laeva

1980 4186 2110 4254 eius
2139 4183 2249 4240 sub
2279 4184 2469 4254 capite
2497 4186 2620 4249 tuo,
2660 4184 2718 4237 et
2747 4179 2980 4235 dextera
3023 4180 3151 4251 ejus
3200 4177 3564 4250 amplexetur
3584 4184 3638 4235 te

1982 4273 2158 4347 (Cant.
2190 4288 2313 4339 vm,
2346 4272 2423 4343 3).

2054 4364 2163 4420 Tui
2190 4364 2385 4434 itaque
2416 4360 2595 4418 studii
2641 4359 2745 4416 erit
2776 4358 2931 4432 apud
2964 4359 3143 4424 hunc,
3189 4357 3260 4413 ad
3292 4371 3465 4429 quem
3517 4357 3637 4411 toto

1984 4452 2242 4526 corporis
2262 4451 2565 4522 obsequio,
2590 4453 2709 4505 tota
2724 4448 2918 4503 anima
2938 4445 3235 4503 devotione
3247 4460 3529 4502 conversa
3550 4458 3634 4508 es,

1984 4541 2201 4600 devotis
2247 4541 2415 4598 illum
2469 4537 2737 4613 precibus
2783 4536 3212 4604 commendare,
3262 4534 3400 4606 quia
3447 4532 3637 4588 zelum

1964 4632 2162 4705 'hujus
2191 4630 2389 4687 habita
2414 4646 2515 4702 pro
2539 4628 2639 4684 illo
2661 4626 3009 4701 supplicatio
3041 4642 3153 4681 non
3170 4624 3440 4681 offendet.
3462 4621 3638 4677 Novit

1982 4722 2137 4779 euim
2177 4722 2330 4776 inter
2361 4724 2417 4776 te
2465 4726 2519 4775 et
2556 4718 2754 4790 ipsum
2804 4714 2948 4770 nihil
2981 4714 3231 4770 carnalis
3272 4709 3636 4767 intercessise

1982 4810 2338 4879 commercii,
2359 4809 2516 4866 novit
2534 4807 2673 4881 quia
2692 4806 2923 4862 animus
2944 4809 3081 4858 tuus
3104 4801 3162 4856 in
3188 4799 3287 4856 illa
3306 4802 3471 4854 aetate
3492 4795 3634 4852 nul-

1981 4901 2038 4957 ia
2071 4900 2256 4973 potuit
2276 4895 2760 4970 concupiscentias
2787 4889 3014 4947 macula
3036 4888 3369 4946 deformari.
3402 4886 3529 4944 Non
3549 4889 3641 4944 est

1982 5007 2117 5063 ergo
2147 4991 2299 5063 quod
2331 4989 2608 5055 invideat,
2642 5000 2759 5039 non
2790 4986 2879 5038 est
2914 4983 3066 5054 quod
3108 4986 3165 5038 te
3208 4980 3404 5036 minus
3435 4978 3640 5034 reddat

1982 5086 2303 5154 acceptam,
2336 5079 2436 5135 sed
2471 5076 2661 5149 potius
2691 5073 2749 5128 in
2783 5078 2837 5129 te
2867 5077 3094 5130 castum
3117 5077 3234 5128 tam
3258 5071 3362 5144 pin
3385 5067 3639 5125 dilectio-

1984 5172 2074 5231 nis
2106 5169 2446 5245 approbabit
2476 5169 2777 5224 affectum:
2807 5164 2927 5221 scio
2949 5181 3086 5221 sane
3109 5178 3284 5235 quam
3309 5159 3561 5217 studiose
3580 5157 3637 5215 id

1982 5280 2142 5338 agas.
2174 5262 2373 5332 Neque
2404 5258 2561 5315 enim
2615 5255 2778 5313 illius
2817 5253 2974 5328 apud
3005 5260 3059 5311 te
3091 5257 3278 5327 potest
3309 5247 3639 5323 praeterisse

1984 5352 2284 5420 memoria,
2306 5366 2480 5422 quem
2497 5350 2836 5408 defunctum
2860 5362 2973 5404 non
2991 5345 3183 5402 minus
3202 5339 3636 5415 spiritualicon·

2052 5478 2169 5548 (13)
2198 5480 2280 5545 C.,
2313 5475 2550 5547 epulari.

2052 5550 2168 5621 (14)
2196 5550 2281 5616 G..
2312 5549 2569 5623 sperasti.
