3784 6000
195 244 311 306 579

1256 232 1694 296 GUILLELMI
1737 235 2128 297 TYRENSIS
2174 235 2533 298 ARctttEP.

3489 236 3616 298 380

193 378 394 431 contra
432 371 589 442 leges
620 370 777 425 illius
806 368 1016 425 coloris
1038 365 1309 434 affabilis,
1334 365 1623 437 benignus
1641 369 1699 421 et
1730 365 1843 420 mi·
1876 368 1924 433 Α
1956 367 2204 434 solutus,
2237 377 2486 437 paternae
2525 368 2933 426 restitueretur
2960 367 3329 436 hareditath
3364 366 3613 439 insuper

195 461 554 530 sericors3in
606 459 877 531 operibus
930 454 1165 529 pietatis
1218 460 1276 510 et
1332 453 1839 525 eleemosynarum

191 550 501 619 largitione
528 548 783 604 liberalis
839 546 1200 613 admodum3
1238 544 1561 599 secundum
1609 559 1838 600 carnem

193 641 459 710 princeps
494 643 720 708 potens,
752 642 809 691 et
849 635 1000 705 apud
1040 650 1180 690 suos
1212 631 1603 703 felicissimuS‚
1638 633 1838 703 prins·

190 746 367 801 quam
394 731 569 784 ctiam
605 729 673 784 ad
726 727 889 798 regni
929 730 1235 781 vocaretur
1292 723 1726 795 gubernacula3
1756 724 1840 780 rei

187 821 456 877 militaris
487 819 1048 890 experientissimus,
1080 821 1137 871 et
1166 817 1223 871 in
1262 815 1487 871 bellicis
1518 817 1840 873 sudoribus

187 910 414 982 patiens
445 918 497 965 et
532 910 807 982 providus
867 906 1222 980 plurimum,
1284 909 1504 960 statura
1538 905 1836 971 mediocri,

190 1001 291 1055 scd
345 1001 469 1069 jam
526 998 891 1070 grandaevus,
925 1001 982 1051 et
1040 994 1171 1066 plus
1205 1011 1381 1066 quam
1412 995 1837 1065 sexagesimum

78 1114 87 1125 =
189 1106 369 1161 agens
400 1104 644 1144 annum.
672 1087 826 1143 Inter
847 1086 990 1141 alios
1008 1102 1163 1150 vere,
1188 1100 1336 1151 Quos
1369 1086 1491 1155 lege
1524 1082 1840 1138 mortalita-

186 1178 261 1233 tis
295 1178 622 1248 patiebatur
643 1177 924 1241 desectus,
958 1173 1220 1229 ssiuidam
1254 1177 1310 1228 et
1340 1172 1571 1228 labilem
1604 1177 1840 1229 catenus

188 1265 438 1323 habebat
462 1266 823 1331 memoriam,
847 1273 1159 1320 utsuorum
1184 1264 1636 1319 domesticorum
1661 1265 1837 1320 etiam

185 1374 303 1414 non
360 1361 585 1414 teneret
651 1357 910 1424 nomina,
970 1373 1073 1410 nec
1130 1354 1326 1410 vultus
1376 1354 1485 1409 nisi
1518 1371 1835 1425 paucorum

90 1478 95 1483 -
184 1455 520 1519 agnosceret
559 1464 572 1501 2
605 1446 686 1501 ita
715 1452 780 1501 ut
805 1446 874 1501 dc
911 1460 977 1501 eo
1009 1445 1100 1499 cui
1138 1444 1309 1515 paulo
1332 1452 1464 1499 ante
1497 1460 1834 1514 supremum

185 1536 552 1607 impenderat
573 1535 862 1591 honorum
886 1536 943 1589 et
969 1532 1376 1588 familiaritatis
1409 1531 1678 1603 gratiam,
1703 1533 1839 1588 dili-

182 1634 384 1697 genter
418 1625 793 1695 postmodum
847 1628 1151 1694 quaereret,
1185 1622 1457 1692 quisnam
1486 1626 1640 1677 esset
1686 1622 1735 1677 si
1768 1639 1837 1678 ex

190 1712 508 1785 improviso
540 1729 601 1767 se
624 1715 966 1783 praesentem
991 1709 1351 1766 daret.Unde
1377 1709 1592 1766 multos
1622 1711 1693 1766 de
1712 1712 1838 1781 ejus

187 1801 579 1858 familiaritate
612 1807 1055 1871 praesumentes‚
1079 1799 1148 1852 ad
1167 1797 1571 1853 confusionem
1586 1815 1837 1869 compu-

187 1888 273 1955 lit,
305 1904 437 1943 cum
472 1888 580 1960 ipsi
613 1887 745 1942 aliis
766 1903 826 1942 se
856 1888 1189 1942 defensores
1221 1889 1355 1941 dare
1386 1892 1835 1958 proposuerant,

186 1984 243 2034 et
272 1977 385 2050 ipsi
446 1982 686 2049 patrono
718 1977 872 2048 apud
908 1992 1039 2033 eum
1072 1975 1617 2047 indigerent.Pater
1641 1976 1837 2045 hujus,

187 2070 618 2128 Turonensium
643 2066 1440 2137 etAndegavensiumcomes‚
1461 2066 1634 2123 Fulco
1659 2068 1836 2123 etiam

190 2159 382 2217 dictus
413 2165 500 2217 est
530 2163 587 2214 et
617 2156 1061 2229 cognominatus
1079 2155 1318 2223 Rechin,
1339 2157 1436 2228 qui
1471 2173 1703 2212 uxorem
1728 2157 1839 2212 du-

192 2251 277 2306 xit
307 2265 564 2307 sororem
597 2247 820 2303 domini
869 2246 1142 2302 Amalrici
1187 2246 1574 2313 deMontfort,
1603 2246 1838 2303 nomine

190 2340 553 2397 Bertheleam
588 2355 601 2393 z
638 2339 790 2394 unde
822 2338 969 2393 duos
1017 2337 1273 2408 suscepit
1312 2336 1461 2392 lilios
1486 2354 1498 2393 :
1525 2336 1836 2393 Fulconem

190 2429 568 2500 istum,unde
591 2428 758 2483 nobis
789 2432 1083 2482 estsermo
1110 2445 1125 2497 ;
1155 2431 1212 2481 et
1240 2425 1584 2483 Gausridum
1605 2425 1830 2496 Marte13

184 2525 242 2576 et
274 2519 452 2574 filiam
488 2534 684 2584 unam,
709 2516 1185 2587 Hermingerdam
1232 2519 1487 2585 nomine,
1520 2534 1647 2588 quae
1671 2519 1833 2588 prius

186 2624 332 2664 uxor
363 2607 471 2662 l'uit
518 2606 962 2661 pictaviensium
1010 2604 1236 2660 comitis
1284 2605 1610 2668 willelmi:
1649 2623 1682 2660 a
1714 2621 1830 2676 quo

181 2705 375 2769 spreta
404 2700 460 2751 et
490 2699 685 2750 contra
718 2693 1074 2750 matrimonii
1098 2693 1249 2764 leges
1280 2694 1523 2764 abjectu,
1548 2695 1616 2750 ad
1653 2695 1832 2750 comi-

184 2791 301 2843 tem
334 2785 642 2842 Britannias
673 2801 735 2840 se
767 2783 1034 2847 contulit,
1059 2783 1225 2854 eique
1257 2782 1555 2839 allectione
1584 2784 1828 2841 adhaesit

186 2873 441 2931 maritali
482 2889 496 2930 ς
531 2891 597 2930 ex
628 2873 843 2945 quibus
905 2881 1073 2927 natue
1105 2877 1194 2927 est
1241 2872 1532 2941 Conanus,
1563 2873 1824 2941 ejusdem

185 2965 494 3022 Britannice
554 2980 769 3033 comes,
802 2962 899 3035 qui
956 2961 1397 3034 cognominatus
1429 2968 1518 3020 est
1546 2963 1821 3021 Grossus.

180 3055 281 3112 His
311 3071 449 3127 ergo
479 3054 668 3109 tribus
718 3052 916 3109 liberis
956 3053 1109 3124 apud
1136 3051 1472 3122 praedictum
1507 3052 1817 3109 Fulconem

172 3146 462 3200 seniorem
517 3142 705 3203 editis.
742 3147 924 3196 mater
979 3144 1169 3212 spreto
1224 3140 1450 3206 marito,
1496 3143 1561 3195 ad
1624 3158 1815 3214 regem

176 3233 530 3288 Francorum
563 3230 894 3301 Philippum
920 3245 981 3284 se
1012 3230 1256 3284 contulit
1281 3245 1295 3296 ;
1320 3229 1416 3299 qui
1439 3230 1636 3298 etiam,
1669 3232 1827 3301 abJ'c·

176 3325 272 3379 cta
302 3337 477 3376 uxore
527 3336 634 3375 sua
683 3318 962 3390 legitiam,
992 3334 1120 3374 eam
1164 3318 1549 3390 suscepittori
1583 3321 1824 3391 particl-

182 3427 336 3484 pem,
368 3426 641 3466 curarum
674 3408 903 3475 sociam,
937 3411 990 3463 et
1023 3407 1323 3462 affcctione
1348 3412 1545 3478 postea
1566 3413 1824 3466 tractans

182 3500 452 3567 maritali,
485 3507 684 3555 contra
706 3498 862 3569 leges
893 3496 1338 3566 ecclesiasticas,
1367 3496 1562 3554 invitis
1584 3504 1641 3554 et
1672 3500 1823 3557 mul·

178 3593 301 3646 tum
334 3589 720 3646 renitentibus
740 3585 903 3658 regni
925 3587 1054 3656 ejus
1075 3585 1360 3657 episcopis
1384 3586 1559 3642 simul
1590 3589 1823 3659 etprin-

171 3680 421 3751 cipibus,
455 3680 603 3749 apud
639 3694 701 3733 se
730 3676 982 3732 detinuit
1014 3692 1026 3730 z
1060 3692 1127 3731 ex
1149 3692 1333 3747 eaque
1363 3677 1618 3748 suscepit
1648 3677 1819 3745 filios,

171 3769 429 3834 Florum,
464 3767 800 3838 Philippum
832 3769 888 3820 ot
907 3764 1283 3834 ceciliam,de
1305 3782 1421 3838 qua
1452 3766 1716 3837 superius
1743 3767 1824 3828 se-,

169 3859 360 3914 cimus
389 3858 762 3921 mentionem,
795 3872 922 3926 quae
974 3854 1135 3925 prius
1191 3854 1475 3910 Tancredi
1506 3856 1824 3912 Antioche-

172 3962 380 4002 norum
400 3944 675 4017 principis
705 3960 851 3999 uxor
881 3944 1007 4011 fuit,
1037 3944 1403 4016 postmodum
1429 3959 1494 4000 eo
1525 3944 1820 4017 defuncto,

177 4035 411 4093 domino
460 4034 683 4099 Pontio,
741 4033 1102 4104 Tripolitano
1145 4032 1360 4101 comiti,
1394 4034 1542 4091 votis
1601 4049 1707 4091 usa
1737 4052 1821 4091 se-

175 4127 409 4195 cundis,
462 4126 730 4182 adhaesit.
789 4126 1063 4180 Praefatus
1128 4140 1258 4180 vero
1308 4125 1509 4193 Fulco,
1575 4127 1824 4184 senioris

173 4214 449 4271 Fulconis
480 4214 660 4279 illius,
696 4216 855 4282 patre
887 4214 1012 4282 jam
1055 4213 1356 4280 defuncte,
1391 4230 1621 4270 uxorem
1656 4216 1825 4272 duxit

167 4301 349 4356 ssliam
379 4302 611 4356 comitis
641 4300 1170 4356 Cenomanensium
1205 4299 1402 4371 Helias,
1464 4302 1823 4376 Guiburgem

171 4389 429 4459 nomine,
452 4405 647 4460 exque
678 4388 825 4443 duos
842 4390 1094 4458 suscepit
1125 4388 1274 4444 filios
1300 4393 1356 4445 et
1384 4390 1537 4446 filias
1559 4392 1823 4449 totidem.

1950 458 2120 513 etiam
2153 457 2363 525 effecit,
2398 464 2460 516 ut
2486 477 2662 531 supra
2693 458 2977 515 nominati
3006 459 3243 515 comitis
3277 458 3454 515 Heliae
3479 458 3612 514 uni-

1952 563 2078 603 cam
2115 547 2317 615 filiam,
2343 565 2476 605 cum
2507 549 2591 606 eis
2620 549 2780 605 omni
2812 548 3170 618 haereditate,
3198 548 3486 605 dominus
3514 564 3613 604 rex

1952 636 2077 705 eJus
2107 636 2224 692 silio
2258 653 2494 693 uxorem
2554 639 2922 706 concede-reu
2958 652 3029 694 ex
3068 653 3208 709 qua,
3234 642 3301 693 ut
3330 638 3614 709 prodixi-

1953 743 2106 793 mus,
2141 727 2291 782 duos
2317 727 2468 782 filios
2500 727 2698 798 genuit
2719 731 2777 782 et
2834 726 2987 781 filias
3016 725 3075 781 in
3094 726 3302 782 eodem
3334 742 3612 785 numero.

1950 813 2327 886 primogeniti
2387 831 2597 871 nomen
2650 815 2759 870 fuit
2815 815 3150 885 Gauri-idus,
3181 814 3284 885 qui
3308 813 3464 886 patri
3487 830 3614 872 suc·

1949 905 2197 961 cessitin
2227 906 2430 961 eodem
2463 906 2765 972 comitatu,
2791 906 2881 981 cui
2922 905 3116 961 senior
3163 906 3477 972 Henricus,
3516 922 3616 962 rex

1948 994 2267 1066 Anglorum
2303 994 2761 1066 potentissimus,
2795 993 2975 1051 (iliam
3009 993 3244 1050 unicam
3276 993 3612 1052 mahaldam

1950 1086 2203 1153 nomine,
2239 1084 2461 1139 domini
2506 1083 2738 1140 Heanci
2800 1083 3198 1139 Romanorum
3232 1083 3612 1155 imperatoris

1949 1172 2456 1242 viduam,uxorem
2491 1174 2684 1240 ‹leslit3
2715 1190 2782 1228 ex
2815 1189 2928 1244 qua
2955 1172 3111 1229 idem
3134 1171 3456 1231 Gaul'ridus
3484 1177 3607 1230 tres

1949 1266 2207 1335 suscepit
2238 1264 2427 1320 filios:
2465 1264 2775 1319 {tauricum
2837 1264 3124 1330 videlicet,
3151 1263 3251 1334 qui
3295 1280 3454 1319 nunc
3486 1266 3606 1318 An·

1948 1354 2110 1426 glicae
2144 1369 2383 1424 regnum
2418 1364 2651 1407 strenuo
2682 1357 2738 1409 et
2769 1355 3079 1424 prudenter
3105 1352 3610 1421 administrat;et

1948 1445 2307 1511 Gaufridum,
2347 1444 2448 1516 qui
2478 1443 2921 1517 cognominatus
2948 1446 3036 1498 est
3077 1443 3516 1516 Plantagenest,
3549 1447 3608 1500 et

1945 1535 2325 1601 Willelmum,
2350 1535 2447 1606 qui
2464 1535 2655 1590 dictus
2676 1539 2767 1589 est
2796 1537 3181 1605 cognomento
3207 1535 3600 1606 Longaspata.

1946 1625 2165 1680 Nomen
2196 1640 2327 1680 vero
2341 1622 2601 1691 secundi,
2627 1622 2893 1693 ejusdem
2921 1623 3143 1678 domini
3169 1622 3450 1678 Falconis
3475 1622 3600 1691 filii,

1869 1746 1919 1813 B
1950 1713 2198 1769 materni
2230 1714 2316 1769 avi
2342 1728 2554 1769 nomen
2577 1712 2898 1768 referentis.
2924 1710 3155 1778 Helias3
3190 1713 3287 1767 cui
3319 1710 3602 1768 Rotoldus

1949 1818 2145 1858 comes
2179 1801 2522 1857 perchensis
2555 1802 2736 1857 filiam
2769 1817 2937 1857 suam
2967 1801 3198 1857 unicam
3237 1816 3474 1858 uxorem
3496 1802 3600 1857 de-

1949 1893 2050 1962 dit,
2075 1892 2392 1964 spondens,
2412 1892 2566 1963 quod
2590 1890 2659 1946 de
2689 1894 2894 1946 coetero
2917 1906 3152 1946 uxorem
3187 1907 3304 1946 non
3340 1891 3595 1957 duceret,

1950 1984 2049 2039 sed
2066 1998 2296 2037 omnem
2324 1980 2714 2037 haereditatem
2735 1996 2906 2037 suam
2928 1995 3062 2036 cum
3083 1981 3244 2035 omni
3265 1979 3599 2051 integritate

1949 2073 2005 2127 in
2038 2088 2172 2127 eum
2208 2071 2460 2127 moriens
2506 2070 2863 2125 transferret.
2913 2070 3212 2125 Paetorum
3250 2075 3448 2126 tamen
3483 2070 3616 2125 im·-

1950 2176 2176 2217 memor
2220 2165 2277 2215 et
2332 2159 2752 2232 promissorum
2801 2159 3099 2230 prodigus,
3129 2174 3374 2215 uxorem
3410 2160 3590 2219 duxit.

1947 2266 2204 2308 sororem
2236 2250 2469 2307 comitis
2497 2248 2737 2317 Patritii,
2771 2248 2985 2306 nobilis
3009 2249 3080 2305 de
3116 2248 3328 2319 Anglia
3348 2248 3458 2304 viri
3483 2266 3497 2317 ;
3527 2235 3593 2304 ex

1945 2357 2059 2410 qua
2089 2338 2285 2411 plures
2315 2338 2570 2409 suscepit
2596 2335 2810 2393 liberos
2843 2353 2856 2392 ε
2893 2338 3046 2392 unde
3069 2337 3381 2406 praedictus
3405 2337 3590 2395 Helias

1945 2430 2016 2486 ab
2047 2430 2171 2501 ejus
2201 2429 2538 2484 hoereditate
2567 2432 2771 2483 contra
2800 2443 2961 2499 spem
2997 2427 3185 2483 factus
3215 2430 3305 2483 est
3334 2427 3584 2484 alienus.

1942 2517 2185 2573 Nomina
2215 2520 2409 2573 autem
2428 2516 2698 2582 filiarum,
2719 2514 3208 2588 alteriusSibylla,
3227 2515 3588 2587 quaeinclyto

1941 2612 1997 2663 et
2027 2606 2202 2663 nobili
2229 2607 2347 2662 viro
2381 2606 2613 2662 domino
2640 2606 2995 2662 Theoderico
3017 2604 3469 2661 Flandrensium
3489 2622 3587 2662 co-

1941 2697 2065 2753 miti
2092 2695 2313 2767 nupsit,
2329 2711 2394 2751 ex
2413 2696 2627 2767 quibus
2655 2701 2819 2751 ortus
2850 2701 2939 2751 est
2970 2694 3586 2765 Philippus,quibodie

1941 2786 2378 2843 Flandrensium
2403 2789 2672 2856 procurat
2687 2785 3059 2851 comitatum;
3081 2799 3295 2839 nomen
3313 2799 3451 2840 secu
3463 2786 3584 2841 ndae

1937 2877 2387 2948 Mahaldis,quae
2421 2875 2677 2947 proedicti
2708 2875 3027 2946 Anglorum
3045 2873 3196 2945 regis
3211 2875 3446 2931 Henrici
3469 2874 3582 2931 [ilio

1934 2967 2284 3039 desponsata
2331 2965 2546 3032 fuerat3
2604 2963 2722 3032 sed,
2808 2971 3116 3035 antequam
3184 2965 3577 3032 convenirent,

1933 3072 2180 3128 sponsus
2203 3056 2260 3111 in
2291 3053 2560 3126 Angliam
2621 3055 2920 3126 navigans,
2955 3053 3318 3126 naufragium
3349 3070 3576 3125 passus,

1935 3146 2136 3218 pelago
2163 3145 2777 3215 submersusest;ejus
2791 3159 2923 3198 vero
2954 3157 3191 3214 sponsa,
3224 3148 3577 3215 perpetuum

1934 3251 2145 3291 vovens
2167 3234 2521 3298 caelibatum,
2554 3233 2613 3288 in
2647 3232 2898 3289 claustro
2949 3231 3272 3302 puellarum
3307 3231 3578 3304 religioso

1932 3325 2270 3392 admodum,
2302 3324 2452 3393 apud
2486 3322 2722 3379 Fontem
2766 3321 3044 3391 Ebraudi,
3075 3320 3580 3378 sanctimonialem

1935 3417 2209 3485 perpetuo
2241 3412 2416 3469 vitam
2450 3411 2635 3467 duxit.

2580 3518 2813 3576 CAPUT
2861 3518 2929 3576 11.

1933 3611 2084 3681 Quod
2111 3620 2401 3682 antequam
2443 3612 2729 3664 vocaretur
2774 3625 2808 3663 a
2853 3608 3075 3663 domino
3124 3608 3410 3663 Battum-2
3439 3625 3578 3679 reye,

2000 3699 2166 3739 causa
2194 3679 3107 3761 pereyrinatinn&jherosolymam
3136 3688 3370 3736 venerat
3389 3697 3411 3743 ,·
3441 3688 3494 3736 et
3519 3683 3585 3736 de

2003 3757 2121 3827 ejus
2143 3757 2199 3808 in
2229 3770 2409 3823 reqem
2427 3761 2790 3824 promotione.

2005 3860 2319 3916 Praedictus
2351 3859 2529 3931 igitur
2578 3858 2755 3915 Falco
2787 3875 2962 3915 uxore
2982 3859 3279 3915 defuncta.
3315 3858 3584 3916 Hieroso·

1928 3950 2141 4020 lymam
2163 3948 2440 4005 orationis
2490 3949 2698 4020 gratia,
2746 3948 3090 4020 priusquam
3127 3966 3159 4003 a
3189 3948 3430 4004 domino
3451 3963 3583 4020 rege

1930 4046 2251 4106 vocaretur,
2288 4040 2559 4110 petierat:
2594 4037 2692 4093 ubi
2717 4038 3027 4109 magnifice
3044 4037 3370 4109 plurimum
3396 4037 3456 4094 iu
3481 4022 3581 4094 Dei

1932 4130 2166 4186 servitio
2188 4145 2249 4186 se
2278 4129 2517 4197 habenS,
2551 4126 2743 4197 populi
2798 4126 3054 4182 universi
3105 4126 3356 4197 gratiam
3401 4132 3461 4184 et
3486 4128 3584 4183 do·

1932 4221 2077 4277 mini
2111 4219 2285 4291 regis,
2335 4228 2389 4276 et
2446 4218 2850 4273 universorum
2897 4216 3226 4288 principum
3285 4215 3583 4273 familiari-

1932 4313 2108 4364 tatem
2169 4306 2503 4378 plurimam,
2537 4304 2762 4361 meritis
2813 4304 3179 4376 exigentibus
3226 4304 3582 4376 acquisivit3

1932 4397 2148 4468 quippe
2180 4397 2278 4467 qui
2312 4400 2543 4451 centum
2576 4394 2802 4466 equites
2819 4410 2921 4465 per
2950 4409 3168 4449 annum
3202 4392 3501 4465 integrum
3524 4393 3582 4449 in

173 4478 352 4549 nujus
384 4485 580 4535 autem
630 4477 986 4533 matrimonii
1036 4493 1211 4533 causa
1261 4478 1366 4532 suit
1411 4486 1623 4548 mater;
1656 4498 1815 4550 nam,
1850 4491 1899 4557 1)
1929 4501 2107 4557 regno
2130 4487 2254 4542 suis
2285 4484 2798 4556 habuitimpensis
2833 4498 2847 4549 ;
2877 4485 3226 4555 tandemque
3283 4499 3494 4556 sospes
3513 4482 3580 4538 ad

169 4571 307 4628 dum
368 4569 523 4625 idem
567 4567 907 4625 adolescens
938 4567 998 4623 in
1049 4566 1205 4624 curia
1236 4568 1464 4623 comitis
1498 4567 1822 4627 Pictavien-

172 4659 329 4717 sium
352 4659 570 4716 domini
622 4657 731 4721 sui,
765 4658 1055 4729 pincernae
1113 4658 1447 4729 fungeretur
1477 4658 1687 4729 officio,
1721 4677 1825 4716 au-

171 4751 293 4807 dita
351 4750 544 4806 fratris
588 4748 956 4820 primogeniti
1014 4753 1220 4813 morte,
1254 4748 1325 4802 ab
1381 4749 1583 4804 eodem
1615 4751 1825 4807 comite

172 4844 378 4911 captus
409 4845 499 4895 est
528 4843 585 4895 et
613 4836 863 4894 vinculis
909 4837 1299 4907 mancipatus,
1350 4837 1654 4895 occasione
1698 4855 1828 4911 quo-

166 4929 440 4985 rumdam
495 4927 894 4991 castellorum,
930 4945 1055 4999 quae
1093 4928 1164 4981 ab
1196 4943 1260 4982 eo
1292 4929 1676 4986 contendebat
1708 4930 1828 4988 vio·

164 5016 353 5074 lenter
373 5018 761 5089 eripere,quae
812 5021 976 5089 pater
1026 5018 1154 5087 ejus
1212 5021 1270 5071 et
1319 5017 1494 5074 frater
1520 5020 1578 5075 in
1610 5019 1829 5075 finibus

169 5107 428 5184 praedicti
464 5107 689 5163 comitis
710 5107 845 5178 Jure
868 5106 1258 5176 haereditario,
1276 5109 1373 5163 sed
1408 5108 1478 5163 de
1509 5108 1670 5166 feodo
1688 5126 1825 5180 prae·

174 5198 315 5255 dicti
355 5196 586 5254 comitis
616 5196 713 5252 diu
741 5198 1130 5269 possederant.
1156 5196 1316 5264 Quod
1348 5196 1590 5253 audiens
1620 5202 1823 5268 mater,

175 5304 304 5360 quae
328 5287 454 5356 jam
488 5287 560 5342 ab
589 5286 719 5358 ejus
752 5289 908 5357 patre
945 5284 1129 5341 multo
1169 5292 1300 5340 anto
1333 5285 1650 5342 diverterat
1668 5291 1726 5341 et
1753 5286 1825 5342 ad

174 5375 477 5432 dominum
504 5391 694 5447 regem
720 5374 1070 5430 Francorum
1092 5390 1155 5429 se
1176 5374 1526 5439 contulerat,
1549 5375 1826 5433 maternis

174 5468 331 5519 mota
359 5463 706 5528 visceribus,
726 5465 880 5536 apud
914 5464 1219 5520 dominum
1238 5479 1433 5536 regem
1455 5464 1702 5537 supplex
1723 5465 1827 5522 im·

166 5550 460 5626 ploravint
480 5558 537 5611 et
564 5554 842 5622 obtinuit,
869 5554 1022 5624 quod
1052 5552 1209 5614 lilius
1238 5554 1363 5623 ejus
1394 5570 1429 5612 a
1454 5553 1707 5611 vinculis
1728 5556 1826 5614 ab·

1935 4577 2167 4649 propria
2192 4591 2516 4648 regressus,
2550 4572 2701 4629 filias
2741 4574 2969 4644 nuptui,
3003 4573 3151 4629 filios
3208 4581 3408 4630 autem
3467 4590 3580 4630 ma·

1934 4666 2208 4721 trimonio
2241 4664 2547 4730 collocans,
2592 4664 2934 4719 comitatum
2974 4679 3148 4720 suum
3171 4664 3396 4734 optimo
3425 4669 3580 4722 statu

1936 4754 2300 4826 composuit;
2334 4756 2591 4826 dumque
2648 4762 2883 4809 strenue
2922 4756 2980 4809 et
3027 4752 3343 4823 prudenter
3397 4768 3582 4810 annos

1936 4843 2156 4912 aliquot
2199 4847 2331 4913 post
2358 4858 2529 4897 suum
2563 4841 2813 4898 reditum
2846 4842 2968 4898 suis
2993 4842 3279 4898 incumbit
3310 4842 3579 4911 negotiis,

1936 4948 2067 4989 ecce
2095 4931 2368 4987 dominus
2402 4947 2497 4986 rex
2527 4931 3057 5001 Hierosolymorum
3108 4932 3179 4986 de
3210 4931 3582 4989 successione

1936 5021 2244 5089 sollicitus,
2276 5020 2707 5093 videlicetapud
2734 5037 2910 5093 quem
2942 5020 3390 5092 primogenitam
3415 5038 3580 5078 suam

1938 5110 2146 5182 nuptui
2179 5108 2509 5177 collocaret,
2545 5114 2673 5180 post
2699 5109 2942 5167 multam
2979 5109 3480 5179 deliberationem,
3512 5111 3581 5167 de

1937 5199 2233 5258 communi
2265 5199 2663 5255 universorum
2730 5200 3051 5271 principum
3094 5198 3362 5269 consilio,
3393 5199 3497 5258 sed
3526 5204 3584 5257 et

1937 5296 2005 5347 dc
2037 5289 2233 5363 populi
2267 5288 2480 5351 favore,
2513 5290 2795 5359 quosdam
2828 5290 2898 5346 de
2926 5285 3288 5359 principibus
3314 5288 3584 5354 auis,do-

1938 5379 2163 5435 minum
2210 5377 2476 5435 videlicet
2507 5377 2883 5435 Villclmuum
2944 5378 3016 5433 de
3052 5377 3243 5446 Buris,
3275 5377 3578 5435 dominum

1937 5466 2260 5522 Guidonem
2287 5467 2640 5535 Brisebarre,
2673 5467 2741 5522 ad
2795 5465 3132 5537 predictum
3173 5465 3370 5536 dirigit
3397 5467 3582 5522 comi-

1935 5559 2078 5624 tem,
2107 5557 2363 5614 invitans
2390 5571 2524 5613 eum
2557 5556 2628 5613 ad
2651 5554 2780 5612 fllia
2799 5556 3034 5629 nuptias
3057 5559 3117 5614 et
3145 5555 3311 5628 regni
3337 5570 3580 5614 sucees-
