<?xml version="1.0" encoding="UTF-8"?>
<!DOCTYPE html PUBLIC "-//W3C//DTD XHTML 1.0 Transitional//EN"
    "http://www.w3.org/TR/xhtml1/DTD/xhtml1-transitional.dtd">
<html xmlns="http://www.w3.org/1999/xhtml" xml:lang="en" lang="en">
 <head>
  <title>
</title>
<meta http-equiv="Content-Type" content="text/html;charset=utf-8" />
  <meta name='ocr-system' content='tesseract 3.04.00' />
  <meta name='ocr-capabilities' content='ocr_page ocr_carea ocr_par ocr_line ocrx_word'/>
</head>
<body>
  <div class='ocr_page' id='page_1' title='image "./patrologiaecurs32goog_0370.png"; bbox 0 0 3784 6000; ppageno 0'>
   <div class='ocr_carea' id='block_1_1' title="bbox 140 265 362 337">
    <p class='ocr_par' dir='ltr' id='par_1_1' title="bbox 140 265 362 337">
     <span class='ocr_line' id='line_1_1' title="bbox 140 265 362 337; baseline 0.009 -11"><span class='ocrx_word' id='word_1_1' title='bbox 140 330 151 337; x_wconf 73' lang='grc'><strong>,</strong></span> <span class='ocrx_word' id='word_1_2' title='bbox 238 265 362 328; x_wconf 79' lang='grc'>-731</span> 
     </span>
    </p>
   </div>
   <div class='ocr_carea' id='block_1_2' title="bbox 249 493 1906 1720">
    <p class='ocr_par' dir='ltr' id='par_1_2' title="bbox 249 493 1906 1720">
     <span class='ocr_line' id='line_1_2' title="bbox 249 493 1900 568; baseline 0.001 -16"><span class='ocrx_word' id='word_1_3' title='bbox 249 495 549 552; x_wconf 86' lang='lat' dir='ltr'><strong>trahentes</strong></span> <span class='ocrx_word' id='word_1_4' title='bbox 598 493 1033 565; x_wconf 80' lang='lat' dir='ltr'><strong>compendium,</strong></span> <span class='ocrx_word' id='word_1_5' title='bbox 1073 496 1233 548; x_wconf 85' lang='lat' dir='ltr'><strong>tanto</strong></span> <span class='ocrx_word' id='word_1_6' title='bbox 1290 493 1607 551; x_wconf 78' lang='lat' dir='ltr'><strong>ferventius</strong></span> <span class='ocrx_word' id='word_1_7' title='bbox 1635 495 1900 568; x_wconf 88' lang='lat' dir='ltr'><strong>proposi-</strong></span> 
     </span>
     <span class='ocr_line' id='line_1_3' title="bbox 254 580 1900 657; baseline 0.001 -16"><span class='ocrx_word' id='word_1_8' title='bbox 254 586 382 641; x_wconf 91' lang='lat' dir='ltr'><strong>tum</strong></span> <span class='ocrx_word' id='word_1_9' title='bbox 405 587 617 656; x_wconf 88' lang='lat' dir='ltr'><strong>urgent</strong></span> <span class='ocrx_word' id='word_1_10' title='bbox 646 586 704 638; x_wconf 92' lang='lat' dir='ltr'><strong>et</strong></span> <span class='ocrx_word' id='word_1_11' title='bbox 733 589 917 654; x_wconf 81' lang='lat' dir='ltr'><strong>coepto</strong></span> <span class='ocrx_word' id='word_1_12' title='bbox 972 580 1153 638; x_wconf 89' lang='lat' dir='ltr'><strong>simul</strong></span> <span class='ocrx_word' id='word_1_13' title='bbox 1199 581 1423 639; x_wconf 89' lang='lat' dir='ltr'><strong>instant</strong></span> <span class='ocrx_word' id='word_1_14' title='bbox 1449 583 1631 654; x_wconf 89' lang='lat' dir='ltr'><strong>operi,</strong></span> <span class='ocrx_word' id='word_1_15' title='bbox 1679 589 1900 657; x_wconf 88' lang='lat' dir='ltr'><strong>quanto</strong></span> 
     </span>
     <span class='ocr_line' id='line_1_4' title="bbox 252 669 1902 747; baseline 0.002 -19"><span class='ocrx_word' id='word_1_16' title='bbox 252 671 597 747; x_wconf 70' lang='lat' dir='ltr'><strong>predictum</strong></span> <span class='ocrx_word' id='word_1_17' title='bbox 629 670 1010 744; x_wconf 81' lang='lat' dir='ltr'><strong>magnificum</strong></span> <span class='ocrx_word' id='word_1_18' title='bbox 1033 669 1225 727; x_wconf 85' lang='lat' dir='ltr'><strong>virum</strong></span> <span class='ocrx_word' id='word_1_19' title='bbox 1257 675 1414 728; x_wconf 88' lang='lat' dir='ltr'><strong>certo</strong></span> <span class='ocrx_word' id='word_1_20' title='bbox 1445 671 1657 729; x_wconf 89' lang='lat' dir='ltr'><strong>certius</strong></span> <span class='ocrx_word' id='word_1_21' title='bbox 1688 677 1902 731; x_wconf 89' lang='lat' dir='ltr'><strong>norunt</strong></span> 
     </span>
     <span class='ocr_line' id='line_1_5' title="bbox 251 760 1903 837; baseline 0 -17"><span class='ocrx_word' id='word_1_22' title='bbox 251 779 368 820; x_wconf 90' lang='lat' dir='ltr'><strong>non</strong></span> <span class='ocrx_word' id='word_1_23' title='bbox 400 777 573 834; x_wconf 87' lang='lat' dir='ltr'><strong>posse</strong></span> <span class='ocrx_word' id='word_1_24' title='bbox 596 760 716 816; x_wconf 88' lang='lat' dir='ltr'><strong>suis</strong></span> <span class='ocrx_word' id='word_1_25' title='bbox 736 775 1042 832; x_wconf 73' lang='lat' dir='ltr'>superesse</span> <span class='ocrx_word' id='word_1_26' title='bbox 1074 760 1340 830; x_wconf 84' lang='lat' dir='ltr'><strong>negotiis.</strong></span> <span class='ocrx_word' id='word_1_27' title='bbox 1374 761 1694 835; x_wconf 87' lang='lat' dir='ltr'><strong>Municipio</strong></span> <span class='ocrx_word' id='word_1_28' title='bbox 1724 763 1903 837; x_wconf 87' lang='lat' dir='ltr'><strong>igitur</strong></span> 
     </span>
     <span class='ocr_line' id='line_1_6' title="bbox 249 848 1902 923; baseline 0.001 -16"><span class='ocrx_word' id='word_1_29' title='bbox 249 848 523 923; x_wconf 67' lang='lat' dir='ltr'><strong>predicto</strong></span> <span class='ocrx_word' id='word_1_30' title='bbox 587 848 649 905; x_wconf 92' lang='lat' dir='ltr'><strong>in</strong></span> <span class='ocrx_word' id='word_1_31' title='bbox 696 864 900 922; x_wconf 80' lang='lat' dir='ltr'><strong>gyrum</strong></span> <span class='ocrx_word' id='word_1_32' title='bbox 956 848 1259 906; x_wconf 75' lang='lat' dir='ltr'><strong>obsidione</strong></span> <span class='ocrx_word' id='word_1_33' title='bbox 1324 850 1560 921; x_wconf 85' lang='lat' dir='ltr'><strong>vallato,</strong></span> <span class='ocrx_word' id='word_1_34' title='bbox 1605 853 1902 909; x_wconf 89' lang='lat' dir='ltr'><strong>machinas</strong></span> 
     </span>
     <span class='ocr_line' id='line_1_7' title="bbox 249 939 1903 1014; baseline 0.001 -16"><span class='ocrx_word' id='word_1_35' title='bbox 249 939 504 1012; x_wconf 89' lang='lat' dir='ltr'><strong>erigunt,</strong></span> <span class='ocrx_word' id='word_1_36' title='bbox 544 942 602 996; x_wconf 90' lang='lat' dir='ltr'><strong>et</strong></span> <span class='ocrx_word' id='word_1_37' title='bbox 658 954 725 995; x_wconf 91' lang='lat' dir='ltr'><strong>ea</strong></span> <span class='ocrx_word' id='word_1_38' title='bbox 758 943 969 1011; x_wconf 87' lang='lat' dir='ltr'><strong>parant</strong></span> <span class='ocrx_word' id='word_1_39' title='bbox 1004 939 1420 1010; x_wconf 89' lang='lat' dir='ltr'><strong>instrumenta,</strong></span> <span class='ocrx_word' id='word_1_40' title='bbox 1454 941 1669 1014; x_wconf 89' lang='lat' dir='ltr'><strong>quibus</strong></span> <span class='ocrx_word' id='word_1_41' title='bbox 1709 940 1903 999; x_wconf 78' lang='lat' dir='ltr'><strong>solent</strong></span> 
     </span>
     <span class='ocr_line' id='line_1_8' title="bbox 250 1025 1901 1099; baseline 0.003 -16"><span class='ocrx_word' id='word_1_42' title='bbox 250 1026 308 1084; x_wconf 90' lang='lat' dir='ltr'><strong>in</strong></span> <span class='ocrx_word' id='word_1_43' title='bbox 341 1026 628 1098; x_wconf 65' lang='lat' dir='ltr'><strong>presidiis</strong></span> <span class='ocrx_word' id='word_1_44' title='bbox 648 1025 868 1083; x_wconf 79' lang='lat' dir='ltr'><strong>obsessi</strong></span> <span class='ocrx_word' id='word_1_45' title='bbox 901 1026 1157 1099; x_wconf 88' lang='lat' dir='ltr'><strong>amplius</strong></span> <span class='ocrx_word' id='word_1_46' title='bbox 1188 1028 1515 1085; x_wconf 89' lang='lat' dir='ltr'><strong>molestari.</strong></span> <span class='ocrx_word' id='word_1_47' title='bbox 1548 1029 1683 1085; x_wconf 81' lang='lat' dir='ltr'><strong>Erat</strong></span> <span class='ocrx_word' id='word_1_48' title='bbox 1702 1034 1901 1088; x_wconf 90' lang='lat' dir='ltr'><strong>autem</strong></span> 
     </span>
     <span class='ocr_line' id='line_1_9' title="bbox 253 1115 1899 1187; baseline 0.002 -16"><span class='ocrx_word' id='word_1_49' title='bbox 253 1115 594 1187; x_wconf 71' lang='lat' dir='ltr'><strong>praedictum</strong></span> <span class='ocrx_word' id='word_1_50' title='bbox 626 1120 888 1172; x_wconf 88' lang='lat' dir='ltr'><strong>castrum</strong></span> <span class='ocrx_word' id='word_1_51' title='bbox 936 1116 997 1173; x_wconf 91' lang='lat' dir='ltr'><strong>in</strong></span> <span class='ocrx_word' id='word_1_52' title='bbox 1029 1116 1176 1174; x_wconf 90' lang='lat' dir='ltr'><strong>colle</strong></span> <span class='ocrx_word' id='word_1_53' title='bbox 1224 1133 1340 1174; x_wconf 89' lang='lat' dir='ltr'><strong>non</strong></span> <span class='ocrx_word' id='word_1_54' title='bbox 1373 1115 1627 1173; x_wconf 90' lang='lat' dir='ltr'><strong>multum</strong></span> <span class='ocrx_word' id='word_1_55' title='bbox 1660 1119 1899 1176; x_wconf 81' lang='lat' dir='ltr'><strong>sublimi</strong></span> 
     </span>
     <span class='ocr_line' id='line_1_10' title="bbox 257 1204 1900 1278; baseline 0.001 -17"><span class='ocrx_word' id='word_1_56' title='bbox 257 1204 462 1270; x_wconf 88' lang='lat' dir='ltr'><strong>situm,</strong></span> <span class='ocrx_word' id='word_1_57' title='bbox 494 1204 579 1260; x_wconf 89' lang='lat' dir='ltr'><strong>ita</strong></span> <span class='ocrx_word' id='word_1_58' title='bbox 618 1207 684 1260; x_wconf 92' lang='lat' dir='ltr'><strong>ut</strong></span> <span class='ocrx_word' id='word_1_59' title='bbox 739 1204 1032 1261; x_wconf 84' lang='lat' dir='ltr'><strong>videretur</strong></span> <span class='ocrx_word' id='word_1_60' title='bbox 1077 1220 1271 1278; x_wconf 72' lang='lat' dir='ltr'><strong>agger,</strong></span> <span class='ocrx_word' id='word_1_61' title='bbox 1316 1205 1407 1261; x_wconf 89' lang='lat' dir='ltr'><strong>cui</strong></span> <span class='ocrx_word' id='word_1_62' title='bbox 1467 1207 1900 1277; x_wconf 84' lang='lat' dir='ltr'><strong>superpositum</strong></span> 
     </span>
     <span class='ocr_line' id='line_1_11' title="bbox 252 1292 1899 1363; baseline 0.002 -15"><span class='ocrx_word' id='word_1_63' title='bbox 252 1299 397 1358; x_wconf 85' lang='lat' dir='ltr'><strong>erat,</strong></span> <span class='ocrx_word' id='word_1_64' title='bbox 420 1292 892 1363; x_wconf 85' lang='lat' dir='ltr'><strong>comportaticius</strong></span> <span class='ocrx_word' id='word_1_65' title='bbox 950 1295 1010 1348; x_wconf 89' lang='lat' dir='ltr'><strong>et</strong></span> <span class='ocrx_word' id='word_1_66' title='bbox 1068 1296 1458 1349; x_wconf 77' lang='lat' dir='ltr'><strong>manufactus.</strong></span> <span class='ocrx_word' id='word_1_67' title='bbox 1491 1297 1654 1350; x_wconf 89' lang='lat' dir='ltr'><strong>Unde</strong></span> <span class='ocrx_word' id='word_1_68' title='bbox 1711 1295 1899 1351; x_wconf 86' lang='lat' dir='ltr'><strong>maxi-</strong></span> 
     </span>
     <span class='ocr_line' id='line_1_12' title="bbox 255 1378 1903 1456; baseline 0.004 -19"><span class='ocrx_word' id='word_1_69' title='bbox 255 1395 412 1437; x_wconf 89' lang='lat' dir='ltr'><strong>mam</strong></span> <span class='ocrx_word' id='word_1_70' title='bbox 443 1378 680 1449; x_wconf 89' lang='lat' dir='ltr'><strong>dabant,</strong></span> <span class='ocrx_word' id='word_1_71' title='bbox 713 1380 813 1453; x_wconf 91' lang='lat' dir='ltr'><strong>qni</strong></span> <span class='ocrx_word' id='word_1_72' title='bbox 847 1381 904 1436; x_wconf 91' lang='lat' dir='ltr'><strong>in</strong></span> <span class='ocrx_word' id='word_1_73' title='bbox 946 1383 1200 1438; x_wconf 82' lang='lat' dir='ltr'><strong>exercitu</strong></span> <span class='ocrx_word' id='word_1_74' title='bbox 1258 1387 1424 1439; x_wconf 88' lang='lat' dir='ltr'><strong>erant</strong></span> <span class='ocrx_word' id='word_1_75' title='bbox 1474 1384 1903 1456; x_wconf 75' lang='lat' dir='ltr'><strong>prudentiores,</strong></span> 
     </span>
     <span class='ocr_line' id='line_1_13' title="bbox 253 1469 1899 1544; baseline 0.002 -17"><span class='ocrx_word' id='word_1_76' title='bbox 253 1485 514 1543; x_wconf 88' lang='lat' dir='ltr'><strong>operam,</strong></span> <span class='ocrx_word' id='word_1_77' title='bbox 546 1474 614 1526; x_wconf 92' lang='lat' dir='ltr'><strong>nt</strong></span> <span class='ocrx_word' id='word_1_78' title='bbox 659 1469 940 1543; x_wconf 76' lang='lat' dir='ltr'><strong>scrophas</strong></span> <span class='ocrx_word' id='word_1_79' title='bbox 1000 1470 1242 1528; x_wconf 90' lang='lat' dir='ltr'><strong>materia</strong></span> <span class='ocrx_word' id='word_1_80' title='bbox 1289 1473 1645 1544; x_wconf 73' lang='lat' dir='ltr'><strong>competenti</strong></span> <span class='ocrx_word' id='word_1_81' title='bbox 1676 1472 1899 1530; x_wconf 85' lang='lat' dir='ltr'><strong>intexe-</strong></span> 
     </span>
     <span class='ocr_line' id='line_1_14' title="bbox 256 1558 1906 1632; baseline 0.002 -18"><span class='ocrx_word' id='word_1_82' title='bbox 256 1562 408 1627; x_wconf 90' lang='lat' dir='ltr'><strong>rent,</strong></span> <span class='ocrx_word' id='word_1_83' title='bbox 443 1558 503 1614; x_wconf 92' lang='lat' dir='ltr'><strong>in</strong></span> <span class='ocrx_word' id='word_1_84' title='bbox 525 1558 743 1630; x_wconf 88' lang='lat' dir='ltr'><strong>quibus</strong></span> <span class='ocrx_word' id='word_1_85' title='bbox 800 1559 981 1616; x_wconf 88' lang='lat' dir='ltr'><strong>libere</strong></span> <span class='ocrx_word' id='word_1_86' title='bbox 1038 1559 1459 1629; x_wconf 80' lang='lat' dir='ltr'><strong>delitescerent,</strong></span> <span class='ocrx_word' id='word_1_87' title='bbox 1493 1560 1592 1632; x_wconf 91' lang='lat' dir='ltr'><strong>qni</strong></span> <span class='ocrx_word' id='word_1_88' title='bbox 1625 1561 1695 1617; x_wconf 88' lang='lat' dir='ltr'><strong>ad</strong></span> <span class='ocrx_word' id='word_1_89' title='bbox 1729 1562 1906 1618; x_wconf 79' lang='lat' dir='ltr'><strong>suffo-</strong></span> 
     </span>
     <span class='ocr_line' id='line_1_15' title="bbox 251 1647 1900 1720; baseline 0.002 -17"><span class='ocrx_word' id='word_1_90' title='bbox 251 1647 529 1704; x_wconf 90' lang='lat' dir='ltr'><strong>diendum</strong></span> <span class='ocrx_word' id='word_1_91' title='bbox 562 1663 832 1720; x_wconf 87' lang='lat' dir='ltr'><strong>aggerem</strong></span> <span class='ocrx_word' id='word_1_92' title='bbox 863 1648 1390 1708; x_wconf 89' lang='lat' dir='ltr'><strong>introducerentur.</strong></span> <span class='ocrx_word' id='word_1_93' title='bbox 1403 1649 1724 1707; x_wconf 85' lang='lat' dir='ltr'><strong>Videbatur</strong></span> <span class='ocrx_word' id='word_1_94' title='bbox 1741 1650 1900 1707; x_wconf 90' lang='lat' dir='ltr'><strong>enim</strong></span> 
     </span>
    </p>
   </div>
   <div class='ocr_carea' id='block_1_3' title="bbox 1322 265 2589 334">
    <p class='ocr_par' dir='ltr' id='par_1_3' title="bbox 1322 265 2589 334">
     <span class='ocr_line' id='line_1_16' title="bbox 1322 265 2589 334; baseline 0.002 -6"><span class='ocrx_word' id='word_1_95' title='bbox 1322 265 1744 332; x_wconf 76' lang='lat' dir='ltr'><strong>GUILLELMI</strong></span> <span class='ocrx_word' id='word_1_96' title='bbox 1786 269 2174 334; x_wconf 75' lang='lat' dir='ltr'>TYRENSIS</span> <span class='ocrx_word' id='word_1_97' title='bbox 2215 268 2589 333; x_wconf 77' lang='lat' dir='ltr'><strong>ARCHOEP.</strong></span> 
     </span>
    </p>
   </div>
   <div class='ocr_carea' id='block_1_4' title="bbox 248 402 1983 479">
    <p class='ocr_par' dir='ltr' id='par_1_4' title="bbox 248 402 1983 479">
     <span class='ocr_line' id='line_1_17' title="bbox 248 402 1983 479; baseline 0 -15"><span class='ocrx_word' id='word_1_98' title='bbox 248 405 309 464; x_wconf 90' lang='lat' dir='ltr'><strong>in</strong></span> <span class='ocrx_word' id='word_1_99' title='bbox 333 403 612 479; x_wconf 59' lang='lat' dir='ltr'><strong>praedicto</strong></span> <span class='ocrx_word' id='word_1_100' title='bbox 632 402 1292 472; x_wconf 88' lang='lat' dir='ltr'><strong>exercitu,occasionem</strong></span> <span class='ocrx_word' id='word_1_101' title='bbox 1314 405 1599 478; x_wconf 89' lang='lat' dir='ltr'><strong>temporis</strong></span> <span class='ocrx_word' id='word_1_102' title='bbox 1629 407 1701 462; x_wconf 90' lang='lat' dir='ltr'><strong>ad</strong></span> <span class='ocrx_word' id='word_1_103' title='bbox 1723 422 1899 464; x_wconf 87' lang='lat' dir='ltr'><strong>suum</strong></span> <span class='ocrx_word' id='word_1_104' title='bbox 1925 407 1983 475; x_wconf 67' lang='grc' dir='ltr'><strong>Α</strong></span> 
     </span>
    </p>
   </div>
   <div class='ocr_carea' id='block_1_5' title="bbox 2007 272 3674 1704">
    <p class='ocr_par' dir='ltr' id='par_1_5' title="bbox 3545 272 3666 332">
     <span class='ocr_line' id='line_1_18' title="bbox 3545 272 3666 332; baseline 0.017 -2"><span class='ocrx_word' id='word_1_105' title='bbox 3545 272 3666 332; x_wconf 76' lang='lat'>7:32</span> 
     </span>
    </p>

    <p class='ocr_par' dir='ltr' id='par_1_6' title="bbox 2640 401 3026 460">
     <span class='ocr_line' id='line_1_19' title="bbox 2640 401 3026 460; baseline -0.005 0"><span class='ocrx_word' id='word_1_106' title='bbox 2640 401 2874 460; x_wconf 77' lang='lat' dir='ltr'>CAPUT</span> <span class='ocrx_word' id='word_1_107' title='bbox 2910 401 3026 459; x_wconf 87' lang='lat' dir='ltr'><strong>XX.</strong></span> 
     </span>
    </p>

    <p class='ocr_par' dir='ltr' id='par_1_7' title="bbox 2009 489 3671 710">
     <span class='ocr_line' id='line_1_20' title="bbox 2009 489 3666 580; baseline -0.002 -27"><span class='ocrx_word' id='word_1_108' title='bbox 2009 493 2399 580; x_wconf 73' lang='lat' dir='ltr'><strong>Hierosolymis</strong></span> <span class='ocrx_word' id='word_1_109' title='bbox 2427 493 2738 551; x_wconf 79' lang='lat' dir='ltr'><strong>Amalricus</strong></span> <span class='ocrx_word' id='word_1_110' title='bbox 2784 494 2942 563; x_wconf 78' lang='lat' dir='ltr'><strong>prior</strong></span> <span class='ocrx_word' id='word_1_111' title='bbox 2967 489 3215 550; x_wconf 76' lang='lat' dir='ltr'><strong>ecclesiae</strong></span> <span class='ocrx_word' id='word_1_112' title='bbox 3242 492 3530 549; x_wconf 75' lang='lat' dir='ltr'><strong>Dominict’</strong></span> <span class='ocrx_word' id='word_1_113' title='bbox 3567 493 3666 550; x_wconf 84' lang='lat' dir='ltr'><strong>Se·</strong></span> 
     </span>
     <span class='ocr_line' id='line_1_21' title="bbox 2077 563 3671 640; baseline 0 -19"><span class='ocrx_word' id='word_1_114' title='bbox 2077 567 2266 640; x_wconf 70' lang='lat' dir='ltr'><strong>pulcri</strong></span> <span class='ocrx_word' id='word_1_115' title='bbox 2323 568 2385 623; x_wconf 78' lang='lat' dir='ltr'><strong>in</strong></span> <span class='ocrx_word' id='word_1_116' title='bbox 2432 564 2809 634; x_wconf 74' lang='lat' dir='ltr'><strong>patriarcham</strong></span> <span class='ocrx_word' id='word_1_117' title='bbox 2863 563 3222 635; x_wconf 64' lang='lat' dir='ltr'><strong>eliquat-:de</strong></span> <span class='ocrx_word' id='word_1_118' title='bbox 3258 564 3378 632; x_wconf 75' lang='lat' dir='ltr'><strong>eius</strong></span> <span class='ocrx_word' id='word_1_119' title='bbox 3404 564 3671 621; x_wconf 76' lang='lat' dir='ltr'><strong>electione</strong></span> 
     </span>
     <span class='ocr_line' id='line_1_22' title="bbox 2081 638 3047 710; baseline -0.003 -16"><span class='ocrx_word' id='word_1_120' title='bbox 2081 640 2231 695; x_wconf 77' lang='lat' dir='ltr'><strong>inter</strong></span> <span class='ocrx_word' id='word_1_121' title='bbox 2248 639 2518 710; x_wconf 79' lang='lat' dir='ltr'><strong>episcopos</strong></span> <span class='ocrx_word' id='word_1_122' title='bbox 2550 638 2734 694; x_wconf 80' lang='lat' dir='ltr'><strong>oritur</strong></span> <span class='ocrx_word' id='word_1_123' title='bbox 2753 638 3047 693; x_wconf 77' lang='lat' dir='ltr'><strong>contentio.</strong></span> 
     </span>
    </p>

    <p class='ocr_par' dir='ltr' id='par_1_8' title="bbox 2007 739 3674 1704">
     <span class='ocr_line' id='line_1_23' title="bbox 2086 739 3658 814; baseline -0.001 -14"><span class='ocrx_word' id='word_1_124' title='bbox 2086 744 2191 800; x_wconf 88' lang='lat' dir='ltr'><strong>Per</strong></span> <span class='ocrx_word' id='word_1_125' title='bbox 2220 744 2374 800; x_wconf 91' lang='lat' dir='ltr'><strong>idem</strong></span> <span class='ocrx_word' id='word_1_126' title='bbox 2395 747 2653 814; x_wconf 89' lang='lat' dir='ltr'><strong>tempus,</strong></span> <span class='ocrx_word' id='word_1_127' title='bbox 2686 758 2821 798; x_wconf 90' lang='lat' dir='ltr'><strong>cnm</strong></span> <span class='ocrx_word' id='word_1_128' title='bbox 2851 739 3393 814; x_wconf 80' lang='lat' dir='ltr'><strong>Hierosolymitana,</strong></span> <span class='ocrx_word' id='word_1_129' title='bbox 3423 747 3658 798; x_wconf 86' lang='lat' dir='ltr'><strong>mortuo</strong></span> 
     </span>
     <span class='ocr_line' id='line_1_24' title="bbox 2012 829 3670 898; baseline -0.001 -9"><span class='ocrx_word' id='word_1_130' title='bbox 2012 833 2252 890; x_wconf 90' lang='lat' dir='ltr'><strong>domino</strong></span> <span class='ocrx_word' id='word_1_131' title='bbox 2275 832 2554 890; x_wconf 73' lang='lat' dir='ltr'><strong>Pulchero</strong></span> <span class='ocrx_word' id='word_1_132' title='bbox 2586 832 2749 888; x_wconf 78' lang='lat' dir='ltr'><strong>bonae</strong></span> <span class='ocrx_word' id='word_1_133' title='bbox 2780 831 3096 898; x_wconf 76' lang='lat' dir='ltr'><strong>memoriae,</strong></span> <span class='ocrx_word' id='word_1_134' title='bbox 3130 834 3363 888; x_wconf 84' lang='lat' dir='ltr'><strong>vacaret</strong></span> <span class='ocrx_word' id='word_1_135' title='bbox 3385 829 3670 897; x_wconf 75' lang='lat' dir='ltr'><strong>Ecclesia,</strong></span> 
     </span>
     <span class='ocr_line' id='line_1_25' title="bbox 2010 919 3667 994; baseline -0.001 -16"><span class='ocrx_word' id='word_1_136' title='bbox 2010 921 2257 994; x_wconf 90' lang='lat' dir='ltr'><strong>contigit</strong></span> <span class='ocrx_word' id='word_1_137' title='bbox 2292 920 2666 979; x_wconf 85' lang='lat' dir='ltr'><strong>ecclesiarum</strong></span> <span class='ocrx_word' id='word_1_138' title='bbox 2718 920 2982 993; x_wconf 75' lang='lat' dir='ltr'><strong>praelatos</strong></span> <span class='ocrx_word' id='word_1_139' title='bbox 3036 919 3499 992; x_wconf 82' lang='lat' dir='ltr'><strong>Hierosolymam</strong></span> <span class='ocrx_word' id='word_1_140' title='bbox 3527 937 3667 977; x_wconf 89' lang='lat' dir='ltr'><strong>con-</strong></span> 
     </span>
     <span class='ocr_line' id='line_1_26' title="bbox 2007 1008 3663 1079; baseline -0.001 -12"><span class='ocrx_word' id='word_1_141' title='bbox 2007 1012 2226 1079; x_wconf 79' lang='lat' dir='ltr'><strong>venire,</strong></span> <span class='ocrx_word' id='word_1_142' title='bbox 2255 1013 2320 1066; x_wconf 90' lang='lat' dir='ltr'><strong>ut</strong></span> <span class='ocrx_word' id='word_1_143' title='bbox 2379 1010 2451 1066; x_wconf 91' lang='lat' dir='ltr'><strong>de</strong></span> <span class='ocrx_word' id='word_1_144' title='bbox 2507 1010 2912 1065; x_wconf 89' lang='lat' dir='ltr'><strong>substituendo</strong></span> <span class='ocrx_word' id='word_1_145' title='bbox 2947 1012 3122 1066; x_wconf 69' lang='lat' dir='ltr'><strong>tante</strong></span> <span class='ocrx_word' id='word_1_146' title='bbox 3162 1009 3317 1065; x_wconf 90' lang='lat' dir='ltr'><strong>sedis</strong></span> <span class='ocrx_word' id='word_1_147' title='bbox 3374 1008 3663 1078; x_wconf 82' lang='lat' dir='ltr'><strong>antistite,</strong></span> 
     </span>
     <span class='ocr_line' id='line_1_27' title="bbox 2010 1097 3663 1157; baseline -0.002 -1"><span class='ocrx_word' id='word_1_148' title='bbox 2010 1100 2335 1157; x_wconf 90' lang='lat' dir='ltr'><strong>secundum</strong></span> <span class='ocrx_word' id='word_1_149' title='bbox 2388 1103 2613 1155; x_wconf 88' lang='lat' dir='ltr'><strong>statuta</strong></span> <span class='ocrx_word' id='word_1_150' title='bbox 2664 1114 2951 1155; x_wconf 86' lang='lat' dir='ltr'><strong>canonum</strong></span> <span class='ocrx_word' id='word_1_151' title='bbox 3000 1101 3368 1155; x_wconf 82' lang='lat' dir='ltr'><strong>tractaretur.</strong></span> <span class='ocrx_word' id='word_1_152' title='bbox 3416 1097 3663 1155; x_wconf 80' lang='lat' dir='ltr'><strong>Factum</strong></span> 
     </span>
     <span class='ocr_line' id='line_1_28' title="bbox 2009 1185 3666 1260; baseline -0.002 -14"><span class='ocrx_word' id='word_1_153' title='bbox 2009 1193 2096 1246; x_wconf 86' lang='lat' dir='ltr'><strong>est</strong></span> <span class='ocrx_word' id='word_1_154' title='bbox 2124 1194 2343 1260; x_wconf 88' lang='lat' dir='ltr'><strong>autem,</strong></span> <span class='ocrx_word' id='word_1_155' title='bbox 2376 1193 2440 1245; x_wconf 93' lang='lat' dir='ltr'><strong>ut</strong></span> <span class='ocrx_word' id='word_1_156' title='bbox 2480 1189 2714 1252; x_wconf 89' lang='lat' dir='ltr'><strong>dicitur,</strong></span> <span class='ocrx_word' id='word_1_157' title='bbox 2763 1188 2915 1260; x_wconf 90' lang='lat' dir='ltr'><strong>quod</strong></span> <span class='ocrx_word' id='word_1_158' title='bbox 2965 1191 3168 1244; x_wconf 90' lang='lat' dir='ltr'><strong>contra</strong></span> <span class='ocrx_word' id='word_1_159' title='bbox 3210 1186 3368 1258; x_wconf 76' lang='lat' dir='ltr'><strong>,iuris</strong></span> <span class='ocrx_word' id='word_1_160' title='bbox 3402 1185 3666 1260; x_wconf 89' lang='lat' dir='ltr'><strong>regulas,</strong></span> 
     </span>
     <span class='ocr_line' id='line_1_29' title="bbox 2008 1275 3672 1349; baseline -0.002 -16"><span class='ocrx_word' id='word_1_161' title='bbox 2008 1282 2125 1334; x_wconf 86' lang='lat' dir='ltr'><strong>tam</strong></span> <span class='ocrx_word' id='word_1_162' title='bbox 2182 1293 2282 1349; x_wconf 90' lang='lat' dir='ltr'><strong>per</strong></span> <span class='ocrx_word' id='word_1_163' title='bbox 2327 1278 2717 1333; x_wconf 79' lang='lat' dir='ltr'><strong>interventum</strong></span> <span class='ocrx_word' id='word_1_164' title='bbox 2778 1275 3029 1332; x_wconf 64' lang='lat' dir='ltr'><strong>domina</strong></span> <span class='ocrx_word' id='word_1_165' title='bbox 3087 1275 3407 1332; x_wconf 76' lang='lat' dir='ltr'><strong>Milisendis</strong></span> <span class='ocrx_word' id='word_1_166' title='bbox 3461 1289 3672 1331; x_wconf 85' lang='lat' dir='ltr'><strong>sorore</strong></span> 
     </span>
     <span class='ocr_line' id='line_1_30' title="bbox 2009 1363 3667 1439; baseline -0.002 -16"><span class='ocrx_word' id='word_1_167' title='bbox 2009 1382 2189 1439; x_wconf 87' lang='lat' dir='ltr'><strong>quam</strong></span> <span class='ocrx_word' id='word_1_168' title='bbox 2219 1366 2455 1422; x_wconf 89' lang='lat' dir='ltr'><strong>domina</strong></span> <span class='ocrx_word' id='word_1_169' title='bbox 2484 1364 2929 1421; x_wconf 86' lang='lat' dir='ltr'><strong>Flandrensium</strong></span> <span class='ocrx_word' id='word_1_170' title='bbox 2964 1364 3260 1421; x_wconf 86' lang='lat' dir='ltr'><strong>comitissa</strong></span> <span class='ocrx_word' id='word_1_171' title='bbox 3287 1363 3533 1437; x_wconf 76' lang='lat' dir='ltr'><strong>Sibylla,</strong></span> <span class='ocrx_word' id='word_1_172' title='bbox 3556 1364 3667 1420; x_wconf 87' lang='lat' dir='ltr'><strong>do-</strong></span> 
     </span>
     <span class='ocr_line' id='line_1_31' title="bbox 2007 1451 3665 1522; baseline -0.001 -11"><span class='ocrx_word' id='word_1_173' title='bbox 2007 1455 2151 1512; x_wconf 91' lang='lat' dir='ltr'><strong>mini</strong></span> <span class='ocrx_word' id='word_1_174' title='bbox 2209 1455 2360 1522; x_wconf 82' lang='lat' dir='ltr'><strong>regis</strong></span> <span class='ocrx_word' id='word_1_175' title='bbox 2383 1454 2609 1510; x_wconf 77' lang='lat' dir='ltr'><strong>0itidem</strong></span> <span class='ocrx_word' id='word_1_176' title='bbox 2670 1469 2888 1521; x_wconf 89' lang='lat' dir='ltr'><strong>sorore,</strong></span> <span class='ocrx_word' id='word_1_177' title='bbox 2940 1451 3162 1509; x_wconf 87' lang='lat' dir='ltr'><strong>electus</strong></span> <span class='ocrx_word' id='word_1_178' title='bbox 3228 1456 3315 1509; x_wconf 87' lang='lat' dir='ltr'><strong>est</strong></span> <span class='ocrx_word' id='word_1_179' title='bbox 3377 1452 3665 1509; x_wconf 90' lang='lat' dir='ltr'><strong>dominns</strong></span> 
     </span>
     <span class='ocr_line' id='line_1_32' title="bbox 2010 1540 3674 1613; baseline -0.001 -15"><span class='ocrx_word' id='word_1_180' title='bbox 2010 1543 2358 1612; x_wconf 78' lang='lat' dir='ltr'><strong>Amalricus,</strong></span> <span class='ocrx_word' id='word_1_181' title='bbox 2390 1541 2642 1599; x_wconf 69' lang='lat' dir='ltr'><strong>ecclesias</strong></span> <span class='ocrx_word' id='word_1_182' title='bbox 2697 1542 2979 1597; x_wconf 89' lang='lat' dir='ltr'><strong>Dominici</strong></span> <span class='ocrx_word' id='word_1_183' title='bbox 3033 1541 3295 1613; x_wconf 88' lang='lat' dir='ltr'><strong>Sepulcri</strong></span> <span class='ocrx_word' id='word_1_184' title='bbox 3353 1540 3534 1611; x_wconf 89' lang='lat' dir='ltr'><strong>prior,</strong></span> <span class='ocrx_word' id='word_1_185' title='bbox 3559 1557 3674 1597; x_wconf 81' lang='lat' dir='ltr'><strong>ns-</strong></span> 
     </span>
     <span class='ocr_line' id='line_1_33' title="bbox 2010 1630 3670 1704; baseline -0.001 -16"><span class='ocrx_word' id='word_1_186' title='bbox 2010 1632 2172 1689; x_wconf 89' lang='lat' dir='ltr'><strong>tione</strong></span> <span class='ocrx_word' id='word_1_187' title='bbox 2227 1633 2503 1700; x_wconf 77' lang='lat' dir='ltr'><strong>Francus,</strong></span> <span class='ocrx_word' id='word_1_188' title='bbox 2535 1630 2607 1687; x_wconf 92' lang='lat' dir='ltr'><strong>de</strong></span> <span class='ocrx_word' id='word_1_189' title='bbox 2636 1631 2976 1704; x_wconf 85' lang='lat' dir='ltr'><strong>episcopatu</strong></span> <span class='ocrx_word' id='word_1_190' title='bbox 3016 1630 3410 1696; x_wconf 83' lang='lat' dir='ltr'><strong>Noviomensi‚</strong></span> <span class='ocrx_word' id='word_1_191' title='bbox 3454 1630 3526 1686; x_wconf 87' lang='lat' dir='ltr'><strong>de</strong></span> <span class='ocrx_word' id='word_1_192' title='bbox 3557 1645 3670 1704; x_wconf 91' lang='lat' dir='ltr'><strong>op-</strong></span> 
     </span>
    </p>
   </div>
   <div class='ocr_carea' id='block_1_6' title="bbox 252 1717 3675 1814">
    <p class='ocr_par' dir='ltr' id='par_1_9' title="bbox 252 1717 3675 1814">
     <span class='ocr_line' id='line_1_34' title="bbox 252 1717 3675 1814; baseline -0.001 -37"><span class='ocrx_word' id='word_1_193' title='bbox 252 1735 357 1807; x_wconf 60' lang='grc' dir='ltr'><strong>οῑς,</strong></span> <span class='ocrx_word' id='word_1_194' title='bbox 388 1751 493 1793; x_wconf 67' lang='lat'><strong>000</strong></span> <span class='ocrx_word' id='word_1_195' title='bbox 521 1740 647 1794; x_wconf 60' lang='lat' dir='ltr'><strong>emt</strong></span> <span class='ocrx_word' id='word_1_196' title='bbox 674 1753 862 1794; x_wconf 52' lang='lat' dir='ltr'><strong>&amp;vm-0</strong></span> <span class='ocrx_word' id='word_1_197' title='bbox 910 1737 1217 1804; x_wconf 60' lang='lat' dir='ltr'><strong>dissimile,</strong></span> <span class='ocrx_word' id='word_1_198' title='bbox 1252 1736 1407 1809; x_wconf 70' lang='lat' dir='ltr'><strong>quod</strong></span> <span class='ocrx_word' id='word_1_199' title='bbox 1438 1754 1647 1811; x_wconf 59' lang='lat' dir='ltr'><strong>aggere</strong></span> <span class='ocrx_word' id='word_1_200' title='bbox 1676 1754 1775 1811; x_wconf 60' lang='lat' dir='ltr'><strong>pe,-</strong></span> <span class='ocrx_word' id='word_1_201' title='bbox 1804 1755 1902 1795; x_wconf 74' lang='lat'><strong>00-</strong></span> <span class='ocrx_word' id='word_1_202' title='bbox 1937 1750 1982 1814; x_wconf 77' lang='lat' dir='ltr'><strong>B</strong></span> <span class='ocrx_word' id='word_1_203' title='bbox 2028 1723 2166 1794; x_wconf 92' lang='lat' dir='ltr'><strong>pido</strong></span> <span class='ocrx_word' id='word_1_204' title='bbox 2196 1720 2413 1788; x_wconf 87' lang='lat' dir='ltr'><strong>Neella,</strong></span> <span class='ocrx_word' id='word_1_205' title='bbox 2445 1720 2535 1775; x_wconf 82' lang='lat' dir='ltr'><strong>vir</strong></span> <span class='ocrx_word' id='word_1_206' title='bbox 2564 1720 2870 1777; x_wconf 87' lang='lat' dir='ltr'><strong>commode</strong></span> <span class='ocrx_word' id='word_1_207' title='bbox 2905 1719 3220 1787; x_wconf 90' lang='lat' dir='ltr'><strong>litteratus,</strong></span> <span class='ocrx_word' id='word_1_208' title='bbox 3252 1718 3355 1774; x_wconf 88' lang='lat' dir='ltr'><strong>sed</strong></span> <span class='ocrx_word' id='word_1_209' title='bbox 3413 1717 3675 1791; x_wconf 82' lang='lat' dir='ltr'><strong>simplex</strong></span> 
     </span>
    </p>
   </div>
   <div class='ocr_carea' id='block_1_7' title="bbox 255 1825 1918 4491">
    <p class='ocr_par' dir='ltr' id='par_1_10' title="bbox 255 1825 1918 4491">
     <span class='ocr_line' id='line_1_35' title="bbox 255 1825 1906 1901; baseline 0.002 -20"><span class='ocrx_word' id='word_1_210' title='bbox 255 1825 445 1884; x_wconf 88' lang='lat' dir='ltr'><strong>cultos</strong></span> <span class='ocrx_word' id='word_1_211' title='bbox 491 1826 744 1885; x_wconf 78' lang='lat' dir='ltr'><strong>suffosso</strong></span> <span class='ocrx_word' id='word_1_212' title='bbox 775 1826 1097 1898; x_wconf 88' lang='lat' dir='ltr'><strong>cuniculos,</strong></span> <span class='ocrx_word' id='word_1_213' title='bbox 1128 1825 1505 1883; x_wconf 63' lang='lat' dir='ltr'><strong>aedificiorum</strong></span> <span class='ocrx_word' id='word_1_214' title='bbox 1538 1844 1671 1901; x_wconf 79' lang='lat' dir='ltr'><strong>quae</strong></span> <span class='ocrx_word' id='word_1_215' title='bbox 1701 1844 1906 1901; x_wconf 91' lang='lat' dir='ltr'><strong>super-</strong></span> 
     </span>
     <span class='ocr_line' id='line_1_36' title="bbox 255 1914 1905 1990; baseline 0.002 -20"><span class='ocrx_word' id='word_1_216' title='bbox 255 1914 446 1987; x_wconf 88' lang='lat' dir='ltr'><strong>posita</strong></span> <span class='ocrx_word' id='word_1_217' title='bbox 477 1919 659 1983; x_wconf 88' lang='lat' dir='ltr'><strong>erant,</strong></span> <span class='ocrx_word' id='word_1_218' title='bbox 692 1920 914 1988; x_wconf 89' lang='lat' dir='ltr'><strong>partem</strong></span> <span class='ocrx_word' id='word_1_219' title='bbox 974 1915 1315 1972; x_wconf 89' lang='lat' dir='ltr'><strong>nonnullam</strong></span> <span class='ocrx_word' id='word_1_220' title='bbox 1350 1932 1619 1974; x_wconf 86' lang='lat' dir='ltr'><strong>corruere</strong></span> <span class='ocrx_word' id='word_1_221' title='bbox 1669 1924 1905 1990; x_wconf 90' lang='lat' dir='ltr'><strong>oporte-</strong></span> 
     </span>
     <span class='ocr_line' id='line_1_37' title="bbox 257 2005 1902 2077; baseline 0.001 -17"><span class='ocrx_word' id='word_1_222' title='bbox 257 2007 383 2060; x_wconf 88' lang='lat' dir='ltr'><strong>ret:</strong></span> <span class='ocrx_word' id='word_1_223' title='bbox 416 2008 605 2061; x_wconf 88' lang='lat' dir='ltr'><strong>crates</strong></span> <span class='ocrx_word' id='word_1_224' title='bbox 651 2020 885 2077; x_wconf 91' lang='lat' dir='ltr'><strong>quoque</strong></span> <span class='ocrx_word' id='word_1_225' title='bbox 914 2005 1224 2074; x_wconf 85' lang='lat' dir='ltr'><strong>vimineas,</strong></span> <span class='ocrx_word' id='word_1_226' title='bbox 1257 2005 1448 2063; x_wconf 91' lang='lat' dir='ltr'><strong>scalas</strong></span> <span class='ocrx_word' id='word_1_227' title='bbox 1490 2006 1665 2062; x_wconf 89' lang='lat' dir='ltr'><strong>etiam</strong></span> <span class='ocrx_word' id='word_1_228' title='bbox 1701 2006 1902 2062; x_wconf 74' lang='lat' dir='ltr'><strong>mediae</strong></span> 
     </span>
     <span class='ocr_line' id='line_1_38' title="bbox 259 2092 1902 2168; baseline 0.002 -21"><span class='ocrx_word' id='word_1_229' title='bbox 259 2092 624 2165; x_wconf 77' lang='lat' dir='ltr'><strong>quantitatis,</strong></span> <span class='ocrx_word' id='word_1_230' title='bbox 646 2093 1128 2166; x_wconf 78' lang='lat' dir='ltr'><strong>etomniaquaein</strong></span> <span class='ocrx_word' id='word_1_231' title='bbox 1143 2094 1480 2168; x_wconf 85' lang='lat' dir='ltr'><strong>hujusmodi</strong></span> <span class='ocrx_word' id='word_1_232' title='bbox 1515 2094 1707 2150; x_wconf 88' lang='lat' dir='ltr'><strong>solent</strong></span> <span class='ocrx_word' id='word_1_233' title='bbox 1727 2110 1902 2150; x_wconf 88' lang='lat' dir='ltr'><strong>usum</strong></span> 
     </span>
     <span class='ocr_line' id='line_1_39' title="bbox 259 2182 1904 2252; baseline 0.001 -15"><span class='ocrx_word' id='word_1_234' title='bbox 259 2185 558 2252; x_wconf 71' lang='lat' dir='ltr'><strong>praestare,</strong></span> <span class='ocrx_word' id='word_1_235' title='bbox 591 2186 885 2239; x_wconf 87' lang='lat' dir='ltr'><strong>maturato</strong></span> <span class='ocrx_word' id='word_1_236' title='bbox 919 2183 1247 2239; x_wconf 87' lang='lat' dir='ltr'><strong>accelerant</strong></span> <span class='ocrx_word' id='word_1_237' title='bbox 1267 2182 1484 2239; x_wconf 87' lang='lat' dir='ltr'><strong>studio.</strong></span> <span class='ocrx_word' id='word_1_238' title='bbox 1516 2183 1739 2248; x_wconf 88' lang='lat' dir='ltr'><strong>Quibus</strong></span> <span class='ocrx_word' id='word_1_239' title='bbox 1770 2198 1904 2239; x_wconf 89' lang='lat' dir='ltr'><strong>cum</strong></span> 
     </span>
     <span class='ocr_line' id='line_1_40' title="bbox 260 2267 1909 2347; baseline 0.004 -23"><span class='ocrx_word' id='word_1_240' title='bbox 260 2267 418 2325; x_wconf 91' lang='lat' dir='ltr'><strong>omni</strong></span> <span class='ocrx_word' id='word_1_241' title='bbox 441 2268 745 2341; x_wconf 84' lang='lat' dir='ltr'><strong>diligentia</strong></span> <span class='ocrx_word' id='word_1_242' title='bbox 802 2272 1171 2344; x_wconf 60' lang='lat' dir='ltr'><strong>praeparatis,</strong></span> <span class='ocrx_word' id='word_1_243' title='bbox 1195 2272 1631 2344; x_wconf 87' lang='lat' dir='ltr'><strong>manipulorum</strong></span> <span class='ocrx_word' id='word_1_244' title='bbox 1674 2289 1909 2347; x_wconf 88' lang='lat' dir='ltr'><strong>quoque</strong></span> 
     </span>
     <span class='ocr_line' id='line_1_41' title="bbox 257 2356 1908 2435; baseline 0.004 -23"><span class='ocrx_word' id='word_1_245' title='bbox 257 2356 642 2428; x_wconf 84' lang='lat' dir='ltr'><strong>pedestrium,</strong></span> <span class='ocrx_word' id='word_1_246' title='bbox 698 2363 1028 2416; x_wconf 89' lang='lat' dir='ltr'><strong>turmarum</strong></span> <span class='ocrx_word' id='word_1_247' title='bbox 1108 2362 1476 2431; x_wconf 87' lang='lat' dir='ltr'><strong>primiceriis.</strong></span> <span class='ocrx_word' id='word_1_248' title='bbox 1528 2362 1908 2435; x_wconf 79' lang='lat' dir='ltr'><strong>equitumque</strong></span> 
     </span>
     <span class='ocr_line' id='line_1_42' title="bbox 263 2445 1911 2523; baseline 0.004 -21"><span class='ocrx_word' id='word_1_249' title='bbox 263 2445 704 2518; x_wconf 85' lang='lat' dir='ltr'><strong>magistratibus</strong></span> <span class='ocrx_word' id='word_1_250' title='bbox 734 2464 872 2505; x_wconf 83' lang='lat' dir='ltr'><strong>voce</strong></span> <span class='ocrx_word' id='word_1_251' title='bbox 904 2450 1191 2521; x_wconf 66' lang='lat' dir='ltr'><strong>preconia</strong></span> <span class='ocrx_word' id='word_1_252' title='bbox 1221 2455 1278 2505; x_wconf 91' lang='lat' dir='ltr'><strong>et</strong></span> <span class='ocrx_word' id='word_1_253' title='bbox 1326 2450 1739 2508; x_wconf 83' lang='lat' dir='ltr'><strong>secretioribus</strong></span> <span class='ocrx_word' id='word_1_254' title='bbox 1768 2466 1911 2523; x_wconf 88' lang='lat' dir='ltr'><strong>sug-</strong></span> 
     </span>
     <span class='ocr_line' id='line_1_43' title="bbox 264 2533 1911 2611; baseline 0.004 -23"><span class='ocrx_word' id='word_1_255' title='bbox 264 2533 630 2606; x_wconf 88' lang='lat' dir='ltr'><strong>gestionibus</strong></span> <span class='ocrx_word' id='word_1_256' title='bbox 661 2535 949 2607; x_wconf 90' lang='lat' dir='ltr'><strong>indicunt,</strong></span> <span class='ocrx_word' id='word_1_257' title='bbox 981 2552 1182 2594; x_wconf 91' lang='lat' dir='ltr'><strong>omnes</strong></span> <span class='ocrx_word' id='word_1_258' title='bbox 1238 2542 1300 2593; x_wconf 91' lang='lat' dir='ltr'><strong>ut</strong></span> <span class='ocrx_word' id='word_1_259' title='bbox 1354 2543 1619 2611; x_wconf 88' lang='lat' dir='ltr'><strong>prompta</strong></span> <span class='ocrx_word' id='word_1_260' title='bbox 1648 2555 1826 2611; x_wconf 87' lang='lat' dir='ltr'><strong>opera</strong></span> <span class='ocrx_word' id='word_1_261' title='bbox 1855 2546 1911 2595; x_wconf 84' lang='lat' dir='ltr'><strong>et</strong></span> 
     </span>
     <span class='ocr_line' id='line_1_44' title="bbox 262 2625 1911 2702; baseline 0 -17"><span class='ocrx_word' id='word_1_262' title='bbox 262 2625 631 2700; x_wconf 72' lang='lat' dir='ltr'><strong>vigilantiore</strong></span> <span class='ocrx_word' id='word_1_263' title='bbox 661 2626 880 2695; x_wconf 89' lang='lat' dir='ltr'><strong>studio,</strong></span> <span class='ocrx_word' id='word_1_264' title='bbox 903 2628 973 2684; x_wconf 91' lang='lat' dir='ltr'><strong>ad</strong></span> <span class='ocrx_word' id='word_1_265' title='bbox 1018 2626 1441 2685; x_wconf 89' lang='lat' dir='ltr'><strong>molestandum</strong></span> <span class='ocrx_word' id='word_1_266' title='bbox 1473 2629 1737 2685; x_wconf 86' lang='lat' dir='ltr'><strong>obsessos</strong></span> <span class='ocrx_word' id='word_1_267' title='bbox 1777 2642 1911 2702; x_wconf 90' lang='lat' dir='ltr'><strong>ope-</strong></span> 
     </span>
     <span class='ocr_line' id='line_1_45' title="bbox 266 2713 1914 2788; baseline 0 -16"><span class='ocrx_word' id='word_1_268' title='bbox 266 2730 391 2772; x_wconf 85' lang='lat' dir='ltr'><strong>ram</strong></span> <span class='ocrx_word' id='word_1_269' title='bbox 442 2713 666 2771; x_wconf 88' lang='lat' dir='ltr'><strong>darent.</strong></span> <span class='ocrx_word' id='word_1_270' title='bbox 725 2714 819 2771; x_wconf 82' lang='lat' dir='ltr'><strong>Sic</strong></span> <span class='ocrx_word' id='word_1_271' title='bbox 873 2714 1057 2788; x_wconf 90' lang='lat' dir='ltr'><strong>igitur</strong></span> <span class='ocrx_word' id='word_1_272' title='bbox 1113 2716 1283 2771; x_wconf 83' lang='lat' dir='ltr'><strong>certis</strong></span> <span class='ocrx_word' id='word_1_273' title='bbox 1350 2715 1616 2788; x_wconf 88' lang='lat' dir='ltr'><strong>partibus</strong></span> <span class='ocrx_word' id='word_1_274' title='bbox 1662 2715 1914 2788; x_wconf 90' lang='lat' dir='ltr'><strong>singulis</strong></span> 
     </span>
     <span class='ocr_line' id='line_1_46' title="bbox 267 2803 1915 2877; baseline 0.002 -18"><span class='ocrx_word' id='word_1_275' title='bbox 267 2803 637 2877; x_wconf 88' lang='lat' dir='ltr'><strong>principibus</strong></span> <span class='ocrx_word' id='word_1_276' title='bbox 677 2803 1021 2876; x_wconf 87' lang='lat' dir='ltr'><strong>designatis,</strong></span> <span class='ocrx_word' id='word_1_277' title='bbox 1052 2804 1300 2876; x_wconf 88' lang='lat' dir='ltr'><strong>quisque</strong></span> <span class='ocrx_word' id='word_1_278' title='bbox 1332 2820 1464 2860; x_wconf 92' lang='lat' dir='ltr'><strong>cum</strong></span> <span class='ocrx_word' id='word_1_279' title='bbox 1497 2805 1835 2862; x_wconf 86' lang='lat' dir='ltr'><strong>domesticis</strong></span> <span class='ocrx_word' id='word_1_280' title='bbox 1854 2808 1915 2862; x_wconf 89' lang='lat' dir='ltr'><strong>et</strong></span> 
     </span>
     <span class='ocr_line' id='line_1_47' title="bbox 265 2894 1914 2966; baseline 0.002 -14"><span class='ocrx_word' id='word_1_281' title='bbox 265 2894 657 2952; x_wconf 73' lang='lat' dir='ltr'><strong>familiaribus</strong></span> <span class='ocrx_word' id='word_1_282' title='bbox 678 2897 960 2966; x_wconf 88' lang='lat' dir='ltr'><strong>tanquam</strong></span> <span class='ocrx_word' id='word_1_283' title='bbox 1002 2895 1116 2952; x_wconf 90' lang='lat' dir='ltr'><strong>sibi</strong></span> <span class='ocrx_word' id='word_1_284' title='bbox 1175 2895 1282 2952; x_wconf 88' lang='lat' dir='ltr'><strong>soli</strong></span> <span class='ocrx_word' id='word_1_285' title='bbox 1316 2896 1646 2953; x_wconf 86' lang='lat' dir='ltr'><strong>universum</strong></span> <span class='ocrx_word' id='word_1_286' title='bbox 1679 2898 1914 2955; x_wconf 89' lang='lat' dir='ltr'><strong>incum-</strong></span> 
     </span>
     <span class='ocr_line' id='line_1_48' title="bbox 268 2983 1915 3060; baseline 0.001 -18"><span class='ocrx_word' id='word_1_287' title='bbox 268 2984 435 3042; x_wconf 88' lang='lat' dir='ltr'><strong>beret</strong></span> <span class='ocrx_word' id='word_1_288' title='bbox 450 2985 766 3058; x_wconf 84' lang='lat' dir='ltr'><strong>negotium,</strong></span> <span class='ocrx_word' id='word_1_289' title='bbox 790 2983 1052 3043; x_wconf 87' lang='lat' dir='ltr'><strong>instabat</strong></span> <span class='ocrx_word' id='word_1_290' title='bbox 1075 2985 1560 3055; x_wconf 83' lang='lat' dir='ltr'><strong>vehementius,et</strong></span> <span class='ocrx_word' id='word_1_291' title='bbox 1580 2988 1721 3044; x_wconf 90' lang='lat' dir='ltr'><strong>dum</strong></span> <span class='ocrx_word' id='word_1_292' title='bbox 1745 2987 1915 3060; x_wconf 87' lang='lat' dir='ltr'><strong>quis-</strong></span> 
     </span>
     <span class='ocr_line' id='line_1_49' title="bbox 266 3074 1908 3148; baseline 0.002 -17"><span class='ocrx_word' id='word_1_293' title='bbox 266 3089 378 3148; x_wconf 88' lang='lat' dir='ltr'><strong>que</strong></span> <span class='ocrx_word' id='word_1_294' title='bbox 408 3074 662 3146; x_wconf 90' lang='lat' dir='ltr'><strong>optimos</strong></span> <span class='ocrx_word' id='word_1_295' title='bbox 692 3077 985 3131; x_wconf 89' lang='lat' dir='ltr'><strong>ostentare</strong></span> <span class='ocrx_word' id='word_1_296' title='bbox 1041 3082 1202 3131; x_wconf 89' lang='lat' dir='ltr'><strong>curat</strong></span> <span class='ocrx_word' id='word_1_297' title='bbox 1249 3092 1310 3132; x_wconf 89' lang='lat' dir='ltr'><strong>se</strong></span> <span class='ocrx_word' id='word_1_298' title='bbox 1367 3075 1579 3133; x_wconf 88' lang='lat' dir='ltr'><strong>babere</strong></span> <span class='ocrx_word' id='word_1_299' title='bbox 1607 3076 1908 3145; x_wconf 77' lang='lat' dir='ltr'><strong>satellites,</strong></span> 
     </span>
     <span class='ocr_line' id='line_1_50' title="bbox 266 3162 1912 3235; baseline 0 -14"><span class='ocrx_word' id='word_1_300' title='bbox 266 3167 429 3221; x_wconf 88' lang='lat' dir='ltr'><strong>tanta</strong></span> <span class='ocrx_word' id='word_1_301' title='bbox 457 3179 605 3235; x_wconf 90' lang='lat' dir='ltr'><strong>opus</strong></span> <span class='ocrx_word' id='word_1_302' title='bbox 635 3162 932 3219; x_wconf 81' lang='lat' dir='ltr'><strong>continuis</strong></span> <span class='ocrx_word' id='word_1_303' title='bbox 955 3164 1279 3221; x_wconf 83' lang='lat' dir='ltr'><strong>assultibus</strong></span> <span class='ocrx_word' id='word_1_304' title='bbox 1309 3169 1366 3220; x_wconf 90' lang='lat' dir='ltr'><strong>et</strong></span> <span class='ocrx_word' id='word_1_305' title='bbox 1388 3165 1737 3235; x_wconf 73' lang='lat' dir='ltr'><strong>quotidianis</strong></span> <span class='ocrx_word' id='word_1_306' title='bbox 1766 3181 1912 3222; x_wconf 90' lang='lat' dir='ltr'><strong>con-</strong></span> 
     </span>
     <span class='ocr_line' id='line_1_51' title="bbox 267 3250 1912 3325; baseline 0.001 -17"><span class='ocrx_word' id='word_1_307' title='bbox 267 3250 677 3325; x_wconf 81' lang='lat' dir='ltr'><strong>gressionibus</strong></span> <span class='ocrx_word' id='word_1_308' title='bbox 701 3259 1137 3324; x_wconf 88' lang='lat' dir='ltr'><strong>prosequuntur</strong></span> <span class='ocrx_word' id='word_1_309' title='bbox 1166 3253 1470 3322; x_wconf 86' lang='lat' dir='ltr'><strong>instantia,</strong></span> <span class='ocrx_word' id='word_1_310' title='bbox 1504 3258 1569 3310; x_wconf 93' lang='lat' dir='ltr'><strong>ut</strong></span> <span class='ocrx_word' id='word_1_311' title='bbox 1591 3253 1912 3310; x_wconf 88' lang='lat' dir='ltr'><strong>multorum</strong></span> 
     </span>
     <span class='ocr_line' id='line_1_52' title="bbox 269 3341 1915 3415; baseline 0.002 -17"><span class='ocrx_word' id='word_1_312' title='bbox 269 3357 419 3415; x_wconf 89' lang='lat' dir='ltr'><strong>opus</strong></span> <span class='ocrx_word' id='word_1_313' title='bbox 451 3342 678 3397; x_wconf 87' lang='lat' dir='ltr'><strong>dierum</strong></span> <span class='ocrx_word' id='word_1_314' title='bbox 708 3341 1030 3399; x_wconf 79' lang='lat' dir='ltr'><strong>infraduos</strong></span> <span class='ocrx_word' id='word_1_315' title='bbox 1062 3359 1288 3400; x_wconf 87' lang='lat' dir='ltr'><strong>menses</strong></span> <span class='ocrx_word' id='word_1_316' title='bbox 1335 3343 1495 3414; x_wconf 87' lang='lat' dir='ltr'><strong>vigili</strong></span> <span class='ocrx_word' id='word_1_317' title='bbox 1526 3344 1915 3401; x_wconf 87' lang='lat' dir='ltr'><strong>sollicitudine</strong></span> 
     </span>
     <span class='ocr_line' id='line_1_53' title="bbox 267 3428 1911 3506; baseline 0.001 -19"><span class='ocrx_word' id='word_1_318' title='bbox 267 3428 648 3503; x_wconf 82' lang='lat' dir='ltr'><strong>complerent.</strong></span> <span class='ocrx_word' id='word_1_319' title='bbox 702 3430 926 3488; x_wconf 81' lang='lat' dir='ltr'><strong>Accidit</strong></span> <span class='ocrx_word' id='word_1_320' title='bbox 974 3448 1115 3489; x_wconf 90' lang='lat' dir='ltr'><strong>sane</strong></span> <span class='ocrx_word' id='word_1_321' title='bbox 1159 3436 1409 3506; x_wconf 86' lang='lat' dir='ltr'><strong>quadam</strong></span> <span class='ocrx_word' id='word_1_322' title='bbox 1457 3433 1550 3490; x_wconf 90' lang='lat' dir='ltr'><strong>die</strong></span> <span class='ocrx_word' id='word_1_323' title='bbox 1596 3434 1760 3505; x_wconf 62' lang='lat' dir='ltr'><strong>quod:</strong></span> <span class='ocrx_word' id='word_1_324' title='bbox 1789 3449 1911 3489; x_wconf 84' lang='lat' dir='ltr'><strong>ma-</strong></span> 
     </span>
     <span class='ocr_line' id='line_1_54' title="bbox 268 3517 1918 3596; baseline 0.002 -20"><span class='ocrx_word' id='word_1_325' title='bbox 268 3518 438 3576; x_wconf 90' lang='lat' dir='ltr'><strong>china</strong></span> <span class='ocrx_word' id='word_1_326' title='bbox 457 3517 825 3591; x_wconf 76' lang='lat' dir='ltr'><strong>jaculatoria,</strong></span> <span class='ocrx_word' id='word_1_327' title='bbox 855 3537 983 3595; x_wconf 74' lang='lat' dir='ltr'><strong>quae</strong></span> <span class='ocrx_word' id='word_1_328' title='bbox 1027 3521 1090 3577; x_wconf 90' lang='lat' dir='ltr'><strong>in</strong></span> <span class='ocrx_word' id='word_1_329' title='bbox 1146 3522 1481 3594; x_wconf 70' lang='lat' dir='ltr'><strong>praesidium</strong></span> <span class='ocrx_word' id='word_1_330' title='bbox 1530 3524 1738 3580; x_wconf 89' lang='lat' dir='ltr'><strong>diebus</strong></span> <span class='ocrx_word' id='word_1_331' title='bbox 1771 3538 1918 3596; x_wconf 88' lang='lat' dir='ltr'><strong>pene</strong></span> 
     </span>
     <span class='ocr_line' id='line_1_55' title="bbox 267 3607 1916 3683; baseline 0.001 -17"><span class='ocrx_word' id='word_1_332' title='bbox 267 3624 335 3666; x_wconf 88' lang='lat' dir='ltr'><strong>ac</strong></span> <span class='ocrx_word' id='word_1_333' title='bbox 382 3607 652 3666; x_wconf 88' lang='lat' dir='ltr'><strong>noctibus</strong></span> <span class='ocrx_word' id='word_1_334' title='bbox 719 3609 962 3667; x_wconf 77' lang='lat' dir='ltr'><strong>molares</strong></span> <span class='ocrx_word' id='word_1_335' title='bbox 1020 3609 1396 3683; x_wconf 83' lang='lat' dir='ltr'><strong>immittebat,</strong></span> <span class='ocrx_word' id='word_1_336' title='bbox 1433 3629 1568 3669; x_wconf 88' lang='lat' dir='ltr'><strong>casu</strong></span> <span class='ocrx_word' id='word_1_337' title='bbox 1617 3613 1679 3669; x_wconf 89' lang='lat' dir='ltr'><strong>in</strong></span> <span class='ocrx_word' id='word_1_338' title='bbox 1735 3612 1916 3670; x_wconf 85' lang='lat' dir='ltr'><strong>castri</strong></span> 
     </span>
     <span class='ocr_line' id='line_1_56' title="bbox 266 3696 1915 3774; baseline 0.003 -20"><span class='ocrx_word' id='word_1_339' title='bbox 266 3696 692 3771; x_wconf 89' lang='lat' dir='ltr'><strong>primicerium,</strong></span> <span class='ocrx_word' id='word_1_340' title='bbox 724 3705 779 3755; x_wconf 91' lang='lat' dir='ltr'><strong>et</strong></span> <span class='ocrx_word' id='word_1_341' title='bbox 835 3698 929 3756; x_wconf 91' lang='lat' dir='ltr'><strong>cui</strong></span> <span class='ocrx_word' id='word_1_342' title='bbox 987 3702 1181 3759; x_wconf 91' lang='lat' dir='ltr'><strong>omnis</strong></span> <span class='ocrx_word' id='word_1_343' title='bbox 1240 3704 1558 3760; x_wconf 87' lang='lat' dir='ltr'><strong>commissa</strong></span> <span class='ocrx_word' id='word_1_344' title='bbox 1588 3708 1716 3759; x_wconf 88' lang='lat' dir='ltr'><strong>erat</strong></span> <span class='ocrx_word' id='word_1_345' title='bbox 1749 3718 1915 3774; x_wconf 87' lang='lat' dir='ltr'><strong>cura,</strong></span> 
     </span>
     <span class='ocr_line' id='line_1_57' title="bbox 268 3787 1913 3865; baseline 0.003 -21"><span class='ocrx_word' id='word_1_346' title='bbox 268 3787 506 3857; x_wconf 88' lang='lat' dir='ltr'><strong>decidit,</strong></span> <span class='ocrx_word' id='word_1_347' title='bbox 565 3787 877 3862; x_wconf 86' lang='lat' dir='ltr'><strong>subitoque</strong></span> <span class='ocrx_word' id='word_1_348' title='bbox 915 3805 1281 3863; x_wconf 86' lang='lat' dir='ltr'><strong>oppressum,</strong></span> <span class='ocrx_word' id='word_1_349' title='bbox 1313 3791 1372 3847; x_wconf 92' lang='lat' dir='ltr'><strong>in</strong></span> <span class='ocrx_word' id='word_1_350' title='bbox 1404 3792 1728 3865; x_wconf 79' lang='lat' dir='ltr'><strong>fragmenta</strong></span> <span class='ocrx_word' id='word_1_351' title='bbox 1770 3807 1913 3849; x_wconf 91' lang='lat' dir='ltr'><strong>con-</strong></span> 
     </span>
     <span class='ocr_line' id='line_1_58' title="bbox 268 3875 1912 3955; baseline 0.004 -23"><span class='ocrx_word' id='word_1_352' title='bbox 268 3875 478 3933; x_wconf 86' lang='lat' dir='ltr'><strong>trivit:</strong></span> <span class='ocrx_word' id='word_1_353' title='bbox 510 3892 625 3949; x_wconf 88' lang='lat' dir='ltr'><strong>qno</strong></span> <span class='ocrx_word' id='word_1_354' title='bbox 676 3877 975 3949; x_wconf 72' lang='lat' dir='ltr'><strong>defuncto,</strong></span> <span class='ocrx_word' id='word_1_355' title='bbox 1010 3884 1289 3952; x_wconf 88' lang='lat' dir='ltr'><strong>tanquam</strong></span> <span class='ocrx_word' id='word_1_356' title='bbox 1338 3888 1566 3953; x_wconf 87' lang='lat' dir='ltr'><strong>pastore</strong></span> <span class='ocrx_word' id='word_1_357' title='bbox 1612 3898 1912 3955; x_wconf 87' lang='lat' dir='ltr'><strong>percusso,</strong></span> 
     </span>
     <span class='ocr_line' id='line_1_59' title="bbox 270 3963 1912 4042; baseline 0.005 -22"><span class='ocrx_word' id='word_1_358' title='bbox 270 3963 547 4037; x_wconf 68' lang='lat' dir='ltr'><strong>dispersis</strong></span> <span class='ocrx_word' id='word_1_359' title='bbox 578 3969 720 4022; x_wconf 88' lang='lat' dir='ltr'><strong>sunt</strong></span> <span class='ocrx_word' id='word_1_360' title='bbox 746 3981 904 4036; x_wconf 84' lang='lat' dir='ltr'><strong>oves,</strong></span> <span class='ocrx_word' id='word_1_361' title='bbox 926 3972 984 4023; x_wconf 90' lang='lat' dir='ltr'><strong>et</strong></span> <span class='ocrx_word' id='word_1_362' title='bbox 1028 3971 1305 4042; x_wconf 89' lang='lat' dir='ltr'><strong>tanquam</strong></span> <span class='ocrx_word' id='word_1_363' title='bbox 1339 3985 1514 4025; x_wconf 88' lang='lat' dir='ltr'><strong>arena</strong></span> <span class='ocrx_word' id='word_1_364' title='bbox 1562 3971 1687 4027; x_wconf 91' lang='lat' dir='ltr'><strong>sine</strong></span> <span class='ocrx_word' id='word_1_365' title='bbox 1734 3970 1912 4041; x_wconf 80' lang='lat' dir='ltr'><strong>calce,</strong></span> 
     </span>
     <span class='ocr_line' id='line_1_60' title="bbox 271 4052 1916 4128; baseline 0.005 -19"><span class='ocrx_word' id='word_1_366' title='bbox 271 4052 386 4110; x_wconf 89' lang='lat' dir='ltr'><strong>sibi</strong></span> <span class='ocrx_word' id='word_1_367' title='bbox 437 4053 686 4110; x_wconf 81' lang='lat' dir='ltr'><strong>invicem</strong></span> <span class='ocrx_word' id='word_1_368' title='bbox 744 4070 864 4111; x_wconf 92' lang='lat' dir='ltr'><strong>non</strong></span> <span class='ocrx_word' id='word_1_369' title='bbox 908 4055 1287 4128; x_wconf 77' lang='lat' dir='ltr'><strong>cohaerentes,</strong></span> <span class='ocrx_word' id='word_1_370' title='bbox 1316 4058 1670 4115; x_wconf 87' lang='lat' dir='ltr'><strong>destiterunt</strong></span> <span class='ocrx_word' id='word_1_371' title='bbox 1707 4059 1780 4116; x_wconf 89' lang='lat' dir='ltr'><strong>ab</strong></span> <span class='ocrx_word' id='word_1_372' title='bbox 1811 4058 1916 4117; x_wconf 85' lang='lat' dir='ltr'><strong>illa</strong></span> 
     </span>
     <span class='ocr_line' id='line_1_61' title="bbox 267 4142 1917 4221; baseline 0.004 -22"><span class='ocrx_word' id='word_1_373' title='bbox 267 4159 447 4217; x_wconf 89' lang='lat' dir='ltr'><strong>quam</strong></span> <span class='ocrx_word' id='word_1_374' title='bbox 478 4142 640 4216; x_wconf 87' lang='lat' dir='ltr'><strong>prius</strong></span> <span class='ocrx_word' id='word_1_375' title='bbox 669 4143 1319 4204; x_wconf 88' lang='lat' dir='ltr'><strong>habuerantresistendi</strong></span> <span class='ocrx_word' id='word_1_376' title='bbox 1350 4149 1690 4221; x_wconf 90' lang='lat' dir='ltr'><strong>pertinacia.</strong></span> <span class='ocrx_word' id='word_1_377' title='bbox 1714 4148 1917 4208; x_wconf 88' lang='lat' dir='ltr'><strong>Nostri</strong></span> 
     </span>
     <span class='ocr_line' id='line_1_62' title="bbox 267 4232 1915 4309; baseline 0.005 -21"><span class='ocrx_word' id='word_1_378' title='bbox 267 4241 463 4288; x_wconf 82' lang='lat' dir='ltr'><strong>autem</strong></span> <span class='ocrx_word' id='word_1_379' title='bbox 519 4248 586 4288; x_wconf 93' lang='lat' dir='ltr'><strong>eo</strong></span> <span class='ocrx_word' id='word_1_380' title='bbox 644 4232 894 4304; x_wconf 83' lang='lat' dir='ltr'><strong>cognito,</strong></span> <span class='ocrx_word' id='word_1_381' title='bbox 924 4236 1086 4290; x_wconf 89' lang='lat' dir='ltr'><strong>tanto</strong></span> <span class='ocrx_word' id='word_1_382' title='bbox 1135 4242 1438 4309; x_wconf 84' lang='lat' dir='ltr'><strong>coeperunt</strong></span> <span class='ocrx_word' id='word_1_383' title='bbox 1493 4238 1712 4296; x_wconf 85' lang='lat' dir='ltr'><strong>instare</strong></span> <span class='ocrx_word' id='word_1_384' title='bbox 1750 4240 1915 4297; x_wconf 78' lang='lat' dir='ltr'><strong>vehe-</strong></span> 
     </span>
     <span class='ocr_line' id='line_1_63' title="bbox 271 4321 1912 4392; baseline 0.005 -14"><span class='ocrx_word' id='word_1_385' title='bbox 271 4321 554 4389; x_wconf 86' lang='lat' dir='ltr'><strong>mentius,</strong></span> <span class='ocrx_word' id='word_1_386' title='bbox 584 4327 796 4392; x_wconf 86' lang='lat' dir='ltr'><strong>quanto</strong></span> <span class='ocrx_word' id='word_1_387' title='bbox 823 4323 1127 4382; x_wconf 83' lang='lat' dir='ltr'><strong>interiores</strong></span> <span class='ocrx_word' id='word_1_388' title='bbox 1157 4326 1242 4383; x_wconf 88' lang='lat' dir='ltr'><strong>eis</strong></span> <span class='ocrx_word' id='word_1_389' title='bbox 1292 4326 1637 4386; x_wconf 78' lang='lat' dir='ltr'><strong>videbantur</strong></span> <span class='ocrx_word' id='word_1_390' title='bbox 1663 4330 1732 4386; x_wconf 91' lang='lat' dir='ltr'><strong>ad</strong></span> <span class='ocrx_word' id='word_1_391' title='bbox 1766 4330 1912 4386; x_wconf 87' lang='lat' dir='ltr'><strong>resi-</strong></span> 
     </span>
     <span class='ocr_line' id='line_1_64' title="bbox 270 4408 1915 4491; baseline 0.007 -26"><span class='ocrx_word' id='word_1_392' title='bbox 270 4408 546 4467; x_wconf 88' lang='lat' dir='ltr'><strong>stendum</strong></span> <span class='ocrx_word' id='word_1_393' title='bbox 576 4426 705 4467; x_wconf 88' lang='lat' dir='ltr'><strong>esse</strong></span> <span class='ocrx_word' id='word_1_394' title='bbox 735 4410 1133 4486; x_wconf 86' lang='lat' dir='ltr'><strong>remissiores;</strong></span> <span class='ocrx_word' id='word_1_395' title='bbox 1162 4432 1267 4472; x_wconf 91' lang='lat' dir='ltr'><strong>nec</strong></span> <span class='ocrx_word' id='word_1_396' title='bbox 1289 4433 1472 4486; x_wconf 86' lang='lat' dir='ltr'><strong>mora,</strong></span> <span class='ocrx_word' id='word_1_397' title='bbox 1505 4418 1704 4491; x_wconf 85' lang='lat' dir='ltr'><strong>paucis</strong></span> <span class='ocrx_word' id='word_1_398' title='bbox 1735 4420 1915 4476; x_wconf 89' lang='lat' dir='ltr'><strong>inter-</strong></span> 
     </span>
    </p>
   </div>
   <div class='ocr_carea' id='block_1_8' title="bbox 2010 1808 3677 2772">
    <p class='ocr_par' dir='ltr' id='par_1_11' title="bbox 2010 1808 3677 2772">
     <span class='ocr_line' id='line_1_65' title="bbox 2012 1808 3667 1881; baseline -0.002 -15"><span class='ocrx_word' id='word_1_399' title='bbox 2012 1810 2267 1866; x_wconf 89' lang='lat' dir='ltr'><strong>nimium</strong></span> <span class='ocrx_word' id='word_1_400' title='bbox 2317 1816 2374 1866; x_wconf 89' lang='lat' dir='ltr'><strong>et</strong></span> <span class='ocrx_word' id='word_1_401' title='bbox 2432 1823 2577 1881; x_wconf 90' lang='lat' dir='ltr'><strong>pene</strong></span> <span class='ocrx_word' id='word_1_402' title='bbox 2623 1808 2893 1880; x_wconf 84' lang='lat' dir='ltr'><strong>inutilis3</strong></span> <span class='ocrx_word' id='word_1_403' title='bbox 2926 1812 3230 1880; x_wconf 87' lang='lat' dir='ltr'><strong>promotus</strong></span> <span class='ocrx_word' id='word_1_404' title='bbox 3290 1809 3384 1864; x_wconf 88' lang='lat' dir='ltr'><strong>est</strong></span> <span class='ocrx_word' id='word_1_405' title='bbox 3437 1809 3667 1873; x_wconf 86' lang='lat' dir='ltr'><strong>antem,</strong></span> 
     </span>
     <span class='ocr_line' id='line_1_66' title="bbox 2010 1894 3675 1957; baseline -0.003 -2"><span class='ocrx_word' id='word_1_406' title='bbox 2010 1898 2546 1957; x_wconf 79' lang='lat' dir='ltr'><strong>contradicentibus</strong></span> <span class='ocrx_word' id='word_1_407' title='bbox 2594 1897 2834 1953; x_wconf 91' lang='lat' dir='ltr'><strong>domino</strong></span> <span class='ocrx_word' id='word_1_408' title='bbox 2892 1896 3171 1953; x_wconf 86' lang='lat' dir='ltr'><strong>Hernesio</strong></span> <span class='ocrx_word' id='word_1_409' title='bbox 3203 1894 3546 1952; x_wconf 74' lang='lat' dir='ltr'><strong>Cesariensi</strong></span> <span class='ocrx_word' id='word_1_410' title='bbox 3576 1912 3675 1952; x_wconf 83' lang='lat' dir='ltr'><strong>ar-</strong></span> 
     </span>
     <span class='ocr_line' id='line_1_67' title="bbox 2016 1983 3672 2059; baseline -0.003 -15"><span class='ocrx_word' id='word_1_411' title='bbox 2016 1987 2386 2059; x_wconf 87' lang='lat' dir='ltr'><strong>chiepiscopo</strong></span> <span class='ocrx_word' id='word_1_412' title='bbox 2450 1989 2510 2043; x_wconf 91' lang='lat' dir='ltr'><strong>et</strong></span> <span class='ocrx_word' id='word_1_413' title='bbox 2572 1985 2811 2042; x_wconf 90' lang='lat' dir='ltr'><strong>domino</strong></span> <span class='ocrx_word' id='word_1_414' title='bbox 2870 1984 3177 2056; x_wconf 80' lang='lat' dir='ltr'><strong>Radulpho</strong></span> <span class='ocrx_word' id='word_1_415' title='bbox 3242 1983 3672 2040; x_wconf 85' lang='lat' dir='ltr'><strong>Bethlehemita</strong></span> 
     </span>
     <span class='ocr_line' id='line_1_68' title="bbox 2016 2071 3666 2147; baseline -0.002 -15"><span class='ocrx_word' id='word_1_416' title='bbox 2016 2074 2313 2147; x_wconf 90' lang='lat' dir='ltr'><strong>episcopo,</strong></span> <span class='ocrx_word' id='word_1_417' title='bbox 2369 2078 2427 2130; x_wconf 90' lang='lat' dir='ltr'><strong>et</strong></span> <span class='ocrx_word' id='word_1_418' title='bbox 2490 2073 2941 2145; x_wconf 85' lang='lat' dir='ltr'><strong>appellationum</strong></span> <span class='ocrx_word' id='word_1_419' title='bbox 3011 2088 3174 2128; x_wconf 81' lang='lat' dir='ltr'><strong>voces</strong></span> <span class='ocrx_word' id='word_1_420' title='bbox 3228 2071 3666 2129; x_wconf 85' lang='lat' dir='ltr'><strong>exhibentibus.</strong></span> 
     </span>
     <span class='ocr_line' id='line_1_69' title="bbox 2015 2161 3673 2236; baseline -0.002 -14"><span class='ocrx_word' id='word_1_421' title='bbox 2015 2163 2270 2222; x_wconf 85' lang='lat' dir='ltr'><strong>Tandem</strong></span> <span class='ocrx_word' id='word_1_422' title='bbox 2305 2162 2402 2220; x_wconf 89' lang='lat' dir='ltr'><strong>ille</strong></span> <span class='ocrx_word' id='word_1_423' title='bbox 2431 2164 2567 2220; x_wconf 85' lang='lat' dir='ltr'><strong>sede</strong></span> <span class='ocrx_word' id='word_1_424' title='bbox 2608 2162 2848 2236; x_wconf 89' lang='lat' dir='ltr'><strong>potitus,</strong></span> <span class='ocrx_word' id='word_1_425' title='bbox 2882 2162 3118 2218; x_wconf 89' lang='lat' dir='ltr'><strong>domino</strong></span> <span class='ocrx_word' id='word_1_426' title='bbox 3152 2161 3457 2218; x_wconf 80' lang='lat' dir='ltr'><strong>Frederico</strong></span> <span class='ocrx_word' id='word_1_427' title='bbox 3486 2162 3673 2218; x_wconf 76' lang='lat' dir='ltr'><strong>Acco·</strong></span> 
     </span>
     <span class='ocr_line' id='line_1_70' title="bbox 2017 2249 3677 2325; baseline -0.002 -15"><span class='ocrx_word' id='word_1_428' title='bbox 2017 2255 2189 2310; x_wconf 87' lang='lat' dir='ltr'><strong>nensi</strong></span> <span class='ocrx_word' id='word_1_429' title='bbox 2217 2254 2489 2325; x_wconf 88' lang='lat' dir='ltr'><strong>episcopo</strong></span> <span class='ocrx_word' id='word_1_430' title='bbox 2544 2255 2832 2325; x_wconf 90' lang='lat' dir='ltr'><strong>nogotium</strong></span> <span class='ocrx_word' id='word_1_431' title='bbox 2869 2251 3202 2320; x_wconf 88' lang='lat' dir='ltr'><strong>committit,</strong></span> <span class='ocrx_word' id='word_1_432' title='bbox 3226 2251 3328 2323; x_wconf 87' lang='lat' dir='ltr'><strong>qui</strong></span> <span class='ocrx_word' id='word_1_433' title='bbox 3356 2249 3429 2306; x_wconf 87' lang='lat' dir='ltr'><strong>ad</strong></span> <span class='ocrx_word' id='word_1_434' title='bbox 3459 2250 3677 2307; x_wconf 80' lang='lat' dir='ltr'><strong>Roma-</strong></span> 
     </span>
     <span class='ocr_line' id='line_1_71' title="bbox 2017 2339 3676 2413; baseline -0.002 -14"><span class='ocrx_word' id='word_1_435' title='bbox 2017 2358 2153 2399; x_wconf 88' lang='lat' dir='ltr'><strong>nam</strong></span> <span class='ocrx_word' id='word_1_436' title='bbox 2210 2343 2492 2399; x_wconf 86' lang='lat' dir='ltr'><strong>accedens</strong></span> <span class='ocrx_word' id='word_1_437' title='bbox 2541 2340 3061 2413; x_wconf 83' lang='lat' dir='ltr'><strong>Ecclesiam,apud</strong></span> <span class='ocrx_word' id='word_1_438' title='bbox 3115 2340 3426 2397; x_wconf 90' lang='lat' dir='ltr'><strong>dominum</strong></span> <span class='ocrx_word' id='word_1_439' title='bbox 3467 2339 3676 2396; x_wconf 77' lang='lat' dir='ltr'><strong>Adria·</strong></span> 
     </span>
     <span class='ocr_line' id='line_1_72' title="bbox 2018 2428 3670 2505; baseline -0.005 -15"><span class='ocrx_word' id='word_1_440' title='bbox 2018 2448 2184 2500; x_wconf 88' lang='lat' dir='ltr'><strong>num,</strong></span> <span class='ocrx_word' id='word_1_441' title='bbox 2215 2433 2317 2504; x_wconf 91' lang='lat' dir='ltr'><strong>qui</strong></span> <span class='ocrx_word' id='word_1_442' title='bbox 2375 2437 2519 2487; x_wconf 92' lang='lat' dir='ltr'><strong>tunc</strong></span> <span class='ocrx_word' id='word_1_443' title='bbox 2574 2435 2834 2505; x_wconf 79' lang='lat' dir='ltr'><strong>praeerat,</strong></span> <span class='ocrx_word' id='word_1_444' title='bbox 2892 2429 3239 2487; x_wconf 86' lang='lat' dir='ltr'><strong>absentibus</strong></span> <span class='ocrx_word' id='word_1_445' title='bbox 3294 2428 3670 2495; x_wconf 82' lang='lat' dir='ltr'><strong>adversariis,</strong></span> 
     </span>
     <span class='ocr_line' id='line_1_73' title="bbox 2019 2516 3673 2587; baseline -0.002 -11"><span class='ocrx_word' id='word_1_446' title='bbox 2019 2522 2225 2586; x_wconf 87' lang='lat' dir='ltr'><strong>multa,</strong></span> <span class='ocrx_word' id='word_1_447' title='bbox 2276 2524 2338 2576; x_wconf 91' lang='lat' dir='ltr'><strong>ut</strong></span> <span class='ocrx_word' id='word_1_448' title='bbox 2392 2521 2627 2587; x_wconf 86' lang='lat' dir='ltr'><strong>dicitur,</strong></span> <span class='ocrx_word' id='word_1_449' title='bbox 2656 2519 3073 2575; x_wconf 85' lang='lat' dir='ltr'><strong>interveniente</strong></span> <span class='ocrx_word' id='word_1_450' title='bbox 3110 2516 3538 2584; x_wconf 80' lang='lat' dir='ltr'><strong>munificentia,</strong></span> <span class='ocrx_word' id='word_1_451' title='bbox 3584 2517 3673 2573; x_wconf 91' lang='lat' dir='ltr'><strong>ei·</strong></span> 
     </span>
     <span class='ocr_line' id='line_1_74' title="bbox 2021 2605 3672 2681; baseline -0.003 -15"><span class='ocrx_word' id='word_1_452' title='bbox 2021 2608 2150 2666; x_wconf 90' lang='lat' dir='ltr'><strong>dem</strong></span> <span class='ocrx_word' id='word_1_453' title='bbox 2190 2608 2441 2681; x_wconf 80' lang='lat' dir='ltr'><strong>gratiam</strong></span> <span class='ocrx_word' id='word_1_454' title='bbox 2490 2611 2763 2664; x_wconf 80' lang='lat' dir='ltr'><strong>Romanae</strong></span> <span class='ocrx_word' id='word_1_455' title='bbox 2812 2607 2968 2663; x_wconf 86' lang='lat' dir='ltr'><strong>sedis</strong></span> <span class='ocrx_word' id='word_1_456' title='bbox 3012 2605 3302 2673; x_wconf 84' lang='lat' dir='ltr'><strong>obtinuit;</strong></span> <span class='ocrx_word' id='word_1_457' title='bbox 3333 2609 3392 2661; x_wconf 91' lang='lat' dir='ltr'><strong>et</strong></span> <span class='ocrx_word' id='word_1_458' title='bbox 3420 2605 3672 2677; x_wconf 88' lang='lat' dir='ltr'><strong>pallium</strong></span> 
     </span>
     <span class='ocr_line' id='line_1_75' title="bbox 2020 2694 3670 2772; baseline -0.002 -19"><span class='ocrx_word' id='word_1_459' title='bbox 2020 2697 2442 2772; x_wconf 87' lang='lat' dir='ltr'><strong>plenitudinem</strong></span> <span class='ocrx_word' id='word_1_460' title='bbox 2493 2695 2759 2752; x_wconf 79' lang='lat' dir='ltr'><strong>videlicet</strong></span> <span class='ocrx_word' id='word_1_461' title='bbox 2803 2694 3151 2768; x_wconf 82' lang='lat' dir='ltr'><strong>pontificalis</strong></span> <span class='ocrx_word' id='word_1_462' title='bbox 3205 2694 3403 2761; x_wconf 81' lang='lat' dir='ltr'><strong>officii,</strong></span> <span class='ocrx_word' id='word_1_463' title='bbox 3467 2710 3670 2752; x_wconf 84' lang='lat' dir='ltr'><strong>secum</strong></span> 
     </span>
    </p>
   </div>
   <div class='ocr_carea' id='block_1_9' title="bbox 2021 2788 2429 2847">
    <p class='ocr_par' dir='ltr' id='par_1_12' title="bbox 2021 2788 2429 2847">
     <span class='ocr_line' id='line_1_76' title="bbox 2021 2788 2429 2847; baseline -0.002 0"><span class='ocrx_word' id='word_1_464' title='bbox 2021 2789 2159 2847; x_wconf 89' lang='lat' dir='ltr'><strong>tulit</strong></span> <span class='ocrx_word' id='word_1_465' title='bbox 2178 2788 2429 2846; x_wconf 88' lang='lat' dir='ltr'><strong>rediens.</strong></span> 
     </span>
    </p>
   </div>
   <div class='ocr_carea' id='block_1_10' title="bbox 2643 2914 3057 2973">
    <p class='ocr_par' dir='ltr' id='par_1_13' title="bbox 2643 2914 3057 2973">
     <span class='ocr_line' id='line_1_77' title="bbox 2643 2914 3057 2973; baseline -0.007 0"><span class='ocrx_word' id='word_1_466' title='bbox 2643 2914 2881 2973; x_wconf 81' lang='lat' dir='ltr'>CAPUT</span> <span class='ocrx_word' id='word_1_467' title='bbox 2917 2914 3057 2971; x_wconf 80' lang='lat' dir='ltr'><strong>XXI.</strong></span> 
     </span>
    </p>
   </div>
   <div class='ocr_carea' id='block_1_11' title="bbox 2020 3003 3676 4474">
    <p class='ocr_par' dir='ltr' id='par_1_14' title="bbox 2020 3003 3675 3215">
     <span class='ocr_line' id='line_1_78' title="bbox 2020 3003 3675 3088; baseline -0.002 -23"><span class='ocrx_word' id='word_1_468' title='bbox 2020 3006 2331 3065; x_wconf 79' lang='lat' dir='ltr'><strong>Norodinus</strong></span> <span class='ocrx_word' id='word_1_469' title='bbox 2377 3009 2437 3063; x_wconf 81' lang='lat' dir='ltr'><strong>in</strong></span> <span class='ocrx_word' id='word_1_470' title='bbox 2486 3006 2706 3077; x_wconf 69' lang='lat' dir='ltr'><strong>reqione</strong></span> <span class='ocrx_word' id='word_1_471' title='bbox 2762 3006 2954 3087; x_wconf 79' lang='lat' dir='ltr'><strong>Suitae,</strong></span> <span class='ocrx_word' id='word_1_472' title='bbox 2975 3005 3294 3088; x_wconf 79' lang='lat' dir='ltr'><strong>speluncam</strong></span> <span class='ocrx_word' id='word_1_473' title='bbox 3333 3003 3539 3061; x_wconf 74' lang='lat' dir='ltr'><strong>obsidet</strong></span> <span class='ocrx_word' id='word_1_474' title='bbox 3573 3019 3675 3061; x_wconf 81' lang='lat' dir='ltr'><strong>no-</strong></span> 
     </span>
     <span class='ocr_line' id='line_1_79' title="bbox 2091 3074 3675 3148; baseline -0.002 -13"><span class='ocrx_word' id='word_1_475' title='bbox 2091 3087 2303 3146; x_wconf 78' lang='lat' dir='ltr'><strong>stram,-</strong></span> <span class='ocrx_word' id='word_1_476' title='bbox 2331 3093 2434 3134; x_wconf 75' lang='lat' dir='ltr'><strong>rex</strong></span> <span class='ocrx_word' id='word_1_477' title='bbox 2485 3092 2778 3134; x_wconf 80' lang='lat' dir='ltr'><strong>occurrens</strong></span> <span class='ocrx_word' id='word_1_478' title='bbox 2831 3076 3166 3134; x_wconf 65' lang='lat' dir='ltr'><strong>obsidionem</strong></span> <span class='ocrx_word' id='word_1_479' title='bbox 3219 3074 3382 3132; x_wconf 81' lang='lat' dir='ltr'><strong>solvit</strong></span> <span class='ocrx_word' id='word_1_480' title='bbox 3400 3093 3426 3144; x_wconf 77' lang='lat'><strong>,-</strong></span> <span class='ocrx_word' id='word_1_481' title='bbox 3454 3085 3675 3148; x_wconf 75' lang='lat' dir='ltr'><strong>puqnat</strong></span> 
     </span>
     <span class='ocr_line' id='line_1_80' title="bbox 2093 3149 3178 3215; baseline -0.003 -9"><span class='ocrx_word' id='word_1_482' title='bbox 2093 3166 2218 3206; x_wconf 79' lang='lat' dir='ltr'><strong>cum</strong></span> <span class='ocrx_word' id='word_1_483' title='bbox 2245 3151 2457 3207; x_wconf 73' lang='lat' dir='ltr'><strong>nostris</strong></span> <span class='ocrx_word' id='word_1_484' title='bbox 2484 3149 2818 3215; x_wconf 69' lang='lat' dir='ltr'><strong>noradinus,</strong></span> <span class='ocrx_word' id='word_1_485' title='bbox 2847 3156 2899 3204; x_wconf 80' lang='lat' dir='ltr'><strong>et</strong></span> <span class='ocrx_word' id='word_1_486' title='bbox 2921 3150 3178 3204; x_wconf 75' lang='lat' dir='ltr'><strong>vincitur.</strong></span> 
     </span>
    </p>

    <p class='ocr_par' dir='ltr' id='par_1_15' title="bbox 2022 3252 3676 4474">
     <span class='ocr_line' id='line_1_81' title="bbox 2098 3252 3675 3326; baseline -0.004 -12"><span class='ocrx_word' id='word_1_487' title='bbox 2098 3256 2397 3314; x_wconf 86' lang='lat' dir='ltr'><strong>Convaluit</strong></span> <span class='ocrx_word' id='word_1_488' title='bbox 2425 3255 2662 3313; x_wconf 88' lang='lat' dir='ltr'><strong>interim</strong></span> <span class='ocrx_word' id='word_1_489' title='bbox 2696 3254 3056 3313; x_wconf 88' lang='lat' dir='ltr'><strong>medicorum</strong></span> <span class='ocrx_word' id='word_1_490' title='bbox 3087 3252 3545 3326; x_wconf 89' lang='lat' dir='ltr'><strong>diligentissima</strong></span> <span class='ocrx_word' id='word_1_491' title='bbox 3559 3253 3675 3309; x_wconf 76' lang='lat' dir='ltr'><strong>No-</strong></span> 
     </span>
     <span class='ocr_line' id='line_1_82' title="bbox 2026 3343 3673 3417; baseline -0.004 -13"><span class='ocrx_word' id='word_1_492' title='bbox 2026 3345 2267 3404; x_wconf 87' lang='lat' dir='ltr'><strong>radinus</strong></span> <span class='ocrx_word' id='word_1_493' title='bbox 2290 3361 2452 3417; x_wconf 89' lang='lat' dir='ltr'><strong>cura,</strong></span> <span class='ocrx_word' id='word_1_494' title='bbox 2484 3352 2536 3401; x_wconf 91' lang='lat' dir='ltr'><strong>et</strong></span> <span class='ocrx_word' id='word_1_495' title='bbox 2559 3345 2798 3402; x_wconf 89' lang='lat' dir='ltr'><strong>domino</strong></span> <span class='ocrx_word' id='word_1_496' title='bbox 2838 3358 2972 3415; x_wconf 87' lang='lat' dir='ltr'><strong>rege</strong></span> <span class='ocrx_word' id='word_1_497' title='bbox 3021 3343 3079 3399; x_wconf 93' lang='lat' dir='ltr'><strong>in</strong></span> <span class='ocrx_word' id='word_1_498' title='bbox 3130 3357 3373 3415; x_wconf 91' lang='lat' dir='ltr'><strong>regnum</strong></span> <span class='ocrx_word' id='word_1_499' title='bbox 3415 3357 3673 3407; x_wconf 85' lang='lat' dir='ltr'><strong>reverso,</strong></span> 
     </span>
     <span class='ocr_line' id='line_1_83' title="bbox 2025 3429 3671 3509; baseline -0.004 -17"><span class='ocrx_word' id='word_1_500' title='bbox 2025 3435 2152 3509; x_wconf 90' lang='lat' dir='ltr'><strong>ipse</strong></span> <span class='ocrx_word' id='word_1_501' title='bbox 2182 3449 2416 3508; x_wconf 84' lang='lat' dir='ltr'><strong>quoque</strong></span> <span class='ocrx_word' id='word_1_502' title='bbox 2446 3433 2787 3508; x_wconf 83' lang='lat' dir='ltr'><strong>sospitatem</strong></span> <span class='ocrx_word' id='word_1_503' title='bbox 2819 3431 3051 3506; x_wconf 88' lang='lat' dir='ltr'><strong>plenam</strong></span> <span class='ocrx_word' id='word_1_504' title='bbox 3085 3431 3352 3503; x_wconf 87' lang='lat' dir='ltr'><strong>adeptus,</strong></span> <span class='ocrx_word' id='word_1_505' title='bbox 3375 3429 3438 3485; x_wconf 91' lang='lat' dir='ltr'><strong>in</strong></span> <span class='ocrx_word' id='word_1_506' title='bbox 3470 3432 3671 3502; x_wconf 85' lang='lat' dir='ltr'><strong>partes</strong></span> 
     </span>
     <span class='ocr_line' id='line_1_84' title="bbox 2026 3520 3673 3595; baseline -0.005 -11"><span class='ocrx_word' id='word_1_507' title='bbox 2026 3542 2087 3584; x_wconf 87' lang='lat' dir='ltr'><strong>se</strong></span> <span class='ocrx_word' id='word_1_508' title='bbox 2116 3526 2364 3584; x_wconf 89' lang='lat' dir='ltr'><strong>contulit</strong></span> <span class='ocrx_word' id='word_1_509' title='bbox 2380 3532 2773 3583; x_wconf 83' lang='lat' dir='ltr'><strong>Damascenas</strong></span> <span class='ocrx_word' id='word_1_510' title='bbox 2798 3541 2813 3594; x_wconf 80' lang='lat'><em>3</em></span> <span class='ocrx_word' id='word_1_511' title='bbox 2845 3522 2968 3595; x_wconf 89' lang='lat' dir='ltr'><strong>ubi,</strong></span> <span class='ocrx_word' id='word_1_512' title='bbox 3000 3538 3072 3579; x_wconf 91' lang='lat' dir='ltr'><strong>ne</strong></span> <span class='ocrx_word' id='word_1_513' title='bbox 3092 3520 3281 3578; x_wconf 90' lang='lat' dir='ltr'><strong>otium</strong></span> <span class='ocrx_word' id='word_1_514' title='bbox 3312 3523 3521 3578; x_wconf 85' lang='lat' dir='ltr'><strong>tereret</strong></span> <span class='ocrx_word' id='word_1_515' title='bbox 3552 3528 3610 3577; x_wconf 90' lang='lat' dir='ltr'><strong>et</strong></span> <span class='ocrx_word' id='word_1_516' title='bbox 3639 3536 3673 3575; x_wconf 92' lang='lat' dir='ltr'><strong>a</strong></span> 
     </span>
     <span class='ocr_line' id='line_1_85' title="bbox 2023 3609 3672 3683; baseline -0.004 -11"><span class='ocrx_word' id='word_1_517' title='bbox 2023 3621 2303 3673; x_wconf 88' lang='lat' dir='ltr'><strong>consueta</strong></span> <span class='ocrx_word' id='word_1_518' title='bbox 2327 3617 2622 3673; x_wconf 87' lang='lat' dir='ltr'><strong>diceretur</strong></span> <span class='ocrx_word' id='word_1_519' title='bbox 2676 3613 2974 3670; x_wconf 87' lang='lat' dir='ltr'><strong>destitisse</strong></span> <span class='ocrx_word' id='word_1_520' title='bbox 2993 3609 3316 3683; x_wconf 83' lang='lat' dir='ltr'><strong>vigilantia,</strong></span> <span class='ocrx_word' id='word_1_521' title='bbox 3348 3613 3552 3667; x_wconf 64' lang='lat' dir='ltr'><strong>estate</strong></span> <span class='ocrx_word' id='word_1_522' title='bbox 3581 3625 3672 3666; x_wconf 86' lang='lat' dir='ltr'><strong>se-</strong></span> 
     </span>
     <span class='ocr_line' id='line_1_86' title="bbox 2025 3698 3672 3778; baseline -0.004 -17"><span class='ocrx_word' id='word_1_523' title='bbox 2025 3703 2591 3778; x_wconf 81' lang='lat' dir='ltr'><strong>quentipraesidium</strong></span> <span class='ocrx_word' id='word_1_524' title='bbox 2647 3701 2943 3775; x_wconf 89' lang='lat' dir='ltr'><strong>quoddam</strong></span> <span class='ocrx_word' id='word_1_525' title='bbox 2990 3704 3284 3766; x_wconf 84' lang='lat' dir='ltr'><strong>nostrum,</strong></span> <span class='ocrx_word' id='word_1_526' title='bbox 3314 3699 3378 3756; x_wconf 90' lang='lat' dir='ltr'><strong>in</strong></span> <span class='ocrx_word' id='word_1_527' title='bbox 3408 3698 3672 3772; x_wconf 87' lang='lat' dir='ltr'><strong>regione,</strong></span> 
     </span>
     <span class='ocr_line' id='line_1_87' title="bbox 2025 3789 3673 3868; baseline -0.004 -18"><span class='ocrx_word' id='word_1_528' title='bbox 2025 3811 2151 3868; x_wconf 79' lang='lat' dir='ltr'><strong>quae</strong></span> <span class='ocrx_word' id='word_1_529' title='bbox 2181 3793 2396 3850; x_wconf 88' lang='lat' dir='ltr'><strong>dicitur</strong></span> <span class='ocrx_word' id='word_1_530' title='bbox 2433 3793 2632 3859; x_wconf 88' lang='lat' dir='ltr'><strong>Sueta,</strong></span> <span class='ocrx_word' id='word_1_531' title='bbox 2662 3792 2866 3859; x_wconf 80' lang='lat' dir='ltr'><strong>situm,</strong></span> <span class='ocrx_word' id='word_1_532' title='bbox 2914 3792 3267 3864; x_wconf 82' lang='lat' dir='ltr'><strong>congregato</strong></span> <span class='ocrx_word' id='word_1_533' title='bbox 3318 3789 3572 3846; x_wconf 82' lang='lat' dir='ltr'><strong>exercitu</strong></span> <span class='ocrx_word' id='word_1_534' title='bbox 3615 3794 3673 3845; x_wconf 89' lang='lat' dir='ltr'><strong>et</strong></span> 
     </span>
     <span class='ocr_line' id='line_1_88' title="bbox 2022 3874 3673 3954; baseline -0.004 -18"><span class='ocrx_word' id='word_1_535' title='bbox 2022 3879 2359 3954; x_wconf 87' lang='lat' dir='ltr'><strong>ingentibus</strong></span> <span class='ocrx_word' id='word_1_536' title='bbox 2390 3878 2720 3936; x_wconf 82' lang='lat' dir='ltr'><strong>convocatis</strong></span> <span class='ocrx_word' id='word_1_537' title='bbox 2742 3875 2976 3934; x_wconf 86' lang='lat' dir='ltr'><strong>auxiliis</strong></span> <span class='ocrx_word' id='word_1_538' title='bbox 3005 3880 3242 3949; x_wconf 88' lang='lat' dir='ltr'><strong>repente</strong></span> <span class='ocrx_word' id='word_1_539' title='bbox 3269 3874 3521 3932; x_wconf 83' lang='lat' dir='ltr'><strong>obsidet.</strong></span> <span class='ocrx_word' id='word_1_540' title='bbox 3539 3874 3673 3930; x_wconf 73' lang='lat' dir='ltr'><strong>Erat</strong></span> 
     </span>
     <span class='ocr_line' id='line_1_89' title="bbox 2024 3965 3665 4043; baseline -0.004 -15"><span class='ocrx_word' id='word_1_541' title='bbox 2024 3975 2218 4028; x_wconf 87' lang='lat' dir='ltr'><strong>autem</strong></span> <span class='ocrx_word' id='word_1_542' title='bbox 2265 3969 2601 4043; x_wconf 70' lang='lat' dir='ltr'><strong>praesidium</strong></span> <span class='ocrx_word' id='word_1_543' title='bbox 2653 3968 2956 4042; x_wconf 88' lang='lat' dir='ltr'><strong>spelunca,</strong></span> <span class='ocrx_word' id='word_1_544' title='bbox 2995 3968 3054 4024; x_wconf 90' lang='lat' dir='ltr'><strong>in</strong></span> <span class='ocrx_word' id='word_1_545' title='bbox 3117 3966 3298 4024; x_wconf 89' lang='lat' dir='ltr'><strong>latere</strong></span> <span class='ocrx_word' id='word_1_546' title='bbox 3351 3965 3665 4038; x_wconf 83' lang='lat' dir='ltr'><strong>cujusdam</strong></span> 
     </span>
     <span class='ocr_line' id='line_1_90' title="bbox 2024 4055 3670 4127; baseline -0.005 -9"><span class='ocrx_word' id='word_1_547' title='bbox 2024 4060 2240 4118; x_wconf 88' lang='lat' dir='ltr'><strong>montis</strong></span> <span class='ocrx_word' id='word_1_548' title='bbox 2268 4061 2448 4117; x_wconf 86' lang='lat' dir='ltr'><strong>arduo</strong></span> <span class='ocrx_word' id='word_1_549' title='bbox 2504 4063 2563 4115; x_wconf 91' lang='lat' dir='ltr'><strong>et</strong></span> <span class='ocrx_word' id='word_1_550' title='bbox 2592 4057 2903 4115; x_wconf 89' lang='lat' dir='ltr'><strong>admodum</strong></span> <span class='ocrx_word' id='word_1_551' title='bbox 2950 4056 3164 4114; x_wconf 86' lang='lat' dir='ltr'><strong>devexo</strong></span> <span class='ocrx_word' id='word_1_552' title='bbox 3210 4055 3352 4125; x_wconf 79' lang='lat' dir='ltr'><strong>sita3</strong></span> <span class='ocrx_word' id='word_1_553' title='bbox 3385 4055 3459 4112; x_wconf 90' lang='lat' dir='ltr'><strong>ad</strong></span> <span class='ocrx_word' id='word_1_554' title='bbox 3488 4069 3670 4127; x_wconf 90' lang='lat' dir='ltr'><strong>quam</strong></span> 
     </span>
     <span class='ocr_line' id='line_1_91' title="bbox 2023 4144 3671 4221; baseline -0.005 -14"><span class='ocrx_word' id='word_1_555' title='bbox 2023 4164 2141 4207; x_wconf 88' lang='lat' dir='ltr'><strong>non</strong></span> <span class='ocrx_word' id='word_1_556' title='bbox 2171 4152 2297 4205; x_wconf 89' lang='lat' dir='ltr'><strong>erat</strong></span> <span class='ocrx_word' id='word_1_557' title='bbox 2322 4147 2414 4205; x_wconf 82' lang='lat' dir='ltr'><strong>vel</strong></span> <span class='ocrx_word' id='word_1_558' title='bbox 2440 4165 2473 4205; x_wconf 83' lang='lat' dir='ltr'><strong>a</strong></span> <span class='ocrx_word' id='word_1_559' title='bbox 2502 4145 2907 4221; x_wconf 87' lang='lat' dir='ltr'><strong>superioribus</strong></span> <span class='ocrx_word' id='word_1_560' title='bbox 2935 4145 3025 4203; x_wconf 85' lang='lat' dir='ltr'><strong>vel</strong></span> <span class='ocrx_word' id='word_1_561' title='bbox 3048 4144 3120 4203; x_wconf 88' lang='lat' dir='ltr'><strong>ab</strong></span> <span class='ocrx_word' id='word_1_562' title='bbox 3150 4144 3529 4202; x_wconf 81' lang='lat' dir='ltr'><strong>inferioribus</strong></span> <span class='ocrx_word' id='word_1_563' title='bbox 3551 4159 3671 4216; x_wconf 89' lang='lat' dir='ltr'><strong>par-</strong></span> 
     </span>
     <span class='ocr_line' id='line_1_92' title="bbox 2022 4232 3676 4308; baseline -0.005 -12"><span class='ocrx_word' id='word_1_564' title='bbox 2022 4237 2179 4296; x_wconf 90' lang='lat' dir='ltr'><strong>tibus</strong></span> <span class='ocrx_word' id='word_1_565' title='bbox 2209 4253 2515 4308; x_wconf 86' lang='lat' dir='ltr'><strong>accessus;</strong></span> <span class='ocrx_word' id='word_1_566' title='bbox 2547 4237 2650 4294; x_wconf 88' lang='lat' dir='ltr'><strong>sed</strong></span> <span class='ocrx_word' id='word_1_567' title='bbox 2683 4252 2753 4293; x_wconf 87' lang='lat' dir='ltr'><strong>ex</strong></span> <span class='ocrx_word' id='word_1_568' title='bbox 2792 4237 2915 4294; x_wconf 88' lang='lat' dir='ltr'><strong>solo</strong></span> <span class='ocrx_word' id='word_1_569' title='bbox 2961 4235 3165 4304; x_wconf 86' lang='lat' dir='ltr'><strong>latere,</strong></span> <span class='ocrx_word' id='word_1_570' title='bbox 3185 4234 3336 4293; x_wconf 85' lang='lat' dir='ltr'><strong>calle</strong></span> <span class='ocrx_word' id='word_1_571' title='bbox 3362 4232 3543 4290; x_wconf 86' lang='lat' dir='ltr'><strong>nimis</strong></span> <span class='ocrx_word' id='word_1_572' title='bbox 3572 4248 3676 4289; x_wconf 88' lang='lat' dir='ltr'><strong>an·</strong></span> 
     </span>
     <span class='ocr_line' id='line_1_93' title="bbox 2022 4320 3671 4402; baseline -0.002 -18"><span class='ocrx_word' id='word_1_573' title='bbox 2022 4332 2217 4402; x_wconf 90' lang='lat' dir='ltr'><strong>gusto,</strong></span> <span class='ocrx_word' id='word_1_574' title='bbox 2248 4331 2305 4384; x_wconf 90' lang='lat' dir='ltr'><strong>et</strong></span> <span class='ocrx_word' id='word_1_575' title='bbox 2327 4331 2565 4400; x_wconf 88' lang='lat' dir='ltr'><strong>propter</strong></span> <span class='ocrx_word' id='word_1_576' title='bbox 2591 4323 3307 4400; x_wconf 68' lang='lat' dir='ltr'><strong>precipitinmimminens</strong></span> <span class='ocrx_word' id='word_1_577' title='bbox 3318 4320 3671 4395; x_wconf 88' lang='lat' dir='ltr'><strong>periculoso,</strong></span> 
     </span>
     <span class='ocr_line' id='line_1_94' title="bbox 2024 4408 3673 4474; baseline -0.004 -1"><span class='ocrx_word' id='word_1_578' title='bbox 2024 4416 2096 4474; x_wconf 90' lang='lat' dir='ltr'><strong>ad</strong></span> <span class='ocrx_word' id='word_1_579' title='bbox 2122 4431 2250 4472; x_wconf 90' lang='lat' dir='ltr'><strong>eam</strong></span> <span class='ocrx_word' id='word_1_580' title='bbox 2277 4414 2638 4471; x_wconf 85' lang='lat' dir='ltr'><strong>veniebatur.</strong></span> <span class='ocrx_word' id='word_1_581' title='bbox 2673 4412 2936 4470; x_wconf 79' lang='lat' dir='ltr'><strong>Habebat</strong></span> <span class='ocrx_word' id='word_1_582' title='bbox 2990 4415 3186 4468; x_wconf 88' lang='lat' dir='ltr'><strong>autem</strong></span> <span class='ocrx_word' id='word_1_583' title='bbox 3228 4408 3474 4467; x_wconf 89' lang='lat' dir='ltr'><strong>interius</strong></span> <span class='ocrx_word' id='word_1_584' title='bbox 3496 4425 3673 4466; x_wconf 87' lang='lat' dir='ltr'><strong>man-</strong></span> 
     </span>
    </p>
   </div>
   <div class='ocr_carea' id='block_1_12' title="bbox 264 4489 3672 4579">
    <p class='ocr_par' dir='ltr' id='par_1_16' title="bbox 264 4489 3672 4579">
     <span class='ocr_line' id='line_1_95' title="bbox 264 4489 3672 4579; baseline -0.001 -21"><span class='ocrx_word' id='word_1_585' title='bbox 264 4498 441 4572; x_wconf 83' lang='lat' dir='ltr'><strong>jectis</strong></span> <span class='ocrx_word' id='word_1_586' title='bbox 462 4499 667 4557; x_wconf 87' lang='lat' dir='ltr'><strong>diebus</strong></span> <span class='ocrx_word' id='word_1_587' title='bbox 700 4499 880 4558; x_wconf 86' lang='lat' dir='ltr'><strong>missa</strong></span> <span class='ocrx_word' id='word_1_588' title='bbox 936 4503 1008 4558; x_wconf 91' lang='lat' dir='ltr'><strong>ad</strong></span> <span class='ocrx_word' id='word_1_589' title='bbox 1056 4503 1353 4563; x_wconf 91' lang='lat' dir='ltr'><strong>dominum</strong></span> <span class='ocrx_word' id='word_1_590' title='bbox 1379 4522 1569 4579; x_wconf 87' lang='lat' dir='ltr'><strong>regem</strong></span> <span class='ocrx_word' id='word_1_591' title='bbox 1603 4507 1912 4579; x_wconf 87' lang='lat' dir='ltr'><strong>legatione,</strong></span> <span class='ocrx_word' id='word_1_592' title='bbox 1949 4489 1992 4555; x_wconf 82' lang='lat' dir='ltr'>D</span> <span class='ocrx_word' id='word_1_593' title='bbox 2021 4506 2216 4563; x_wconf 85' lang='lat' dir='ltr'><strong>siones</strong></span> <span class='ocrx_word' id='word_1_594' title='bbox 2244 4512 2297 4560; x_wconf 90' lang='lat' dir='ltr'><strong>et</strong></span> <span class='ocrx_word' id='word_1_595' title='bbox 2327 4501 2660 4571; x_wconf 85' lang='lat' dir='ltr'><strong>diversoria,</strong></span> <span class='ocrx_word' id='word_1_596' title='bbox 2684 4501 2901 4574; x_wconf 88' lang='lat' dir='ltr'><strong>quibus</strong></span> <span class='ocrx_word' id='word_1_597' title='bbox 2931 4500 3058 4557; x_wconf 90' lang='lat' dir='ltr'><strong>suis</strong></span> <span class='ocrx_word' id='word_1_598' title='bbox 3105 4497 3541 4556; x_wconf 88' lang='lat' dir='ltr'><strong>habitatoribus</strong></span> <span class='ocrx_word' id='word_1_599' title='bbox 3569 4513 3672 4555; x_wconf 89' lang='lat' dir='ltr'><strong>ne-</strong></span> 
     </span>
    </p>
   </div>
   <div class='ocr_carea' id='block_1_13' title="bbox 266 4587 1914 5475">
    <p class='ocr_par' dir='ltr' id='par_1_17' title="bbox 266 4587 1914 5475">
     <span class='ocr_line' id='line_1_96' title="bbox 271 4587 1912 4669; baseline 0.004 -23"><span class='ocrx_word' id='word_1_600' title='bbox 271 4587 383 4646; x_wconf 92' lang='lat' dir='ltr'><strong>sub</strong></span> <span class='ocrx_word' id='word_1_601' title='bbox 405 4589 739 4647; x_wconf 88' lang='lat' dir='ltr'><strong>conditione</strong></span> <span class='ocrx_word' id='word_1_602' title='bbox 769 4595 835 4647; x_wconf 92' lang='lat' dir='ltr'><strong>nt</strong></span> <span class='ocrx_word' id='word_1_603' title='bbox 865 4590 1110 4650; x_wconf 91' lang='lat' dir='ltr'><strong>liberum</strong></span> <span class='ocrx_word' id='word_1_604' title='bbox 1153 4600 1212 4652; x_wconf 86' lang='lat' dir='ltr'><strong>et</strong></span> <span class='ocrx_word' id='word_1_605' title='bbox 1241 4595 1625 4669; x_wconf 76' lang='lat' dir='ltr'><strong>tranquillum</strong></span> <span class='ocrx_word' id='word_1_606' title='bbox 1655 4595 1912 4653; x_wconf 84' lang='lat' dir='ltr'><strong>habeant</strong></span> 
     </span>
     <span class='ocr_line' id='line_1_97' title="bbox 270 4681 1913 4759; baseline 0.003 -22"><span class='ocrx_word' id='word_1_607' title='bbox 270 4693 342 4737; x_wconf 83' lang='lat' dir='ltr'><strong>ex</strong></span> <span class='ocrx_word' id='word_1_608' title='bbox 368 4681 492 4735; x_wconf 88' lang='lat' dir='ltr'><strong>tum</strong></span> <span class='ocrx_word' id='word_1_609' title='bbox 514 4681 574 4735; x_wconf 91' lang='lat' dir='ltr'><strong>et</strong></span> <span class='ocrx_word' id='word_1_610' title='bbox 603 4695 737 4736; x_wconf 90' lang='lat' dir='ltr'><strong>cum</strong></span> <span class='ocrx_word' id='word_1_611' title='bbox 776 4682 951 4739; x_wconf 84' lang='lat' dir='ltr'><strong>rebus</strong></span> <span class='ocrx_word' id='word_1_612' title='bbox 983 4684 1110 4742; x_wconf 88' lang='lat' dir='ltr'><strong>suis</strong></span> <span class='ocrx_word' id='word_1_613' title='bbox 1125 4685 1195 4741; x_wconf 87' lang='lat' dir='ltr'><strong>ad</strong></span> <span class='ocrx_word' id='word_1_614' title='bbox 1220 4687 1455 4759; x_wconf 89' lang='lat' dir='ltr'><strong>propria</strong></span> <span class='ocrx_word' id='word_1_615' title='bbox 1484 4685 1759 4754; x_wconf 89' lang='lat' dir='ltr'><strong>reditum,</strong></span> <span class='ocrx_word' id='word_1_616' title='bbox 1784 4699 1913 4742; x_wconf 91' lang='lat' dir='ltr'><strong>mu-</strong></span> 
     </span>
     <span class='ocr_line' id='line_1_98' title="bbox 270 4765 1908 4845; baseline 0.004 -21"><span class='ocrx_word' id='word_1_617' title='bbox 270 4765 554 4840; x_wconf 89' lang='lat' dir='ltr'><strong>nicipium</strong></span> <span class='ocrx_word' id='word_1_618' title='bbox 578 4768 813 4826; x_wconf 90' lang='lat' dir='ltr'><strong>domino</strong></span> <span class='ocrx_word' id='word_1_619' title='bbox 844 4771 961 4845; x_wconf 87' lang='lat' dir='ltr'><strong>regi</strong></span> <span class='ocrx_word' id='word_1_620' title='bbox 985 4772 1322 4842; x_wconf 86' lang='lat' dir='ltr'><strong>restituunt,</strong></span> <span class='ocrx_word' id='word_1_621' title='bbox 1353 4773 1503 4830; x_wconf 85' lang='lat' dir='ltr'><strong>datis</strong></span> <span class='ocrx_word' id='word_1_622' title='bbox 1533 4774 1614 4831; x_wconf 86' lang='lat' dir='ltr'><strong>eis</strong></span> <span class='ocrx_word' id='word_1_623' title='bbox 1635 4773 1908 4844; x_wconf 82' lang='lat' dir='ltr'><strong>ducibus,</strong></span> 
     </span>
     <span class='ocr_line' id='line_1_99' title="bbox 266 4856 1911 4937; baseline 0.005 -25"><span class='ocrx_word' id='word_1_624' title='bbox 266 4856 365 4930; x_wconf 86' lang='lat' dir='ltr'><strong>qui</strong></span> <span class='ocrx_word' id='word_1_625' title='bbox 396 4873 494 4915; x_wconf 86' lang='lat' dir='ltr'><strong>eos</strong></span> <span class='ocrx_word' id='word_1_626' title='bbox 522 4857 650 4915; x_wconf 89' lang='lat' dir='ltr'><strong>sine</strong></span> <span class='ocrx_word' id='word_1_627' title='bbox 706 4858 973 4919; x_wconf 89' lang='lat' dir='ltr'><strong>molestia</strong></span> <span class='ocrx_word' id='word_1_628' title='bbox 1004 4876 1188 4935; x_wconf 88' lang='lat' dir='ltr'><strong>nsque</strong></span> <span class='ocrx_word' id='word_1_629' title='bbox 1245 4864 1317 4920; x_wconf 88' lang='lat' dir='ltr'><strong>ad</strong></span> <span class='ocrx_word' id='word_1_630' title='bbox 1374 4862 1561 4921; x_wconf 91' lang='lat' dir='ltr'><strong>locum</strong></span> <span class='ocrx_word' id='word_1_631' title='bbox 1594 4880 1765 4937; x_wconf 90' lang='lat' dir='ltr'><strong>quem</strong></span> <span class='ocrx_word' id='word_1_632' title='bbox 1795 4863 1911 4937; x_wconf 88' lang='lat' dir='ltr'><strong>ipsi</strong></span> 
     </span>
     <span class='ocr_line' id='line_1_100' title="bbox 268 4946 1914 5028; baseline 0.005 -25"><span class='ocrx_word' id='word_1_633' title='bbox 268 4946 647 5019; x_wconf 82' lang='lat' dir='ltr'><strong>expetierant,</strong></span> <span class='ocrx_word' id='word_1_634' title='bbox 673 4964 908 5008; x_wconf 83' lang='lat' dir='ltr'><strong>securos</strong></span> <span class='ocrx_word' id='word_1_635' title='bbox 956 4952 1360 5024; x_wconf 89' lang='lat' dir='ltr'><strong>perducerent.</strong></span> <span class='ocrx_word' id='word_1_636' title='bbox 1430 4953 1526 5010; x_wconf 84' lang='lat' dir='ltr'><strong>Sic</strong></span> <span class='ocrx_word' id='word_1_637' title='bbox 1573 4969 1710 5027; x_wconf 86' lang='lat' dir='ltr'><strong>ergo</strong></span> <span class='ocrx_word' id='word_1_638' title='bbox 1730 4969 1914 5028; x_wconf 87' lang='lat' dir='ltr'><strong>expu-</strong></span> 
     </span>
     <span class='ocr_line' id='line_1_101' title="bbox 267 5038 1913 5115; baseline 0.007 -27"><span class='ocrx_word' id='word_1_639' title='bbox 267 5038 443 5107; x_wconf 87' lang='lat' dir='ltr'><strong>gnato</strong></span> <span class='ocrx_word' id='word_1_640' title='bbox 501 5038 693 5092; x_wconf 88' lang='lat' dir='ltr'><strong>castro</strong></span> <span class='ocrx_word' id='word_1_641' title='bbox 731 5044 787 5094; x_wconf 89' lang='lat' dir='ltr'><strong>et</strong></span> <span class='ocrx_word' id='word_1_642' title='bbox 850 5040 1087 5097; x_wconf 90' lang='lat' dir='ltr'><strong>domino</strong></span> <span class='ocrx_word' id='word_1_643' title='bbox 1136 5040 1407 5114; x_wconf 88' lang='lat' dir='ltr'><strong>principi,</strong></span> <span class='ocrx_word' id='word_1_644' title='bbox 1455 5043 1625 5115; x_wconf 70' lang='lat' dir='ltr'><strong>cuius</strong></span> <span class='ocrx_word' id='word_1_645' title='bbox 1655 5042 1913 5115; x_wconf 82' lang='lat' dir='ltr'><strong>jurisdi-</strong></span> 
     </span>
     <span class='ocr_line' id='line_1_102' title="bbox 270 5124 1913 5202; baseline 0.006 -22"><span class='ocrx_word' id='word_1_646' title='bbox 270 5124 482 5181; x_wconf 88' lang='lat' dir='ltr'><strong>ctionis</strong></span> <span class='ocrx_word' id='word_1_647' title='bbox 533 5125 741 5197; x_wconf 81' lang='lat' dir='ltr'><strong>fuerat,</strong></span> <span class='ocrx_word' id='word_1_648' title='bbox 790 5128 1105 5202; x_wconf 89' lang='lat' dir='ltr'><strong>resignato,</strong></span> <span class='ocrx_word' id='word_1_649' title='bbox 1140 5131 1288 5188; x_wconf 78' lang='lat' dir='ltr'><strong>felici</strong></span> <span class='ocrx_word' id='word_1_650' title='bbox 1339 5130 1601 5190; x_wconf 89' lang='lat' dir='ltr'><strong>clausula</strong></span> <span class='ocrx_word' id='word_1_651' title='bbox 1630 5148 1913 5190; x_wconf 90' lang='lat' dir='ltr'><strong>consum-</strong></span> 
     </span>
     <span class='ocr_line' id='line_1_103' title="bbox 270 5213 1912 5295; baseline 0.007 -25"><span class='ocrx_word' id='word_1_652' title='bbox 270 5213 446 5270; x_wconf 84' lang='lat' dir='ltr'><strong>matis</strong></span> <span class='ocrx_word' id='word_1_653' title='bbox 477 5214 743 5289; x_wconf 86' lang='lat' dir='ltr'><strong>negotiis,</strong></span> <span class='ocrx_word' id='word_1_654' title='bbox 769 5217 1139 5277; x_wconf 85' lang='lat' dir='ltr'><strong>Antiochiam</strong></span> <span class='ocrx_word' id='word_1_655' title='bbox 1171 5224 1308 5278; x_wconf 90' lang='lat' dir='ltr'><strong>sunt</strong></span> <span class='ocrx_word' id='word_1_656' title='bbox 1364 5222 1597 5295; x_wconf 85' lang='lat' dir='ltr'><strong>reversi,</strong></span> <span class='ocrx_word' id='word_1_657' title='bbox 1626 5220 1728 5278; x_wconf 92' lang='lat' dir='ltr'><strong>nbi</strong></span> <span class='ocrx_word' id='word_1_658' title='bbox 1757 5221 1912 5281; x_wconf 86' lang='lat' dir='ltr'><strong>vale·</strong></span> 
     </span>
     <span class='ocr_line' id='line_1_104' title="bbox 270 5300 1913 5386; baseline 0.006 -28"><span class='ocrx_word' id='word_1_659' title='bbox 270 5300 534 5361; x_wconf 87' lang='lat' dir='ltr'><strong>dicentes</strong></span> <span class='ocrx_word' id='word_1_660' title='bbox 562 5303 635 5361; x_wconf 88' lang='lat' dir='ltr'><strong>ab</strong></span> <span class='ocrx_word' id='word_1_661' title='bbox 662 5304 936 5379; x_wconf 85' lang='lat' dir='ltr'><strong>invicem,</strong></span> <span class='ocrx_word' id='word_1_662' title='bbox 964 5309 1238 5367; x_wconf 88' lang='lat' dir='ltr'><strong>dominus</strong></span> <span class='ocrx_word' id='word_1_663' title='bbox 1287 5327 1406 5382; x_wconf 86' lang='lat' dir='ltr'><strong>rex,</strong></span> <span class='ocrx_word' id='word_1_664' title='bbox 1431 5327 1567 5368; x_wconf 92' lang='lat' dir='ltr'><strong>cum</strong></span> <span class='ocrx_word' id='word_1_665' title='bbox 1602 5310 1913 5386; x_wconf 81' lang='lat' dir='ltr'><strong>magnifico</strong></span> 
     </span>
     <span class='ocr_line' id='line_1_105' title="bbox 268 5389 1914 5475; baseline 0.008 -29"><span class='ocrx_word' id='word_1_666' title='bbox 268 5389 711 5451; x_wconf 83' lang='lat' dir='ltr'><strong>Flandrensium</strong></span> <span class='ocrx_word' id='word_1_667' title='bbox 744 5398 977 5470; x_wconf 90' lang='lat' dir='ltr'><strong>comite,</strong></span> <span class='ocrx_word' id='word_1_668' title='bbox 1008 5398 1069 5457; x_wconf 91' lang='lat' dir='ltr'><strong>in</strong></span> <span class='ocrx_word' id='word_1_669' title='bbox 1100 5414 1346 5474; x_wconf 86' lang='lat' dir='ltr'><strong>regnum</strong></span> <span class='ocrx_word' id='word_1_670' title='bbox 1377 5409 1464 5458; x_wconf 90' lang='lat' dir='ltr'><strong>est</strong></span> <span class='ocrx_word' id='word_1_671' title='bbox 1495 5417 1784 5475; x_wconf 86' lang='lat' dir='ltr'><strong>reversus,</strong></span> <span class='ocrx_word' id='word_1_672' title='bbox 1807 5401 1914 5459; x_wconf 91' lang='lat' dir='ltr'><strong>do-</strong></span> 
     </span>
    </p>
   </div>
   <div class='ocr_carea' id='block_1_14' title="bbox 266 5477 1912 5648">
    <p class='ocr_par' dir='ltr' id='par_1_18' title="bbox 266 5477 1912 5648">
     <span class='ocr_line' id='line_1_106' title="bbox 266 5477 1912 5564; baseline 0.01 -31"><span class='ocrx_word' id='word_1_673' title='bbox 266 5477 427 5535; x_wconf 84' lang='lat' dir='ltr'><strong>mino</strong></span> <span class='ocrx_word' id='word_1_674' title='bbox 455 5482 669 5540; x_wconf 88' lang='lat' dir='ltr'><strong>comite</strong></span> <span class='ocrx_word' id='word_1_675' title='bbox 697 5484 1057 5561; x_wconf 74' lang='lat' dir='ltr'><strong>Tripolitana</strong></span> <span class='ocrx_word' id='word_1_676' title='bbox 1107 5505 1295 5564; x_wconf 86' lang='lat' dir='ltr'><strong>usqne</strong></span> <span class='ocrx_word' id='word_1_677' title='bbox 1325 5489 1611 5564; x_wconf 81' lang='lat' dir='ltr'><strong>Tripolim</strong></span> <span class='ocrx_word' id='word_1_678' title='bbox 1641 5508 1742 5552; x_wconf 85' lang='lat' dir='ltr'><strong>eos</strong></span> <span class='ocrx_word' id='word_1_679' title='bbox 1771 5491 1912 5550; x_wconf 81' lang='lat' dir='ltr'><strong>offl-</strong></span> 
     </span>
     <span class='ocr_line' id='line_1_107' title="bbox 266 5563 1026 5648; baseline 0.016 -23"><span class='ocrx_word' id='word_1_680' title='bbox 266 5563 597 5627; x_wconf 81' lang='lat' dir='ltr'><strong>cioslssime</strong></span> <span class='ocrx_word' id='word_1_681' title='bbox 621 5581 1026 5648; x_wconf 72' lang='lat' dir='ltr'><strong>prosequente.</strong></span> 
     </span>
    </p>
   </div>
   <div class='ocr_carea' id='block_1_15' title="bbox 2018 4588 3678 5657">
    <p class='ocr_par' dir='ltr' id='par_1_19' title="bbox 2018 4588 3678 5657">
     <span class='ocr_line' id='line_1_108' title="bbox 2018 4588 3670 4666; baseline -0.005 -15"><span class='ocrx_word' id='word_1_682' title='bbox 2018 4593 2303 4652; x_wconf 81' lang='lat' dir='ltr'><strong>caesarias</strong></span> <span class='ocrx_word' id='word_1_683' title='bbox 2360 4596 2584 4666; x_wconf 88' lang='lat' dir='ltr'><strong>poterat</strong></span> <span class='ocrx_word' id='word_1_684' title='bbox 2626 4591 2879 4665; x_wconf 75' lang='lat' dir='ltr'><strong>praebere</strong></span> <span class='ocrx_word' id='word_1_685' title='bbox 2927 4588 3406 4658; x_wconf 86' lang='lat' dir='ltr'><strong>commoditates;</strong></span> <span class='ocrx_word' id='word_1_686' title='bbox 3437 4588 3538 4644; x_wconf 90' lang='lat' dir='ltr'><strong>sed</strong></span> <span class='ocrx_word' id='word_1_687' title='bbox 3566 4603 3670 4644; x_wconf 89' lang='lat' dir='ltr'><strong>nec</strong></span> 
     </span>
     <span class='ocr_line' id='line_1_109' title="bbox 2019 4676 3675 4755; baseline -0.004 -15"><span class='ocrx_word' id='word_1_688' title='bbox 2019 4684 2192 4741; x_wconf 87' lang='lat' dir='ltr'><strong>etiam</strong></span> <span class='ocrx_word' id='word_1_689' title='bbox 2234 4698 2403 4755; x_wconf 78' lang='lat' dir='ltr'><strong>aquas</strong></span> <span class='ocrx_word' id='word_1_690' title='bbox 2445 4680 2608 4738; x_wconf 74' lang='lat' dir='ltr'><strong>viviae</strong></span> <span class='ocrx_word' id='word_1_691' title='bbox 2653 4688 2709 4737; x_wconf 91' lang='lat' dir='ltr'><strong>et</strong></span> <span class='ocrx_word' id='word_1_692' title='bbox 2762 4678 3155 4737; x_wconf 83' lang='lat' dir='ltr'><strong>indeficientis</strong></span> <span class='ocrx_word' id='word_1_693' title='bbox 3185 4678 3267 4736; x_wconf 88' lang='lat' dir='ltr'><strong>eis</strong></span> <span class='ocrx_word' id='word_1_694' title='bbox 3295 4691 3444 4734; x_wconf 80' lang='lat' dir='ltr'><strong>vena</strong></span> <span class='ocrx_word' id='word_1_695' title='bbox 3472 4676 3675 4734; x_wconf 86' lang='lat' dir='ltr'><strong>deerat</strong></span> 
     </span>
     <span class='ocr_line' id='line_1_110' title="bbox 2020 4764 3672 4845; baseline -0.006 -16"><span class='ocrx_word' id='word_1_696' title='bbox 2020 4775 2087 4829; x_wconf 91' lang='lat' dir='ltr'><strong>nt</strong></span> <span class='ocrx_word' id='word_1_697' title='bbox 2128 4784 2415 4845; x_wconf 87' lang='lat' dir='ltr'><strong>quantum</strong></span> <span class='ocrx_word' id='word_1_698' title='bbox 2463 4769 2574 4827; x_wconf 88' lang='lat' dir='ltr'><strong>loci</strong></span> <span class='ocrx_word' id='word_1_699' title='bbox 2625 4767 2955 4842; x_wconf 88' lang='lat' dir='ltr'><strong>patiebatur</strong></span> <span class='ocrx_word' id='word_1_700' title='bbox 2991 4764 3478 4840; x_wconf 86' lang='lat' dir='ltr'><strong>angustia,locus</strong></span> <span class='ocrx_word' id='word_1_701' title='bbox 3527 4765 3672 4823; x_wconf 87' lang='lat' dir='ltr'><strong>satis</strong></span> 
     </span>
     <span class='ocr_line' id='line_1_111' title="bbox 2022 4856 3670 4935; baseline -0.005 -15"><span class='ocrx_word' id='word_1_702' title='bbox 2022 4867 2191 4935; x_wconf 87' lang='lat' dir='ltr'><strong>aptus</strong></span> <span class='ocrx_word' id='word_1_703' title='bbox 2217 4867 2272 4919; x_wconf 92' lang='lat' dir='ltr'><strong>et</strong></span> <span class='ocrx_word' id='word_1_704' title='bbox 2298 4861 2519 4935; x_wconf 83' lang='lat' dir='ltr'><strong>regioni</strong></span> <span class='ocrx_word' id='word_1_705' title='bbox 2568 4860 2894 4935; x_wconf 86' lang='lat' dir='ltr'><strong>plurimum</strong></span> <span class='ocrx_word' id='word_1_706' title='bbox 2939 4858 3104 4916; x_wconf 88' lang='lat' dir='ltr'><strong>utilis</strong></span> <span class='ocrx_word' id='word_1_707' title='bbox 3142 4858 3473 4915; x_wconf 87' lang='lat' dir='ltr'><strong>baberetur.</strong></span> <span class='ocrx_word' id='word_1_708' title='bbox 3505 4856 3670 4925; x_wconf 85' lang='lat' dir='ltr'><strong>Quod</strong></span> 
     </span>
     <span class='ocr_line' id='line_1_112' title="bbox 2021 4946 3671 5027; baseline -0.005 -18"><span class='ocrx_word' id='word_1_709' title='bbox 2021 4956 2334 5027; x_wconf 89' lang='lat' dir='ltr'><strong>postquam</strong></span> <span class='ocrx_word' id='word_1_710' title='bbox 2365 4951 2601 5008; x_wconf 90' lang='lat' dir='ltr'><strong>domino</strong></span> <span class='ocrx_word' id='word_1_711' title='bbox 2631 4949 2754 5023; x_wconf 82' lang='lat' dir='ltr'><strong>regi</strong></span> <span class='ocrx_word' id='word_1_712' title='bbox 2803 4948 2923 5005; x_wconf 83' lang='lat' dir='ltr'><strong>flda</strong></span> <span class='ocrx_word' id='word_1_713' title='bbox 2973 4946 3256 5006; x_wconf 88' lang='lat' dir='ltr'><strong>relatione</strong></span> <span class='ocrx_word' id='word_1_714' title='bbox 3301 4950 3671 5019; x_wconf 88' lang='lat' dir='ltr'><strong>compertum</strong></span> 
     </span>
     <span class='ocr_line' id='line_1_113' title="bbox 2019 5034 3661 5115; baseline -0.005 -15"><span class='ocrx_word' id='word_1_715' title='bbox 2019 5049 2127 5109; x_wconf 90' lang='lat' dir='ltr'><strong>est,</strong></span> <span class='ocrx_word' id='word_1_716' title='bbox 2159 5049 2460 5115; x_wconf 82' lang='lat' dir='ltr'><strong>assumpto</strong></span> <span class='ocrx_word' id='word_1_717' title='bbox 2488 5039 2597 5097; x_wconf 83' lang='lat' dir='ltr'><strong>sibi</strong></span> <span class='ocrx_word' id='word_1_718' title='bbox 2629 5038 2866 5095; x_wconf 87' lang='lat' dir='ltr'><strong>domino</strong></span> <span class='ocrx_word' id='word_1_719' title='bbox 2895 5037 3111 5095; x_wconf 89' lang='lat' dir='ltr'><strong>comite</strong></span> <span class='ocrx_word' id='word_1_720' title='bbox 3148 5034 3571 5093; x_wconf 79' lang='lat' dir='ltr'><strong>Fandrensinm</strong></span> <span class='ocrx_word' id='word_1_721' title='bbox 3601 5039 3661 5093; x_wconf 93' lang='lat' dir='ltr'><strong>et</strong></span> 
     </span>
     <span class='ocr_line' id='line_1_114' title="bbox 2021 5122 3674 5203; baseline -0.007 -12"><span class='ocrx_word' id='word_1_722' title='bbox 2021 5132 2350 5191; x_wconf 84' lang='lat' dir='ltr'><strong>convocatis</strong></span> <span class='ocrx_word' id='word_1_723' title='bbox 2387 5129 2545 5203; x_wconf 84' lang='lat' dir='ltr'><strong>regni</strong></span> <span class='ocrx_word' id='word_1_724' title='bbox 2576 5128 2818 5197; x_wconf 86' lang='lat' dir='ltr'><strong>viribus,</strong></span> <span class='ocrx_word' id='word_1_725' title='bbox 2847 5126 2990 5185; x_wconf 87' lang='lat' dir='ltr'><strong>illuc</strong></span> <span class='ocrx_word' id='word_1_726' title='bbox 3018 5142 3154 5184; x_wconf 90' lang='lat' dir='ltr'><strong>cnm</strong></span> <span class='ocrx_word' id='word_1_727' title='bbox 3185 5125 3345 5183; x_wconf 89' lang='lat' dir='ltr'><strong>omni</strong></span> <span class='ocrx_word' id='word_1_728' title='bbox 3377 5122 3674 5181; x_wconf 86' lang='lat' dir='ltr'><strong>eeleritate</strong></span> 
     </span>
     <span class='ocr_line' id='line_1_115' title="bbox 2022 5214 3673 5294; baseline -0.007 -13"><span class='ocrx_word' id='word_1_729' title='bbox 2022 5221 2500 5294; x_wconf 66' lang='lat' dir='ltr'><strong>contendit31am</strong></span> <span class='ocrx_word' id='word_1_730' title='bbox 2549 5218 2703 5277; x_wconf 89' lang='lat' dir='ltr'><strong>enim</strong></span> <span class='ocrx_word' id='word_1_731' title='bbox 2763 5218 2862 5292; x_wconf 87' lang='lat' dir='ltr'><strong>qui</strong></span> <span class='ocrx_word' id='word_1_732' title='bbox 2909 5218 3071 5275; x_wconf 89' lang='lat' dir='ltr'><strong>intus</strong></span> <span class='ocrx_word' id='word_1_733' title='bbox 3118 5220 3305 5285; x_wconf 89' lang='lat' dir='ltr'><strong>erant,</strong></span> <span class='ocrx_word' id='word_1_734' title='bbox 3338 5214 3673 5273; x_wconf 88' lang='lat' dir='ltr'><strong>obsidionis</strong></span> 
     </span>
     <span class='ocr_line' id='line_1_116' title="bbox 2022 5305 3678 5376; baseline -0.005 -7"><span class='ocrx_word' id='word_1_735' title='bbox 2022 5327 2199 5369; x_wconf 87' lang='lat' dir='ltr'><strong>onera</strong></span> <span class='ocrx_word' id='word_1_736' title='bbox 2238 5312 2387 5368; x_wconf 76' lang='lat' dir='ltr'><strong>ferre</strong></span> <span class='ocrx_word' id='word_1_737' title='bbox 2431 5325 2547 5369; x_wconf 91' lang='lat' dir='ltr'><strong>non</strong></span> <span class='ocrx_word' id='word_1_738' title='bbox 2599 5308 2879 5376; x_wconf 82' lang='lat' dir='ltr'><strong>valentes,</strong></span> <span class='ocrx_word' id='word_1_739' title='bbox 2919 5306 3284 5366; x_wconf 89' lang='lat' dir='ltr'><strong>conditiones</strong></span> <span class='ocrx_word' id='word_1_740' title='bbox 3315 5305 3678 5376; x_wconf 85' lang='lat' dir='ltr'><strong>interposue-</strong></span> 
     </span>
     <span class='ocr_line' id='line_1_117' title="bbox 2022 5394 3673 5475; baseline -0.005 -17"><span class='ocrx_word' id='word_1_741' title='bbox 2022 5406 2177 5473; x_wconf 90' lang='lat' dir='ltr'><strong>rant,</strong></span> <span class='ocrx_word' id='word_1_742' title='bbox 2199 5399 2404 5475; x_wconf 89' lang='lat' dir='ltr'><strong>quales</strong></span> <span class='ocrx_word' id='word_1_743' title='bbox 2437 5397 2757 5457; x_wconf 85' lang='lat' dir='ltr'><strong>necessitas</strong></span> <span class='ocrx_word' id='word_1_744' title='bbox 2785 5401 3129 5471; x_wconf 86' lang='lat' dir='ltr'><strong>extorquere</strong></span> <span class='ocrx_word' id='word_1_745' title='bbox 3167 5394 3351 5464; x_wconf 87' lang='lat' dir='ltr'><strong>solet;</strong></span> <span class='ocrx_word' id='word_1_746' title='bbox 3383 5394 3673 5462; x_wconf 83' lang='lat' dir='ltr'><strong>videlieet,</strong></span> 
     </span>
     <span class='ocr_line' id='line_1_118' title="bbox 2024 5483 3675 5564; baseline -0.004 -16"><span class='ocrx_word' id='word_1_747' title='bbox 2024 5492 2178 5564; x_wconf 87' lang='lat' dir='ltr'><strong>quod</strong></span> <span class='ocrx_word' id='word_1_748' title='bbox 2213 5491 2327 5548; x_wconf 84' lang='lat' dir='ltr'><strong>nisi</strong></span> <span class='ocrx_word' id='word_1_749' title='bbox 2355 5489 2508 5548; x_wconf 81' lang='lat' dir='ltr'><strong>intra</strong></span> <span class='ocrx_word' id='word_1_750' title='bbox 2536 5489 2737 5548; x_wconf 88' lang='lat' dir='ltr'><strong>decem</strong></span> <span class='ocrx_word' id='word_1_751' title='bbox 2758 5487 2882 5545; x_wconf 91' lang='lat' dir='ltr'><strong>dies</strong></span> <span class='ocrx_word' id='word_1_752' title='bbox 2903 5488 2988 5547; x_wconf 89' lang='lat' dir='ltr'><strong>eis</strong></span> <span class='ocrx_word' id='word_1_753' title='bbox 3008 5485 3338 5547; x_wconf 86' lang='lat' dir='ltr'><strong>subsidium</strong></span> <span class='ocrx_word' id='word_1_754' title='bbox 3370 5483 3675 5541; x_wconf 85' lang='lat' dir='ltr'><strong>ministra·</strong></span> 
     </span>
     <span class='ocr_line' id='line_1_119' title="bbox 2025 5573 3678 5657; baseline -0.006 -17"><span class='ocrx_word' id='word_1_755' title='bbox 2025 5582 2206 5656; x_wconf 88' lang='lat' dir='ltr'><strong>retur,</strong></span> <span class='ocrx_word' id='word_1_756' title='bbox 2239 5579 2624 5657; x_wconf 81' lang='lat' dir='ltr'><strong>municipium</strong></span> <span class='ocrx_word' id='word_1_757' title='bbox 2647 5593 2756 5655; x_wconf 89' lang='lat' dir='ltr'><strong>pro</strong></span> <span class='ocrx_word' id='word_1_758' title='bbox 2793 5580 2951 5638; x_wconf 84' lang='lat' dir='ltr'><strong>certo</strong></span> <span class='ocrx_word' id='word_1_759' title='bbox 2995 5578 3271 5651; x_wconf 84' lang='lat' dir='ltr'><strong>deinceps</strong></span> <span class='ocrx_word' id='word_1_760' title='bbox 3311 5573 3678 5647; x_wconf 73' lang='lat' dir='ltr'><strong>resignarent</strong></span> 
     </span>
    </p>
   </div>
  </div>
 </body>
</html>
