3784 6000
290 260 395 323 *mi

1344 248 1761 314 GUlLLELMl
1808 248 2192 313 TYRBNSIS
2233 248 2592 314 ARcfflEP.

3577 250 3700 315 752

283 400 404 468 post
448 396 620 452 istam
660 393 912 455 mortem,
944 384 1167 460 probari
1209 383 1403 455 pouit.
1453 384 1554 440 Cui
1586 400 1731 458 ego:
1764 386 1925 443 Assu-
1954 386 2009 454 A
2039 384 2450 458 Hierosolymis
2476 383 2600 441 baec
2630 382 2782 441 facta
2808 389 2970 441 sunt.
2996 384 3063 441 Bt
3083 384 3319 442 tandem
3349 384 3694 447 invenimus

282 486 416 541 mite
443 498 570 553 erqo
595 481 745 538 votis
774 478 939 545 huius
969 475 1209 533 hominis
1238 476 1316 530 sic
1334 474 1517 545 affecti
1539 490 1849 545 personam,
1870 480 1928 533 et

284 578 559 632 tentemus
586 567 795 642 aliquid
823 569 970 623 circa
1017 565 1115 622 hoe
1158 565 1427 621 invenire.
1478 564 1679 630 Placet,
1710 564 1929 637 inquit,

285 660 433 717 Tum
463 672 604 731 ego:
639 656 804 711 Deum
842 654 1052 722 iustum
1099 650 1375 721 confiteris
1419 654 1576 707 esse?
1604 650 1752 707 Tum
1787 651 1927 708 ille:

282 746 430 805 Nihil
459 748 662 810 verius,
704 741 983 813 confiteor.
1033 741 1181 796 Tum
1231 755 1336 813 ego
1375 739 1568 796 :Iusti
1597 747 1782 797 autem
1826 747 1927 812 est,

280 852 383 905 vro
413 836 587 903 bonis,
608 835 769 903 bona,
788 848 887 905 pro
906 829 1067 887 molis
1087 830 1564 902 malajretribuere
1580 838 1608 884 Ρ
1625 831 1772 887 Tum
1795 831 1925 890 ille:

292 926 491 983 Verum
519 931 619 982 est.
654 923 769 996 Ego
795 938 809 977 ε
841 923 906 978 In
934 922 1318 994 praemunita
1339 925 1527 977 autem
1550 935 1660 977 non
1679 920 1741 991 fit
1759 921 1925 978 istud.

284 1017 423 1074 Nam
468 1021 523 1071 et
553 1014 679 1071 boni
710 1012 968 1085 quidam,
1016 1013 1074 1067 in
1120 1010 1378 1082 proesenti
1427 1011 1652 1078 soeculo,
1704 1010 1931 1067 nonnisi

285 1102 567 1162 molestias
604 1104 918 1176 patiuntur,
959 1107 1014 1157 et
1051 1100 1317 1167 adversa,-
1359 1101 1497 1156 mali
1537 1115 1662 1157 vero
1708 1101 1932 1172 quidam

282 1193 552 1267 felicitate
591 1192 830 1263 aaudeut
875 1191 1158 1256 coritiana,
1189 1191 1330 1245 sicut
1359 1205 1551 1246 rerum
1579 1188 1932 1261 quotidiana·

286 1298 416 1341 rum
443 1282 692 1354 exemplu
745 1296 844 1338 nos
889 1279 1130 1337 edocent.
1181 1279 1330 1335 Tum
1378 1277 1512 1335 illes
1567 1278 1783 1337 Certum
1829 1286 1925 1336 est.

287 1373 407 1447 Ego
436 1389 571 1431 vero
600 1369 856 1445 processi
882 1386 894 1425 ε
941 1371 1084 1441 Βνρο
1122 1371 1183 1423 in
1216 1368 1331 1424 atio
1359 1368 1476 1425 vita
1494 1369 1586 1439 fiet
1604 1387 1623 1435 ,·
1645 1372 1776 1441 quia
1822 1385 1931 1427 non

286 1466 463 1537 potest
490 1462 634 1519 Deus
665 1476 775 1518 non
801 1472 915 1516 esse
932 1459 1120 1531 justus
1150 1457 1447 1514 retributor
1463 1474 1488 1524 ,-
1516 1474 1645 1530 erqo
1673 1459 1786 1514 alia
1816 1461 1930 1516 vita

287 1554 394 1611 erit
421 1554 473 1610 et
493 1551 658 1622 huius
683 1548 871 1606 carnis
913 1548 1237 1606 resurrectio
1256 1562 1281 1613 ,·
1326 1547 1386 1602 in
1431 1563 1541 1620 qua
1573 1546 1779 1604 meruit
1808 1551 1932 1620 quis

291 1642 491 1700 bonum
517 1639 611 1698 vel
637 1638 870 1707 matum,
901 1638 962 1694 in
1003 1652 1069 1694 ea
1102 1636 1254 1693 debet
1283 1636 1523 1708 recipere
1559 1638 1851 1710 proemium
1877 1646 1930 1696 et

287 1730 663 1791 remunerari.
695 1728 843 1785 Tum
871 1725 967 1784 ille
993 1744 1005 1783 :
1040 1726 1226 1783 Placet
1252 1742 1420 1798 supra
1439 1726 1667 1783 modum
1685 1744 1705 1793 ,·
1734 1735 1785 1784 et
1813 1743 1928 1785 om·
1961 1743 2010 1811 B

286 1836 413 1879 nem
456 1820 724 1878 detersisti
750 1817 816 1874 de
841 1816 1000 1874 corde
1036 1830 1157 1873 meo
1186 1816 1606 1873 dubitationem.
1640 1817 1740 1872 His
1771 1820 1826 1887 et
1851 1817 1935 1873 si-

288 1906 533 1967 milibus
577 1906 896 1979 plurimum
947 1903 1320 1961 recreabatur
1365 1904 1792 1964 collationibus.
1822 1905 1933 1962 Sed

290 1998 363 2056 ad
396 1995 757 2071 propositum
791 1994 1113 2052 redeamus.
1155 1992 1396 2066 Pinguis
1426 1997 1550 2050 erat
1595 2010 1776 2066 supra
1805 1998 1949 2052 mo-'

295 2088 462 2157 dum,
494 2086 574 2144 ita
600 2088 666 2143 ut
686 2099 848 2141 more
870 2082 1115 2141 femineo
1137 2082 1426 2141 mamillas
1448 2082 1704 2151 haberet,
1727 2084 1932 2156 cingu-

291 2177 352 2236 lo
382 2180 557 2235 tenua
577 2173 976 2249 prominentes
1003 2188 1016 2227 ι
1042 2176 1276 2229 σείεται
1297 2180 1489 2229 autem
1517 2174 1778 2246 corporis
1801 2191 1933 2244 par·

290 2269 403 2339 tes,
448 2280 628 2323 manu
674 2265 930 2319 traxerat
977 2269 1181 2319 natura
1233 2261 1417 2318 laetior
1460 2261 1824 2334 benigniore,
1870 2272 1936 2322 ut

287 2370 402 2415 non
425 2353 612 2413 solum
628 2351 878 2411 mediam
898 2351 1321 2423 protenderent
1337 2356 1719 2422 venustatem,
1743 2370 1936 2410 verum

289 2445 540 2519 quadam
569 2442 888 2518 gauderent
920 2441 1117 2497 rormoe
1138 2441 1538 2514 prerogativa·
1564 2445 1625 2499 ln
1649 2444 1937 2500 sumenda

285 2548 517 2609 quoqne
545 2530 803 2604 corporis
827 2527 1138 2587 refectione
1170 2529 1454 2597 sobrium,
1484 2530 1720 2603 vinique
1752 2532 1935 2589 absti-

284 2619 720 2688 nentissimum,
752 2632 857 2674 nec
891 2615 1114 2673 inimici
1147 2632 1359 2689 negare
1392 2623 1658 2690 possunt.

936 2722 1166 2781 CAPUT
1207 2723 1296 2780 lv.

291 2815 443 2889 Quod
470 2822 771 2889 antequam
784 2820 1167 2880 coronaretur,
1191 2822 1408 2871 coactus
1432 2822 1509 2871 est
1530 2816 1597 2871 ab
1620 2833 1792 2874 uxore
1810 2834 1935 2890 sua,

359 2906 525 2963 quam
553 2896 748 2946 contra
775 2901 957 2943 sacros
984 2884 1221 2942 duxerat
1248 2901 1506 2956 canones,
1537 2887 1825 2946 discedere.

359 2978 621 3054 Denique
667 2976 804 3035 dum
844 2975 1036 3033 adhuc
1075 2974 1256 3032 frater
1282 2975 1410 3048 ejus
1440 2975 1499 3033 in
1531 2978 1705 3035 rebus
1744 2982 1941 3053 ageret

2038 489 2141 546 per
2195 475 2491 531 dominam
2534 473 2936 546 Stephanium,
3006 474 3361 533 abbatissam
3427 477 3694 536 ecclesia

2038 562 2225 619 Marias
2256 564 2496 634 majoris
2543 578 2675 635 quae
2721 561 3138 635 Hierosolymis
3181 572 3315 623 ante
3343 565 3695 639 sepulerum

2041 651 2272 708 Domini
2312 651 2423 707 sita
2444 654 2551 716 est,
2582 668 2717 722 quoe
2749 652 2972 708 domini
3002 650 3276 710 Joscelini
3301 653 3580 726 senioris,
3603 671 3700 713 co·

2038 740 2201 796 mitis
2233 740 2508 797 Edessani
2542 739 2659 796 iilia
2692 740 2818 812 fnit,
2851 757 2917 797 ex
2953 757 3149 799 sorore
3182 741 3401 799 domini
3435 742 3696 816 Rogerii,

2040 827 2143 884 filii
2191 828 2462 885 Richardi
2514 828 2853 885 Antiocheni
2907 828 3210 902 principis,
3261 831 3604 903 religiosam
3645 837 3703 889 et

2036 915 2293 973 nobilem
2326 932 2502 973 carne
2526 923 2584 973 et
2608 917 2868 973 moribus
2895 917 3197 987 feminam,
3218 919 3340 990 jam
3361 926 3498 975 natu
3522 936 3696 993 gran·

2036 1006 2277 1072 daevam,
2312 1006 2411 1062 sed
2449 1006 2782 1062 memoriter
2801 1005 2924 1063 haic
2945 1010 3261 1075 tenentem,
3294 1007 3455 1079 quod
3485 1024 3694 1067 eorum

2037 1095 2335 1167 generatio
2366 1096 2447 1150 sic
2477 1101 2616 1152 erat.
2660 1095 2944 1152 Dominus
2993 1096 3311 1153 Balduinus
3359 1097 3434 1153 de
3477 1097 3696 1172 Burgo,

2037 1182 2333 1240 secundus
2364 1182 2898 1256 Hierosolymorum
2931 1200 3053 1251 rex,
3082 1184 3171 1240 vir
3201 1200 3305 1257 per
3332 1185 3540 1244 omnia
3571 1204 3698 1245 ma-

2037 1272 2290 1345 gnisscus
2320 1273 2415 1341 (de
2459 1273 2629 1344 cujus
2661 1271 2779 1328 vita
2808 1276 2865 1329 et
2894 1273 3179 1343 moribus,
3209 1278 3268 1331 et
3296 1283 3418 1330 tem
3470 1274 3695 1334 dextris

2038 1376 2215 1433 quam
2249 1360 2506 1418 sinistris
2535 1362 2856 1430 eventibus,
2891 1360 3064 1418 latius
3096 1362 3510 1434 disseruimus,
3543 1365 3690 1423 dum

2040 1449 2113 1505 de
2145 1465 2323 1521 regno
2353 1450 2483 1521 ejus
2523 1450 2927 1522 tractaremus)
2957 1455 3016 1507 et
3045 1451 3322 1508 dominus
3352 1451 3698 1512 Joecelinus

2039 1539 2253 1606 senior,
2284 1554 2527 1611 quarum
2574 1555 2837 1596 sororum
2869 1538 2973 1595 filii
3030 1540 3280 1597 fuerant.
3313 1540 3397 1598 De
3452 1542 3697 1600 domino

2038 1625 2320 1684 Balduino
2351 1632 2487 1684 nata
2505 1628 2612 1684 fuit
2644 1627 2967 1686 Milisendis
3000 1629 3238 1700 regina:
3266 1645 3336 1687 ex
3391 1628 3699 1690 Hilisende

2037 1732 2170 1772 vero
2202 1716 2324 1773 nati
2355 1720 2495 1773 sunt
2524 1717 2795 1774 dominus
2817 1716 3138 1775 Balduinns
3167 1717 3401 1788 tertius,
3427 1724 3488 1776 el.
3513 1720 3706 1778 domi-

2046 1822 2156 1861 nus
2191 1806 2521 1863 Amuli-icus
2566 1822 2750 1879 reges.
2809 1808 2953 1865 Item
2985 1824 3054 1864 ex
3101 1807 3339 1866 domino
3395 1808 3696 1869 Joseeuno

2043 1895 2269 1951 seniore
2296 1890 2623 1953 joscelinus
2643 1896 2864 1968 ,iunium
2895 1912 2964 1952 ex
2987 1913 3103 1967 quo
3161 1898 3436 1968 praedicta
3495 1903 3694 1972 Agnes

2043 1983 2355 2051 comitissa,
2412 1984 2633 2041 domini
2664 1984 2937 2041 Amalrici
2969 1985 3040 2042 de
3082 1986 3252 2056 facto,
3285 2002 3402 2044 non
3434 1988 3510 2045 de
3533 1989 3690 2060 jure,

2042 2089 2224 2141 ux0r;
2257 2079 2311 2128 et
2344 2074 2549 2130 tertius
2595 2072 2947 2143 Joscelinus,
2990 2089 3145 2130 nune
3175 2073 3365 2148 regins
3394 2077 3695 2134 senescal-

2042 2178 2167 2228 cus,
2197 2167 2253 2218 et
2305 2161 2527 2219 domini
2563 2162 2716 2235 regis
2767 2161 3057 2232 Balduini,
3088 2162 3189 2235 qui
3246 2164 3424 2221 hodie
3463 2170 3689 2239 regnat.

2043 2248 2387 2318 avunculus,
2414 2252 2532 2306 nati
2556 2254 2715 2308 sunt.
2742 2248 2942 2320 Porro,
2964 2248 3202 2309 domino
3234 2251 3532 2310 Amalrico
3556 2270 3687 2329 rege

2041 2340 2260 2410 absque
2284 2339 2557 2411 conjugio
2587 2339 2775 2395 adhuc
2806 2347 3230 2412 perseverante,
3253 2340 3353 2396 illa
3373 2342 3575 2400 statim
3595 2361 3683 2400 no·

2042 2428 2148 2485 bili
2178 2434 2236 2484 et
2278 2428 2588 2500 magnifico
2633 2428 2755 2485 viro
2793 2429 3031 2485 domino
3063 2428 3291 2502 Hugoni
3342 2430 3414 2485 de
3463 2431 3683 2503 lbelim,

2043 2517 2291 2574 senioris
2316 2517 2536 2573 Baliani
2553 2516 2692 2584 illio,
2715 2517 2984 2575 Balduini
3006 2517 3370 2576 Ramatenais
3391 2520 3514 2593 (qui
3538 2538 3686 2579 nnnc

2045 2605 2380 2676 proedictam
2415 2607 2637 2675 urbem,
2674 2610 2802 2679 post
2831 2606 3069 2663 fratrem
3103 2608 3230 2664 sine
3258 2606 3463 2667 liberis
3494 2611 3688 2668 deiun-

2045 2697 2229 2763 ctum,
2254 2694 2534 2765 possidet)
2564 2697 2621 2751 et
2650 2693 2870 2750 Baliani
2895 2694 3174 2767 junioris,
3199 2695 3295 2766 qui
3327 2696 3567 2754 viduam
3594 2698 3687 2754 do·

2047 2783 2193 2839 mini
2224 2783 2502 2839 Amalrici
2550 2784 2703 2855 regis
2751 2784 2923 2841 hodie
2971 2783 3145 2840 habet
3190 2799 3459 2855 uxorem,
3509 2787 3685 2858 fratri,

2046 2873 2261 2946 copula
2286 2873 2599 2944 conjuncta
2627 2876 2717 2930 est
2742 2873 3011 2931 maritali.
3043 2873 3239 2946 quue
3270 2874 3571 2946 defuncto,
3591 2877 3687 2933 do·

2049 2963 2210 3021 mino
2239 2963 2527 3020 amalrico
2575 2963 2767 3020 adhuc
2816 2963 3153 3035 superstite,
3185 2962 3341 3034 apud
3385 2964 3682 3023 dominum

291 3065 657 3137 liumanis,et
679 3079 930 3138 regnum
954 3062 1199 3120 feliciter
1219 3063 1936 3136 administraret,uxorem
2051 3053 2394 3110 Ruinaldum
2438 3052 2864 3124 Βῑᾶῡῦῑθῦὓθω,
2912 3053 3133 3109 domini
3182 3053 3425 3111 Gertrdff
3479 3055 3684 3120 fllium.

287 3156 456 3214 duxit
483 3157 782 3228 agnetem,
803 3151 1077 3210 loscelini
1103 3151 1357 3223 Juniorie
1396 3153 1628 3212 comitis
1662 3155 1939 3214 edessani
1968 3119 2013 3186 C
2053 3145 2253 3202 eadem
2287 3143 2588 3200 allectione
2619 3159 2681 3199 se
2711 3142 2990 3211 eontulit:
3027 3158 3157 3199 eum
3192 3160 3308 3216 quo
3339 3144 3542 3203 minus
3568 3145 3684 3202 liei·

288 3245 496 3312 t'utam,
544 3259 611 3302 ea
661 3259 779 3316 qua
843 3240 1068 3298 vivente
1136 3240 1335 3304 tratre,
1405 3241 1625 3314 prolem
1683 3244 1943 3318 suscepit

287 3331 604 3406 geminam,
620 3329 807 3390 illium
827 3329 1097 3387 videlicet
1110 3329 1481 3397 Balduinum,
1500 3348 1671 3404 quem
1699 3338 1942 3402 patruus

285 3423 356 3480 de
386 3435 551 3480 sacro
599 3421 758 3479 sonte
807 3419 1084 3492 suscepit,
1135 3423 1196 3475 et
1242 3418 1421 3476 liliam
1472 3425 1614 3478 natu
1665 3421 1938 3494 priorem,

282 3511 518 3572 nemine
563 3507 871 3584 sybillam,
926 3507 1238 3565 comitissas
1288 3508 1684 3579 Flsndrensis,
1717 3512 1938 3569 sororis

286 3601 617 3673 utriusque,
644 3598 1026 3671 aiquivocam.
1049 3596 1210 3654 Hanc
1234 3600 1427 3654 tamen
1452 3615 1705 3666 uxorem,
1728 3600 1940 3658 desun-

281 3695 377 3748 eto
396 3690 515 3762 jam
541 3687 746 3756 fratre,
780 3687 921 3744 dum
945 3701 1188 3760 regnum
1222 3687 1290 3742 ad
1325 3702 1387 3743 se
1414 3687 1541 3758 jure
1570 3687 1938 3746 haereditario

279 3778 617 3836 devolutum
648 3775 993 3846 vindicaret,
1019 3779 1253 3832 coactus
1273 3782 1361 3831 est
1382 3775 1670 3846 abjurare.
1708 3781 1856 3835 Nam
1880 3782 1940 3835 et

284 3870 341 3926 ln
373 3867 540 3924 initio
569 3867 711 3924 dum
742 3880 872 3923 eam
898 3864 1186 3932 duxisset,
1216 3862 1396 3921 invito
1422 3865 1662 3922 domino
1696 3868 1941 3939 patriar·

280 3956 392 4015 cha
434 3954 714 4013 Pulchero
770 3954 938 4010 bonai
1006 3954 1316 4018 memoriis,
1368 3960 1427 4009 et
1473 3955 1935 4026 contradicente,

282 4047 391 4103 sibi
435 4060 564 4103 eam
612 4043 988 4102 matrimonio
1036 4043 1375 4117 copulavit:
1418 4060 1484 4101 eo
1527 4046 1682 4117 qnod
1728 4052 1938 4118 quarto

281 4131 816 4206 consanguinitatis
872 4131 1056 4202 gradu
1101 4147 1166 4188 se
1215 4132 1561 4189 dicebantur
1602 4137 1939 4208 contingere

279 4221 433 4278 sicut
463 4225 663 4292 postea
696 4219 756 4275 ln
790 4217 935 4275 l'acie
958 4217 1231 4276 Ecclesia!
1282 4236 1383 4290 per
1428 4236 1767 4280 communes
1796 4241 1933 4280 con-

282 4309 640 4382 sanguineos
688 4305 1030 4365 solemniter
1061 4311 1149 4363 est
1180 4309 1509 4379 probatum.
1542 4310 1936 4370 Prinsentibus

280 4398 439 4456 enim
460 4397 699 4456 domino
728 4393 1042 4464 Amalrico‚
1067 4396 1229 4455 bone
1254 4401 1546 4456 memorias
1580 4403 1930 4472 patriarcha,

2048 3238 2195 3299 tum,
2230 3249 2406 3306 quam
2438 3250 2570 3289 cum
2620 3233 2856 3289 domino
2899 3232 3188 3290 Amalrico
3237 3232 3424 3305 prius,
3476 3234 3683 3293 dicitnr

2046 3322 2258 3379 habere
2305 3322 2778 3378 contubernium.
2827 3320 2974 3377 Nam
3006 3322 3317 3394 praedictus
3366 3326 3534 3396 pater
3559 3325 3682 3397 ejus

2045 3413 2322 3469 dominus
2359 3411 2652 3469 Gerar-dus
2681 3415 2965 3483 tanquam
2997 3411 3304 3485 utriusque
3333 3414 3679 3487 consangni-

2043 3517 2191 3558 neus
2235 3502 2414 3575 (sicut
2460 3506 2516 3558 et
2563 3517 2666 3572 pro
2713 3503 2870 3556 certo
2912 3500 3058 3573 erat)
3111 3500 3680 3574 consanguinitatem

2041 3591 2195 3647 inter
2253 3590 2525 3663 predicta
2582 3606 2858 3663 personas
2895 3605 3040 3656 esse,
3107 3590 3259 3646 sicut
3295 3606 3330 3646 a
3366 3591 3685 3663 majoribus

2043 3680 2166 3736 suis
2198 3681 2482 3751 andierat,
2515 3682 2744 3751 proprio
2769 3680 2903 3750 jure
2926 3679 3176 3751 jurando
3207 3679 3504 3737 firmavit:
3536 3680 3685 3738 unde

2040 3773 2098 3825 et
2127 3773 2388 3825 secutum
2425 3769 2532 3825 suit
2561 3769 2898 3839 divortium,
2933 3776 2990 3825 nt
3022 3769 3386 3842 praelibatum
3419 3775 3532 3828 est.

2695 3913 2925 3971 CAPUT
2965 3917 3034 3971 V.

2039 4042 2153 4098 Rex
2190 4041 2247 4095 in
2297 4042 2598 4112 ,egyptum
2641 4038 2918 4095 deseendit
2945 4056 2969 4105 ,·
3011 4054 3136 4095 cum
3183 4038 3408 4110 Derane
3455 4040 3679 4098 soldano

2105 4129 2300 4186 pugna
2345 4113 2723 4167 committitur.
2775 4110 2948 4166 Snvar
2998 4111 3338 4181 syrac-onum
3377 4113 3676 4168 introducit

2109 4187 2166 4240 in
2197 4185 2496 4254 AEqypium
2525 4200 2547 4247 ,·
2577 4183 2802 4254 Darqnn
2831 4181 2904 4239 ad
2929 4199 3130 4253 reqern,
3159 4199 3350 4256 pacem
3369 4185 3676 4256 postulans,

2113 4255 2321 4326 leontos
2348 4254 2560 4324 diriqie.

2111 4400 2466 4457 Confi-:mato
2495 4398 2681 4473 igitur
2708 4398 2946 4456 domino
2960 4398 3252 4455 Amalrico
3269 4397 3327 4455 in
3349 4400 3520 4472 regni
3539 4399 3679 4457 sollo

279 4485 515 4546 «lumino
581 4500 811 4560 quoque
876 4483 1121 4552 Joannc,
1189 4495 1519 4544 sanctorum
1569 4488 1816 4550 Joannis
1872 4501 1927 4550 et
1962 4468 2009 4532 D
2038 4492 2230 4565 primo
2259 4490 2388 4561 ejus
2439 4489 2600 4561 regni
2643 4503 2819 4556 anno,
2867 4488 3218 4561 negantibus
3263 4487 3543 4560 AEgyptiia
3569 4503 3676 4545 an·

284 4577 446 4636 Pauli
490 4576 827 4651 presbytero
896 4576 1209 4645 cardinale,
1266 4583 1323 4634 et
1373 4580 1705 4652 apostolicas
1773 4584 1928 4640 sedis

277 4668 492 4740 legato,
512 4666 683 4739 Juxta
702 4665 860 4738 jnrls
890 4665 1265 4724 ecclesiastici
1298 4667 1755 4740 solemnitatem,
1786 4689 1928 4729 con-

274 4755 617 4830 sanguineis
656 4756 964 4827 utriusque
998 4757 1377 4828 corporaliter
1409 4758 1731 4827 iuramenta
1776 4779 1922 4834 pra·-

272 4845 569 4904 atantibus
594 4850 653 4904 et
680 4846 1150 4905 asseverantibus
1198 4851 1281 4904 sic
1328 4864 1479 4910 csse.
1512 4855 1574 4905 ut
1602 4851 1922 4925 dicebatur,

274 4935 694 4994 interveniente
726 4936 999 5002 divortio,
1040 4938 1303 4994 solutum
1343 4945 1427 4994 cst
1461 4940 1921 5000 matrimonium.

266 5025 385 5082 llos
414 5026 612 5083 addito
640 5031 860 5090 tamen,
912 5031 975 5082 nt
1022 5027 1122 5099 qui
1152 5041 1223 5082 ex
1264 5029 1549 5084 ambobus
1579 5029 1698 5086 nati
1730 5037 1917 5095 erant.

266 5115 511 5189 legitimi
537 5115 891 5174 haberentur
919 5123 971 5173 et
996 5117 1055 5172 in
1080 5118 1231 5174 bona
1262 5131 1497 5189 paterna
1524 5121 1918 5180 successionis

268 5207 621 5280 plenumlus
638 5205 991 5263 obtinerent.
1010 5207 1399 5271 Quasivimus
1423 5223 1563 5264 sane
1592 5225 1697 5266 nos
1718 5214 1921 5281 post-*a

262 5297 596 5370 diligenter,
628 5301 907 5368 tanquam
938 5295 1087 5352 cim-2
1116 5295 1257 5352 tal²a
1284 5297 1523 5358 curiosi.
1563 5305 1743 5371 quoto
1770 5317 1918 5360 con-

260 5385 679 5456 sanguinitatis
706 5387 891 5458 gcadn
912 5385 1399 5458 sec-intingerent
1427 5403 1441 5448 ς
1475 5388 1616 5459 quia
1648 5391 1911 5448 nondum

260 5473 335 5528 de
364 5473 579 5530 scholis
606 5475 991 5540 redieramus,
1010 5473 1115 5530 scd
1149 5481 1317 5530 trans
1338 5491 1495 5532 mace
1515 5476 1727 5538 adhuc.
1760 5479 1920 5538 circa

258 5557 591 5624 liberaliam
648 5563 867 5622 artium
934 5563 1339 5620 detinebamur
1377 5563 1601 5630 stadia,
1670 5565 1914 5638 qnando

2036 4596 2212 4637 naam
2231 4579 2436 4636 tributi
2451 4578 2790 4651 pensionem
2806 4578 3151 4651 persolvere,
3163 4593 3342 4652 qnam
3354 4578 3678 4636 cumfratre

2035 4687 2144 4727 suo
2179 4671 2553 4743 pepigerant:
2604 4668 2966 4740 congregatis
3009 4665 3357 4725 militaribus
3383 4667 3594 4740 copiis,
3621 4671 3676 4725 et

2033 4758 2287 4818 exercitu
2301 4756 3226 4831 copioso,Kal.Septembrismann
3241 4755 3374 4813 sorti
3385 4756 3680 4814 descendit

2035 4849 2098 4905 in
2116 4851 2457 4921 ‚Egyptum;
2481 4845 2582 4902 nbi
2603 4861 2736 4903 cum
2758 4846 3068 4903 innumera
3089 4845 3469 4903 multitudine
3485 4861 3677 4903 occur·

2031 4938 2236 5008 rens‚ei
2261 4936 2422 5008 rcgni
2441 4937 2603 4992 illins
2626 4940 2988 5008 procurator,
3009 4937 3110 5007 qni
3131 4934 3336 5008 lingua
3351 4950 3553 4993 eornm
3571 4934 3679 4992 sol·

2033 5027 2470 5092 danusdicitur,
2489 5027 2711 5084 Darean
2725 5026 2981 5096 nomine,
2997 5028 3152 5083 circa
3165 5027 3540 5098 AEgyptnmin
3551 5025 3677 5083 soli·

2033 5119 2233 5175 tudine
2253 5132 2388 5173 cum
2407 5133 2474 5173 eo
2491 5119 2760 5190 congredi
2777 5134 2891 5173 non
2905 5123 2994 5174 est
3015 5120 3257 5178 veritus:
3277 5121 3672 5173 verumtamen

2033 5214 2369 5265 nostrorum
2403 5207 2656 5278 impetus
2681 5223 2802 5262 non
2831 5206 3032 5264 valens
3057 5207 3368 5272 sustinere,
3411 5206 3674 5280 plurimis

2031 5312 2270 5354 suorum
2293 5296 2636 5362 interfectis,
2659 5296 2849 5368 captis
2869 5297 3194 5367 nonnullis,
3215 5296 3274 5352 in
3299 5295 3496 5367 fugam
3527 5311 3678 5354 enm·

2031 5389 2264 5460 pulsus,
2309 5386 2368 5442 in
2403 5387 2607 5442 urbem
2658 5389 3012 5459 proximam,
3061 5402 3192 5461 qna
3234 5386 3444 5459 lingna
3481 5400 3674 5444 eornm

2029 5475 2260 5532 Belbeis
2283 5475 2518 5542 dicitur,
2549 5492 2682 5533 cum
2705 5477 2940 5534 residuo
2957 5484 3198 5534 coactns
3215 5484 3306 5533 eet
3323 5490 3388 5532 se
3409 5475 3675 5548 recipere.

2031 5565 2332 5623 Timentes
2357 5569 2557 5623 antem
2597 5565 2874 5641 AEgyptii,
2903 5583 2978 5626 ne
3003 5567 3284 5626 dominas
3313 5581 3418 5624 rex
3443 5581 3516 5625 en
3539 5579 3678 5624 eon-
