3784 6000
660 250 868 317 msr.
912 248 1196 313 RERUM
1238 251 1770 316 TRANSMARIN.
1814 287 1897 303 -
1938 253 2079 318 LtB.
2127 251 2291 318 xnt.
2336 251 2790 316 BALDUINUS
2832 253 2888 315 11
2933 252 3118 317 REX.

3469 256 3589 321 570

171 395 287 459 ret,
320 388 708 462 municipium
737 388 1031 461 quoddam
1065 404 1179 447 non
1213 389 1411 465 magni
1441 389 1823 451 nominisvio-
1854 391 1910 459 Α
1940 390 2050 446 dus
2107 389 2471 458 adolescens,
2518 387 2685 460 quasi
2744 403 3032 444 annorum
3083 388 3281 446 decem
3341 394 3399 447 et
3439 400 3589 461 octo,

170 483 362 539 lenter
388 486 646 552 ceperat,
700 477 758 533 in
780 494 890 549 quo
941 479 1316 539 mulierculas
1364 483 1650 554 quasdam
1700 499 1834 540 cum

174 570 379 627 liboris
411 569 538 626 suis
568 568 953 638 captivaverat
976 584 1139 637 ;narn
1176 569 1281 625 viri
1314 570 1483 642 quiin
1505 572 1709 628 eodem
1732 573 1835 628 ob·

176 660 327 717 sessi
358 659 615 716 fuerant.
647 672 783 713 cum
806 656 997 714 multa
1032 658 1378 716 difficultate
1424 664 1481 716 et
1530 661 1835 747 periculis⁹

176 764 382 807 eorum
414 752 959 813 manusevaserant,
978 749 1255 804 malentes
1277 749 1388 805 sihi
1431 750 1683 808 salutem
1705 751 1838 824 luga

178 838 455 910 reperire,
504 851 683 908 quam
740 850 871 891 cum
931 837 1211 892 uxoribus
1268 843 1325 893 et
1378 838 1577 896 liberis
1631 839 1834 896 eodem

182 925 543 999 captivitatis
565 926 711 996 jugo
736 924 1150 981 miserabiliter
1182 926 1418 982 involvi.
1451 928 1833 985 Postmodum

182 1023 383 1073 autem
400 1012 944 1087 praedictusimpius
957 1023 1010 1070 et
1034 1015 1460 1072 maledictionis
1483 1017 1664 1074 haeres
1691 1019 1834 1075 Bur·

182 1104 475 1176 sequiaus
505 1118 541 1158 a
569 1102 907 1158 domesticis
953 1108 1011 1158 et
1047 1102 1434 1161 familiaribus
1476 1106 1599 1162 suis
1625 1108 1835 1179 gladiis

181 1193 517 1257 confossus,
564 1190 802 1258 interiit,
865 1191 1255 1263 nequitiarum
1301 1210 1539 1250 suarum
1608 1196 1835 1252 semina

184 1283 231 1338 si
259 1280 365 1337 nul
395 1287 449 1337 ct
484 1279 1066 1351 fructusimpietatis,
1100 1297 1271 1352 opere
1312 1298 1420 1339 suo
1470 1284 1830 1356 recolligens.

258 1373 336 1426 At
363 1385 503 1427 vero
523 1369 664 1425 dum
697 1368 820 1425 hoec
846 1376 1131 1440 geruntur
1159 1369 1219 1426 in
1252 1371 1516 1443 partibus
1534 1373 1837 1430 Antioche·

183 1462 297 1522 nis.
330 1458 545 1516 classis
574 1459 866 1531 AEgyptia,
898 1459 1049 1516 sicut
1065 1467 1119 1516 et
1149 1461 1594 1531 praenuntiatum
1629 1464 1831 1531 suerat,

183 1547 373 1622 galeis
402 1547 603 1620 viginti
635 1552 884 1618 quatuor
913 1547 1240 1605 universam
1272 1565 1431 1606 oram
1474 1550 1832 1607 maritimam

184 1637 835 1710 perlustrantes,usque
863 1637 935 1692 ad
963 1639 1162 1693 urbem
1194 1639 1565 1712 Berytensem
1597 1641 1834 1697 descen-

186 1727 424 1791 derunt.
457 1725 817 1797 explorantes
846 1725 1116 1793 sollicite,
1148 1729 1196 1782 si
1223 1730 1362 1800 quid
1394 1729 1454 1784 in
1495 1729 1692 1804 aliqua
1722 1748 1834 1789 no·

1943 478 2138 536 formes
2169 482 2471 535 venustate
2503 477 2877 550 conspicuuS,
2923 494 3202 550 procerus
3250 481 3589 553 admodum,

1942 567 2102 624 crine
2133 567 2297 634 ssavo,
2322 566 2483 622 vultu
2510 566 2829 631 favorabili,
2863 574 2918 623 et
2955 568 3057 638 qui
3094 583 3222 625 vere
3238 572 3591 644 principem,

1943 655 2117 712 etiam
2151 656 2579 729 ignorantibus,
2614 656 2934 727 indicaret;
2967 674 3235 714 sermone
3278 664 3500 732 gratus,
3534 666 3592 719 et

1942 745 2042 816 qui
2074 745 2244 800 verbo
2278 743 2644 801 audientium
2678 744 2905 800 animos
2931 745 3096 800 facile
3152 745 3265 800 eibi
3303 747 3590 804 concilia-

1944 838 2028 890 ret
2055 851 2069 900 ;
2100 832 2356 888 liberalis
2389 833 2723 904 plurimum,
2762 838 2821 886 et
2869 847 3027 888 more
3076 833 3256 905 patris
3301 850 3432 891 vere
3466 852 3590 893 ma·

1942 922 2191 993 gnificus
2218 942 2237 984 ‚-
2271 923 2593 978 secundutn
2625 936 2858 976 carnem
2883 920 3029 976 nulli
3063 923 3395 979 mortalium
3427 925 3589 983 nobi-

1943 1009 2104 1066 litate
2158 1015 2489 1077 secundus3
2542 1010 2755 1080 quippe
2802 1010 2896 1065 cui
2947 1010 3323 1067 Boamundus
3372 1014 3583 1086 senior,

1942 1101 2163 1157 domini
2195 1101 2425 1158 Roberti
2456 1099 2797 1156 Guischardi
2846 1099 3088 1157 illustris
3117 1106 3173 1158 et
3232 1118 3332 1173 per
3378 1104 3586 1163 saecula

1942 1189 2048 1244 viri
2069 1189 2461 1246 memorabilis
2493 1189 2649 1244 [ilius
2667 1198 2825 1260 pater
2854 1194 3012 1258 erat3
3050 1196 3232 1246 mater
3261 1208 3413 1262 vero,
3451 1209 3586 1265 spe·

1942 1278 2173 1334 ctabilis
2203 1287 2258 1334 et
2296 1278 2667 1334 nobilissima
2709 1277 2859 1334 inter
2906 1278 3164 1335 illustres
3227 1280 3584 1351 Constantia,

1941 1364 2277 1422 excellentis
2322 1365 2477 1438 regis
2511 1365 2862 1421 Francorum
2931 1364 3181 1437 Philippi
3239 1366 3482 1424 filia.Cel
3526 1384 3585 1424 e-

1940 1456 2317 1528 bratisigitur
2346 1455 2416 1510 de
2445 1455 2848 1528 moreruptiis‚
2880 1455 3071 1511 ettilia
3085 1457 3236 1528 apud
3279 1457 3584 1515 dominum

1940 1546 2262 1618 principem
2296 1545 2420 1616 lege
2442 1543 2734 1616 conjugali
2779 1543 3115 1600 solemniter
3157 1544 3455 1615 collocata,
3489 1562 3586 1603 rex

1942 1633 2422 1705 Hierosolymam,
2501 1634 2695 1689 oneris
2772 1633 2989 1702 majore
3072 1637 3234 1704 parte
3302 1635 3585 1706 deposita,

1942 1738 2144 1793 sospes
2170 1729 2227 1777 et
2266 1721 2580 1778 incolumis
2628 1736 2894 1777 reversus
2950 1725 3059 1777 est.
3113 1722 3395 1779 Dominus
3447 1740 3582 1781 vero

182 1822 442 1871 strarum
458 1815 691 1870 urbium
705 1814 906 1870 damni
925 1820 1165 1888 possent
1187 1817 1442 1890 irrogare
1465 1838 1481 1888 ς
1508 1823 1834 1894 autsiquos
1866 1785 1913 1850 B
1942 1813 2317 1869 Boatnundus
2349 1811 2756 1883 verssssflqussnti
2780 1812 3061 1884 oppidum
3083 1812 3393 1883 Cal'ardan,
3425 1815 3581 1886 quod

182 1902 333 1959 forte
371 1903 605 1959 incaute
653 1911 1049 1976 proeteruntes‚
1101 1906 1186 1961 vel
1235 1909 1574 1965 accedentes
1618 1909 1674 1965 in
1727 1911 1832 1985 Sy-

182 1993 360 2060 riam,
392 2007 465 2047 ex
487 1992 822 2064 improvisu,
852 1995 1023 2066 quasi
1053 1995 1126 2051 de
1156 1995 1381 2052 insidiis
1424 1999 1664 2069 egressi,
1700 2016 1834 2069 pos·

177 2089 308 2138 sent
337 2096 626 2152 occupare
649 2099 664 2150 ;
688 2081 924 2138 tandem
955 2099 1087 2140 vero
1120 2090 1291 2155 potus
1337 2084 1536 2159 inopia
1564 2085 1833 2144 laboran-

178 2174 293 2239 tes,
324 2169 461 2227 sitis
487 2172 831 2228 necessitate
858 2172 1162 2244 compulsi,
1197 2182 1259 2229 ut
1303 2192 1491 2248 aquas
1534 2176 1831 2250 hauriant,

182 2259 254 2316 ad
311 2265 528 2316 terram
575 2276 745 2316 secus
806 2259 1028 2317 fluenta
1085 2264 1513 2320 descenderunt
1543 2283 1559 2323 ε
1617 2269 1832 2339 quibus

181 2363 499 2404 occurrens
529 2348 774 2420 populus
805 2349 1058 2406 civitatis
1099 2368 1233 2408 cum
1289 2355 1644 2425 quibusdam
1677 2358 1831 2427 aliis,

180 2436 283 2509 qui
314 2437 389 2493 de
422 2435 684 2493 finitimis
702 2439 947 2495 urbibus
963 2440 1032 2494 ad
1060 2456 1261 2496 corum
1285 2449 1678 2501 convenerant
1695 2448 1833 2502 sub-

180 2526 431 2591 sidium,
462 2525 534 2582 ab
567 2526 736 2598 aquis
781 2542 882 2583 eos
930 2528 1209 2585 violenter
1257 2531 1617 2603 repulerunt,
1667 2550 1834 2606 aquae

184 2630 367 2672 usum
382 2615 622 2672 omnino
635 2616 1095 2675 contradicentes
1113 2635 1126 2686 ;
1155 2619 1256 2674 sed
1271 2626 1330 2676 et
1348 2624 1528 2679 armis
1550 2625 1834 2681 instantes

186 2704 542 2772 animosius,
581 2705 641 2760 in
674 2722 849 2762 naves
870 2721 969 2763 eos
998 2707 1277 2764 violenter
1307 2711 1715 2784 compulerunt
1746 2730 1833 2770 re-

186 2794 337 2864 dire,
369 2797 604 2850 centum
636 2797 694 2851 et
722 2795 959 2866 triginta
1003 2813 1072 2853 ex
1101 2795 1184 2852 eis
1237 2798 1432 2870 gladio
1491 2804 1831 2876 peremptis.

811 2901 1044 2958 CAPUT
1069 2902 1220 2961 xxt.

182 2988 548 3046 Boumandus
575 2989 769 3059 iunior
790 2991 1139 3049 Antiochiam
1176 2997 1458 3064 pervenit,-
1501 3015 1602 3057 rex
1628 3010 1682 3058 ee
1730 3011 1838 3059 ter-

256 3069 386 3117 ram·
409 3076 569 3117 ruam
617 3063 890 3126 restituit:
944 3064 1065 3136 filia
1110 3082 1210 3123 saa
1274 3070 1430 3126 Ratis
1482 3075 1723 3142 nomine,
1774 3075 1836 3131 in

256 3132 662 3190 uxorerndata.

258 3245 555 3298 Automno
584 3246 886 3315 sequente,
921 3245 1193 3303 dominus
1215 3248 1826 3323 Boamundusjunior,

177 3330 412 3387 domini
446 3330 768 3387 Boamundi
799 3333 1047 3390 senioris
1079 3335 1258 3407 filius,
1278 3338 1545 3410 princeps
1567 3342 1833 3399 Tarenti-

179 3436 322 3488 nus,
347 3418 491 3477 inito
523 3425 691 3493 pacto
721 3426 778 3478 et
799 3423 1119 3496 composito
1160 3426 1371 3484 foedere
1412 3445 1547 3486 cum
1594 3432 1832 3490 domino

177 3507 497 3563 Guillelmo
530 3510 674 3565 duce
703 3511 925 3582 Apuliae
958 3521 1160 3583 patruo
1190 3531 1319 3583 suo,
1351 3516 1425 3572 de
1471 3518 1667 3576 futura
1698 3536 1832 3576 suc-

180 3598 472 3666 cessione,
505 3596 775 3655 videlicet
802 3599 928 3669 tali,
978 3606 1039 3657 ut
1080 3606 1208 3658 uter
1254 3619 1454 3662 eorum
1504 3608 1661 3678 prior
1718 3610 1835 3666 vita

184 3686 517 3756 decederet,
549 3686 695 3743 alter
722 3688 774 3744 ei
806 3692 1140 3747 succederet
1169 3692 1228 3746 in
1252 3693 1589 3753 universum
1624 3714 1639 3753 :
1673 3715 1835 3771 para-

186 3778 267 3833 tis
300 3777 569 3845 navibus,
618 3779 796 3851 galeis
844 3780 1112 3838 videlicet
1167 3783 1390 3852 decem,
1419 3792 1479 3845 et
1524 3789 1832 3847 duodecim

187 3866 330 3922 aliis
376 3868 447 3923 ad
496 3868 759 3926 sarcinas
809 3875 867 3927 et
912 3869 1334 3943 impedimenta
1382 3875 1739 3946 devehenda,
1779 3884 1836 3937 et

187 3971 357 4012 arma
398 3956 573 4013 simul
605 3966 661 4013 et
698 3958 970 4016 victualia
1018 3961 1421 4020 transferenda
1465 3968 1834 4039 opportunis,

187 4046 379 4102 iterio
408 4046 631 4119 Syriam
665 4047 879 4120 dirigit,
902 4051 972 4105 de
1003 4051 1224 4107 domini
1255 4055 1409 4126 regis
1452 4055 1565 4112 ssde
1615 4073 1834 4130 praesu-

190 4151 384 4204 mens,
416 4140 482 4192 ut
509 4136 561 4193 ei
591 4138 941 4208 advenienti,
973 4143 1030 4195 et
1062 4149 1354 4211 paternam
1379 4147 1704 4217 reposcenti
1729 4146 1841 4203 hae·

190 4224 492 4282 reditatem
526 4243 641 4283 non
673 4233 927 4299 negaret.
961 4230 1300 4288 Advenienti
1356 4233 1550 4304 igitur,
1600 4241 1658 4292 et
1687 4238 1838 4295 infra

188 4313 393 4370 fauces
422 4314 657 4371 Orontis
687 4315 952 4373 fluminis
982 4317 1169 4375 classe
1191 4320 1315 4389 jam
1348 4321 1406 4378 in
1438 4327 1563 4380 tuto
1605 4332 1838 4398 recepta

189 4411 501 4475 postquam
530 4403 766 4460 domino
798 4407 916 4478 regi
944 4413 1301 4478 compertum
1320 4415 1429 4476 est,
1458 4428 1589 4468 cum
1606 4430 1839 4486 magna-

1944 1901 2168 1972 aliquot
2196 1905 2331 1957 ante
2360 1902 2555 1970 annis,
2590 1900 2785 1956 hostes
2816 1900 2877 1957 in
2923 1917 3096 1956 manu
3146 1901 3278 1957 torti
3311 1902 3422 1957 sibi
3460 1903 3582 1959 vio-

1943 1992 2127 2047 lenter
2154 1990 2630 2062 subjugaverant,
2662 1991 2988 2045 convocatis
3020 2005 3085 2045 ex
3103 1991 3371 2046 universo
3423 1991 3584 2064 prin·

1942 2083 2133 2155 cipatu
2164 2080 2520 2138 militaribus
2540 2080 2722 2150 copiis
2751 2084 2808 2134 et
2838 2078 3119 2135 machinis
3167 2079 3238 2135 ad
3271 2080 3585 2152 impugna-

1944 2172 2154 2229 tionem
2201 2169 2597 2243 praesidiorum
2633 2169 2971 2226 necessariis
3027 2185 3127 2241 per
3168 2184 3405 2240 operam
3450 2169 3585 2225 arti·

1945 2264 2114 2321 ficum
2147 2261 2500 2330 fabrefactis,
2521 2267 2782 2318 castrum
2813 2259 3076 2329 obsidet;
3110 2264 3166 2317 et
3190 2261 3416 2317 modico
3442 2268 3583 2318 tem·

1943 2352 2099 2425 poris
2121 2351 2423 2409 intervallo
2445 2351 2721 2407 violenter
2742 2356 3135 2422 expugnatum
3170 2349 3407 2421 recepit,
3433 2349 3580 2407 nulil

1942 2458 2183 2516 parcens
2212 2458 2415 2498 eorum
2447 2457 2592 2513 quos
2622 2441 2782 2495 intus
2803 2439 3261 2511 comprehendit,
3313 2439 3581 2511 quamvis

1943 2533 2129 2588 multo
2164 2531 2353 2604 pretio
2396 2531 2575 2588 vitam
2625 2533 2914 2585 tentarent
2973 2541 3187 2595 emere,
3219 2530 3276 2582 et
3321 2526 3579 2598 pecunias

1942 2622 2274 2679 interventu
2299 2619 2564 2676 obtinere
2596 2617 2864 2674 salutem.
2898 2616 3012 2672 Has
3061 2615 3224 2672 dedit
3270 2614 3579 2687 primitias.

1942 2711 2196 2783 inclytus
2226 2716 2285 2767 et
2316 2707 2548 2776 nobilis,
2581 2724 2700 2763 suae
2752 2705 3179 2776 adolescentioe,
3227 2705 3500 2779 princeps
3524 2707 3583 2763 et

1942 2803 2107 2859 bonae
2138 2799 2355 2858 indolis
2385 2803 2732 2873 argumenta
2764 2797 2975 2869 prima.

2546 2899 2779 2980 (3ΑροΤ
2800 2922 2978 2979 xxu.

1944 3023 2095 3078 Inter
2134 3018 2384 3075 eamdem
2429 3015 2808 3072 Boamundum
2854 3019 2903 3070 et
2940 3014 3273 3071 lescelinum
3331 3016 3583 3070 comitem

2020 3092 2377 3156 fidestanum,
2426 3104 2615 3160 graves
2661 3091 2928 3142 oriuntur
2968 3086 3316 3149 inimicitiae,·
3361 3085 3456 3141 sed
3483 3100 3585 3140 rex

1866 3154 1918 3223 G
2018 3164 2160 3220 celer
2180 3161 2416 3226 advolat,
2446 3163 2496 3215 et
2520 3160 2813 3229 componit.
2847 3159 3112 3229 Africani
3149 3158 3341 3212 arbem
3366 3154 3583 3214 Siciliae

2016 3234 2346 3307 syracusam
2374 3232 2644 3288 violenter
2678 3230 2997 3303 effringant.

2008 3342 2125 3400 Nec
2157 3356 2337 3407 mora,
2367 3337 2561 3396 causis
2592 3338 2911 3395 intervenia
2928 3336 3406 3405 niibusoccuitis,
3428 3350 3582 3408 quan

1941 3436 2067 3489 tum
2101 3431 2173 3487 ad
2201 3446 2328 3496 nos,
2358 3429 2472 3486 Deo
2495 3432 2690 3485 tamen
2711 3426 3052 3496 odibilibus,
3068 3431 3206 3482 ortae
3228 3430 3367 3482 sunt
3386 3440 3585 3498 graves

1942 3518 2264 3577 inimicitiae
2306 3519 2462 3575 inter
2494 3518 2766 3572 eumdem
2818 3515 3122 3570 dominum
3174 3514 3498 3586 principem
3527 3515 3586 3570 et

1943 3612 2215 3669 comitem
2230 3611 2588 3666 Edessanum
2605 3605 2635 3661 J
2643 3605 2964 3660 oscelinum
2977 3603 3267 3661 seniorem
3301 3604 3413 3657 :ita
3426 3603 3583 3673 quod

1943 3706 2148 3758 contra
2180 3701 2365 3755 bonos
2387 3711 2577 3752 mores
2609 3702 2666 3749 et
2698 3697 3027 3748 nostrorum
3046 3690 3419 3762 disciplinam
3442 3695 3583 3745 tem-

1943 3804 2171 3859 porum,
2198 3784 2586 3857 perniciosum
2609 3779 2853 3853 posteris
2872 3779 3209 3852 relinquens
3228 3775 3582 3849 exemplum,

1944 3878 2165 3933 Turcos
2194 3879 2253 3932 et
2293 3871 2616 3930 infidelium
2661 3882 2886 3927 turmas
2932 3869 2993 3926 in
3023 3884 3194 3925 suum
3244 3870 3586 3924 convocaret

1945 3964 2317 4032 subsidium;
2349 3967 2403 4017 et
2438 3976 2640 4018 eorum
2672 3959 2849 4014 fretus
2879 3957 3111 4024 auxilio,
3138 3957 3431 4029 regionem
3465 3960 3585 4012 An-

1946 4053 2273 4112 tiochenam
2306 4049 2958 4115 incendiistraderet,et
2975 4050 3104 4119 ejus
3137 4044 3586 4115 habitatoribus,

1944 4144 2160 4201 Christi
2194 4144 2393 4212 servia,
2448 4141 2722 4197 indebitae
2765 4140 2973 4212 jugum
3024 4139 3322 4194 induceret
3354 4136 3591 4194 servitu·

1945 4235 2058 4302 tis;
2094 4234 2367 4306 quodque
2398 4230 2717 4288 notabilius
2765 4238 2821 4285 et
2860 4228 3057 4285 divina
3084 4227 3591 4285 animadversione

1946 4323 2182 4395 dignius
2212 4322 2490 4390 creditur,
2522 4321 2763 4377 absente
2802 4318 3085 4391 principe,
3115 4321 3173 4373 et
3218 4315 3327 4372 hoc
3357 4315 3592 4388 penitus

1947 4412 2270 4482 ignorante,
2321 4411 2464 4467 dum
2511 4409 2573 4466 in
2623 4408 2861 4466 servitio
2884 4407 3098 4465 Christi
3150 4407 3345 4463 hostes
3392 4405 3592 4477 impu-

188 4492 349 4548 tibus
372 4493 627 4564 regionis
659 4494 710 4549 ei
742 4497 1025 4566 processit
1056 4496 1324 4568 obviam3
1358 4508 1415 4555 et
1461 4501 1832 4560 Antiochiam
1863 4519 1911 4585 D
1944 4502 2177 4575 gnando
2200 4502 2470 4569 desudat,
2517 4500 2637 4556 hoec
2674 4502 2875 4555 omnia
2919 4498 3233 4553 commissa
3289 4496 3587 4551 dicuntur.

186 4583 482 4651 ingresso,
514 4582 718 4639 urbem
768 4588 825 4639 et
864 4585 1153 4657 regionem
1205 4588 1457 4660 benigne
1486 4592 1537 4645 ei
1579 4593 1833 4650 restituit

187 4671 552 4739 universnm,
586 4673 758 4743 cujus
790 4688 928 4729 cura
961 4676 1199 4746 pervigil
1230 4685 1282 4733 et
1305 4678 1474 4734 anxia
1525 4678 1700 4736 nimis
1727 4680 1837 4737 sol·

186 4761 435 4818 licitudo
452 4776 586 4817 eum
617 4779 914 4834 pei-annos
935 4770 1331 4822 maceraverat
1357 4774 1508 4824 octo.
1545 4767 1835 4826 Restituto

187 4850 377 4922 igitur
421 4850 776 4924 principatu,
825 4852 1080 4908 universi
1133 4871 1397 4926 proceres
1438 4861 1493 4913 et
1536 4865 1836 4931 magnates

192 4937 453 5010 regionis
483 4946 764 5013 praesente
796 4942 1031 4997 domino
1062 4959 1214 5015 rege,
1248 4956 1299 4999 et
1335 4953 1629 5009 monente.
1655 4948 1836 5004 tideli-

187 5033 375 5086 tatem
406 5029 600 5102 ligiam
635 5033 691 5087 in
727 5032 938 5103 palatio
969 5048 1071 5087 suo
1102 5032 1185 5089 illi
1227 5036 1633 5093 exhibuerunt.
1667 5038 1838 5094 Post-

189 5120 432 5177 modum
463 5119 793 5177 interventu
827 5121 1215 5193 quorumdam
1233 5124 1462 5194 utrique
1491 5126 1636 5197 parti
1673 5126 1834 5183 tami·

187 5206 427 5264 liarinm
468 5208 688 5264 factum
748 5214 855 5275 est,
902 5210 1054 5280 quod
1108 5211 1381 5265 dominus
1431 5227 1531 5267 rex
1554 5228 1733 5268 unam
1766 5214 1838 5269 de

187 5296 429 5353 filiabus
460 5296 587 5352 suis
617 5295 805 5353 Halim
841 5297 1094 5360 nomine.
1130 5302 1268 5354 natu
1314 5304 1654 5367 secundam,
1708 5300 1838 5371 pla-

185 5386 324 5444 citis
339 5386 616 5454 utrinque
632 5387 1091 5456 conditionibus,
1121 5388 1173 5443 ei
1203 5390 1547 5447 concederet
1572 5406 1832 5460 uxorem,

184 5480 256 5531 ut
299 5471 552 5545 amplior
599 5475 751 5530 inter
794 5491 895 5532 eos
943 5475 1133 5549 gratia
1162 5481 1220 5533 et
1276 5478 1466 5535 amica
1496 5481 1678 5553 magis
1708 5496 1836 5553 pro-

182 5564 376 5637 portio
404 5562 805 5623 intercederet.
836 5566 975 5623 Erat
993 5571 1189 5624 autem
1219 5568 1495 5627 dominus
1539 5570 1834 5629 Boamun·

1943 4590 2106 4647 Unde
2132 4590 2443 4662 praedictus
2462 4587 2790 4646 Joscelinus
2810 4602 3006 4643 eorum
3038 4584 3417 4651 omnium,ad
3441 4597 3588 4652 quos

1942 4697 2135 4739 sermo
2166 4681 2272 4737 iste
2292 4678 2553 4752 pervenit
2580 4677 2780 4735 odium
2812 4676 3119 4733 incurrens
3140 4679 3198 4729 et
3236 4671 3589 4743 indignatio·

1943 4786 2091 4838 nem,
2125 4769 2389 4825 omnium
2422 4765 2859 4823 maledictiones
2899 4763 3249 4819 merebatur.
3281 4758 3400 4815 Rex
3432 4774 3586 4826 vero,

1944 4859 2099 4915 fama
2119 4859 2414 4914 deferente
2444 4855 2567 4913 haec
2596 4854 2864 4918 audiens,
2891 4851 3176 4907 sollicitus
3210 4848 3489 4921 primum,
3514 4864 3586 4905 ne

1943 4947 2105 5003 illius
2135 4946 2440 5003 occasione
2470 4944 2762 5011 scissurae,
2795 4942 2981 5013 major
3012 4940 3068 4995 in
3103 4944 3361 4996 nostram
3394 4938 3589 4994 confu-

1946 5036 2170 5094 sionem
2206 5035 2473 5092 hostibus
2505 5037 2726 5106 pateret
2757 5031 3052 5100 introitus,
3097 5030 3230 5104 quia
3262 5031 3507 5099 Reqnum
3526 5031 3587 5085 in

1945 5127 2185 5197 seipsum
2217 5126 2483 5191 divisam,
2509 5123 2679 5193 juxta
2706 5120 2943 5177 verbum
2967 5118 3221 5188 Domini,
3254 5118 3589 5176 desolabitur

1946 5215 2096 5285 (Lac,
2129 5230 2209 5283 ιι,
2242 5214 2369 5286 17);
2406 5214 2826 5283 consequenter
2855 5213 3073 5280 autem,
3096 5210 3234 5279 quia
3262 5207 3587 5264 secundum

1946 5320 2180 5360 carnem
2213 5299 2555 5374 uterqueilli
2586 5305 2710 5356 erat
2732 5297 3069 5370 proximus3
3102 5297 3247 5353 alter
3267 5295 3420 5353 enim
3451 5311 3590 5352 con-

1945 5393 2217 5449 sobrinus
2251 5396 2573 5448 materteras
2605 5389 2799 5457 sslius;
2832 5388 2977 5445 alter
3006 5404 3138 5443 vero
3189 5389 3461 5460 gener,et
3489 5384 3586 5440 cui

1944 5485 2205 5538 recenter
2232 5482 2679 5554 desponsaverat
2699 5477 2882 5534 filiam
2916 5477 3112 5533 :velox
3142 5478 3210 5533 ad
3245 5473 3583 5548 partesillas

1942 5585 2142 5644 pacem
2173 5571 2625 5644 compositurus,
2640 5567 2891 5629 advolat.
2921 5563 3584 5638 dominoqueAntioche·
