3784 6000
176 238 287 302 631

1243 251 1667 316 GUILLELMI
1709 255 2099 319 TYRENSIS
2141 208 2513 319 ARoHIEP.

3469 250 3592 316 632

179 376 551 448 conspirasse
575 379 1014 450 depositionem.
1040 383 1197 449 Quod
1232 391 1430 442 autem
1462 389 1533 443 de
1552 391 1678 460 ejus
1703 407 1828 459 pro·
1854 393 1908 459 Α
1942 391 2105 462 prius
2135 390 2385 457 initiam,
2404 390 2607 446 urbem
2635 389 2689 445 ei
2720 405 2852 446 cum
2886 389 3049 446 urbis
3072 388 3345 463 prasidio
3375 392 3438 446 et
3461 404 3595 445 om-

182 467 439 523 motione
469 468 686 525 factum
719 475 824 539 est,
855 470 1059 527 Petrus
1089 475 1327 543 quidam
1358 479 1706 549 cognomine
1726 483 1827 534 Ar-

78 552 87 563 “
180 556 435 623 moinus,
466 557 731 629 ejusdem
761 559 1007 616 civitatis
1035 565 1414 635 castellanus,
1445 568 1668 623 artibus
1698 570 1824 625 suis

180 650 238 701 et
267 648 456 702 multa
495 665 805 705 munerum
844 653 1179 722 profusione
1207 656 1419 712 dicitur
1457 659 1735 726 effecisse,
1767 664 1824 716 et

179 737 297 789 tam
332 734 549 791 clerum
595 754 769 807 quarn
814 740 1134 814 principem
1185 745 1257 800 ad
1289 747 1349 800 in
1402 746 1722 818 impulisse,
1754 765 1821 804 eo

177 822 332 893 quod
362 825 490 895 ejus
518 832 668 883 esset
695 832 1198 902 consanguineus.

790 935 1025 993 CAPUT
1058 937 1203 993 XIX.

175 1018 381 1076 Rursus
409 1022 716 1105 impera-tor
735 1022 793 1078 in
825 1024 1050 1096 Syriam
1068 1028 1362 1092 descendit,
1384 1030 1456 1085 ad
1473 1036 1637 1103 pacta
1662 1033 1821 1104 prius

603 1106 745 1150 rnna
780 1100 1085 1170 principem
1128 1102 1361 1156 invitat.

247 1178 355 1234 Per
383 1179 538 1237 idem
568 1186 825 1257 tempus,
850 1195 1100 1257 quatuor
1130 1188 1223 1243 vix
1245 1188 1488 1247 evolutis
1519 1193 1688 1263 plene
1718 1210 1820 1249 an-

177 1265 269 1321 nis
298 1284 365 1323 ex
398 1286 512 1340 quo
543 1287 576 1325 a
603 1274 773 1329 Tarso
802 1274 1016 1332 Ciliciae
1045 1281 1103 1332 et
1134 1278 1406 1335 universa
1436 1281 1602 1352 Syria
1631 1284 1819 1340 disces

175 1361 301 1411 erat
358 1357 634 1416 dominus
679 1363 930 1419 loannes
977 1363 1654 1437 Conslantinopolitanus
1712 1374 1823 1428 im-

175 1450 423 1518 perator,
446 1452 731 1520 reparatis
777 1453 1002 1509 viribus
1051 1459 1108 1509 et
1154 1455 1480 1528 legionibus
1517 1464 1815 1533 revocatis,

177 1535 396 1590 crebris
426 1535 648 1593 domini
684 1541 965 1615 principis
1006 1548 1065 1599 et
1091 1545 1584 1603 Antiochenorum
1619 1552 1818 1609 nuntis

174 1625 482 1689 exercitus,
516 1627 729 1684 iterum
761 1634 1176 1703 expeditiones,
1211 1637 1418 1690 iterum
1451 1639 1734 1696 exercitus
1756 1643 1817 1697 in

173 1710 398 1781 Syriam
449 1716 730 1790 dirigens,
779 1722 836 1777 in
894 1723 1265 1783 multitudine
1315 1728 1539 1785 virtutis
1581 1748 1721 1801 suae,
1757 1734 1814 1788 in
1848 1758 1898 1824 B

174 1806 444 1862 curribus
474 1813 534 1864 ct
561 1812 820 1882 equis,in
856 1814 1151 1872 thesauris
1181 1818 1426 1876 infinitis
1457 1826 1515 1877 et
1544 1823 1814 1880 innume·

173 1894 456 1951 rabilibus
505 1899 710 1968 copiis,
743 1901 892 1958 inter
935 1920 1138 1962 versus
1184 1910 1574 1967 Antiochense
1624 1913 1821 1981 dirigit

173 1988 388 2055 partes.
439 1985 752 2060 Enavigato
802 1992 979 2064 igitur
1009 1994 1330 2067 Bosphoro,
1365 2000 1460 2071 qui
1494 2001 1661 2057 limes
1692 2002 1814 2057 Eu-

168 2087 322 2144 ropae
352 2075 622 2147 Asiaeque
654 2077 1023 2155 intelligitur,
1058 2092 1415 2144 transcursis
1449 2092 1655 2146 mediis
1683 2109 1816 2163 pro·

168 2160 400 2228 vinciis,
448 2164 725 2222 Attaliam
782 2185 968 2241 usque
1028 2176 1304 2246 pervenit,
1364 2195 1489 2249 quas
1539 2190 1624 2235 est
1674 2183 1816 2238 urbs

170 2443 285 2483 nus
307 2427 640 2498 imperator,
672 2431 788 2489 duo
819 2435 889 2490 de
920 2436 1056 2492 tiliis
1090 2440 1240 2509 ejus,
1271 2440 1510 2499 Alexius
1550 2445 1818 2502 videlicet

168 2515 621 2588 primogenitus,
652 2525 709 2575 et
747 2529 888 2578 natu
936 2528 1234 2584 secundus
1281 2531 1665 2604 Andronicus,
1696 2534 1814 2590 lan-

168 2616 350 2675 guore
398 2609 644 2677 correpti
707 2612 1074 2683 gravissimo,
1117 2623 1444 2675 extremum
1501 2625 1816 2680 morientes

170 2691 510 2749 clauserunt
558 2695 732 2753 diem.
771 2698 1114 2775 vocansque
1164 2707 1481 2778 imperator
1513 2716 1649 2767 natu
1701 2718 1817 2768 ter-

169 2779 630 2849 tium,1saacium
664 2789 920 2858 nomine,
953 2809 1087 2848 cum
1123 2795 1366 2853 fratrum
1396 2800 1693 2856 funeribus
1726 2803 1817 2859 de·

169 2867 527 2932 functorum.
561 2878 625 2928 ut
669 2889 736 2930 ea
766 2875 1148 2937 humanitatis
1193 2887 1381 2954 gratia
1414 2904 1730 2959 procurans
1758 2897 1816 2947 et

168 2959 577 3031 exsequiarum
599 2965 977 3027 novissimam
999 2971 1270 3030 exhibere
1297 2975 1517 3034 faciens
1547 2994 1812 3037 reveren-

169 3045 312 3102 tiam
344 3050 616 3107 tumultis
657 3056 982 3127 mandaret,
1020 3068 1189 3130 prout
1236 3065 1600 3137 imperialem
1642 3071 1815 3126 dece-

1935 480 2110 535 nibus
2170 479 2571 535 indifferenter
2635 478 2887 535 civitatis
2935 476 3390 544 munitionibus,
3443 477 3594 534 resi-

1933 575 2103 641 gnct;
2135 574 2197 625 ut
2256 570 2388 624 inde
2439 567 2704 625 finitimis
2743 567 3002 624 hostium
3054 566 3390 623 civitatibus
3419 582 3598 638 guer-

1934 675 2058 713 ram
2103 663 2298 728 posset
2341 658 2578 723 inferre,
2606 658 2778 730 quasi
2807 659 2878 712 de
2932 657 3123 713 vicino
3171 657 3589 725 commodius;

1931 751 1988 803 et
2034 747 2157 817 ipse
2199 763 2365 803 versa
2414 747 2557 814 vice,
2590 757 2877 819 quantum
2920 747 2979 801 in
3025 762 3090 803 se
3125 755 3266 816 erat,
3311 751 3588 817 paratum

1933 851 1991 890 se
2021 840 2358 891 constanter
2403 840 2717 906 asseverat,
2759 839 2929 906 pacta
2957 851 3089 907 quae
3129 834 3368 907 scriptis
3401 832 3590 890 indita

1930 927 2095 999 prius
2143 926 2396 995 fuerant,
2445 926 2604 999 larga
2653 926 3129 998 interpretatione
3177 923 3477 995 complere
3531 928 3590 981 et

1931 1015 2175 1085 insuper
2221 1015 2434 1072 addere
2480 1031 2820 1072 mensuram
2867 1015 3082 1072 bonam
3129 1019 3187 1071 et
3233 1014 3582 1083 confertam,

1930 1108 2252 1166 secundum
2283 1106 2565 1180 qualitem
2589 1109 2955 1164 meritorum.

2551 1196 2782 1255 CAPUT
2821 1196 2946 1253 XX.

1931 1289 2083 1344 Cives
2110 1287 2278 1347 missa
2312 1289 2588 1360 leqatione
2628 1286 2698 1340 ad
2727 1287 3118 1357 imperatorem
3145 1287 3328 1356 pactis
3355 1295 3590 1343 contra-

2271 1361 2479 1424 dicunt,
2512 1369 2564 1415 et
2594 1357 2908 1428 inpressum
2947 1357 3227 1414 inhibent.

1999 1452 2274 1524 Princeps
2326 1466 2457 1505 vero
2502 1445 2923 1518 Antiochenus,
2971 1446 3248 1501 dominus
3306 1445 3589 1503 Raimun·

1928 1542 2061 1606 dus,
2108 1543 2208 1614 qui
2240 1540 2421 1609 {prius
2468 1554 2603 1593 eum
2670 1545 2784 1592 tam
2844 1534 3240 1605 frequentibus
3303 1534 3587 1592 citaverat

1929 1631 2175 1699 nuntiis,
2229 1631 2428 1685 videns
2489 1642 2555 1683 se
2612 1626 2669 1680 in
2729 1627 2887 1680 are-to
2933 1624 3344 1693 constitutum,
3405 1639 3585 1696 seque

1930 1722 2230 1787 pactorum
2289 1715 2416 1787 lege
2476 1713 2800 1784 obligatum
2871 1712 3085 1778 sciens,
3135 1712 3309 1768 beret
3365 1712 3584 1767 dubius

1927 1808 2069 1878 quid
2123 1807 2329 1874 saciat;
2381 1803 2826 1875 convocatisque
2880 1802 3203 1872 majoribus
3248 1807 3309 1858 et
3363 1803 3583 1874 primo-

1928 1897 2089 1953 ribus
2117 1902 2233 1953 tam
2264 1894 2514 1951 civitatis
2548 1908 2725 1964 quam
2760 1890 3015 1963 regionis
3046 1893 3354 1957 universas,
3387 1897 3586 1964 partes

1927 1977 2245 2053 ingreditur
2323 1979 2783 2046 deliberationis,
2856 1978 3168 2035 consilium
3248 1980 3582 2052 postulans,

1925 2074 2064 2145 quid
2099 2074 2253 2129 facto
2285 2072 2361 2128 sit
2390 2088 2538 2141 opus
2571 2071 2626 2126 in
2661 2085 2722 2125 re
2754 2074 2875 2125 tam
2926 2067 3268 2139 periculosa.
3302 2068 3394 2124 Illi
3444 2085 3581 2126 vero

1928 2167 2060 2234 post
2085 2162 2323 2218 multam
2344 2160 2821 2217 deliberationem
2855 2157 3210 2214 unanimiter
3233 2160 3578 2214 convenien-

1930 2257 2036 2320 tes,
2053 2251 2309 2307 nullaten
2321 2268 2389 2307 us
2411 2251 2769 2306 arbitrantur
2790 2247 3057 2319 expedire
3077 2246 3281 2303 statuit
3295 2246 3578 2319 regionis.

1775 2359 1815 2400 ·,
1926 2342 2078 2412 quod
2112 2341 2252 2396 urbs
2302 2350 2418 2394 tam
2468 2336 2700 2403 nobilis,
2726 2342 2843 2391 tam
2894 2340 3117 2406 potens,
3149 2338 3270 2389 tam
3319 2336 3579 2404 munita,

1924 2428 1985 2485 in
2016 2446 2227 2485 manus
2259 2427 2456 2500 aliquo
2487 2433 2652 2498 pacto
2681 2426 2937 2482 tradatur
2967 2423 3376 2497 imperatoris3
3411 2425 3570 2480 iutu-

1925 2537 2054 2575 rum
2086 2521 2237 2575 enirn
2270 2534 2399 2574 esse
2430 2522 2493 2572 ut
2542 2532 2639 2587 per
2691 2514 2982 2586 ignaviam
3036 2512 3390 2583 Graecorum,
3422 2515 3579 2571 sicut

1926 2626 2040 2666 non
2074 2606 2255 2664 semel
2284 2615 2418 2663 ante
2450 2605 2718 2676 contigit,
2753 2604 2951 2660 civitas
2978 2603 3038 2659 in
3069 2619 3278 2658 manus
3309 2605 3572 2660 hostium

1926 2696 2242 2765 deveniret,
2296 2694 2471 2751 simul
2522 2710 2654 2750 curn
2709 2693 2980 2748 universa
3037 2692 3288 2763 regione.
3341 2692 3451 2748 Sed
3504 2708 3576 2749 ne

1926 2787 2196 2860 princeps
2230 2784 2362 2840 fidei
2393 2783 2618 2841 violatae
2653 2783 2856 2838 merito
2885 2781 3072 2852 possit
3099 2782 3288 2851 argui,
3319 2781 3573 2837 colorem

1927 2880 2218 2947 quaerunt,
2244 2890 2355 2944 quo
2385 2872 2560 2928 velari
2595 2871 2779 2943 possit
2818 2869 3096 2941 principis
3135 2870 3348 2924 sactum
3378 2871 3577 2926 minus

1926 2962 2386 3021 commendabile
2410 2981 2423 3031 ;
2451 2962 2505 3016 id
2525 2962 2679 3019 enim
2707 2960 2887 3032 pactis
2919 2959 3109 3031 priore
3139 2959 3269 3029 ejus
3298 2959 3577 3026 adventu,

1927 3056 2079 3110 inter
2116 3070 2213 3110 eos
2249 3057 2597 3110 convenerat
2642 3055 2704 3106 ut
2753 3049 3172 3120 praemissimus
3221 3053 3285 3104 ut
3319 3048 3373 3105 ei
3405 3050 3582 3106 civita

173 3135 274 3191 bat
297 3138 810 3213 magnificentiam,
834 3145 1393 3225 Constantinopolim
1419 3157 1674 3226 reinisit;
1699 3160 1825 3230 ubi,
1854 3120 1900 3187 C
1933 3152 2046 3199 ¹0¹1]
2087 3144 2212 3199 ⁸5¹¹ss
2260 3139 2600 3197 difficultssssfl
2636 3140 2928 3206 ῐΐθᾶθΐθῐὶ
2977 3137 3151 3207 idque
3199 3138 3580 3208 9⁰⁸1m0d¹³m

177 3225 400 3297 aepulis
449 3228 742 3300 iratribus,
775 3236 945 3305 Juxta
989 3240 1170 3308 patris
1217 3242 1525 3314 imperium
1558 3246 1616 3301 in
1659 3248 1821 3318 urbe,

178 3327 366 3385 usque
394 3315 466 3370 ad
499 3319 684 3389 patria
737 3322 963 3380 obitum
1007 3343 1229 3384 moram
1278 3332 1415 3387 sebit
1461 3335 1818 3393 continuam.

174 3400 346 3457 Pater
365 3419 501 3460 vero
533 3412 675 3463 natu
709 3411 1094 3470 novissimum
1121 3418 1229 3473 sibi
1253 3435 1563 3479 assumens
1584 3425 1824 3481 Manne-

174 3486 314 3556 lern,
340 3492 634 3564 inceptum
667 3513 1019 3572 prosequens
1048 3504 1175 3572 iter,
1205 3510 1545 3565 transcursa
1573 3511 1817 3585 Isauria,

172 3575 236 3634 in
287 3578 549 3637 Ciliciam
598 3588 906 3656 pervenit:
939 3589 1074 3648 inde
1132 3601 1433 3668 peragrata
1485 3598 1686 3655 Cilicia
1720 3617 1821 3657 su-

172 3665 318 3736 bito,
349 3669 441 3725 vix
479 3686 610 3729 eum
661 3674 816 3732 sama
861 3678 953 3733 sui
1002 3681 1285 3740 adventus
1324 3687 1725 3757 proveniente,
1760 3689 1819 3745 in

171 3761 322 3812 terra
357 3760 588 3816 comitis
635 3761 934 3833 Edessani,
967 3784 1102 3825 cum
1146 3773 1421 3830 omnibus
1472 3776 1654 3847 copiis
1692 3778 1820 3834 suis

171 3842 492 3917 ingressus,
522 3865 591 3906 ex
621 3851 914 3924 insperato
944 3862 1079 3913 ante
1106 3860 1386 3918 Tubessel
1418 3866 1681 3920 consedit
1719 3867 1823 3922 Est

171 3939 365 3991 autem
416 3940 729 4007 predictus
780 3942 942 3999 locus
991 3953 1247 4005 castrum
1279 3953 1816 4024 opulentissimum,

169 4021 323 4077 circa
371 4023 730 4097 Euphraten,
771 4032 843 4086 ab
879 4049 945 4087 eo
976 4035 1204 4093 distans
1239 4039 1581 4097 milliaribus
1620 4043 1821 4113 viginti

170 4119 445 4184 quatuor,
477 4115 567 4171 vel
612 4118 909 4175 modicum
952 4125 1230 4195 amplius.
1262 4129 1345 4184 Ad
1387 4145 1559 4201 quem
1601 4131 1818 4202 locum,

170 4206 478 4271 postquam
528 4207 789 4274 pervenit
838 4209 1174 4281 imperator,
1206 4217 1375 4287 petiit
1409 4236 1442 4274 a
1470 4223 1681 4276 comite
1717 4222 1820 4279 Jo-

170 4289 393 4344 scelina
423 4292 655 4358 Juniore
686 4295 937 4368 obsides,
978 4306 1078 4372 qui
1112 4306 1181 4359 de
1214 4306 1409 4361 subito
1439 4311 1568 4378 ejus
1599 4316 1817 4368 attoni-

169 4378 268 4430 tus
299 4380 353 4429 et
384 4375 685 4439 admirans
718 4383 1008 4456 ingressu,
1039 4392 1244 4448 videns
1284 4397 1409 4464 ejus
1447 4397 1817 4472 incompara-

1934 3232 2335 3304 t'requentibus
2369 3231 2591 3287 nuntiis
2621 3231 2692 3285 ad
2725 3229 3072 3285 veniendum
3099 3228 3155 3282 in
3187 3220 3412 3299 Syriam
3442 3244 3578 3284 eum

1929 3321 2205 3385 invitans,
2238 3321 2583 3393 promiserat
2631 3334 2690 3373 se
2735 3321 2885 3372 bona
2934 3317 3046 3372 lide
3093 3326 3484 3372 servaturum.
3511 3315 3582 3373 Ut

1931 3427 2070 3484 ergo
2100 3412 2419 3484 principem
2451 3411 2510 3465 in
2542 3410 2649 3465 hac
2682 3414 2843 3478 parte
2882 3422 3236 3480 quocunque
3274 3407 3450 3464 modo
3482 3406 3582 3463 ha-

1930 3499 2101 3556 beant
2124 3499 2703 3571 excusatum,legatos
2732 3497 3014 3568 dirigunt,
3038 3496 3106 3551 ad
3139 3496 3578 3567 imperatorem,

1927 3589 2000 3645 de
2044 3590 2431 3646 nobilioribus
2462 3588 2738 3660 regionis,
2761 3586 2860 3658 qui
2907 3588 2958 3642 ei
2979 3601 3048 3642 ex
3076 3590 3240 3658 parte
3288 3587 3443 3642 beati
3467 3586 3580 3644 Pe·

1928 3679 2025 3748 tri,
2066 3679 2286 3734 domini
2330 3694 2562 3750 quoque
2611 3676 2974 3748 patriarchas,
3005 3679 3063 3731 et
3099 3674 3310 3731 civium
3343 3675 3577 3733 univer-

1926 3783 2121 3823 sorum
2175 3769 2502 3836 ingressum
2549 3766 2797 3822 civitatis
2844 3764 3167 3831 inhibeant,
3208 3764 3577 3836 significent-

1925 3872 2038 3927 que
2072 3872 2085 3910 :
2117 3855 2185 3912 Se
2212 3856 2475 3925 principis
2502 3857 2653 3924 sacta
2682 3870 2801 3924 quae
2842 3858 3252 3925 praecesserant,
3283 3860 3410 3909 rata
3453 3869 3579 3910 om-

1923 3946 2060 4000 nino
2113 3960 2223 4000 non
2262 3943 2564 4011 habituros,
2610 3959 2784 4014 neque
2837 3942 3087 3999 eumdem
3129 3942 3448 4013 principem
3493 3942 3580 3998 sic

1922 4033 2235 4105 paciscendi
2262 4035 2324 4088 in
2353 4036 2545 4088 uxoris
2577 4031 2925 4100 haereditate,
2956 4030 3172 4099 dejure
3200 4029 3460 4087 habuisse
3485 4033 3580 4101 la-

1924 4124 2178 4179 enitatem
2209 4141 2229 4179 :
2259 4123 2354 4178 sed
2374 4138 2546 4193 neque
2580 4121 2847 4184 eamdem,
2877 4120 3078 4192 absque
3116 4121 3472 4176 conniventia
3489 4119 3576 4177 ci-

1925 4214 2080 4268 vium
2122 4222 2174 4268 et
2218 4228 2527 4282 procerum,
2553 4209 2931 4278 transferendi
2952 4208 3269 4264 dominium
3297 4210 3358 4263 in
3388 4209 3576 4265 aliam

1922 4317 2215 4373 personam
2263 4300 2540 4368 habuisse,
2572 4300 2655 4356 vel
2705 4298 2902 4354 habere
2947 4299 3169 4353 omnino
3204 4300 3576 4367 potestatem,-

1925 4397 2022 4448 αυτ
2050 4392 2457 4458 anctoritatem,
2487 4392 2548 4445 in
2592 4389 2864 4460 injuriam
2892 4389 3094 4444 civium
3126 4386 3209 4443 vel
3250 4387 3576 4458 principum

171 4463 320 4520 biles
350 4468 572 4537 copias,
593 4477 648 4526 et
680 4488 828 4543 quas
856 4491 1023 4533 nemo
1057 4496 1298 4549 regnum
1334 4490 1498 4538 terrae
1530 4489 1817 4545 sustinere
1848 4478 1892 4542 I)
1926 4482 2165 4550 reqionis
2208 4479 2575 4552 transiyendi,
2626 4479 2804 4533 ullam
2872 4478 3060 4548 aliquo
3098 4477 3247 4547 jure,
3296 4475 3572 4532 alterutri

170 4558 361 4625 posset
403 4555 710 4628 videretur,
742 4578 920 4634 seque
976 4565 1345 4637 imparatum,
1376 4579 1430 4628 et
1476 4574 1713 4631 omnino
1744 4579 1814 4633 ad

169 4642 565 4703 resistendum
633 4666 748 4706 non
810 4669 976 4725 posse
1033 4659 1322 4727 sufficere,
1379 4660 1446 4717 de
1500 4667 1818 4723 necessitate

169 4736 377 4800 taciens
418 4736 697 4810 virtutem,
733 4757 908 4798 unam
942 4760 1010 4800 ex
1056 4746 1291 4805 filiabus
1340 4751 1484 4812 suis.
1508 4750 1815 4811 isabellam

170 4823 424 4891 nomine,
457 4826 700 4884 tradidit
748 4833 799 4885 ei
829 4831 1118 4893 obsidem.
1147 4835 1264 4893 Hoc
1309 4844 1503 4897 autem
1553 4842 1624 4897 ad
1667 4843 1814 4899 nihil

168 4908 325 4966 aliud
356 4913 639 4986 exigebat,
662 4920 769 4976 nisi
803 4928 867 4977 ut
894 4926 1168 4983 comitem
1200 4929 1310 4985 hoc
1338 4932 1571 4989 vinculo
1594 4935 1813 4991 arctius

170 4998 281 5056 sibi
306 5001 751 5078 devinctum,ad
788 5018 1192 5087 prosequenda
1221 5022 1493 5079 mandata
1518 5040 1625 5080 sua
1648 5025 1814 5082 habe·

169 5092 259 5144 ret
273 5088 614 5150 fideliorem.
633 5097 770 5154 Inde
796 5116 994 5158 versus
1014 5107 1375 5165 Antiochiam
1405 5111 1707 5168 universos
1723 5113 1814 5168 di-

169 5177 366 5249 rigens
394 5184 702 5252 exercitus,
737 5186 992 5262 illucque
1021 5197 1133 5250 snb
1163 5198 1323 5252 omni
1353 5199 1646 5256 celeritate
1675 5217 1813 5257 con-

170 5266 436 5336 tendens,
463 5286 633 5328 secus
654 5278 931 5345 oppidum
965 5284 1288 5353 quoddam,
1311 5290 1547 5345 nomine
1567 5288 1810 5359 Gustun,

170 5360 456 5412 exercitus
509 5361 809 5421 collocavit
874 5384 1073 5427 mense
1130 5372 1491 5446 Septembre,
1537 5378 1813 5435 vicesima

172 5449 378 5512 quinta
406 5447 497 5501 die
531 5453 769 5509 mensis.
804 5455 944 5513 Inde
972 5460 1211 5517 nuntios
1227 5463 1297 5517 ad
1321 5466 1645 5538 principem
1667 5466 1807 5523 diri·

172 5542 317 5601 gens
365 5537 624 5609 mandat,
659 5544 725 5597 ut
761 5542 933 5614 Juxta
978 5551 1283 5618 pactorum
1330 5552 1543 5626 legem,
1574 5557 1724 5614 inter
1750 5572 1814 5615 se

1925 4571 2154 4627 illorum
2199 4585 2517 4625 concessam.
2543 4565 2692 4637 Qued
2726 4566 2777 4621 si
2818 4567 2881 4621 in
2927 4565 3025 4621 hoc
3076 4565 3156 4621 vel
3203 4568 3452 4635 uterque,
3489 4564 3574 4621 rel

1921 4661 2068 4715 aller
2123 4660 2391 4715 obstinate
2447 4671 2791 4731 perseverare
2842 4657 3259 4727 praesumerent,
3309 4655 3572 4724 futurum

1922 4764 2037 4805 esse
2082 4754 2162 4818 nt,
2209 4749 2342 4803 urbe
2391 4755 2441 4803 et
2498 4746 2776 4802 universis
2829 4744 3033 4816 finibus
3073 4743 3297 4799 illorum
3345 4743 3572 4814 ejectos,

1921 4847 2162 4895 extorres
2192 4838 2405 4908 saciant
2429 4836 2565 4908 ejus,
2596 4852 2758 4908 quam
2795 4850 2922 4891 eum
2957 4833 3284 4890 detrimento
3311 4831 3574 4903 fidelium

1920 4941 2144 4984 suorum
2207 4929 2396 4981 contra
2431 4925 2526 4996 jus
2570 4924 2817 4980 venalem
2862 4926 3279 4994 proposuerant,
3329 4920 3574 4978 haeredi-

1924 5020 2069 5072 tatis.
2104 5016 2205 5072 His
2227 5015 2421 5071 verbis
2446 5022 2633 5070 motus
2664 5013 2998 5086 imperator,
3027 5016 3088 5067 et
3139 5009 3315 5066 corda
3345 5010 3569 5067 civium

1921 5111 1978 5163 et
2008 5104 2449 5178 provincialium
2496 5101 2756 5158 oninium
2814 5116 3199 5174 praenoscens,
3232 5097 3574 5170 indignatus

1922 5198 2260 5265 admodum,
2285 5195 2343 5250 in
2376 5193 2633 5250 Ciliciam
2656 5193 2867 5248 iterum
2898 5193 3187 5248 exercitus
3207 5188 3395 5244 redire
3427 5205 3572 5261 prm·

1920 5288 2084 5358 cipit,
2118 5292 2182 5341 ut
2233 5288 2536 5358 ingruente
2577 5283 2789 5338 hiemis
2821 5281 3209 5343 inclementia,
3243 5296 3356 5335 orm
3399 5281 3577 5337 mari-

1922 5376 2072 5431 timas
2096 5378 2489 5433 committeret
2518 5378 2630 5429 tem
2643 5374 2854 5443 periei;
2886 5371 3035 5427 solet
3070 5369 3226 5425 enim
3258 5384 3389 5426 esse
3417 5373 3574 5427 circa

1921 5467 2248 5523 maritimas
2290 5466 2554 5537 regiones
2583 5461 2846 5518 hibernis
2874 5461 3084 5518 diebus
3111 5476 3258 5515 aura
3305 5458 3572 5529 suavior,

1920 5560 1979 5614 et
2005 5555 2269 5616 fovendis
2299 5553 2629 5629 legionibus
2667 5551 3051 5610 commoditas
3079 5549 3268 5624 aptior
3295 5547 3571 5618 inveniri.
