3784 6000
67 233 180 295 877

650 226 835 287 HIST.
876 226 1135 287 RERUM
1174 223 1670 286 TRANSMARIN.
1704 256 1774 269 -
1802 224 1944 286 LIB.
1978 227 2156 286 XXII.
2198 229 2608 291 BALDUINUS
2642 231 2717 292 IV
2755 232 2921 291 REX.

3387 235 3494 295 878

71 376 192 437 que
212 356 904 428 nationis,cu1'uscunque
915 354 1198 424 fidei,non
1221 352 1427 411 habita
1449 353 1732 423 differ-en·
1760 353 1807 408 A
1839 354 2002 411 nutis
2015 358 2189 428 reqni
2197 358 2575 429 neqotiis,sed
2583 360 2645 416 in
2659 359 3034 417 descensione
3047 366 3223 418 terrae
3237 366 3495 419 tantum·

71 452 160 511 tia
190 464 386 515 sexus,
419 454 474 506 et
502 448 623 504 sive
648 447 766 502 sint
792 445 925 510 viri,
960 444 1082 501 sive
1108 446 1227 500 sint
1256 443 1512 515 seminae,
1538 457 1732 500 omnes

77 540 224 597 huic
237 538 355 610 leqi
363 553 432 594 su
440 535 776 608 bjacebunt.
800 534 867 591 Si
877 549 1015 591 vero
1024 533 1303 604 praedicti
1317 536 1579 606 quatuor
1593 532 1734 589 sele-

75 630 182 699 cti,
206 630 310 701 qui
336 628 417 686 ad
429 626 539 684 noc
550 623 821 694 deputati
838 629 996 690 sunt,
1020 622 1404 694 coqnoverint
1425 638 1535 691 pro
1555 628 1732 686 certo,

79 719 243 794 quod
260 717 524 788 alicujus
542 713 878 772 substantia
889 729 1010 769 non
1029 728 1101 770 va
1111 714 1228 769 leat
1242 718 1477 769 centum
1497 713 1737 782 Byzan-

77 810 214 875 tios,
237 806 534 875 accipiant
560 818 741 875 super
759 818 888 861 eum
907 802 1219 874 F'oaqium‚
1248 802 1314 858 id
1332 808 1415 859 est
1440 817 1553 872 pro
1575 800 1734 871 foco,

85 896 445 969 Byzantium
467 909 655 951 unum
674 906 697 965 ‚⁰
712 893 873 966 quod
887 893 938 949 si
949 907 1067 949 non
1078 893 1385 961 potuerint
1409 891 1734 961 inteqrum,

81 985 381 1055 accipient
402 982 749 1051 dimidium,·
772 987 826 1038 et
849 981 898 1037 si
915 981 1231 1037 dimidium
1257 995 1378 1036 non
1406 979 1736 1049 potuerint,

80 1075 380 1146 accipient
390 1071 729 1130 Rabuinum
739 1109 754 1137 ,
770 1070 1094 1128 secundum
1107 1069 1267 1141 quod
1279 1070 1430 1126 bona
1439 1069 1558 1138 fide
1579 1069 1740 1126 vide·

86 1164 340 1221 bitureis
348 1160 717 1233 faciendum.
736 1160 893 1216 Huic
907 1166 1104 1216 autem
1120 1158 1453 1215 conditioni
1471 1157 1741 1229 subjace-

29 1321 33 1324 v
85 1255 234 1313 bunt
274 1266 473 1310 omnes
510 1250 612 1307 illi
647 1250 1060 1321 quuscunque
1095 1248 1379 1314 nationis,
1416 1248 1658 1319 linquae,
1686 1254 1739 1303 et

77 1343 489 1415 fldeiaetseoeus
501 1339 897 1412 sint‚quorum
912 1338 1151 1395 mobilia
1163 1353 1282 1393 non
1297 1338 1499 1394 valent
1512 1343 1740 1393 centum

81 1431 431 1505 Byzantios.
455 1430 767 1486 Decretum
787 1435 868 1484 est
885 1427 1084 1494 etiam,
1105 1427 1266 1499 quod
1276 1426 1529 1496 sinyulae
1541 1427 1741 1483 Eccle-

83 1525 210 1588 siae,
232 1526 288 1577 et
302 1519 547 1591 sinqula
568 1516 952 1581 monasteria,
976 1522 1031 1573 et
1053 1516 1302 1572 barones
1327 1531 1546 1581 omnes,
1572 1522 1744 1589 quot-

82 1617 226 1683 quot
256 1613 419 1675 sunt,
449 1613 505 1665 et
526 1621 870 1664 vavassores
894 1606 1094 1669 etiam,
1123 1605 1196 1661 de
1224 1605 1478 1675 sinqulis
1505 1612 1740 1662 centum

1839 445 2114 516 modo,·et
2129 448 2399 518 quandiu
2427 448 2553 506 haec
2568 451 2827 517 pecunia
2840 451 3151 519 supererit,
3168 466 3394 508 cessare
3405 451 3499 509 de-

1844 533 2058 591 bebunt
2087 540 2206 592 tam
2222 536 2298 593 ab
2316 537 2596 602 ecclesiis,
2613 554 2791 609 quam
2824 554 2862 595 a
2879 538 3222 596 civitatibus
3237 542 3498 598 exactio-

1840 639 1965 690 nes,
1981 640 2113 697 quae
2136 627 2317 696 vulqo
2355 628 2538 684 Taliae
2556 628 2952 697 appellantur
2973 645 2998 695 ,·
3025 630 3247 701 fletque
3263 631 3441 688 semel
3477 644 3500 703 ,⁰

1844 719 1898 769 et
1935 729 2055 769 non
2087 714 2469 784 reputabitur
2496 730 2606 785 pro
2637 717 3065 774 consuetudine
3097 718 3495 790 imposterum.

2447 840 2677 895 CAPUT
2719 841 2896 895 XXlV.

1845 933 2252 991 salahadinus
2266 935 2590 1003 Halapiam
2605 936 2860 1008 obsidet;
2885 944 2939 994 et
2951 937 3237 996 obsessam
3267 940 3499 1012 quibus-

1919 1006 2057 1061 dam
2081 1006 2515 1063 conaiitionibus
2544 1007 2900 1077 interpositis
2927 1009 3162 1066 obtinet.
3211 1012 3502 1082 Princeps

1919 1077 2328 1134 Antiochensis
2353 1093 2486 1134 cum
2505 1079 3151 1151 RupinoArmenorum
3173 1082 3322 1139 duce
3358 1083 3499 1140 Tar·

1919 1163 2046 1203 sum
2076 1154 2422 1206 commutat.

1924 1256 2150 1310 interea
2169 1255 2258 1310 vir
2274 1255 2549 1328 impiger,
2570 1261 2625 1312 et
2645 1272 2754 1329 per
2773 1257 2981 1314 omnia
3005 1262 3314 1314 strenuum
3340 1258 3499 1331 prin·

1850 1344 2045 1416 cipem
2070 1358 2275 1414 agene,
2310 1343 2733 1411 SalahadinuS,
2770 1345 2831 1401 in
2861 1347 3287 1417 Mesopotamia
3315 1348 3503 1420 Syriae

1849 1433 2126 1503 regiones
2178 1439 2454 1505 occupat,
2500 1441 2554 1490 et
2600 1434 2888 1506 praecipui
2936 1435 3200 1492 nominis
3236 1437 3350 1492 sibi
3380 1436 3506 1494 vio-

1851 1521 2039 1578 lenter
2066 1522 2327 1579 vindicat
2353 1522 2617 1579 civitates
2643 1540 2657 1590 ;
2684 1523 2834 1579 inter
2862 1540 3017 1597 quas
3047 1526 3352 1597 egregiam
3381 1541 3505 1582 me-

1852 1610 2131 1683 tropolim
2162 1611 2462 1677 Amidam,
2490 1628 2624 1685 quae
2646 1617 2701 1668 et
2725 1612 2930 1684 populi
2967 1615 3417 1682 numerositate,
3448 1619 3508 1671 et

82 1698 555 1770 Byzantiisquos
574 1696 872 1753 habentin
894 1693 1417 1761 redditibus,sicut
1438 1701 1490 1751 et
1519 1694 1647 1760 alii,
1672 1694 1744 1751 de
1773 1705 1820 1763 Β
1855 1715 2166 1755 murorum
2198 1698 2569 1756 validissimo
2598 1700 2852 1769 ambitu,
2887 1701 3183 1774 simulque
3214 1702 3327 1758 loci
3367 1703 3502 1770 situ,

84 1803 274 1860 reqno
292 1786 633 1859 quicunque
652 1785 917 1841 redditus
939 1783 1181 1846 liabent,
1198 1782 1406 1840 debent
1427 1784 1575 1841 dare
1594 1784 1743 1840 duos

85 1876 416 1950 Byzantios
435 1874 747 1946 ,·solidarii
756 1890 893 1932 vero
908 1874 982 1930 de
996 1873 1250 1944 sinqulis
1263 1879 1498 1931 centum
1514 1874 1745 1944 Byzan·

89 1967 209 2033 tiis,
228 1964 594 2037 Byzantium
610 1979 820 2021 unum.
852 1963 1199 2034 Quicunque
1230 1978 1361 2020 vero
1377 1964 1606 2020 casalia
1632 1963 1744 2020 lta-

92 2057 253 2125 bent,
285 2060 565 2112 tenentur
581 2055 822 2125 jurare,
851 2053 1011 2125 quod
1034 2053 1108 2109 de
1126 2053 1381 2123 sinqulis
1406 2052 1558 2122 focis
1600 2067 1743 2125 quos

88 2145 312 2204 liabent
334 2143 398 2200 in
425 2141 649 2200 villiset
678 2142 978 2199 casalibus
1000 2143 1125 2198 suis
1142 2141 1742 2213 praetersupradicta,

89 2234 247 2291 bona
272 2233 634 2305 fldedabunt
649 2248 834 2288 unum
850 2232 1213 2302 Byzantium
1238 2253 1261 2302 ,·
1282 2232 1367 2287 ita
1380 2231 1540 2305 quod
1563 2231 1614 2287 si
1642 2247 1744 2288 ca·

88 2323 218 2381 sale
236 2323 404 2394 focos
440 2322 650 2379 habuit
689 2327 946 2388 centum,
973 2326 1205 2377 centum
1240 2321 1379 2377 inde
1417 2321 1744 2391 Byzantios

84 2413 444 2483 persolvere,
469 2411 721 2468 rusticos
738 2411 1076 2481 compellat.
1107 2409 1242 2466 Erit
1268 2418 1464 2467 autem
1492 2415 1747 2480 postmo-

85 2501 236 2559 dum
254 2500 477 2557 domim
486 2501 726 2564 casalis,
740 2499 899 2556 inter
910 2499 1161 2556 rusticos
1172 2499 1435 2569 ejusdem
1452 2498 1580 2570 loci,
1594 2515 1746 2570 prae-

87 2590 282 2648 dictos
295 2589 620 2661 Byzantios
631 2588 911 2659 conqruis
919 2588 1287 2658 portionibus
1300 2588 1362 2644 di
1374 2588 1573 2654 cidere.
1584 2590 1667 2645 ita
1681 2594 1746 2644 ut

76 2683 277 2753 juxta
307 2678 763 2749 possibilitatem
793 2692 963 2734 suam
994 2677 1075 2734 ad
1112 2677 1464 2734 solutionem
1494 2679 1749 2748 praedic-

91 2775 242 2835 tam,
263 2767 673 2841 unusquisque
702 2767 1107 2837 compellatur
1136 2787 1159 2838 ;
1187 2782 1263 2824 ne
1291 2766 1532 2824 ditiores
1564 2767 1747 2824 levius

93 2863 429 2924 transeant,
452 2858 546 2915 vel
574 2860 910 2928 qraventur
930 2856 1337 2926 pauperiores.
1361 2856 1522 2913 Idem
1550 2865 1747 2914 autem

89 2947 232 3013 erit,
252 2952 303 3004 st
323 2946 375 3005 si
395 2947 604 3016 plures
628 2946 723 3003 vel
750 2945 1063 3016 pauciores
1097 2945 1304 3003 habeat
1335 2946 1530 3005 casole
1557 2946 1745 3017 socos.

88 3038 276 3095 Hanc
285 3042 482 3094 autem
492 3036 806 3107 pecuniam
820 3035 902 3092 sic
916 3036 1225 3092 collectam
1241 3035 1314 3092 de
1325 3036 1577 3107 sinqulis
1587 3037 1748 3093 urbi·
1783 3059 1827 3118 c

91 3125 226 3191 bus,
239 3131 516 3198 quaesunt
528 3140 564 3181 a
579 3123 833 3192 Caipha,
849 3124 1006 3180 citra
1022 3138 1221 3180 versus
1253 3123 1745 3196 Hierosolymam,

88 3215 197 3273 illi
204 3215 325 3287 qui,
347 3220 408 3270 ut
426 3212 840 3283 praediximus,
845 3218 1151 3282 praeerunt
1165 3212 1422 3284 sinqulis
1436 3214 1681 3271 urbibus
1694 3220 1749 3272 et

93 3303 654 3374 castellis,deferent
669 3302 1169 3373 Hierosolymam‚·
1181 3308 1235 3359 et
1248 3317 1376 3360 eam
1390 3304 1631 3360 tradent
1641 3304 1750 3360 sub

95 3400 262 3453 certo
274 3407 521 3450 numero
532 3398 589 3449 et
599 3391 981 3461 ponder-ediis
993 3392 1100 3463 qui
1109 3392 1536 3462 Hierosolymis
1549 3394 1629 3451 ad
1642 3393 1751 3450 hoc

97 3486 248 3554 opus
274 3487 544 3553 praesunt
559 3485 611 3538 et
639 3483 756 3551 ipsi
775 3481 1183 3552 consiqnatam
1207 3487 1262 3537 et
1278 3496 1562 3548 seorsum,
1578 3482 1754 3539 sicuti

96 3571 439 3645 desinqulis
450 3570 792 3628 civitatibus
815 3571 907 3627 cel
920 3570 1061 3625 locis
1071 3569 1207 3626 aliis
1217 3571 1524 3640 recipient,
1543 3571 1606 3627 in
1629 3586 1755 3628 sac·

95 3660 816 3734 cissinqulissiqillatum,
828 3665 1120 3729 praesente
1134 3659 1372 3717 domino
1378 3660 1752 3733 patriarcha,

101 3752 200 3810 vel
213 3752 342 3823 eJus
350 3751 882 3820 nuntio,proesente
894 3765 1126 3823 quoque
1134 3750 1337 3820 priore
1352 3750 1650 3808 Dominici
1660 3750 1758 3808 Se-

97 3840 326 3911 pulcri,
353 3844 645 3909 prasente
681 3853 912 3910 quoque
942 3838 1270 3897 castellano
1301 3839 1464 3895 urbis
1493 3840 1757 3911 ejusdem

101 3929 317 3987 debent
328 3928 621 3987 collocare
630 3928 694 3984 in
706 3942 936 3993 arcam,
963 3943 1094 4001 quae
1117 3928 1228 3984 erit
1239 3928 1304 3984 in
1323 3930 1599 3986 thesauro
1611 3929 1761 3986 San-

104 4026 215 4078 cta!
228 4018 595 4090 Crucis,quae
616 4018 851 4076 habebit
874 4024 990 4076 tres
1015 4025 1257 4085 seras,et
1280 4021 1472 4076 claves
1496 4019 1758 4085 totidem,

103 4108 627 4183 quarumprimam
639 4108 872 4165 habebit
885 4108 1162 4165 dominus
1173 4108 1761 4178 patriarchassecun-

103 4198 245 4255 dam
257 4197 435 4268 prior
461 4197 752 4267 sepulcri,
779 4203 833 4255 et
862 4198 1099 4254 tertiam
1127 4197 1512 4263 castellanus,
1537 4200 1592 4254 et
1615 4211 1767 4269 qua-

104 4293 249 4344 tuor
263 4286 544 4357 praedicti
571 4285 745 4344 cives.
780 4287 885 4358 qui
914 4286 995 4344 ad
1024 4285 1418 4357 colliqendam
1445 4286 1764 4354 pecuniam

1852 1787 2680 1861 videbaturinexpugnabiliS,
2703 1789 2958 1856 obsidet,
2987 1790 3297 1847 obsessam
3323 1806 3507 1864 expu-

1852 1881 1995 1947 gnat
2013 1882 2069 1933 et
2081 1881 2488 1949 expugnatam
2503 1878 2678 1934 tradit
2694 1893 2769 1934 ex
2780 1885 3093 1951 compacto
3107 1881 3346 1936 cuidam
3359 1880 3504 1935 Tur-

1853 1980 2060 2022 corum
2078 1966 2350 2038 principi,
2372 1966 2671 2023 Noradino
2685 1965 3077 2034 nomine,filio
3095 1966 3468 2024 carassalem
3487 1984 3502 2035 ;

1852 2055 2410 2127 cujusobsequiiset
2428 2055 2650 2112 auxilio
2666 2055 3128 2123 fretus,liberam
3149 2057 3206 2113 in
3230 2055 3502 2130 partibus

1852 2143 1968 2200 illis
1995 2159 2228 2201 moram
2258 2148 2461 2216 egerat
2485 2149 2541 2201 et
2567 2144 2883 2215 subegerat
2901 2145 3223 2217 regionem.
3244 2147 3385 2201 Vere
3406 2144 3504 2202 de-

1855 2250 2023 2289 mum
2049 2233 2321 2308 proxime
2343 2232 2992 2303 subsecuto,revocatis
3021 2234 3505 2307 expeditionibus

1853 2326 1913 2379 et
1941 2323 2220 2378 universa
2247 2322 2488 2392 regione
2520 2321 2684 2394 apud
2708 2321 2913 2378 fideles
2934 2339 3073 2379 suos
3094 2323 3152 2378 in
3187 2329 3311 2380 tuto
3333 2322 3507 2380 collo-

1854 2417 2007 2478 cata.
2032 2427 2310 2468 remenso
2331 2412 2626 2484 Euphrate
2659 2412 2722 2467 in
2754 2411 3136 2485 Coelesyriam
3169 2413 3503 2480 revertitur,

1855 2502 2012 2558 circa
2034 2501 2349 2573 Halapiam
2365 2501 2694 2572 disponens
2709 2502 3055 2568 exercitum,
3080 2507 3135 2557 et
3151 2501 3359 2558 urbem
3378 2518 3506 2558 mo·

1855 2590 1950 2646 dis
1970 2590 2254 2646 omnibus
2276 2594 2557 2660 satagens
2591 2590 2931 2648 molestare.
2952 2592 3060 2658 Qui
3082 2595 3284 2647 autem
3311 2591 3508 2647 eidem

1858 2677 1989 2735 urbi
2013 2683 2284 2750 praeerat,
2302 2677 2517 2734 videns
2535 2679 2700 2751 quod
2723 2678 2903 2736 irater
2921 2679 3074 2751 eJ'uS,
3105 2678 3207 2751 qui
3233 2694 3294 2735 se
3318 2677 3507 2736 multo

1856 2772 1985 2822 erat
2001 2766 2207 2823 fortior
2219 2771 2275 2823 et
2289 2768 2608 2839 potentior,
2623 2767 2899 2824 videlicet
2916 2767 3189 2823 Mussulae
3202 2767 3408 2824 domin
3418 2783 3506 2835 us,

1857 2856 2137 2912 eumdem
2169 2855 2602 2913 salahadinum
2628 2871 2746 2913 non
2777 2860 3051 2928 potuerat
3074 2873 3111 2913 a
3141 2857 3266 2912 suis
3286 2856 3510 2913 finibus

1857 2945 2144 3011 arcuisse,
2195 2945 2300 3000 sed
2338 2960 2410 3002 eo
2443 2944 2629 3002 invito
2681 2961 2893 3002 omues
2942 2950 3105 3003 trans
3147 2945 3508 3020 Euphratem

1858 3034 2174 3104 subegerat
2204 3035 2562 3106 provincias,
2594 3035 2811 3092 timens
2832 3051 2908 3092 ne
2930 3036 3120 3092 simile
3148 3036 3260 3092 sibi
3285 3034 3511 3108 aliquid

1856 3124 2435 3196 contingeret,missa
2447 3125 2598 3181 clam
2616 3124 2936 3197 legatione,
2953 3125 3182 3198 absque
3196 3123 3512 3197 Halapien-

1857 3213 2014 3270 sium
2053 3213 2443 3280 couscientia,
2475 3230 2614 3270 cum
2655 3213 3021 3271 salahadino
3052 3215 3393 3287 paciscitur,
3443 3217 3508 3269 ut

1858 3303 2092 3360 reddita
2132 3303 2244 3360 sibi
2291 3304 2515 3369 semar,
2548 3311 2604 3359 et
2655 3303 3024 3376 quibusdam
3070 3302 3200 3360 aliis
3251 3301 3512 3376 oppidis,

1858 3407 2120 3466 quorum
2139 3391 2511 3448 nominanon
2527 3397 2818 3461 tenemus,
2836 3393 2964 3463 ipse
2978 3391 3293 3464 Halapiam
3313 3390 3510 3447 eidem

1862 3481 2408 3551 resignaret.0uam
2424 3479 2778 3549 legationem
2797 3479 3186 3537 salahadinus
3199 3495 3336 3536 cum
3351 3479 3516 3534 omni

1857 3568 2168 3641 jucundite
2203 3568 2558 3640 suscipieuS,
2608 3569 2753 3641 quia
2801 3568 2943 3623 nihil
2973 3567 3210 3624 avidius
3233 3567 3311 3624 ab
3351 3565 3518 3622 initio

1864 3658 1957 3714 sui
1987 3657 2351 3730 principatus
2398 3656 2799 3722 affectaverat,
2836 3671 3022 3729 quam
3065 3661 3124 3711 ut
3177 3655 3509 3726 Halapiam,

1865 3748 2040 3820 quasi
2055 3747 2232 3803 totius
2252 3747 2418 3820 regni
2440 3745 2643 3811 robur,
2672 3744 2781 3801 sibi
2807 3744 2989 3801 modo
3005 3758 3366 3817 quocunque
3396 3743 3519 3800 vin·

1867 3836 2111 3902 dicaret,
2146 3841 2317 3906 grato
2364 3850 2731 3892 concurrens
2775 3849 3054 3902 assensu,
3109 3832 3518 3889 conditionem

1867 3926 2246 3999 amplectitur
2277 3941 2292 3992 ;
2324 3929 2380 3981 et
2412 3924 2625 3981 tradita
2646 3923 2880 3980 civitate
2902 3921 3356 3996 praenominata,
3381 3936 3520 3977 cum

1869 4012 2287 4086 adiacentibus
2306 4013 2698 4085 pertinentiis,
2731 4010 3296 4084 recepitHalapiam,
3328 4009 3386 4066 in
3413 4012 3522 4066 No·
3578 4067 3589 4080 ,

1871 4106 1964 4161 nis
1991 4104 2199 4159 Juniis.
2248 4104 2349 4158 Hic
2380 4102 2645 4175 primum
2687 4107 2925 4159 nostros
2970 4100 3311 4171 geminatus
3338 4099 3520 4156 corri-

1873 4194 2002 4267 puit
2026 4194 2202 4249 timor
2225 4208 2394 4260 3nam
2421 4192 2584 4265 quod
2611 4192 2871 4248 maxime
2892 4191 3264 4256 verebantur,
3295 4188 3524 4246 accide-

1875 4288 1988 4340 rat.
2006 4283 2208 4338 Visum
2226 4281 2524 4337 enituerat
2543 4280 2619 4337 ab
2650 4280 2816 4336 initio
2843 4278 3259 4353 uostris,quod
3289 4279 3340 4336 si
3363 4292 3524 4350 saepe

102 4381 244 4434 sunt
256 4375 545 4446 deputati.
566 4376 615 4431 Α
636 4375 868 4444 Caipha
900 4391 1037 4433 cero
1058 4389 1246 4449 usque
1276 4375 1631 4447 Berythum,
1664 4375 1769 4446 qui
1798 4414 1846 4470 D
1876 4373 2251 4429 nominatam
2276 4372 2479 4426 urbem
2503 4385 2615 4427 suo
2646 4376 2845 4442 posset
2869 4369 3198 4441 adjungere
3227 4368 3527 4441 principa-

106 4464 357 4521 urbibus
375 4471 703 4534 praeerunt,
722 4465 1035 4522 collectam
1047 4465 1366 4533 pecuniam
1380 4464 1657 4521 similiter
1671 4464 1766 4521 de·

102 4554 304 4626 serent
317 4553 400 4611 ad
412 4555 455 4609 A
465 4568 804 4611 cconensem
819 4554 1196 4620 civitatem,et
1207 4553 1292 4609 ibi
1302 4554 1765 4611 tradetur-sicuti

106 4643 447 4714 desinqulis
460 4642 800 4699 civitatibus
811 4649 866 4700 et
881 4643 1144 4700 castellis
1155 4643 1596 4713 deseretur,sub
1610 4645 1767 4700 certo

107 4746 360 4790 numero
373 4737 427 4789 et
440 4731 705 4802 pondere
714 4734 735 4787 i
740 4732 762 4789 l
767 4733 841 4788 lis
853 4737 1114 4805 quatuor
1125 4732 1228 4805 qui
1238 4732 1300 4788 in
1313 4733 1516 4789 eadem
1529 4731 1770 4789 civitate

110 4820 740 4891 colliqendaepraesunt
749 4821 1096 4890 pecuniam
1108 4820 1501 4890 reponeturin
1514 4820 1768 4891 sinqulis

110 4909 300 4968 saccis
311 4910 617 4979 inscriptis
642 4916 696 4967 et
721 4909 1006 4982 siqillatis
1026 4910 1087 4966 in
1120 4926 1349 4976 arcam,
1381 4925 1514 4982 quoe
1531 4909 1769 4967 habebit

111 5013 279 5056 seras
302 5005 442 5064 tres,
462 5005 516 5056 et
532 5000 770 5056 totidem
783 5000 982 5057 claves
1008 5015 1027 5065 ;
1049 5014 1304 5072 quarum
1317 4998 1575 5068 primam
1596 4998 1771 5055 liabe-

115 5083 196 5141 bit
213 5085 491 5142 dominus
511 5088 785 5158 Tyrensis
798 5088 1301 5158 archiepiscopus,
1316 5086 1635 5144 secundam
1648 5086 1772 5142 Jos·

113 5173 347 5231 celinus
375 5177 577 5247 reqius
614 5178 1006 5244 senescalcus,
1054 5176 1292 5234 tertiam
1322 5190 1460 5233 vero
1496 5174 1775 5245 praedicti

113 5270 379 5336 quatuor
404 5265 580 5333 cives,
609 5267 713 5339 qui
731 5267 812 5324 ad
839 5266 944 5324 hoc
964 5282 1117 5336 opus
1138 5266 1275 5322 urbi
1296 5271 1566 5335 praesunt
1592 5264 1775 5322 Acco-

114 5352 307 5411 nensi.
343 5354 649 5423 Recipient
677 5362 875 5414 autem
921 5356 1273 5427 praedictam
1310 5361 1607 5411 monetam
1651 5351 1771 5420 isti,

111 5442 505 5514 pratentibus
517 5444 692 5502 dictis
707 5445 963 5503 dominis
979 5448 1084 5518 qut
1095 5446 1290 5502 claves
1304 5443 1624 5501 habebunt.
1641 5440 1776 5500 Hac

113 5536 318 5591 autem
336 5533 417 5591 sio
440 5534 696 5595 collecta
705 5535 993 5608 pecunia,
1014 5534 1400 5609 expendinon
1411 5531 1580 5591 debet
1591 5534 1657 5591 in
1669 5531 1780 5590 mi-

1877 4462 1985 4531 tui,
2016 4462 2213 4517 omnis
2246 4466 2585 4518 nostrorum
2629 4461 2794 4530 regio
2822 4459 3085 4532 undique
3116 4457 3437 4523 videretur,
3469 4460 3528 4512 et

1876 4551 2049 4624 quasi
2077 4564 2182 4624 per
2207 4549 2540 4616 circuitum,
2560 4549 2690 4621 ejus
2714 4549 2975 4620 potentia
3005 4553 3060 4603 et
3092 4545 3319 4601 viribus
3351 4543 3527 4617 quasi

1876 4639 2195 4697 obsidione
2208 4638 2427 4694 vallata
2443 4657 2458 4705 ς
2476 4638 2632 4694 uude
2654 4651 2893 4692 rumore
2912 4640 3240 4706 comperto,
3264 4632 3526 4688 nostriiu

1879 4728 2046 4785 varia
2071 4745 2133 4784 se
2151 4727 2423 4784 attollunt
2450 4729 2824 4795 argumenta,
2849 4723 3226 4780 elaborantes
3247 4721 3404 4776 circa
3436 4732 3529 4775 ur·

1879 4817 2047 4873 bium
2078 4822 2134 4872 et
2166 4815 2550 4888 oppidorum,
2583 4814 2848 4870 maxime
2877 4809 3063 4884 [quie]
3092 4811 3150 4865 in
3182 4808 3527 4865 confinibus

1878 4906 2140 4963 hostium
2157 4905 2350 4976 posita
2361 4909 2613 4969 erant,1n
2625 4902 2950 4957 unitionem
2971 4898 3296 4970 ;praecipue
3309 4902 3527 4962 autem,

1880 4995 2037 5052 circa
2063 4992 2517 5065 Berythensium
2549 4991 2781 5059 urbem,
2806 5005 2943 5062 quas
2969 4985 3318 5059 huiusmodi
3344 5000 3532 5058 opera

1881 5085 2210 5157 plurimum
2225 5077 2953 5150 videbaturindigere.sed
2968 5077 3313 5149 etprinceps
3326 5075 3534 5129 Antio-

1881 5172 2109 5229 chenus
2121 5169 2196 5226 de
2212 5170 2353 5226 tanti
2368 5169 2554 5224 hostis
2569 5168 2869 5224 vicinitate
2882 5162 3404 5230 sollicitus,videns
3418 5160 3535 5218 sibi

1882 5259 2187 5318 duriorem
2209 5258 2558 5331 oppositum
2575 5256 3161 5320 adversarium,cum
3183 5250 3423 5308 modico
3435 5265 3530 5306 co·

1883 5350 2122 5417 mitatu,
2153 5363 2228 5404 ne
2263 5353 2480 5403 terram
2516 5362 2690 5403 suam
2721 5343 3084 5401 militaribus
3129 5340 3317 5413 copiis
3353 5338 3530 5395 relin-

1883 5443 2091 5513 queret
2108 5437 2472 5507 destitutam,
2490 5440 2805 5508 assumpto
2820 5448 3028 5490 secum
3051 5430 3267 5488 comite
3291 5427 3536 5502 Tripoli·

1885 5533 2034 5588 tano
2052 5540 2256 5600 regem
2278 5525 2443 5594 adiit,
2460 5524 2565 5600 qui
2584 5539 2691 5600 per
2704 5537 2809 5584 eos
2824 5522 2953 5581 dies
2967 5522 3026 5580 in
3038 5519 3188 5579 urbe
3206 5515 3538 5578 acconensi
