3784 6000
276 220 412 279 11³9

1711 212 1907 270 LUCII
1947 211 2023 266 ΙΙΙ
2064 204 2277 265 PAPAE

3560 200 3702 259 mo

269 359 862 401 manerecensemus.
891 343 1271 401 Liceatetiam
1297 341 1465 398 vobis
1482 340 1731 397 clericos
1750 342 1808 394 et
1824 336 1921 393 lai·
1956 334 2006 391 A
2112 336 2233 403 Ego
2286 331 2561 387 Vivimus
2611 330 2694 386 tit.
2743 332 2803 388 S.
2858 329 3143 403 Stephani
3178 329 3237 384 in
3270 325 3450 384 Coelio
3480 324 3696 384 Montel

267 449 370 490 cos
400 450 432 490 0
462 434 682 490 saeculo
710 433 1005 503 fugientes
1035 432 1253 488 liberos
1281 436 1339 486 et
1363 429 1670 487 absolutos
1691 428 1767 484 ad
1789 442 1929 482 con·

265 524 602 579 versionem
647 522 905 595 recipere
954 526 1011 576 et
1051 520 1113 576 in
1153 526 1347 577 vestra
1397 518 1651 575 ecclesia
1695 518 1927 588 absque

267 611 733 668 contradictlone
755 611 954 683 aliqua
982 611 1253 666 retinere.
1278 607 1670 665 Prohibemus
1688 606 1930 677 insuper

269 703 336 756 ut
353 698 497 755 nulli
516 699 759 754 fratrum
780 702 1116 755 vestrorum
1133 704 1265 772 post
1280 697 1500 754 factam
1515 696 1573 750 in
1588 695 1719 752 loco
1735 699 1929 749 vestro

269 787 695 861 professionem
727 786 817 843 fas
843 788 920 842 sit.
946 789 1021 845 de
1046 788 1259 845 eodem
1285 786 1413 843 loco
1442 785 1671 858 abques
1694 781 1934 839 licentia

267 877 484 951 prioris
519 876 610 932 sui
652 892 688 931 n
716 877 762 932 si
801 877 1047 934 obtentu
1083 876 1349 933 arctioris
1393 875 1694 945 religionis
1743 872 1933 928 disce-

267 966 408 1023 dere
438 983 452 1034 ;
486 965 890 1023 discedentem
923 983 1061 1023 vero
1095 967 1319 1038 absque
1351 963 1754 1021 communium
1785 961 1932 1017 litte-

266 1071 467 1112 rarum
503 1060 834 1111 vestrarum
866 1056 1142 1112 cautione
1184 1053 1380 1110 nullus
1409 1053 1631 1111 audeat
1657 1052 1928 1108 retinere.

267 1146 333 1201 Et
356 1145 405 1199 si
434 1144 642 1215 aliquis
662 1144 927 1215 ipsorum
951 1145 1200 1201 fratrum
1217 1140 1720 1199 extraclaustrum
1747 1155 1930 1195 ausus

148 1256 155 1265 ·
268 1233 441 1290 fuerit
474 1233 602 1289 sine
621 1235 907 1305 praedicta
934 1233 1172 1290 licentia
1197 1246 1569 1304 permanere,
1594 1231 1641 1286 si
1663 1227 1931 1286 secundo

268 1321 511 1379 tertiove
524 1323 928 1378 commonitus
948 1322 1302 1394 resipiscere
1315 1321 1462 1377 forte
1478 1317 1927 1392 contempserit,

265 1410 440 1467 liceat
488 1411 668 1482 priori
708 1410 983 1482 ejusdem
1026 1412 1136 1467 loci
1188 1408 1825 1467 excommunicationis
1867 1405 1929 1461 in

265 1498 467 1571 ipsum
516 1506 807 1572 tanquam
846 1501 906 1555 in
952 1500 1294 1571 professum
1341 1515 1520 1555 suum
1571 1495 1929 1553 sententiam

269 1587 677 1660 promulgare.

2039 421 2239 494 presb.
2272 421 2435 477 card.
2478 438 2557 475 ss.

2111 522 2233 590 Ego
2283 518 2572 591 Cynthius
2628 517 2826 590 presb.
2886 516 3051 574 card.
3112 517 3195 572 tit.
3252 517 3476 573 sanctae
3527 513 3705 570 Caeci·

2039 607 2133 664 liae
2158 625 2244 662 ss,

2112 700 2231 768 Ego
2260 697 2561 752 Arduinus
2589 695 2790 768 presb.
2823 696 2988 752 card.
3032 695 3116 752 tit.
3146 696 3376 752 Sanctae
3404 691 3612 750 Crucis
3644 692 3706 749 in

2038 784 2370 843 Jerusalem
2401 802 2482 840 ss.

2112 877 2235 945 Ego
2260 872 2567 932 Matthoeus
2585 873 2785 946 presb.
2808 873 2971 929 card.
2991 873 3075 929 tit.
3103 872 3302 930 Sancti
3328 869 3584 929 Marcelli
3618 887 3702 925 ss.

2114 965 2235 1034 Ego
2269 963 2582 1022 Laborans
2610 961 2805 1035 presb.
2840 961 3000 1020 card.
3034 963 3266 1019 Sanctae
3291 961 3487 1019 Marias
3537 962 3708 1016 trans

2041 1051 2294 1109 TiberIm
2315 1052 2404 1107 tit.
2428 1050 2633 1108 Calixti
2672 1069 2751 1107 ss.

2115 1143 2238 1213 Ego
2267 1140 2636 1213 Hyacinthus
2653 1140 2941 1196 diaconus
2954 1138 3120 1196 card.
3144 1138 3378 1195 Sanctae
3407 1139 3606 1195 Marias
3646 1137 3708 1193 in

2042 1230 2358 1287 cosmedin
2396 1247 2476 1285 ss.

2113 1322 2235 1389 Ego
2255 1318 2490 1375 Ardicio
2522 1317 2723 1373 Sancti
2752 1317 3044 1374 Theodori
3076 1317 3315 1373 diacon.
3347 1316 3515 1373 card.
3549 1333 3632 1372 ss.

2113 1408 2229 1480 Ego
2258 1407 2565 1465 Rainerius
2594 1407 2748 1463 diac.
2781 1406 2946 1464 card.
2981 1407 3179 1463 Sancti
3207 1405 3449 1477 Georgii
3487 1405 3567 1462 ad
3601 1404 3708 1461 Ve-

2039 1496 2168 1553 lum
2200 1500 2467 1553 Aureum
2498 1513 2579 1552 ss.

2113 1588 2235 1656 Ego
2284 1585 2605 1642 Gratianus
2661 1586 3014 1642 Sanctorum
3062 1587 3290 1643 Cosmoe
3340 1589 3395 1642 et
3427 1581 3706 1640 Damiani

338 1677 623 1734 Proeterea
652 1676 917 1735 decimas
949 1695 1102 1750 quas
1135 1695 1170 1734 a
1195 1676 1600 1750 quadraginta
1629 1674 1807 1732 annis
1837 1674 1932 1732 in-
1960 1690 2006 1748 Β
2040 1673 2335 1732 diaconus
2366 1673 2688 1731 cardinalis
2720 1673 3068 1746 subscripsi.

269 1780 593 1823 concussas
612 1767 896 1834 tenuistis,
931 1773 989 1824 et
1014 1783 1173 1823 nunc
1205 1767 1452 1839 pacifice
1493 1765 1742 1822 retinere
1762 1760 1931 1820 nosci

273 1855 441 1921 mini,
473 1856 644 1912 vobis
671 1860 727 1913 et
751 1856 1013 1913 ecclesias
1050 1861 1255 1912 vestroe
1294 1855 1640 1912 auctoritate
1690 1857 1931 1926 aposto-

269 1942 383 2000 lica
411 1944 864 2001 confirmamus,
918 1945 1308 2002 Prohibemus
1337 1946 1517 2001 etiam
1554 1947 1616 1999 ut
1640 1942 1782 1999 nulli
1814 1943 1930 1999 fas·

271 2033 346 2090 sit
373 2033 544 2089 vobis
574 2033 664 2090 vel
684 2034 942 2092 ecclesiae
963 2041 1171 2091 vestrae
1203 2051 1391 2090 novas
1415 2039 1472 2091 et
1495 2033 1791 2090 indebitas
1828 2048 1931 2089 ex-

268 2122 534 2180 actiones
562 2123 892 2195 imponere.
917 2124 1294 2196 Sepulturam
1319 2139 1562 2197 quoque
1586 2122 1778 2195 ipsius
1813 2121 1930 2180 loci

269 2211 525 2269 liberam
564 2228 696 2269 esse
748 2212 1153 2281 decernimus,
1189 2218 1251 2269 ut
1294 2229 1504 2270 eorum
1533 2211 1837 2269 devotioni
1872 2215 1930 2269 et

269 2305 548 2358 extremae
572 2302 859 2359 voluntati
891 2304 992 2375 qui
1038 2319 1100 2359 se
1153 2301 1271 2359 illic
1303 2302 1536 2374 sepeliri
1565 2301 1930 2358 deliberave-

268 2389 406 2458 rint,
433 2391 549 2446 nisi
585 2389 730 2447 forte
786 2392 1291 2449 excommunicati
1347 2391 1437 2447 vel
1470 2391 1761 2447 interdicti
1787 2391 1924 2458 sint,

267 2478 467 2534 nullus
494 2479 774 2547 obsistat,
803 2480 970 2537 salva
1000 2487 1197 2537 tamen
1223 2480 1450 2553 justitia
1476 2479 1713 2536 illarum
1744 2478 1929 2536 00010-

173 2598 177 2605 ›
267 2566 496 2624 siarum
516 2584 551 2623 a
579 2568 804 2640 quibus
840 2574 1214 2626 mortuorum
1237 2584 1493 2641 corpora
1509 2572 1927 2625 assumuntur.

2114 1766 2327 1820 Datum
2377 1762 2604 1820 velletri
2657 1779 2764 1836 per
2802 1777 3053 1820 manum
3078 1761 3301 1818 Alberti
3326 1767 3554 1819 sanctae
3585 1764 3703 1818 Ro-

2038 1868 2238 1910 manae
2277 1853 2548 1910 Ecclesiae
2597 1851 2796 1925 presb.
2827 1850 3148 1910 cardinalis
3177 1856 3230 1908 et
3263 1850 3638 1917 cancellarii,
3668 1867 3705 1908 v

2038 1944 2233 2000 Nenas
2257 1941 2407 2008 Maii,
2439 1941 2759 1999 indictione
2783 1957 2882 2009 xv,
2912 1940 3347 1998 Incarnationis
3373 1939 3704 1997 Dominicae

2042 2045 2203 2088 anno
2228 2029 2385 2101 1182,
2407 2031 2789 2104 pontificatus
2813 2046 2955 2087 vero
2975 2029 3205 2087 domini
3229 2029 3389 2087 Lucii
3417 2044 3599 2102 papoe
3628 2029 3703 2086 111

2039 2135 2266 2178 annor.

2811 2210 2920 2267 LV.

2039 2317 2359 2387 Bur-quadi
2381 2317 2642 2386 episcopi
2658 2316 3104 2388 Arqeneinensis
3123 2319 3351 2373 statuta
3370 2314 3445 2371 de
3451 2314 3705 2385 jnribus

2106 2389 2447 2529 ξέἳιῑεέβῶἰὲιὲ.
2475 2389 2880 2446 Haselaoensis
2908 2394 2961 2444 et
3014 2388 3439 2445 canonicorum
3479 2386 3703 2444 ibidem

2574 2567 2852 2640 (velletri,
2901 2566 3034 2623 Maii
3082 2566 3161 2638 9.)

268 2656 358 2711 Ad
384 2656 514 2712 haec
543 2657 950 2714 ordinationes
981 2657 1333 2715 clericorum
1365 2664 1695 2714 vestrorum
1738 2676 1776 2714 a
1802 2672 1927 2730 quo
2034 2662 2410 2739 [Wunnwnffi
2462 2667 2633 2724 Nova
2707 2665 2973 2722 subsidia
3041 2664 3453 2735 diplomatica,
3527 2667 3568 2719 t.
3640 2664 3698 2734 Χ,

270 2745 600 2802 malueritis
627 2746 928 2804 catholico
953 2748 1243 2821 episcopo
1273 2748 1639 2820 suscipiendi
1669 2747 1926 2806 liberam
2691 2770 2750 2828 p.
2793 2753 2938 2828 t2t.]

269 2834 444 2892 vobis
473 2836 864 2893 concedimus
890 2835 1262 2903 facultatem,
1287 2838 1439 2895 sicut
1475 2839 1787 2895 memorati
1805 2839 1926 2912 epi·
2105 2853 2323 2910 Lucius
2349 2856 2686 2927 episcopus,
2716 2868 2924 2908 servus
2950 2867 3258 2910 servorum
3295 2850 3417 2917 Dei,
3463 2848 3699 2906 dilectis

268 2926 434 2995 8001st
453 2924 798 2982 &culmem
819 2927 1016 2998 imam
1032 2926 1204 2983 vobis
1224 2942 1330 2999 90¹*
1347 2927 1688 2983 authentica
1702 2928 1926 3004 scripu!
2033 2942 2173 3000 filiis
2202 2943 2507 3000 canonicis
2549 2943 2747 3000 Sancti
2783 2941 3056 2999 Florentii
3087 2939 3529 3007 Haselacensis,
3576 2943 3701 2996 tam

265 3013 584 3071 indfflsisse
615 3020 963 3072 noscuntur·
1013 3018 1289 3073 Fructum
1319 3032 1563 3091 quoque
1595 3023 1925 3077 V0⁸²f0P¹¹m
1960 3052 2001 3109 c
2035 3033 2427 3108 praesentibus
2456 3050 2643 3108 quam
2674 3032 2908 3098 futuriS,
2943 3030 3209 3103 legitime
3236 3028 3697 3095 substituendis,

265 3102 666 3176 undecunque
697 3103 771 3160 de
796 3104 1142 3178 episcopatu
1160 3106 1518 3163 Bononiensi
1542 3108 1922 3176 venientium,
2034 3123 2096 3179 in
2127 3129 2483 3196 perpetuam
2511 3121 2888 3180 memoriam,

263 3191 437 3249 vobis
461 3191 729 3250 decimas
760 3195 1210 3261 confirmamus,
1243 3195 1395 3252 sicut
1416 3196 1643 3252 easdem
1674 3197 1925 3254 decimae
2105 3214 2186 3269 Eg
2204 3228 2343 3287 (με,
2384 3218 2524 3269 „unt
2545 3228 2652 3285 pro
2685 3211 2961 3267 Dejcunu
2980 3207 3413 3266 rationabiliter
3432 3206 3510 3263 de
3544 3223 3701 3280 pm-

264 3285 404 3337 ⁸¹1¹ss
431 3280 509 3338 ab
539 3281 767 3339 eisdem
800 3284 1095 3357 epiSGOPiS
1140 3284 1404 3341 ecclesioe
1436 3290 1645 3342 ‘'0⁸²1'OE
1676 3287 1929 3359 PPOVid&
2032 3300 2292 3358 latorum
2309 3302 2656 3360 auctoritate
2683 3299 2979 3357 statutain
3002 3315 3115 3355 sua
3134 3295 3704 3354 debeutstabilitate

263 3369 802 3443 Oifssumspecfiooe
852 3388 1170 3429 concessae.
1205 3374 1473 3431 Οδθῦῦῑθ
1501 3390 1640 3431 Vfll'O
1661 3380 1738 3444 ῐθ,
1761 3391 1924 3435 nuno
2032 3390 2376 3458 consistere,
2400 3396 2457 3447 et
2476 3407 2549 3447 110
2572 3390 2802 3463 possint
2829 3389 3196 3463 malignitate
3222 3384 3642 3460 quorumlibet
3664 3400 3704 3443 8

263 3459 537 3532 eiusdem
566 3461 680 3517 loci
712 3462 925 3533 priore,
956 3462 1047 3519 vel
1070 3469 1307 3521 tuorum
1337 3465 1925 3537 quolibelssucsssssso·
2032 3495 2143 3536 suo
2170 3484 2330 3536 statu
2362 3479 2566 3537 divelli
2594 3478 2923 3551 apostolico
2953 3475 3286 3551 patrocinio
3308 3474 3703 3540 communiri,

262 3563 418 3615 rum,
450 3548 652 3606 nullus
704 3549 787 3606 ibi
840 3551 1106 3626 qualibet
1155 3551 1548 3626 subreptionis
1574 3556 1789 3612 astutia
1816 3571 1923 3613 seu
2031 3569 2176 3625 nino
2202 3568 2501 3642 estquod,
2535 3585 2673 3626 oum
2717 3583 2827 3641 pro
2865 3565 3284 3623 distributione
3336 3562 3704 3637 praebenda-

260 3635 548 3694 Violssnfiss
570 3646 976 3712 P‘ffiPffllfflffl',
1010 3641 1122 3697 nisi
1144 3657 1327 3715 quem
1358 3640 1568 3700 fratres
1612 3644 1921 3701 communi
2029 3672 2169 3715 rum
2217 3657 2483 3714 ecclesiae
2537 3662 2746 3713 vestrae
2796 3656 3077 3729 frequens
3110 3654 3261 3710 inter
3303 3667 3413 3709 vos
3443 3651 3702 3710 scanda-

264 3739 582 3789 consensu,
605 3727 696 3783 vel
714 3729 962 3785 fratrum
980 3745 1119 3802 pars
1158 3731 1385 3788 concilii
1418 3733 1921 3799 sanioris,secun-
2028 3745 2158 3803 lum
2182 3746 2449 3812 oriretur,
2479 3746 2670 3804 benun
2699 3747 3004 3803 memoriae
3033 3746 3096 3809 Β,
3130 3742 3447 3818 quondam
3476 3743 3706 3813 Argen·

265 3812 416 3870 dum
440 3814 543 3871 Dei
571 3816 843 3872 timorem
869 3822 925 3873 et
948 3816 1428 3890 beatiAugustini
1445 3821 1748 3894 Regulam,
1778 3837 1921 3894 pro·

267 3902 888 3976 viderinteligendnm.
910 3906 1294 3964 Decernimus
1319 3924 1462 3980 ergo
1487 3915 1545 3965 ut
1564 3911 1710 3967 nulli
1740 3912 1921 3969 omni·

264 4006 345 4049 no
358 3990 676 4050 hominum
688 3992 862 4051 liceat
877 3995 1186 4067 preafatam
1202 3998 1515 4055 ecclesiam
1530 4003 1749 4056 temere
1791 4016 1923 4073 per-

269 4080 542 4151 turbare;
572 4088 674 4140 aut
696 4083 824 4153 ejus
849 4085 1261 4155 possessiones
1283 4088 1536 4155 auferre,
1572 4088 1661 4144 vel
1686 4089 1922 4147 ablatas

268 4171 538 4237 retinere,
558 4171 847 4241 minuere,
865 4188 967 4228 seu
983 4173 1354 4246 quibuslibet
1368 4178 1784 4236 vexationibus
1796 4180 1926 4237 fati-

267 4273 429 4331 gare,
468 4262 572 4315 sed
602 4260 810 4316 omnia
854 4260 1086 4333 integra
1122 4271 1550 4323 conserventur
1573 4283 1779 4326 eorum
1816 4285 1925 4342 pro

267 4362 525 4422 quorum
573 4348 1004 4418 gubernatione
1050 4368 1120 4410 80
1166 4356 1597 4414 sustentatione
1639 4374 1925 4417 concessa

269 4442 409 4493 sunt
430 4437 637 4494 usibus
663 4440 1030 4498 omnimodis
1053 4442 1385 4514 profutura,
1411 4446 1577 4503 salva
1606 4448 1766 4504 sedis
1786 4465 1928 4522 apo-

1957 4412 2005 4468 D

2031 3834 2280 3892 tinensis
2309 3835 2650 3909 episcopus,
2680 3839 2857 3907 prout
2877 3852 2947 3891 ex
2979 3834 3108 3906 ejus
3134 3832 3357 3905 scripto
3386 3835 3705 3903 comparet

2031 3924 2107 3981 de
2139 3923 2428 3981 scandalo
2461 3925 2732 3982 sedando
2763 3923 3073 3993 sollicitus,
3106 3920 3565 3979 communicato
3591 3920 3703 3978 fra·

2032 4018 2189 4071 trum
2217 4029 2466 4071 suorum
2522 4013 2793 4080 consilio,
2848 4014 2931 4071 ita
2967 4012 3215 4070 demum
3272 4025 3414 4067 cum
3474 4008 3700 4066 auxilio

2035 4103 2237 4175 gratioe
2250 4102 2508 4160 coelestis
2522 4102 2713 4161 effecit
2728 4102 2914 4176 quod,
2931 4100 3096 4159 omni
3114 4100 3379 4156 scissura
3394 4098 3700 4172 deposita,

2034 4206 2172 4263 quae
2198 4190 2532 4249 debeantur
2580 4192 2774 4259 vobis,
2808 4191 3116 4264 expressit,
3161 4193 3337 4263 prout
3365 4185 3699 4261 deputata.

2040 4281 2193 4338 Sane
2225 4283 2285 4338 B.
2328 4283 2642 4354 quondam
2681 4281 3036 4354 praepositus
3084 4282 3274 4335 vester
3320 4275 3602 4334 decimas
3627 4274 3704 4333 ad

2036 4368 2353 4426 ecclesiam
2413 4376 2671 4428 vestram
2721 4370 3082 4443 pertinentes
3115 4366 3308 4432 vobis,
3355 4370 3704 4423 memorato

2037 4458 2327 4532 episcopo
2359 4459 2668 4524 suadente.
2703 4457 3012 4521 concessit,
3039 4455 3312 4513 videlicet
3334 4453 3412 4512 de
3438 4454 3706 4512 110111110-

270 4526 492 4584 stolicae
514 4528 1334 4590 auctoritateetBononiensis
1354 4535 1620 4609 episcopi
1636 4539 1930 4597 088011108
2039 4563 2177 4613 ven,
2206 4548 2281 4605 de
2307 4548 2828 4606 flernoldeghseim
2851 4547 3120 4604 decimas
3153 4545 3273 4602 vini
3299 4544 3631 4612 duntaxat,
3654 4549 3710 4601 et

264 4616 518 4688 justitia.
552 4618 608 4675 Si
638 4634 762 4692 qua
794 4620 970 4690 igitur
1004 4622 1064 4678 in
1098 4620 1364 4679 futurum
1391 4624 1796 4686 ecclesiastica
1824 4645 1931 4686 08·-

270 4705 561 4764 cularisve
588 4724 865 4781 persona,
898 4709 1055 4767 hanc
1073 4717 1293 4768 nostroe
1310 4714 1744 4774 constitutionis
1765 4718 1932 4789 pagi-

270 4809 411 4851 nam
444 4798 656 4863 scienS,
680 4803 790 4854 etc.

343 4887 464 4957 Ego
515 4887 729 4943 Lucius
761 4887 1072 4946 catholicoe
1104 4889 1378 4948 Ecclesiae
1403 4893 1747 4966 episcopus.

346 4976 464 5046 Ego
512 4974 866 5033 chunradus
897 4978 1014 5035 Sal.
1062 4979 1331 5037 minister
1355 4986 1412 5038 et
1437 4982 1784 5040 sabinensis
1809 4986 1929 5059 epi-

273 5078 494 5137 scopus
522 5082 602 5121 ss.

342 5155 462 5224 Ego
507 5154 847 5213 Theodinus
875 5157 1212 5216 Portuensis
1242 5163 1299 5218 et
1323 5160 1558 5220 Sanctae
1584 5163 1812 5222 Ruflnae
1843 5181 1931 5223 se-

275 5244 368 5302 dis
407 5244 732 5318 episcopus
764 5263 846 5302 ss.

345 5335 467 5405 Ego
492 5337 697 5392 Petrus
726 5336 1043 5407 Tusculan,
1088 5338 1412 5413 episcopus
1442 5358 1527 5398 ss.

348 5422 470 5491 Ego
518 5425 719 5482 Petrus
751 5425 899 5482 tituli
949 5429 1008 5484 S.
1048 5429 1336 5486 Susannae
1392 5431 1590 5504 presb.
1647 5433 1925 5494 cardina-

279 5505 373 5569 ,is.
407 5523 491 5569 ss.

2039 4642 2174 4708 post
2203 4637 2435 4694 obitum
2466 4638 2594 4710 ejus
2624 4637 2893 4695 decimas
2927 4635 3208 4692 frumenti
3246 4636 3301 4689 et
3349 4632 3626 4692 aliorum
3654 4637 3708 4690 et

2038 4724 2306 4783 decimas
2339 4725 2583 4799 insuper
2611 4726 2685 4783 de
2720 4729 3041 4783 Hui-maten
3071 4724 3132 4781 in
3172 4721 3498 4779 Brussetal.
3541 4722 3710 4780 Idem

2039 4829 2182 4871 vero
2201 4816 2541 4888 episcopus,
2556 4816 2701 4871 dum
2721 4814 3179 4888 praeposituram
3195 4810 3476 4868 Ecclesioe
3497 4816 3710 4869 vestro

2038 4902 2102 4958 in
2128 4902 2262 4974 ipsa
2305 4919 2491 4961 manu
2531 4906 2773 4974 teneret,
2825 4903 3094 4959 decimas
3134 4901 3210 4958 de
3244 4898 3470 4957 Sulcen
3512 4906 3573 4957 et
3607 4914 3711 4957 sex

2041 5006 2221 5063 agros
2251 4991 2429 5049 vineti
2456 4992 2863 5065 Buytenheim,
2882 4998 2939 5048 et
2969 4996 3087 5048 tres
3118 4990 3178 5046 in
3209 4987 3618 5061 Westhoven,
3642 5004 3709 5046 eo

2041 5084 2244 5138 tenore
2273 5083 2585 5148 concessit,
2609 5086 2671 5139 ut
2696 5081 2843 5138 nulli
2874 5081 3194 5154 unicuique
3220 5080 3584 5151 praeposito,
3607 5089 3714 5153 qui

2038 5169 2368 5244 aliquando
2393 5175 2600 5229 vestrae
2623 5175 2909 5244 praeesset
2936 5169 3232 5234 Ecclesiae,
3252 5166 3430 5224 vobis
3449 5183 3527 5225 08
3563 5169 3713 5226 sub-

2036 5259 2312 5317 trahendi
2342 5266 2569 5333 pateret
2588 5260 2863 5318 facultas.
2886 5260 3139 5332 Insuper
3163 5256 3342 5313 etiam
3372 5256 3714 5329 praedictus

2037 5351 2097 5405 B.
2121 5352 2479 5423 praepositus
2496 5349 2910 5407 molendinum
2925 5347 3234 5422 quoddam
3250 5346 3415 5418 quod
3433 5348 3714 5421 proprie-

2034 5438 2187 5497 tario
2224 5441 2357 5512 jure
2411 5441 2669 5507 tenebat,
2697 5456 2836 5497 cum
2885 5437 3183 5512 adjacenti
3206 5434 3443 5509 praedio
3475 5437 3539 5493 in
3571 5434 3714 5494 villa

2033 5528 2459 5606 Tunguenesin
2493 5529 2689 5588 eidem
2711 5527 2964 5587 ecclesia
2987 5526 3091 5601 pia
3110 5524 3437 5585 devotione
3459 5541 3714 5587 conces·
