3784 6000
115 222 256 280 1325

1003 219 1372 278 EPISTOLAE
1413 221 1494 276 ΕΤ
1536 214 1979 279 PRrvnAEGtA.
2018 251 2086 262 —
2126 221 2242 278 AN.
2288 222 2612 282 itu-1¹85.

3400 219 3544 281 13²6

116 346 324 403 stolica
340 343 792 410 confirmamus,
808 348 863 401 et
886 346 1196 419 proesentis
1218 345 1420 417 scripti
1443 340 1778 417 patrocinio
1809 344 1856 398 A
1887 341 2065 398 nibus
2089 347 2179 400 est
2208 345 2543 418 pra-fixum,
2558 346 2637 403 ad
2662 344 2903 403 ordines
2922 343 3240 403 sacerdotii
3269 344 3465 420 possit
3484 343 3545 400 et

116 435 586 492 communimus.
618 433 766 490 Nulli
795 449 939 506 ergo
969 434 1219 490 omnino
1250 434 1568 490 hominum
1597 431 1774 490 liceat

114 523 272 581 hanc
284 524 570 597 paginam
587 527 803 579 nostra»
818 522 1298 582 confirmationis
1318 521 1663 593 infringere,
1682 520 1776 577 vel

119 613 169 668 ei
200 629 357 670 ausu
379 612 694 668 temerario
720 611 1039 668 contraire.
1072 612 1129 669 Si
1156 611 1289 685 quis
1310 616 1513 668 autem
1536 611 1652 667 hoe
1682 613 1774 665 at-

120 706 345 758 tentare
364 701 832 773 praesumpserit‚
856 700 1335 772 indignationem
1350 698 1777 772 omnipotentis

120 789 223 846 Dei
247 795 304 847 et
322 790 637 847 beatorum
666 788 814 846 Petri
838 793 895 847 et
925 789 1090 847 Pauli
1114 788 1523 862 apostolorum
1553 787 1605 861 ej
1617 803 1684 843 us
1713 803 1777 844 se

120 879 350 937 noverit
382 879 789 936 incursurum.

188 967 406 1026 Datum
434 969 701 1034 Veronoe,
733 965 1017 1025 Kalendis
1047 965 1348 1025 Octobris.

127 1173 516 1245 Privileqium
553 1188 664 1242 pro
688 1170 903 1229 abbate
935 1170 1362 1244 monachisque
1396 1170 1777 1229 Lat-ensibus.

653 1261 945 1332 (veronis,
976 1262 1102 1317 Oct.
1137 1260 1246 1332 ¹6.)

206 1351 511 1419 [Gunrnem
530 1350 676 1406 Cod.
696 1349 944 1419 diplom.
964 1349 1457 1416 Rheno-Maseli„
1483 1347 1529 1411 1,
1554 1347 1711 1420 um]

201 1439 400 1497 Luctus
443 1437 791 1511 episcopus,
834 1452 1045 1494 servus
1064 1453 1372 1495 servorum
1400 1436 1522 1504 Dei,
1551 1436 1782 1494 dilectis

131 1525 290 1594 filiis,
320 1526 529 1584 abbati
558 1532 616 1585 et
638 1526 923 1584 fratribus
948 1526 1025 1584 de
1052 1527 1232 1595 Lacu,
1277 1525 1531 1586 salutem
1559 1530 1619 1584 et
1640 1539 1784 1598 apo-

133 1615 405 1672 stolicam
435 1615 940 1673 benedictionem.

1886 429 2104 489 debeat
2121 434 2479 507 promoveri.
2500 439 2678 493 Porro
2692 436 2741 491 si
2760 433 2997 509 patroni
3011 434 3400 492 ecclesiarum
3413 431 3543 492 ido·

1886 534 2033 577 neas
2072 539 2193 578 non
2235 524 2721 596 praesentaverint
2749 524 2856 581 tibi
2895 538 3206 596 personas,
3233 523 3410 582 liceat
3437 521 3541 581 tibi

1885 612 2233 668 auctoritate
2269 617 2473 671 nostra
2508 613 2570 669 in
2616 612 2880 671 ecclesiis
2923 612 3092 685 ipsis,
3141 611 3544 685 appellatione

1883 704 2133 771 remota,
2169 716 2468 772 congruos
2483 701 2763 760 ordinare
2786 700 3107 766 ministros,
3123 701 3345 774 quibus
3357 699 3545 758 eccle·

1887 789 2114 844 siarum
2149 790 2367 848 utilitas
2396 797 2453 848 et
2481 791 2543 847 in
2573 788 2988 865 spiritualibus
3018 796 3074 846 et
3105 788 3542 863 temporalibus

1885 874 2201 935 salubriter
2225 880 2649 938 committatur.

1959 964 2109 1023 Nulli
2140 982 2307 1039 ergo,
2338 973 2450 1027 etc.

1958 1054 2170 1112 Datum
2202 1056 2475 1125 Veronoe,
2505 1073 2624 1116 xvn
2655 1056 2786 1118 Kal.
2816 1054 3194 1114 Novembris.

2626 1163 2802 1221 cent.

1892 1249 2141 1308 clericis
2162 1250 2714 1324 osnabruqenstbus
2739 1251 3004 1311 concedit
3024 1252 3386 1324 facultatem
3409 1265 3547 1311 eon-

2386 1325 2570 1382 dendi
2599 1329 3033 1383 testamentum.

2411 1415 2703 1486 (veroum,
2726 1414 2851 1471 Oct.
2876 1415 2991 1484 22.)

2250 1500 2489 1575 [Rosam
2520 1502 2659 1560 Osn.
2690 1501 2899 1561 Gesclt.
2928 1502 3018 1570 lv,
3046 1499 3197 1573 tom]

1966 1589 2169 1646 Luctus
2196 1591 2540 1665 episcopus,
2568 1607 2777 1648 servus
2801 1605 3113 1647 servorum
3155 1589 3277 1657 Dei,
3317 1588 3548 1648 dilectis

202 1706 350 1760 Cum
390 1704 770 1762 subditorum
808 1706 929 1763 vita
964 1705 1349 1780 praelatomm
1389 1704 1661 1763 morum,
1698 1705 1786 1760 in,
1815 1692 1862 1751 Β
1891 1675 2033 1733 filiis
2069 1677 2297 1735 clericis
2335 1679 2818 1753 osnabrugensis
2864 1678 3156 1747 Ecclesia,
3197 1677 3454 1736 salutem
3489 1681 3551 1737 et

134 1797 418 1861 struatur,
447 1794 701 1864 dignum
720 1798 813 1851 est
834 1800 894 1851 et
919 1810 1259 1852 consonum
1286 1793 1522 1861 rationi,
1555 1798 1621 1850 ut
1644 1809 1785 1850 cum

134 1881 326 1954 plebis
352 1882 589 1939 devotio
617 1882 930 1953 religiosos
950 1884 1110 1940 viros
1136 1884 1254 1940 sibi
1284 1883 1504 1956 proefici
1525 1881 1787 1956 postulat

132 1971 192 2026 in
232 1976 524 2043 pastores,
566 1973 697 2044 ejus
726 1973 839 2046 piis
876 1971 1185 2029 desideriis
1221 1986 1555 2029 consensus
1594 1971 1783 2029 facilis

127 2061 481 2132 praebeatur.
511 2063 677 2118 Unde
715 2063 859 2136 quia
885 2061 964 2118 ad
1004 2061 1372 2119 audientiam
1411 2059 1786 2134 apostolatus

127 2150 309 2206 nostri
341 2151 624 2222 pervenit,
648 2151 813 2225 quod
836 2152 1120 2225 quaedam
1143 2150 1502 2222 parochialis
1530 2148 1784 2207 eeclesia

124 2238 382 2305 crufthe,
424 2240 502 2296 ad
545 2246 808 2297 vestrum
842 2240 1272 2298 monasterium
1314 2240 1637 2312 pertinens,
1676 2254 1785 2312 per

125 2342 231 2384 vos
269 2328 363 2385 vel
401 2329 551 2386 alios
591 2329 901 2403 religiosos
940 2329 1099 2386 viros
1135 2329 1399 2402 postulat
1435 2327 1780 2398 gubernari,

125 2419 473 2475 auctoritate
503 2418 672 2475 vobis
709 2420 1095 2492 praesentium
1133 2417 1541 2487 indulgemus,
1584 2420 1650 2472 ut
1674 2433 1782 2473 va-

125 2513 299 2564 cante
324 2508 456 2580 ipsa
484 2509 732 2566 ecclesia
759 2509 932 2566 liceat
973 2508 1142 2565 vobis
1173 2508 1233 2564 in
1262 2522 1336 2564 ea
1359 2512 1474 2563 tres
1511 2504 1607 2563 vel
1632 2521 1780 2580 qua-

125 2601 261 2653 tuor
290 2597 367 2653 de
396 2596 680 2654 tratribus
696 2597 906 2654 vestris
919 2603 1471 2668 statuere,quorum
1489 2609 1644 2651 unus
1657 2594 1779 2668 epi·

118 2700 308 2758 scopo
340 2691 752 2759 praesentetur,
779 2687 883 2760 qui
905 2685 983 2745 ab
999 2686 1284 2758 episcopo
1308 2698 1518 2740 curam
1543 2684 1775 2741 enima-

121 2789 256 2831 rum
283 2776 596 2847 recipiens,
628 2777 682 2833 ei
701 2776 776 2833 de
807 2773 1238 2848 spiritualibus,
1268 2772 1440 2830 vobis
1470 2776 1670 2829 autem
1699 2773 1776 2831 de

121 2865 554 2936 temporalibus
572 2865 788 2922 debeat
804 2862 1190 2937 respondere.
1207 2861 1357 2919 Nulli
1369 2876 1513 2933 ergo
1526 2862 1774 2920 omnino

119 2947 437 3007 hominum
464 2948 638 3007 liceat
651 2953 806 3009 hanc
823 2952 1111 3026 paginam
1126 2957 1346 3008 nostrae
1365 2949 1773 3008 concessionis

119 3038 440 3109 infringere
470 3040 558 3097 vel
591 3041 643 3096 ei
670 3056 823 3097 ausu
854 3041 1170 3097 temerario
1209 3042 1524 3098 contraire.
1557 3041 1614 3098 Si
1634 3041 1772 3114 quis

118 3134 320 3183 autem
345 3128 460 3185 hoc
480 3133 771 3186 attentare
801 3129 1270 3201 praesumpserit,
1299 3127 1771 3200 indignationem

117 3217 541 3289 omnipotentis
569 3219 690 3288 Dei,
728 3222 786 3273 et
809 3217 1129 3274 beatorum
1153 3216 1301 3274 Petri
1331 3223 1388 3273 et
1427 3216 1591 3274 Pauli
1631 3233 1773 3291 apo-

117 3306 407 3364 stolorum
432 3308 561 3379 ejus
588 3323 650 3364 se
681 3307 909 3364 noverit
939 3306 1344 3363 incursurum.

195 3399 409 3455 Datum
436 3398 836 3465 Veronae,xvu
873 3396 1002 3453 Kal.
1042 3394 1413 3453 Novembris.

867 3512 1026 3572 ccli.

117 3604 217 3660 Ad
236 3603 562 3662 Walter-um
588 3604 1098 3673 archiepiscopum
1126 3600 1678 3671 Rothomaaensem.
1701 3630 1771 3644 -

191 3676 326 3731 Non
347 3676 738 3734 instituendos
751 3675 813 3731 in
836 3674 1115 3738 ecclesiis,
1140 3672 1257 3730 nisi
1274 3672 1380 3746 qui
1399 3673 1492 3729 vel
1517 3672 1637 3729 sint
1667 3680 1771 3731 aut

183 3748 459 3817 proxime
490 3747 696 3818 futuri
731 3747 846 3803 sint
883 3745 1235 3811 sacerdotes,
1275 3751 1329 3800 et
1369 3743 1627 3801 residere
1661 3743 1770 3800 ibi·

187 3818 319 3875 dem
353 3820 563 3890 parati
593 3823 708 3875 sint
747 3834 765 3874 .·
795 3831 903 3875 nec
931 3816 1129 3872 minus
1165 3816 1426 3881 idoneos,
1462 3814 1698 3873 etiamsi
1733 3829 1772 3874 a

185 3894 457 3960 patronis
475 3889 825 3960 praesentati
849 3888 1103 3959 fuerint.

634 3979 931 4051 (Veronae.
970 3977 1096 4033 Oct.
1134 3976 1244 4049 to.)

493 4066 723 4141 [Mansa
754 4065 1013 4132 concil„
1039 4064 1202 4129 xxii,
1242 4061 1396 4138 479]

183 4177 386 4232 Luctus
427 4174 779 4247 episcopus.
801 4217 815 4232 .
837 4215 852 4231 .
874 4217 887 4231 .
951 4173 1246 4230 Wnsreao
1303 4171 1770 4245 Rothomagensi

109 4264 567 4337 archiepiscopo
580 4305 739 4321 .....

1896 1766 2291 1839 apostolicam
2316 1768 2817 1825 benedictionem.

1969 1857 2048 1912 Ex
2079 1856 2348 1929 injuncto
2377 1857 2550 1914 nobis
2589 1873 2625 1914 a
2666 1860 2787 1913 Deo
2809 1854 3179 1930 apostolatus
3202 1854 3401 1913 officio
3430 1855 3551 1913 ele-

1897 1945 2154 2003 ricorum
2179 1947 2294 2017 iuri
2319 1952 2591 2004 tenemur
2618 1946 2961 2021 prospicere
2988 1950 3047 2004 et
3081 1944 3337 2015 utilitati,
3366 1949 3549 2018 atque

1896 2033 2042 2107 ipsis
2088 2042 2294 2093 contra
2349 2035 2781 2093 maleficiorum
2824 2035 3103 2093 incursus
3150 2033 3550 2108 patrocinium

1895 2129 2166 2181 nostrum
2183 2124 2393 2182 fortius
2414 2125 2696 2199 impertiri
2722 2143 2739 2194 ς
2770 2141 2838 2182 ex
2855 2131 3023 2199 parte
3041 2123 3341 2197 siquidem
3352 2126 3552 2182 vestre

1891 2212 2111 2269 nostris
2140 2219 2232 2270 est
2257 2214 2505 2272 auribus
2542 2215 2881 2271 intimatum
2914 2211 3079 2286 quod
3117 2212 3252 2269 laici
3289 2226 3548 2270 consan-

1893 2302 2196 2372 guinitatis
2218 2302 2432 2360 intuitu
2456 2307 2811 2360 testamenta
2829 2317 2968 2376 quse
2997 2302 3073 2359 de
3097 2301 3357 2375 propriis
3370 2299 3552 2358 rebus

1892 2391 2133 2448 condita
2162 2397 2319 2460 sunt,
2341 2407 2450 2450 sua
2472 2390 2799 2449 temeritate
2828 2390 3182 2462 infringant,
3210 2405 3333 2448 non
3353 2389 3553 2447 sinen·

1891 2482 1978 2536 tes
2002 2495 2075 2536 ea
2093 2481 2266 2552 iuxta
2288 2479 2723 2552 dispositorum
2751 2480 3125 2538 voluntatem
3153 2477 3410 2553 impleri.
3439 2478 3545 2536 Vo·

1887 2566 2076 2625 lentes
2105 2567 2282 2639 igitur
2305 2568 2366 2625 in
2387 2567 2499 2625 hac
2522 2574 2689 2641 parte
2723 2568 2895 2624 vobis
2924 2567 3322 2625 sollicitudine
3345 2570 3549 2640 pater-

1888 2670 1972 2714 na
1998 2658 2339 2731 prospicere
2367 2657 2711 2714 discretioni
2739 2662 2969 2724 vestrm,
3012 2655 3364 2713 auctoritate
3393 2669 3544 2730 prte-

1888 2747 2149 2802 sentium
2163 2745 2549 2817 indulgemus
2562 2751 2625 2802 ut
2644 2744 2943 2803 condendi
2955 2749 3314 2802 testamenta
3329 2743 3404 2801 de
3414 2743 3547 2819 qui-

1883 2834 2152 2892 buslibet
2178 2836 2434 2908 propriis
2459 2834 2637 2892 rebus
2666 2835 2898 2901 vestris,
2933 2834 3107 2906 juxta
3134 2833 3336 2904 legum
3365 2837 3424 2890 et
3446 2847 3545 2891 ca·

1885 2939 2117 2982 nonum
2157 2924 2517 2990 sanctiones,
2547 2923 2799 2981 liberam
2819 2923 2895 2980 de
2921 2930 3135 2980 caetero
3159 2921 3435 2980 habeatis
3456 2919 3538 2980 Ia·

1805 3039 1848 3097 (3
1884 3013 2189 3081 cultatem,
2214 3013 2566 3070 auctoritate
2603 3019 2806 3071 nostra
2845 3011 3180 3087 apostolica
3207 3010 3540 3069 districtius

1883 3102 2220 3160 inhibentes
2245 3118 2320 3159 ne
2332 3102 2469 3175 quis
2481 3106 2839 3160 testamenta
2860 3108 3059 3159 vestra
3077 3102 3369 3158 canonice
3380 3099 3541 3159 facta

1882 3191 2421 3263 consanguinitatis
2446 3190 2679 3248 obtuitu
2705 3190 2929 3249 violare
2961 3189 3080 3249 ullo
3111 3190 3297 3247 modo
3316 3203 3542 3263 proesn·

1881 3285 2029 3340 mat.
2061 3279 2213 3338 Nulli
2243 3281 2492 3337 omnino
2516 3281 2832 3337 hominum
2853 3280 3027 3338 liceat
3054 3280 3213 3338 hanc
3253 3279 3543 3354 paginam

1881 3376 2102 3428 nostrae
2125 3369 2414 3441 jussionis
2443 3374 2500 3426 et
2528 3368 2949 3440 prohibitionis
2989 3367 3332 3440 intringere,
3353 3367 3447 3426 vel
3486 3367 3541 3426 el

1883 3474 2041 3517 ausu
2062 3458 2379 3516 temerario
2392 3456 2723 3527 contraire;
2755 3456 2803 3513 si
2831 3457 2965 3529 quis
2987 3460 3192 3512 autem
3217 3456 3331 3513 hoc
3348 3459 3539 3514 atten-

1880 3552 2008 3606 tare
2038 3544 2508 3619 prtesumpserit‚
2540 3544 3226 3602 excommunicationem
3264 3542 3541 3618 omnipo·

1883 3635 2058 3694 tentis
2088 3635 2190 3691 Dei
2215 3639 2273 3690 et
2299 3633 2358 3688 B.
2400 3633 2547 3690 Petri
2576 3637 2634 3690 et
2668 3632 2828 3690 Pauli
2861 3631 3274 3705 apostolorum
3314 3631 3445 3705 eins
3474 3646 3539 3690 se

1880 3723 2116 3782 noverit
2143 3723 2544 3780 incursurum.

1954 3815 2170 3870 Datum
2198 3806 2467 3877 Veron'ae,
2490 3826 2543 3867 xl
2573 3810 2700 3868 Kal.
2724 3809 3095 3868 Novembris.

2599 3916 2774 3975 CClV.

1878 4007 2243 4066 Monasterio
2270 4006 2645 4065 cluniacensi
2666 4005 2876 4063 asserit
2902 4006 3095 4063 locum
3125 4020 3164 4065 a
3196 4004 3537 4064 :oceranm

2413 4080 2629 4136 Gmsso
2654 4091 3016 4137 eoncessum.

2414 4166 2703 4239 (Verona,
2736 4168 2862 4224 Oct.
2884 4166 3002 4238 2³.)

2331 4253 2602 4329 [Bullar.
2632 4255 2934 4324 cluniae„
2965 4253 3088 4330 77.]

182 4353 480 4423 Quoniam
498 4353 736 4425 saepein
757 4349 1772 4425 archiepiscopatutuodicitureve·
1800 4376 1848 4435 D
1953 4348 2157 4403 Lucius
2204 4343 2545 4418 episcopus,
2599 4359 2807 4403 servus
2852 4359 3164 4402 servorum
3216 4343 3340 4413 Dei,
3391 4343 3536 4405 dile-

110 4446 258 4509 nire‚
294 4449 357 4500 ut
394 4459 466 4499 ex
497 4443 763 4499 ecclesiis
803 4441 949 4498 inibi
989 4438 1322 4498 constitutis
1351 4438 1648 4497 inutilium
1687 4440 1772 4496 in-

110 4535 333 4591 stitutio
348 4546 742 4605 personarum
757 4529 1114 4587 scandalum
1129 4527 1342 4585 inferat
1357 4534 1414 4585 et
1424 4542 1770 4600 gravamen,

106 4623 427 4679 sollicitum
460 4627 513 4677 te
545 4636 675 4677 esse
709 4621 986 4677 volumus
1011 4624 1068 4675 et
1092 4622 1405 4684 attentum,
1433 4624 1499 4673 ut
1519 4617 1621 4684 ita,
1656 4619 1771 4674 Deo

106 4710 386 4785 propitio,
409 4708 673 4766 ecclesioe
696 4709 843 4782 ipsae
867 4707 985 4766 tuis
1003 4705 1374 4780 temporibus
1399 4706 1768 4773 ordinentur,

106 4801 274 4875 quod
303 4804 361 4855 et
385 4796 676 4855 clericalis
702 4797 992 4854 honestas
1012 4794 1371 4852 inconvulsa
1396 4798 1767 4869 permaneat,

107 4897 164 4946 et
187 4889 578 4946 ecclesiarum
606 4892 796 4943 status
818 4886 1042 4959 jugiter
1071 4890 1337 4941 servetur
1366 4883 1608 4942 illaesus.

178 4978 439 5051 Ideoque
458 4976 817 5034 fraternitati
839 4982 954 5032 tute
977 4972 1374 5046 praesentibus
1394 4972 1598 5030 litteris
1617 4971 1770 5029 inhi-

107 5068 346 5136 bemus,
387 5082 461 5123 ne
499 5066 577 5124 ad
604 5065 862 5122 vicarios
900 5062 1338 5136 parochialium
1378 5061 1767 5119 ecclesiarum

110 5156 350 5229 aliquos
381 5156 495 5212 nisi
535 5154 680 5211 tales
717 5154 1023 5219 admittas,
1054 5152 1157 5226 qui
1200 5150 1291 5208 vel
1328 5150 1465 5219 sint,
1503 5149 1599 5209 vel
1636 5165 1769 5209 esse

111 5245 373 5303 debeant
393 5247 452 5302 in
471 5245 742 5318 proximo
769 5243 1126 5314 sacerdotes,
1155 5240 1338 5315 etqui
1359 5239 1770 5314 velintetpos·

115 5334 235 5392 sint
280 5335 339 5389 in
376 5336 622 5406 propria
658 5348 916 5408 persona
948 5330 1216 5389 ecclesiis
1258 5330 1402 5403 ipsis
1447 5329 1767 5387 deservire.

186 5422 335 5480 Nulli
369 5427 657 5495 praetetea
692 5439 900 5480 curam
940 5421 1232 5479 committi
1248 5418 1593 5494 ‚consenties
1635 5419 1769 5476 ani-

19 5531 32 5582 ι
117 5527 380 5585 marum,
412 5509 646 5585 nisiqul
668 5510 824 5569 intra
840 5518 1088 5585 tempus
1117 5508 1282 5584 quod
1308 5525 1345 5567 a
1374 5507 1564 5566 sacris
1584 5522 1771 5566 eano-

1882 4435 1991 4492 ctis
2015 4433 2154 4491 filiis
2179 4432 2385 4491 abbati
2408 4440 2467 4491 et
2495 4434 2813 4492 conventui
2840 4432 3239 4503 Cluniacensi,
3269 4433 3531 4494 salntem

1881 4530 1939 4581 et
1966 4522 2361 4597 apostolicam
2389 4522 2893 4581 benedictionem.

1949 4612 2131 4670 Justis
2156 4612 2486 4687 petentium
2508 4610 2822 4669 desideriis
2852 4612 3107 4684 dignum
3136 4616 3227 4670 est
3252 4625 3366 4670 nos
3391 4610 3537 4670 faei-

1878 4702 1998 4760 lem
2038 4701 2305 4775 prtebere
2343 4716 2732 4768 consensum,
2772 4705 2830 4759 et
2866 4705 3003 4759 vota
3037 4715 3176 4775 quie
3212 4715 3251 4759 a
3283 4700 3537 4759 rationis

1880 4792 2115 4849 tramite
2140 4805 2262 4848 non
2289 4789 2659 4857 discordant,
2699 4788 2914 4848 effectu
2939 4794 3343 4865 prosequente
3371 4804 3536 4849 com·

1877 4880 2060 4954 plere.
2091 4881 2488 4953 Quapropter,
2528 4878 2725 4936 dilecti
2761 4878 2823 4936 in
2863 4878 3118 4937 Domino
3152 4878 3280 4947 fllii,
3317 4879 3538 4938 vestris

1871 4971 2049 5044 justis
2075 4968 2581 5041 postulationibus
2604 4972 2778 5042 grato
2804 4972 3227 5026 concurrentes
3256 4982 3532 5039 uoensu,

1875 5058 2077 5117 locum
2101 5072 2286 5132 quem
2312 5056 2484 5114 vobis
2511 5056 2731 5115 nobilis
2761 5057 2850 5114 vir
2865 5057 3232 5123 Jocerannus
3257 5057 3533 5127 Grossus,

1877 5148 2286 5207 consentiente
2313 5160 2495 5204 uxore
2514 5161 2646 5214 sua,
2676 5146 2737 5203 in
2764 5145 2988 5203 allodio
3023 5146 3268 5221 proprio
3296 5151 3353 5204 et
3380 5145 3538 5206 silva

1877 5239 1953 5296 de
1989 5240 2169 5303 Gron,
2202 5235 2304 5292 ubi
2333 5235 2582 5293 ecclesia
2609 5234 2670 5292 in
2709 5234 3003 5292 bonorem
3040 5235 3241 5293 Sancti
3277 5234 3530 5294 Joanuis

1877 5325 2262 5398 evangelista
2298 5324 2591 5382 aedifleata
2635 5323 3025 5394 dignoscitur,
3079 5324 3180 5397 pia
3212 5324 3528 5398 largitione

1877 5416 2176 5475 concessit
2198 5412 2531 5471 secundum
2560 5412 2943 5471 limitationes
2985 5416 3395 5486 terminorum,
3425 5413 3533 5490 qni

1878 5505 1943 5564 la
1977 5503 2206 5579 scripto
2237 5501 2578 5560 authentico
2608 5501 2802 5576 ipsius
2838 5502 3240 5574 continentur,
3279 5508 3338 5563 et
3377 5504 3532 5563 sicut
