3784 6000
108 184 254 245 1317

1073 177 1444 239 EPISTOLAE
1483 176 1570 237 er
1607 132 2041 238 PRIVILIzGIA.
2084 213 2154 226 -
2188 183 2312 247 AN.
2355 184 2614 244 usi-ss.

3389 188 3534 251 ¹3¹8

109 308 459 366 dubitanter
485 309 775 365 assumat.
816 308 1160 381 Eapropter‚
1184 303 1380 362 dilecti
1419 304 1478 360 in
1512 302 1770 359 Domino
1801 304 1846 359 Α
1881 303 2272 380 chiepiscopi,
2298 324 2409 381 pro
2428 325 2615 366 causa
2634 324 2770 383 quai
2789 307 3154 382 jampridem
3180 310 3453 370 intereos
3478 319 3536 372 et

110 397 242 465 filii,
264 397 478 454 vestris
504 396 680 468 justis
701 395 1204 469 postulationibus
1224 398 1394 464 grato
1414 406 1772 449 concurren-

112 490 202 545 tes
226 502 493 552 assensu,
525 483 926 557 praesentibus
953 484 1127 541 vobis
1168 482 1376 540 litteris
1424 481 1771 539 auctoritate

113 576 445 649 apostolica
475 574 876 646 indulgemus,
904 578 965 630 ut
990 573 1165 629 vobis
1195 573 1255 628 in
1285 571 1571 627 omnibus
1600 583 1774 641 paro-

112 665 263 722 chiis
292 663 501 720 vestris
529 661 704 719 liceat
726 661 974 719 clericos
1000 662 1329 727 instituere,
1351 659 1476 734 qui,
1518 674 1769 716 assensu

113 759 172 810 et
204 753 450 826 propria
476 751 786 808 voluntate
838 756 1050 817 vestra,
1104 750 1372 820 regimen
1426 747 1771 804 scholarum

113 843 423 900 obtineant
456 858 470 909 ;
499 845 553 897 et
594 840 723 897 hoec
782 839 960 896 firma
1006 844 1061 896 et
1111 838 1339 895 illibata
1392 837 1772 894 decernimus

111 930 571 1001 omnitempore
604 943 974 1000 permanere,
1004 931 1328 984 statuentes
1360 931 1423 982 ut
1456 924 1602 982 nulli
1640 940 1774 981 om-

20 1092 33 1099 ·
112 1020 258 1076 nino
286 1019 604 1076 bominum
629 1016 805 1073 liceat
831 1017 988 1074 hanc
1034 1015 1321 1089 paginam
1372 1019 1591 1071 nostroe
1632 1028 1773 1069 con-

115 1107 406 1164 cessionis
435 1105 778 1176 infringere,
809 1102 904 1160 vel
929 1105 982 1161 ei
1023 1103 1408 1176 aliquatenus
1453 1101 1768 1159 contraire.

19 1240 35 1263 .
117 1197 325 1269 Siquis
339 1201 542 1252 autem
558 1193 673 1250 hoc
692 1198 983 1250 attentare
1001 1192 1471 1266 proesumpserit,
1494 1190 1772 1260 indigna-

115 1286 341 1342 tionem
367 1282 799 1355 omnipotentis
826 1283 924 1338 Dei
945 1289 1003 1339 et
1030 1281 1347 1339 beatorum
1360 1280 1771 1354 apostolorum

115 1373 270 1430 Petri
301 1379 359 1431 et
381 1372 542 1430 Pauli
575 1386 637 1428 se
665 1371 895 1428 noverit
919 1371 1321 1434 incursurum.

188 1463 402 1521 Datum
442 1461 708 1526 Veronoe,
734 1461 901 1517 tertio
933 1460 1068 1517 Idus
1109 1458 1382 1531 Augusti.

781 1548 1116 1606 CLxxxvtl.

287 1639 669 1711 Pn’vileqium
685 1653 797 1709 pro
818 1637 1173 1695 monasterio
1191 1637 1265 1693 de
1282 1637 1466 1694 Curia
1478 1635 1601 1694 Dei.

648 1728 948 1800 (Veronoe,
969 1727 1119 1796 Aug.
1161 1725 1276 1798 ¹8.)

332 1818 517 1890 [Gall.
543 1816 764 1874 Christ.
799 1830 953 1879 nov..
999 1813 1146 1881 VIII,
1190 1815 1362 1870 Instr.
1406 1811 1561 1888 522]

186 1905 386 1963 Lucius
430 1904 771 1977 episcopus,
794 1918 999 1958 servus
1037 1916 1348 1957 servorum
1385 1899 1506 1967 Dei,
1539 1899 1772 1956 dilectis

111 1995 252 2052 filiis
277 1998 489 2051 Hucoru
514 1992 720 2051 abbati
746 1996 801 2048 et
829 1989 1152 2047 conventui
1193 1990 1269 2046 de
1313 1990 1487 2047 Curia
1528 1988 1649 2056 Dei,
1683 2004 1773 2047 sa·

107 2086 300 2143 lutem
330 2089 385 2140 et
414 2083 814 2155 apostolicam
844 2078 1345 2136 benedictionem.

188 2176 337 2230 Cum
362 2171 648 2229 omnibus
679 2169 892 2227 Christi
914 2166 1196 2224 fidelibus
1216 2167 1279 2224 in
1318 2183 1430 2224 sua
1467 2166 1773 2240 providere

105 2262 344 2336 justitia
374 2260 730 2328 debeamus,
762 2257 1077 2331 specialius
1101 2257 1187 2312 eis
1211 2256 1522 2313 existimus
1546 2255 1775 2312 debito·

107 2366 230 2419 res,
256 2351 357 2424 qui
389 2348 726 2422 regularem
758 2349 941 2403 vitam
965 2345 1216 2418 professi
1231 2345 1452 2402 arctius
1473 2344 1774 2401 divinisse

113 2440 430 2512 obsequiis
464 2438 909 2510 manciparunt,
938 2450 1131 2508 eoque
1147 2433 1400 2490 libertati
1424 2437 1638 2490 vestroe
1667 2448 1776 2489 vo-

109 2531 304 2588 lentes
331 2535 383 2585 et
411 2528 657 2600 justitioe
688 2526 1021 2600 providere,
1048 2524 1353 2598 privilegia
1382 2523 1624 2580 illustris
1653 2539 1777 2581 me-

113 2618 325 2677 moriae
341 2621 703 2675 Francorum
715 2631 924 2686 regum
940 2619 995 2671 et
1006 2612 1524 2670 aurelianensium
1544 2613 1778 2686 episco-

112 2724 332 2783 porum
363 2708 461 2780 pia
492 2706 845 2765 liberalitate
862 2711 918 2760 et
947 2702 1202 2777 provida
1230 2700 1618 2760 concessione
1644 2717 1776 2758 mo-

119 2798 386 2855 nasterio
401 2801 599 2852 vestro
614 2794 833 2851 collata
844 2793 1198 2850 auctoritate
1210 2789 1546 2864 apostolica
1557 2792 1778 2848 contir-

113 2902 381 2945 mamus.
399 2884 550 2950 Quia
560 2899 701 2940 vero
722 2882 995 2939 canonici
1017 2881 1246 2939 Sanctis
1260 2878 1460 2936 Crucis
1475 2879 1778 2954 privilegia

114 2973 568 3034 calumniantur
597 2973 1044 3045 episcoporum,
1072 2970 1288 3027 cumin
1309 2969 1455 3043 ipsis
1475 2969 1776 3027 continea-

118 3072 236 3131 tur,
267 3064 434 3138 quod
461 3077 534 3118 ex
554 3076 854 3118 consensu
872 3060 1057 3116 totius
1078 3058 1327 3131 capituli
1345 3059 1704 3116 donationes
1716 3064 1779 3116 et

120 3155 427 3212 libertates
457 3164 757 3208 concessas
775 3153 913 3205 sunt
929 3147 1213 3213 abbatias,
1234 3151 1294 3203 et
1315 3147 1448 3219 ipsa
1463 3147 1781 3221 privilegia

124 3243 240 3300 sint
266 3241 539 3297 omnium
570 3253 959 3313 personarum
1006 3235 1551 3308 subscriptionibus
1600 3236 1785 3293 robo-

124 3337 278 3395 rata,
311 3329 658 3386 auctoritate
682 3325 1013 3400 apostolica
1037 3324 1350 3397 probibem
1361 3339 1542 3390 us,ne
1569 3340 1682 3398 pro
1709 3339 1782 3382 eo

126 3421 294 3494 quod
321 3417 515 3491 sigilla
543 3416 784 3489 capituli
805 3430 927 3471 non
956 3414 1075 3470 sint
1116 3412 1438 3486 privilegiis
1483 3412 1632 3485 ipsis
1679 3427 1784 3485 ap-

128 3509 342 3583 posita.
362 3506 507 3565 nihil
524 3510 732 3562 contra
757 3509 1026 3560 tenorem
1045 3501 1492 3576 privilegiorum
1510 3501 1781 3574 ipsorum

126 3599 190 3656 in
222 3602 488 3653 vestrum
536 3593 774 3650 valeant
818 3590 1228 3665 praejudicium
1275 3589 1600 3647 vindicare.
1632 3590 1783 3648 Nulli

128 3686 532 3757 ergoomnino
549 3683 864 3740 bominum
880 3680 1052 3738 liceat
1069 3680 1226 3738 banc
1251 3679 1544 3753 paginam
1559 3686 1782 3737 nostrie

128 3774 600 3832 confirmationis
624 3778 680 3828 et
741 3770 1159 3844 prohibitionis
1208 3768 1557 3839 infringere,
1582 3771 1673 3826 vel
1727 3769 1781 3826 ei

20 3879 29 3942 Ἰ
125 3882 280 3922 ausu
320 3864 636 3920 temerario
655 3861 968 3918 contraire.
999 3860 1056 3915 Si
1085 3858 1226 3931 quis
1276 3863 1476 3915 autem
1520 3858 1636 3915 hoc
1688 3864 1783 3915 at-

20 3945 29 3973 ²
126 3958 352 4010 tentare
372 3949 838 4024 proesumpserit,
860 3946 1334 4017 indignationem
1354 3946 1782 4019 omnipotentis

20 4113 22 4117 ,
123 4041 222 4097 Dei
250 4048 308 4097 et
335 4042 646 4097 beatorum
675 4038 820 4094 Petri
850 4042 907 4093 et
931 4035 1096 4094 Pauli
1119 4034 1533 4107 apostolorum
1560 4034 1692 4108 ejus
1717 4051 1780 4092 se

122 4132 355 4189 noverit
400 4130 802 4186 incursurum.

200 4223 412 4275 Datum
437 4220 702 4284 Veronae,
727 4231 802 4271 xv
828 4213 957 4271 Kal.
989 4215 1152 4286 Sept.

765 4338 1125 4396 CLXXXVIII.

114 4453 360 4510 Decano
392 4448 841 4512 cenomanensi,
865 4460 1003 4504 nae
1044 4445 1458 4511 veteri-Ponte,
1481 4441 1779 4501 archidia-

192 4535 338 4577 cono
388 4517 860 4589 Hotltomaqensi,
899 4521 953 4573 et
988 4515 1266 4586 mayistre
1305 4516 1364 4571 Η
1454 4556 1468 4570 .
1493 4516 1779 4572 ‚lennensi

191 4591 440 4648 mandat
462 4591 599 4646 utin
621 4587 886 4646 nolensis
906 4591 959 4644 et
989 4585 1346 4643 Turonensis
1367 4531 1776 4644 aeclesiarum

191 4661 601 4720 controversia
627 4658 964 4718 testimonia
990 4660 1225 4715 testium
1262 4658 1660 4729 perscribant.

623 4750 912 4822 (Veronae,
944 4753 1096 4818 Aug.
1142 4746 1257 4819 18.)

478 4840 772 4912 [Mani-sn..
810 4836 1120 4903 The-saur„
1149 4835 1248 4901 ΙΙΙ,
1271 4833 1427 4911 910.]

190 4931 387 4986 Lucius
417 4929 762 5003 episcopus,
802 4941 1010 4982 servus
1053 4941 1365 4982 servorum
1397 4924 1520 4991 Dei,
1551 4922 1777 4981 dilectis

108 5020 254 5079 filiis
287 5019 517 5077 decano
561 5015 1019 5080 cenomanensi,
1041 5014 1093 5071 J.
1123 5014 1200 5071 de
1242 5014 1663 5082 Veteri-Ponte,
1689 5028 1783 5071 ar·

109 5107 475 5167 chidiacono
530 5104 1019 5176 Rotbomagensi,
1046 5108 1104 5160 et
1160 5102 1448 5175 magistro
1500 5104 1651 5176 llug.
1679 5104 1780 5161 Ja-

110 5197 354 5263 nuensi‚
388 5198 707 5271 praeposito
746 5194 1010 5252 ecclesias
1042 5194 1099 5251 S.
1146 5194 1339 5252 Mariae
1385 5192 1460 5250 de
1503 5192 1773 5259 castello.

116 5285 379 5344 salutem
409 5291 467 5343 et
503 5283 889 5359 apostolicam
937 5281 1439 5339 benedictionem.

194 5373 341 5432 Cum
362 5373 613 5431 dilectus
656 5373 816 5431 tilius
877 5377 1079 5430 noster
1128 5371 1348 5429 electus
1404 5369 1692 5440 Dolensis,
1722 5375 1781 5429 et

112 5465 365 5528 nuntius
398 5462 750 5523 venerabilis
785 5462 985 5523 lratris
1030 5460 1216 5521 nostri
1268 5459 1634 5520 Turonensis
1679 5475 1779 5521 ar-

1811 4373 1858 4428 D

1881 406 2089 450 eorum
2137 396 2421 454 ecclesias
2471 399 2731 464 emersit,
2768 405 2825 453 et
2852 396 2963 455 ruit
2990 414 3192 456 eoram
3224 399 3411 458 felicis
3449 417 3538 460 re·

1881 482 2247 542 cordationis
2287 486 2627 544 Alexandro
2654 503 2812 560 papa
2860 487 3298 560 praedecessore
3328 497 3539 550 nostro

1880 570 2105 628 diutius
2137 574 2394 645 actitata,
2418 581 2475 631 et
2494 575 2573 631 ab
2598 591 2668 631 eo
2691 577 2947 648 receptio
2964 577 3202 633 testium
3227 578 3538 654 utriusque

1881 661 2066 732 partis
2097 661 2213 717 sub
2233 669 2393 720 certa
2420 662 2617 720 forma
2643 665 2990 730 commissa,
3024 665 3082 720 in
3106 670 3317 722 nostra
3336 672 3539 726 essent

1882 750 2203 819 praesentia
2222 753 2543 817 constituti,
2571 757 2706 823 post
2738 752 3032 810 diutinam
3050 768 3279 811 moram
3293 770 3541 812 concor-

1881 836 2032 893 diter
2071 841 2449 910 postularunt
2488 847 2551 897 ut
2589 842 2764 897 vobis
2804 841 3014 909 tribus,
3054 842 3298 907 duobus,
3334 844 3538 902 electis

1881 941 1918 982 a
1948 927 2222 998 partibus
2250 933 2309 985 et
2339 930 2506 987 tertio
2526 946 2563 986 a
2593 929 2767 987 nobis
2793 931 2957 995 dato,
3005 932 3405 1004 receptionem
3445 938 3539 990 te-

1881 1014 2059 1071 stium
2069 1016 2240 1087 juxta
2269 1019 2549 1087 formam,
2563 1035 2751 1092 quam
2767 1018 2896 1090 jam
2914 1019 3110 1075 dictus
3128 1020 3539 1092 proedecessor

1881 1108 2083 1161 noster
2111 1106 2468 1178 proetixerat,
2500 1109 2872 1165 committere
2894 1108 3268 1167 deberemus.
3291 1112 3409 1167 Nos
3434 1125 3544 1168 au-

1879 1197 2019 1255 tem.
2053 1194 2500 1254 considerantes
2532 1202 2846 1270 utramque
2884 1196 3205 1255 Ecclesiam
3235 1200 3541 1258 'maximis

1878 1281 2190 1339 laboribus
2214 1289 2270 1341 et
2294 1285 2575 1357 expensis
2588 1285 3176 1344 hactenusinutiliter
3199 1286 3535 1360 laborasse,

1879 1370 2226 1429 discretioni
2265 1377 2478 1429 vestrm
2508 1389 2613 1446 per
2642 1374 2976 1447 apostolica
3025 1377 3249 1447 scripta
3280 1378 3542 1436 manda-

1880 1475 2039 1527 mus,
2083 1466 2138 1516 et
2174 1459 2234 1517 in
2290 1461 2649 1520 obedientioe
2695 1464 2905 1520 virtute
2946 1464 3355 1537 praecipimus,
3384 1482 3541 1539 qua-

1881 1552 2055 1605 tenus
2073 1548 2153 1606 ad
2169 1555 2609 1623 competentem
2634 1550 2834 1609 locum
2857 1552 3286 1624 proximiorem
3299 1553 3541 1612 Dolensi

1804 1657 1849 1714 B
1882 1636 2175 1708 Ecclesiae,
2207 1654 2485 1696 securum
2514 1640 2973 1713 archiepiscopo
3018 1641 3110 1698 vel
3166 1644 3537 1715 procuratori

1883 1743 2017 1792 suo,
2058 1727 2138 1784 ad
2168 1728 2544 1800 recipiendos
2587 1735 2763 1786 testes
2792 1729 3058 1786 Dolensis
3117 1730 3415 1803 Ecclesiae,
3481 1736 3543 1791 et

1882 1821 2089 1889 postea
2118 1816 2197 1873 ad
2225 1815 2428 1873 locum
2457 1834 2736 1874 securum
2800 1817 2988 1875 electo
3035 1817 3125 1875 vel
3166 1821 3541 1891 procuratori

1881 1919 2013 1972 suo,
2063 1904 2142 1961 ad
2195 1905 2573 1978 recipiendos
2611 1911 2787 1963 testes
2853 1909 3215 1964 Turonensis
3264 1908 3539 1967 Ecclesiae

1882 1994 2256 2059 accedentes,
2274 1996 2432 2051 omni
2457 1996 2650 2065 gratia
2678 1996 2960 2053 ettimore
2984 1998 3333 2070 postposito,
3359 2004 3542 2056 testes

1883 2083 2192 2156 utriusque
2218 2084 2403 2156 partis
2425 2083 2597 2155 juxta
2616 2084 2873 2143 formam
2894 2086 3306 2158 praescriptam
3335 2087 3416 2144 ab
3439 2102 3541 2145 eo·

1882 2170 2022 2227 dem
2051 2171 2489 2244 praedecessore
2514 2178 2723 2230 nostro
2752 2172 2909 2231 infra
2949 2179 3069 2230 tres
3123 2189 3363 2232 menses
3405 2181 3543 2249 post

1880 2259 2100 2317 harum
2130 2260 2577 2333 susceptionem
2629 2262 2953 2334 recipiatis,
2984 2264 3204 2320 nullius
3234 2263 3548 2322 contradi-

1882 2348 2079 2405 ctione
2111 2349 2202 2405 veI
2232 2349 2638 2422 appellatione
2666 2351 2968 2409 obstante.
2997 2352 3052 2408 Si
3085 2368 3225 2410 vero
3255 2353 3542 2414 alterutra

1883 2437 2146 2509 partium
2160 2437 2590 2503 absentaverit,
2603 2454 2720 2511 neq
2729 2454 2799 2495 ue
2811 2444 3261 2511 procuratorem
3292 2441 3535 2512 miserit3

1882 2525 2001 2583 nisi
2022 2524 2352 2598 legitimum
2385 2526 2884 2599 impedimentum
2908 2528 3221 2587 manifeste
3242 2529 3544 2602 probave-

1882 2613 1982 2683 rit,
2012 2617 2143 2685 ejus
2180 2615 2284 2687 qui
2323 2630 2587 2687 pra-sens
2617 2615 2794 2673 tuerit
2825 2622 3002 2673 testes
3026 2617 3423 2690 iurisiurandi
3452 2636 3542 2678 re-

1882 2701 2105 2771 ligione
2128 2702 2399 2759 astrictos
2432 2702 2814 2775 praecipimus
2850 2705 3053 2778 recipi,
3103 2712 3160 2762 et
3198 2705 3539 2777 diligentius

1882 2790 2259 2860 interrogari,
2286 2796 2468 2864 atque
2497 2807 2635 2847 cum
2665 2793 2831 2848 omni
2861 2792 3188 2863 diligentia,
3218 2799 3278 2852 et
3306 2797 3540 2855 cautela

1885 2895 2094 2936 eorum
2116 2879 2279 2936 dicta
2301 2880 2618 2937 conscribi.
2658 2881 2881 2937 Deinde
2904 2883 3310 2940 attestationes
3334 2885 3539 2957 sigillis

1886 2969 2103 3026 vestris
2130 2968 2394 3027 inclusas
2417 2969 2495 3027 ad
2524 2969 2730 3027 sedem
2751 2970 3145 3045 apostolicam
3175 2974 3536 3033 transmitta-

1889 3059 1983 3124 tis,
2017 3057 2282 3130 spatium
2312 3059 2572 3116 duorum
2597 3059 2890 3117 mentium
2920 3066 3056 3133 post
3083 3062 3403 3135 praedictos
3427 3068 3546 3121 tres

1888 3147 1949 3204 in
1971 3147 2194 3219 quibus
2211 3152 2389 3204 testes
2400 3148 2615 3221 recepti
2628 3147 2844 3206 fuerint
2861 3152 3133 3223 partibus
3148 3151 3546 3224 praefigentes,

1889 3236 2512 3308 quosedebeantcum
2539 3237 2684 3309 ipsis
2712 3239 3190 3296 attestationibus
3210 3240 3545 3313 apostolico

1891 3325 2240 3395 conspectui
2265 3330 2652 3396 praesentare,
2678 3330 2735 3381 et
2766 3326 2905 3383 visis
2937 3333 2992 3384 et
3017 3328 3269 3400 cognitis
3300 3330 3548 3388 rationi-

1892 3411 2009 3469 bus
2062 3412 2390 3485 utriusque,
2441 3412 2528 3469 vel
2571 3413 2731 3469 illius
2778 3416 2984 3487 partis,
3023 3431 3160 3488 quie
3191 3422 3369 3473 testes
3409 3433 3548 3492 pro·

1891 3501 2145 3572 duxerit,
2161 3501 2569 3558 controversia
2580 3502 2763 3558 tinem
2781 3504 3075 3571 debitum,
3089 3505 3253 3562 omni
3268 3513 3544 3566 cessante

1891 3589 2165 3661 diffugio,
2195 3592 2494 3646 sortiatur.
2530 3591 2586 3648 Si
2616 3597 2820 3647 autem
2859 3592 2951 3648 bis
3000 3594 3406 3667 exsequendis
3442 3611 3548 3654 ne·

1889 3678 2198 3754 quiveritis
2223 3684 2328 3735 aut
2355 3678 2659 3737 nolueritis
2687 3680 2991 3748 interesse,
3020 3682 3164 3750 duo,
3216 3682 3385 3740 omni
3441 3699 3549 3757 ap·

1890 3767 2213 3840 pellatione
2229 3772 2289 3823 et
2303 3769 2686 3826 excusatione
2701 3776 2997 3840 cessante,
3019 3772 3377 3830 mandatum
3402 3787 3549 3848 apo-

1890 3857 2165 3915 stolicum
2194 3864 2619 3930 exsequantur.
2654 3860 2943 3915 Coeterum
2973 3861 3024 3915 si
3050 3860 3411 3931 negligentia
3449 3864 3543 3936 Ju-

1890 3947 2115 4014 dicum,
2147 3946 2240 4003 vel
2268 3948 2747 4018 tergiversatione
2772 3947 3024 4021 alicujus
3070 3950 3333 4023 partium
3361 3955 3546 4010 testes

1890 4035 2109 4108 recepti
2122 4035 2494 4102 mutuarint,
2516 4035 2905 4093 nibilominus
2928 4052 3069 4109 pars
3093 4043 3345 4111 utraque
3364 4039 3541 4112 plene

1888 4125 2184 4183 instructa
2210 4139 2316 4197 per
2354 4139 2420 4180 se
2446 4124 2538 4180 vel
2568 4140 2672 4196 per
2705 4124 3100 4183 sufficientem
3130 4126 3539 4200 responsalem

1888 4213 2146 4270 termino
2175 4213 2516 4279 constituto,
2543 4228 2728 4285 quem
2761 4214 2992 4287 utrique
3017 4215 3172 4287 parti
3203 4223 3544 4290 perempto·

1886 4303 2046 4359 rium
2073 4301 2480 4371 assignamus,
2508 4302 2587 4358 ad
2618 4302 3011 4375 apostolicam
3037 4304 3244 4363 sedem
3269 4305 3540 4380 accedat,

1886 4390 2178 4464 quoniam
2204 4390 2393 4447 altera
2428 4391 2723 4456 veniente,
2753 4392 2800 4447 si
2826 4390 3011 4449 altera
3036 4394 3236 4452 venire
3264 4392 3540 4464 noluerit,

1886 4479 2277 4538 nibilominus
2295 4484 2590 4553 quantum
2631 4480 2781 4537 ratio
2832 4481 3139 4539 dictaverit
3166 4483 3543 4555 procedetur.

1958 4570 2173 4626 Datum
2207 4570 2470 4637 Veronae,
2498 4583 2579 4625 xv
2607 4567 2905 4627 Kalendas
2936 4571 3322 4642 Septembris.

2585 4675 2898 4734 CLXXXIX.

1885 4764 2318 4823 nonasterium
2348 4763 2696 4820 Fulcinense
2749 4765 3037 4833 episcopis
3070 4766 3356 4823 Marc-mai
3392 4766 3541 4825 Tar·-

2394 4834 2599 4891 visinae
2624 4835 3020 4895 commendat.

2386 4923 2678 4996 (verona,
2724 4929 2875 4996 Aug.
2907 4924 3047 4999 23..)

2126 5009 2380 5087 [Annal.
2408 5012 2707 5080 camald„
2743 5012 2842 5080 IV,
2872 5018 3051 5087 App„
3082 5029 3142 5086 p.
3179 5014 3323 5087 tta]

1960 5102 2158 5160 Luctus
2185 5103 2528 5176 episcopus,
2550 5118 2762 5159 servus
2795 5117 3107 5160 servorum
3149 5104 3271 5171 Dei,
3294 5118 3542 5164 venera-

1883 5189 2109 5248 bilibus
2138 5191 2469 5248 fratribus..
2498 5190 2802 5249 Tarvisino
2831 5189 3204 5266 [Sicirasno],
3234 5191 3545 5250 cenetensi

1883 5279 2242 5356 [Annouico],
2268 5279 2550 5339 Feltrensi
2586 5286 2645 5337 et
2674 5278 2995 5356 [Gnnanno]
3050 5279 3387 5339 Bellunensi
3413 5282 3550 5355 epi·

1887 5369 2109 5444 scopis,
2149 5370 2404 5428 salutem
2432 5374 2490 5427 et
2506 5369 2902 5445 apostolicam
2929 5370 3436 5429 benedictionem.

1959 5461 2196 5529 Quanto
2218 5459 2282 5519 in
2308 5474 2528 5535 paru..
2563 5459 2763 5535 magis
2798 5459 3073 5521 abundat
3097 5459 3325 5521 malitia
3348 5475 3550 5525 mon·
