3784 6000
415 252 600 312 HIST.
643 252 902 311 RERUM
942 251 1436 311 TRANSMARlN.
1477 282 1548 298 -·-
1584 253 1722 312 LIB.
1764 256 1968 315 xxm.
2012 258 2421 318 BALDUINUS
2461 259 2530 318 lv
2571 258 2749 318 REX.

3188 261 3295 320 890

377 628 868 724 INCIPIT
947 631 1326 723 LIBER
1404 630 2097 730 VIGESIMUS
2176 633 2783 731 TERTIUS.

511 992 894 1048 PRAEFATJO.

137 1097 464 1138 ›sueramus
498 1080 882 1137 sinistrorum
914 1081 1092 1138 toedio
1118 1097 1391 1150 casuum,
1423 1083 1527 1156 qui

139 1173 254 1227 tius
296 1169 494 1235 solito,
535 1172 657 1226 imo
689 1170 791 1241 qui
832 1185 985 1242 pene
1025 1172 1302 1227 continue
1342 1186 1526 1242 regno

139 1264 179 1326 t,
213 1274 249 1316 a
279 1258 461 1315 modo
513 1258 764 1315 calamis
794 1259 982 1315 otium
1027 1257 1310 1325 indicere,
1351 1265 1407 1316 et
1438 1276 1526 1317 se·

137 1347 351 1404 andare
374 1347 608 1404 silentio
625 1363 759 1418 quae
773 1348 1026 1419 posteris
1047 1347 1411 1419 publicanda
1431 1365 1527 1406 su-

137 1452 293 1492 mus.
325 1438 506 1493 Nemo
556 1437 712 1493 enim
744 1443 847 1502 est,
876 1436 980 1508 qui
1001 1452 1121 1493 non
1149 1437 1370 1494 invitus
1403 1439 1527 1496 lan·

137 1527 421 1592 natriae‚et
432 1541 675 1582 suorum
688 1525 948 1593 defectus
963 1527 1023 1581 in
1039 1527 1221 1583 lucem
1231 1527 1523 1598 proferat,

137 1616 200 1671 isi
222 1615 379 1671 inter
401 1616 661 1672 homines
688 1616 1016 1680 conveniat,
1039 1621 1092 1672 et
1116 1622 1401 1689 tanquam
1423 1632 1530 1673 na-

137 1710 415 1775 eputetur,
431 1721 506 1759 un
516 1708 1052 1777 umquemquetotis
1066 1705 1176 1761 niti
1187 1706 1412 1762 viribus
1425 1722 1528 1774 pa-

143 1794 354 1850 udibus
376 1795 671 1859 attollere,
695 1798 748 1850 et
766 1795 956 1850 titulis
978 1810 1096 1850 non
1118 1795 1530 1852 invideresuo-

140 1899 271 1938 rum
295 1885 732 1955 praeconiorum
762 1884 938 1939 nobis
959 1884 1159 1940 omnis
1177 1884 1529 1941 subducitur

137 2012 148 2038 ,
182 1977 237 2028 et
264 1972 459 2028 solum
486 1978 627 2044 apta
642 1971 879 2029 fletibus
918 1976 974 2029 et
998 1973 1301 2045 lacrymas
1328 1978 1526 2030 extor-

145 2061 274 2117 obis
297 2077 358 2117 se
397 2061 568 2117 offert
599 2061 854 2131 lugentis
876 2063 1081 2134 patriae
1113 2062 1446 2132 calamitas,
1468 2068 1528 2120 et

149 2151 556 2205 multiformis.
590 2152 700 2216 Qui
738 2151 897 2206 enim
924 2150 1216 2207 hactenus
1254 2152 1315 2208 in
1354 2168 1527 2224 supe·

150 2238 332 2306 tibris,
358 2240 621 2295 virorum
645 2239 886 2295 fortium
904 2240 1007 2313 qui
1026 2240 1084 2295 in
1103 2245 1308 2296 nostro
1322 2242 1526 2297 Orien-

147 2344 360 2400 meque
394 2327 836 2401 Hierosolymis,
871 2344 976 2399 per
1005 2344 1199 2385 annos
1226 2331 1525 2401 octoginta
1554 2356 1597 2412 Β

138 2418 228 2472 ius
260 2417 665 2489 principatum
708 2422 1042 2482 tenuerunt,
1084 2418 1323 2489 egregia
1345 2418 1523 2490 sacta,

137 2505 200 2561 sli
233 2504 387 2578 stylo
411 2505 858 2577 descripsimus,
891 2505 1205 2562 deficimus
1236 2507 1295 2562 in
1319 2507 1525 2563 nohis-

138 2597 430 2651 ,estatione
458 2596 860 2666 praesentium,
885 2595 1376 2667 obstupescentes
1402 2612 1525 2653 ma-

137 2699 268 2755 quae
295 2701 353 2739 se
383 2683 575 2740 oculis
607 2689 662 2740 et
693 2684 940 2741 auribus
970 2684 1205 2756 ingerit,
1242 2701 1380 2758 quoe
1414 2700 1524 2741 nec

137 2772 359 2839 smine,
394 2788 502 2829 nec
532 2773 852 2844 cujuslibet
883 2774 1066 2829 Maevii
1097 2773 1281 2843 digna
1311 2780 1402 2830 est
1432 2790 1526 2830 re-

136 2859 380 2916 iilenim
420 2862 477 2916 in
518 2868 857 2917 nostrorum
909 2861 1244 2935 principum
1290 2861 1523 2918 actibus

137 2948 326 3023 ‚quod
358 2950 665 3008 memorias
692 2951 1008 3018 thesauris,
1029 2951 1116 3008 vir
1128 2950 1391 3024 prudens
1403 2967 1523 3009 cre-

138 3040 553 3096 mandandum
576 3059 588 3108 ;
616 3041 757 3095 nihil
784 3041 946 3113 quod
961 3046 1064 3097 aut
1081 3040 1281 3098 lectori
1296 3057 1524 3099 recrea-

137 3126 408 3196 2onferat,
449 3136 552 3184 aut
595 3129 863 3200 scriptori
905 3129 1175 3201 proficiat
1224 3130 1301 3186 ad
1328 3129 1524 3187 hono-

137 3219 216 3273 ·iit
256 3218 418 3273 enim
467 3219 630 3289 apud
662 3234 796 3282 nos,
826 3219 995 3288 juxta
1034 3219 1196 3291 quod
1228 3220 1523 3292 propheta

137 3309 286 3362 itur:
317 3307 362 3362 A
395 3308 690 3377 prudente
707 3308 1044 3373 consilium,
1073 3324 1262 3365 sermo
1279 3324 1518 3367 asacer-

144 3395 194 3451 io
220 3410 256 3451 a
278 3396 571 3465 propheta
599 3395 745 3467 (Jer.
762 3403 924 3462 xviii,
959 3400 1043 3469 18)
1066 3413 1081 3464 ;
1107 3395 1419 3469 {actusque
1432 3402 1523 3454 est

137 3502 206 3555 is,
237 3485 389 3541 sicut
416 3488 696 3554 populus,
730 3486 813 3542 ita
863 3491 916 3542 et
945 3486 1218 3542 sacerdos
1249 3486 1414 3558 (Osee
1442 3503 1517 3552 iv,

137 3579 195 3629 ut
221 3573 396 3630 nohis
429 3575 619 3645 aptari
653 3575 836 3646 possit
886 3574 1034 3631 illud
1076 3575 1516 3647 propheticum,

137 3668 274 3733 aput
306 3662 681 3733 lanyuidum.
715 3669 769 3719 et
813 3678 981 3721 omne
1009 3679 1113 3721 eor
1140 3678 1392 3721 moerens
1425 3680 1444 3730 ,·
1482 3672 1518 3721 α

137 3751 266 3808 edis
298 3768 477 3825 usque
500 3751 582 3808 ad
608 3753 902 3816 verticem,
936 3769 1055 3809 non
1073 3758 1157 3810 est
1171 3755 1231 3809 in
1244 3752 1408 3810 nobis
1421 3769 1519 3811 sa-

137 3855 190 3898 a.
217 3857 258 3910 i,
288 3841 365 3910 6).
398 3840 530 3896 Jam
575 3841 733 3897 enim
763 3841 842 3898 ad
869 3857 942 3898 ea
971 3846 1264 3915 tempora,
1294 3842 1515 3915 quibus

138 3943 192 3986 *a
208 3929 372 3994 vitia,
398 3945 507 3986 nec
522 3945 723 3986 eorum
747 3930 1009 3987 remedia
1034 3931 1168 3999 pati
1180 3946 1416 4000 possum
1425 3946 1512 3999 us,

137 4033 218 4073 un
244 4024 331 4074 est
355 4033 368 4085 ;
397 4018 553 4073 unde
585 4018 806 4073 nostris
827 4020 884 4074 id
915 4018 1279 4075 merentibus
1303 4035 1514 4092 pecca-

162 4111 300 4162 sunt
342 4106 544 4163 hostes
574 4108 633 4163 in
660 4109 892 4179 capite;
926 4112 979 4163 et
1011 4109 1116 4181 qui
1156 4109 1230 4163 de
1259 4108 1516 4165 inimicis

137 4200 321 4266 antes,
348 4196 614 4267 palmam
656 4195 1025 4268 frequentius
1057 4196 1403 4253 solebamus
1425 4214 1515 4253 re·

137 4300 176 4340 n
207 4283 418 4354 gloria,
452 4286 689 4340 nuncin
726 4285 891 4341 omni
916 4300 1066 4357 pene
1098 4285 1399 4351 conflictu,
1428 4286 1513 4342 di·

137 4373 283 4428 tituti
315 4375 525 4444 gratia,
560 4373 915 4430 deteriorem
934 4374 1234 4430 calculum
1251 4381 1517 4448 reporta-

137 4477 307 4535 ioque
341 4462 639 4518 silendum
674 4467 818 4529 erat,
874 4464 1322 4538 consultiusque
1356 4464 1515 4521 vide-

137 4552 286 4608 ›stris
325 4551 675 4617 defectibuS,
724 4557 956 4608 noctem
987 4552 1283 4620 inducere,
1325 4570 1513 4626 quam

138 4639 296 4696 ,ferre
340 4641 659 4712 pudendis.
696 4641 808 4697 Sed
856 4642 1078 4713 quibus
1112 4642 1277 4699 cordi
1315 4648 1422 4709 est,
1452 4647 1517 4700 ut

137 4729 215 4785 od
244 4729 425 4785 semel
448 4731 767 4802 coepimus,
795 4745 905 4786 nos
934 4732 1357 4787 continuemus
1374 4747 1514 4804 pro-

137 4818 328 4892 [uique
349 4825 520 4876 orant
541 4819 877 4886 instantius,
907 4826 971 4875 ut
989 4820 1157 4892 regni
1181 4820 1513 4895 Hierosoly-

137 4911 306 4964 status
336 4907 534 4963 omnis
563 4914 683 4964 tam
716 4924 968 4982 prosper
992 4924 1178 4982 quam
1204 4909 1510 4979 adversus,

137 4996 208 5063 .ti,
282 5001 491 5052 nostra
538 4997 905 5067 significetur
971 5013 1176 5070 opera,
1241 4998 1512 5057 stimulos

1557 993 1602 1046 Α
1637 992 2058 1065 exemplis,qui
2091 993 2167 1049 ad
2200 993 2316 1051 hoc
2343 1009 2450 1050 nos
2464 994 3289 1067 nitanturimpellere;eoque

1637 1079 1866 1137 facilius
1899 1082 2284 1154 persuadent,
2314 1083 2478 1155 quod
2503 1083 3291 1156 planeliquetrerumgesta·

1637 1186 1771 1226 rum
1803 1170 2214 1244 scriptoribus,
2250 1177 2566 1244 utramque
2610 1177 2830 1229 sortem
2863 1173 2988 1243 pari
3016 1187 3148 1228 esse
3194 1188 3292 1229 ra-

1635 1259 1793 1316 tione
1822 1260 2220 1332 propositam,
2241 1266 2300 1316 ut
2321 1261 2473 1318 sicut
2491 1269 2792 1331 ‚qestorum
2801 1261 3061 1332 feliciter
3072 1274 3293 1318 narra-

1636 1348 1794 1406 tione
1810 1355 2069 1419 posteros
2097 1350 2178 1406 ad
2194 1351 2514 1424 quamdam
2541 1351 2972 1407 animositatem
3008 1351 3240 1422 m'yunt
3267 1371 3289 1420 ‚-

1634 1439 1718 1495 sic
1728 1438 2202 1506 infortuniorum
2214 1439 2613 1511 subjectorum
2628 1455 2835 1510 exemp
2842 1440 3149 1506 lo,eosdem
3161 1438 3293 1497 red·

1635 1527 1785 1585 dant
1816 1528 1878 1584 in
1927 1528 2219 1585 similibus
2245 1530 2556 1586 cautiores.
2608 1529 2930 1586 Annalium
2960 1529 3119 1586 enim
3146 1545 3292 1586 con-

1637 1617 1954 1688 scriptores
1987 1633 2105 1673 non
2133 1617 2338 1690 qualia
2361 1624 2573 1691 optant
2601 1619 2736 1692 ipsi,
2769 1619 2873 1676 sed
2903 1618 3107 1692 qualia
3121 1618 3291 1676 mini·

1638 1710 1826 1762 strant
1855 1710 2145 1778 tempora,
2176 1708 2450 1763 mandari
2482 1709 2674 1765 solent
2704 1708 2929 1775 litteris,
2972 1724 3038 1765 ex
3066 1707 3286 1765 officio.

1638 1797 1850 1850 Rerum
1866 1799 2069 1851 autem
2090 1802 2148 1852 et
2166 1795 2458 1853 bellorum
2475 1797 2754 1864 maxime,
2779 1799 2977 1854 varius
2989 1798 3140 1854 solet
3156 1811 3288 1854 esse

1637 1889 1905 1951 eventus,
1934 1890 1990 1940 et
2015 1901 2131 1940 nou
2164 1884 2514 1952 uniformis3
2549 1888 2607 1942 in
2629 1902 2751 1958 quo
2781 1902 2901 1943 non
2914 1887 3286 1959 prosperitas

1637 1973 1941 2039 continua,
1973 1988 2080 2029 nec
2110 1989 2286 2029 casus
2307 1975 2622 2046 oppositus
2637 1975 2762 2031 sine
2787 1973 2997 2031 lucidis
3014 1973 3291 2031 interval-

1635 2061 1728 2118 lis.
1761 2060 2075 2118 vincimur
2103 2077 2243 2133 ergo
2269 2080 2282 2128 ;
2309 2067 2364 2118 et
2382 2078 2518 2135 quoe
2537 2062 3290 2135 subsequentiaministra-

1635 2149 1788 2206 bunt
1808 2155 2100 2223 tempora,
2118 2151 2272 2208 sicut
2292 2150 2584 2225 coepimus
2598 2151 2849 2223 (utinam
2863 2150 3058 2207 fausta
3072 2149 3285 2207 felicia·

1633 2253 1751 2310 que
1768 2237 1826 2310 l),
1843 2245 2079 2296 auctore
2097 2240 2364 2305 Domino,
2381 2241 2500 2297 vita
2512 2241 2748 2307 comite,
2765 2240 2985 2313 scripto
2997 2239 3288 2297 mandare

1633 2327 1980 2385 curabimus
1994 2327 2327 2400 diligenter,
2346 2344 2381 2385 a
2394 2329 2656 2384 secundo
2673 2329 2982 2400 proposito
3000 2328 3285 2386 revocati.

2182 2451 2412 2508 CAPUT
2452 2453 2735 2509 PRIMUM.
3177 2496 3187 2506 .

1632 2541 1802 2597 Inter
1847 2555 2042 2611 reqem
2073 2548 2128 2598 et
2149 2541 2414 2597 comitem
2437 2539 2787 2609 Ioppensem
2820 2540 3051 2598 nutrita
3079 2541 3183 2597 diu
3210 2542 3288 2599 si-

1705 2612 1946 2677 multas,
1973 2615 2227 2682 erumpit
2253 2612 2314 2668 in
2342 2611 2468 2669 lites
2498 2611 2912 2682 exsecrabilem
2940 2613 3288 2671 reconcilia·

1705 2683 1878 2739 tionis
1907 2684 2083 2739 nulla
2105 2688 2358 2753 apparet
2386 2698 2535 2752 spes.
2561 2684 2969 2751 Tripolitanus
2997 2684 3172 2755 reqn'i
3185 2684 3290 2743 ad·

1704 2754 2201 2813 ministrationem
2231 2761 2284 2811 et
2315 2757 2563 2812 tutelam
2595 2755 2821 2826 reqiam
2842 2755 3082 2812 obtinet.

1705 2865 1933 2920 interea
1960 2863 2113 2919 inter
2138 2877 2340 2934 regem
2363 2868 2419 2919 et
2439 2866 2722 2919 comitem
2741 2861 3109 2936 Joppensem
3123 2860 3291 2919 odio-

1633 2966 1767 3010 rum
1799 2950 2010 3020 fomes,
2045 2953 2240 3023 magis
2272 2953 2590 3027 magisque
2631 2967 2739 3027 per
2761 2952 2889 3010 dies
2914 2951 3184 3026 singulos
3214 2968 3288 3009 ex

1632 3041 1833 3098 causis
1864 3041 2113 3099 occultis
2143 3042 2495 3113 augebatur,
2519 3058 2711 3114 eoque
2738 3058 2932 3115 usque
2950 3046 3290 3099 contractus

1628 3145 1847 3187 rancor
1875 3136 2251 3205 proruperat,
2283 3131 2449 3204 quod
2470 3147 2570 3187 rex
2590 3132 2716 3203 iam
2741 3130 3053 3189 manifeste
3074 3147 3289 3189 causas

1632 3220 1948 3277 videbatur
1974 3221 2250 3291 colligere
2278 3220 2448 3287 velle,
2471 3220 2695 3295 quibus
2727 3237 2993 3277 sororem
3013 3237 3185 3277 suam
3209 3220 3287 3278 ab

1631 3324 1701 3366 eo
1732 3310 1928 3367 soluto
1959 3311 2343 3367 matrimonio
2376 3314 2680 3382 separaret
2709 3327 2724 3376 ;
2757 3310 2915 3366 unde
2964 3310 3139 3383 juxta
3175 3310 3289 3367 hoc

1632 3398 2027 3471 propositum,
2074 3399 2480 3470 patriarcham
2512 3400 2747 3470 publice
2789 3400 3089 3467 convenit,
3124 3399 3287 3456 diem

1633 3487 1744 3542 sibi
1765 3486 1992 3558 praefigi
2021 3487 2354 3559 postulans,
2377 3488 2550 3559 quasi
2572 3487 3024 3544 matrimonium
3042 3505 3290 3546 accusa·

1631 3581 1818 3642 turus,
1851 3576 2056 3648 quain
2079 3576 2210 3647 ejus
2238 3578 2554 3649 proesentia
2583 3576 2923 3633 solemniter
2962 3576 3290 3634 celebrare·

1629 3668 1726 3722 tur
1752 3664 2096 3721 divortium.
2149 3666 2360 3721 Comes
2399 3681 2536 3721 vero
2583 3681 2764 3738 super
2787 3664 2860 3721 iis
2887 3665 3169 3722 omnibus
3192 3666 3289 3723 in-

1586 3744 1601 3766 ‘
1629 3757 1913 3823 structus,
1940 3754 2018 3814 ab
2045 3753 2420 3826 expeditione
2441 3754 2701 3825 rediens,
2726 3753 3005 3827 areliquo
3032 3755 3289 3812 exercitu

1627 3848 1997 3916 segregatus,
2022 3843 2453 3916 compendioso
2483 3842 2690 3900 itinere
2710 3843 3069 3900 Ascalonem
3099 3843 3289 3915 profe-

1626 3940 1755 3989 ctus
1769 3942 1876 4000 est,
1888 3948 2137 3990 uxorem
2149 3948 2698 4006 praemonens,quoe
2712 3937 2851 3989 tunc
2867 3932 3289 4005 Hierosolymis

1626 4021 1982 4079 morabatur
2021 4021 2229 4095 ;quod
2255 4027 2392 4079 ante
2439 4022 2594 4093 regis
2623 4021 2954 4088 introitum,
2991 4022 3288 4078 maturius

1625 4111 1705 4168 ab
1731 4110 1947 4168 eadem
1978 4110 2127 4168 urbe
2156 4110 2493 4178 discedens,
2542 4107 2900 4168 Ascalonem
2942 4110 3288 4184 proficisca-

1627 4205 1758 4266 tur;
1790 4200 2106 4258 verebatur
2125 4200 2288 4257 enim
2321 4216 2395 4257 ne
2425 4200 2474 4256 si
2507 4216 2610 4257 rex
2632 4201 2762 4273 ejus
2802 4201 3039 4273 copiam
3062 4199 3287 4257 habere

1626 4295 1848 4360 posset,
1876 4304 2011 4345 eam
2042 4288 2119 4344 ad
2145 4288 2339 4345 virum
2370 4304 2493 4346 non
2526 4290 2891 4362 permitteret
2918 4288 3114 4345 redire
3141 4288 3288 4346 ulte·

1624 4378 1768 4434 rius.
1821 4378 2060 4435 Mittitur
2103 4392 2246 4450 ergo
2285 4393 2321 4434 a
2365 4392 2504 4449 rege
2551 4378 2798 4435 nuntius
2848 4378 2953 4452 qui
3002 4378 3284 4435 comitem

1624 4472 1849 4533 evocet,
1878 4470 1937 4523 et
1966 4466 2292 4524 vocationis
2319 4482 2567 4525 causam
2608 4468 2873 4541 aperiat3
2906 4466 3002 4524 ille
3030 4482 3169 4523 vero
3192 4482 3286 4524 re-

1621 4555 1839 4620 nitens,
1868 4554 2158 4613 ahsentiae
2184 4571 2399 4613 causas
2429 4555 2668 4626 allegat,
2702 4558 3080 4628 praetendens
3108 4555 3285 4627 tegri-

1598 4675 1603 4680 ·
1622 4644 1917 4703 tudinem.
1939 4644 2210 4718 Cumque
2232 4645 2453 4717 soepius
2473 4651 2756 4702 evocatus
2776 4644 2978 4699 venire
2998 4642 3284 4713 differret,

1623 4732 1840 4806 adjecit
1868 4748 1971 4790 rex
1997 4733 2057 4789 in
2074 4733 2319 4806 propria
2347 4748 2605 4806 persona
2633 4732 2770 4789 illuc
2795 4734 2896 4800 ire,
2920 4737 2977 4789 et
3000 4732 3281 4789 comitem

1624 4823 1762 4880 viva
1791 4838 1935 4880 voce
1956 4822 2299 4879 solemniter
2317 4823 2483 4893 injus
2498 4837 2731 4879 vocare.
2758 4823 2884 4889 Quo
2906 4820 3282 4894 perveniens,

1621 4927 1759 4968 cum
1782 4911 2189 4984 quorumdam
2202 4926 2275 4967 ex
2292 4911 2665 4984 principibus
2681 4911 2805 4966 suis
2819 4908 3128 4981 comitatu,
3144 4908 3283 4966 civi-

1623 5000 1757 5059 tatis
1780 5004 1979 5072 portas
2004 5004 2260 5056 serratas
2284 5000 2520 5071 reperit,
2549 5014 2703 5072 quas
2721 5014 2908 5055 manu
2927 5002 3205 5071 tangens,
3227 5003 3287 5057 et

144 5090 545 5158 proponentes
585 5086 1205 5158 historiographorum
1249 5086 1510 5144 disertis·
1547 5061 1592 5116 D
1622 5090 1790 5147 tertio
1810 5103 1913 5146 eas
1930 5087 2041 5144 sihi
2063 5088 2668 5161 aperiripraecipiens,
2694 5103 2830 5143 cum
2862 5089 3162 5144 neminem
3184 5087 3280 5144 in-

135 5173 281 5230 itum
304 5174 529 5230 Livium
550 5174 838 5239 videlicet,
857 5177 1267 5232 Romanorum
1283 5191 1405 5232 non
1419 5194 1512 5234 so-

137 5277 316 5334 spem,
334 5262 437 5319 sed
450 5264 630 5320 etiam
653 5265 728 5319 ad
740 5279 907 5320 versa
923 5264 1248 5321 mandasse
1271 5264 1476 5321 litteris
1492 5282 1508 5334 ;

137 5368 178 5407 n
198 5368 463 5425 quoque,
484 5369 603 5408 non
623 5353 820 5409 solum
834 5368 970 5425 quae
992 5368 1028 5409 a
1042 5355 1068 5409 J
1077 5353 1262 5410 udaeis
1275 5356 1511 5426 egregie

137 5446 202 5506 tt,
238 5457 445 5497 verum
478 5448 534 5497 et
562 5458 697 5514 quoe
730 5442 813 5498 eis
845 5445 984 5497 sunt
1017 5442 1416 5512 ignominiose
1446 5443 1510 5501 il·

137 5528 218 5601 gis
239 5531 583 5588 tractatibus
595 5531 952 5604 publicasse.
965 5531 1291 5590 Abundant
1309 5536 1366 5591 et
1380 5532 1508 5592 aliis

1621 5179 1847 5235 veniret
1873 5178 1978 5251 qui
2003 5178 2134 5250 ejus
2157 5177 2426 5235 obediret
2470 5176 2673 5245 verbo,
2707 5192 2845 5233 cum
2889 5176 3094 5233 debita
3125 5174 3282 5233 indi·

1620 5267 1902 5338 gnatione
1927 5281 2200 5323 reversus
2240 5271 2345 5332 est,
2400 5270 2707 5337 spectante
2736 5265 2798 5323 id
2828 5266 3117 5323 universas
3146 5263 3284 5321 civi·

1618 5357 1754 5414 tatis
1786 5355 2033 5429 populo,
2055 5356 2160 5428 qui
2182 5354 2242 5410 in
2263 5354 2529 5412 turribus
2561 5360 2619 5412 et
2650 5354 2855 5424 muris,
2894 5353 3095 5409 audito
3124 5352 3282 5423 regis

1619 5445 1880 5502 adventu
1928 5460 1991 5500 se
2045 5443 2411 5511 locaverant,
2446 5444 2527 5500 rei
2559 5442 2779 5499 exitum
2829 5441 3272 5516 praestolantes.

1618 5536 1738 5591 Rex
1765 5547 1907 5593 vero
1946 5532 2087 5591 inde
2114 5535 2347 5608 ioppen
2368 5537 2530 5592 recto
2559 5532 2810 5591 tendens
2835 5532 3065 5599 itinere,
3113 5535 3280 5590 ante-
