<?xml version="1.0" encoding="UTF-8"?>
<!DOCTYPE html PUBLIC "-//W3C//DTD XHTML 1.0 Transitional//EN"
    "http://www.w3.org/TR/xhtml1/DTD/xhtml1-transitional.dtd">
<html xmlns="http://www.w3.org/1999/xhtml" xml:lang="en" lang="en">
 <head>
  <title>
</title>
<meta http-equiv="Content-Type" content="text/html;charset=utf-8" />
  <meta name='ocr-system' content='tesseract 3.04.00' />
  <meta name='ocr-capabilities' content='ocr_page ocr_carea ocr_par ocr_line ocrx_word'/>
</head>
<body>
  <div class='ocr_page' id='page_1' title='image "./patrologiaecurs32goog_0093.png"; bbox 0 0 3784 6000; ppageno 0'>
   <div class='ocr_carea' id='block_1_1' title="bbox 204 292 323 353">
    <p class='ocr_par' dir='ltr' id='par_1_1' title="bbox 204 292 323 353">
     <span class='ocr_line' id='line_1_1' title="bbox 204 292 323 353; baseline -0.017 -1"><span class='ocrx_word' id='word_1_1' title='bbox 204 292 323 353; x_wconf 77' lang='lat'><strong>177</strong></span> 
     </span>
    </p>
   </div>
   <div class='ocr_carea' id='block_1_2' title="bbox 761 286 3059 361">
    <p class='ocr_par' dir='ltr' id='par_1_2' title="bbox 761 286 3059 361">
     <span class='ocr_line' id='line_1_2' title="bbox 761 286 3059 361; baseline 0.004 -10"><span class='ocrx_word' id='word_1_2' title='bbox 761 286 1042 351; x_wconf 76' lang='lat' dir='ltr'><strong>Tnac&#39;r.</strong></span> <span class='ocrx_word' id='word_1_3' title='bbox 1090 288 1190 351; x_wconf 76' lang='lat' dir='ltr'><strong>DE</strong></span> <span class='ocrx_word' id='word_1_4' title='bbox 1232 288 1679 354; x_wconf 75' lang='lat' dir='ltr'>SCHISMATE</span> <span class='ocrx_word' id='word_1_5' title='bbox 1720 291 1933 355; x_wconf 79' lang='lat' dir='ltr'><strong>onTo</strong></span> <span class='ocrx_word' id='word_1_6' title='bbox 1974 292 2175 357; x_wconf 82' lang='lat' dir='ltr'>POST</span> <span class='ocrx_word' id='word_1_7' title='bbox 2221 294 2553 359; x_wconf 79' lang='lat' dir='ltr'><strong>BONORII</strong></span> <span class='ocrx_word' id='word_1_8' title='bbox 2594 297 2654 359; x_wconf 87' lang='lat'><strong>11</strong></span> <span class='ocrx_word' id='word_1_9' title='bbox 2696 297 3059 361; x_wconf 82' lang='lat' dir='ltr'><strong>MORTEM.</strong></span> 
     </span>
    </p>
   </div>
   <div class='ocr_carea' id='block_1_3' title="bbox 3503 309 3619 370">
    <p class='ocr_par' dir='ltr' id='par_1_3' title="bbox 3503 309 3619 370">
     <span class='ocr_line' id='line_1_3' title="bbox 3503 309 3619 370; baseline 0.017 -3"><span class='ocrx_word' id='word_1_10' title='bbox 3503 309 3619 370; x_wconf 73' lang='lat'><strong>¹78</strong></span> 
     </span>
    </p>
   </div>
   <div class='ocr_carea' id='block_1_4' title="bbox 198 423 3623 594">
    <p class='ocr_par' dir='ltr' id='par_1_4' title="bbox 198 423 3623 594">
     <span class='ocr_line' id='line_1_4' title="bbox 198 423 3623 501; baseline 0.003 -17"><span class='ocrx_word' id='word_1_11' title='bbox 198 425 450 498; x_wconf 79' lang='lat' dir='ltr'><strong>sangnis</strong></span> <span class='ocrx_word' id='word_1_12' title='bbox 481 425 863 498; x_wconf 88' lang='lat' dir='ltr'><strong>conjunxerat</strong></span> <span class='ocrx_word' id='word_1_13' title='bbox 909 423 1293 496; x_wconf 83' lang='lat' dir='ltr'><strong>abbatissam,</strong></span> <span class='ocrx_word' id='word_1_14' title='bbox 1332 428 1391 483; x_wconf 89' lang='lat' dir='ltr'><strong>et</strong></span> <span class='ocrx_word' id='word_1_15' title='bbox 1426 441 1558 482; x_wconf 90' lang='lat' dir='ltr'><strong>cum</strong></span> <span class='ocrx_word' id='word_1_16' title='bbox 1584 426 1645 482; x_wconf 91' lang='lat' dir='ltr'><strong>in</strong></span> <span class='ocrx_word' id='word_1_17' title='bbox 1685 428 1864 498; x_wconf 87' lang='lat' dir='ltr'><strong>caput</strong></span> <span class='ocrx_word' id='word_1_18' title='bbox 1892 429 1940 495; x_wconf 75' lang='grc' dir='ltr'><strong>Α</strong></span> <span class='ocrx_word' id='word_1_19' title='bbox 1975 426 2190 484; x_wconf 79' lang='lat' dir='ltr'><strong>diffusa</strong></span> <span class='ocrx_word' id='word_1_20' title='bbox 2218 428 2508 500; x_wconf 87' lang='lat' dir='ltr'><strong>materies,</strong></span> <span class='ocrx_word' id='word_1_21' title='bbox 2530 429 2715 487; x_wconf 90' lang='lat' dir='ltr'><strong>libera</strong></span> <span class='ocrx_word' id='word_1_22' title='bbox 2737 430 3003 501; x_wconf 78' lang='lat' dir='ltr'><strong>facultas,</strong></span> <span class='ocrx_word' id='word_1_23' title='bbox 3036 431 3384 492; x_wconf 88' lang='lat' dir='ltr'><strong>inconcussa</strong></span> <span class='ocrx_word' id='word_1_24' title='bbox 3405 435 3623 494; x_wconf 83' lang='lat' dir='ltr'><strong>fiducia</strong></span> 
     </span>
     <span class='ocr_line' id='line_1_5' title="bbox 203 514 3623 594; baseline 0.003 -21"><span class='ocrx_word' id='word_1_25' title='bbox 203 515 461 573; x_wconf 88' lang='lat' dir='ltr'><strong>adulteri</strong></span> <span class='ocrx_word' id='word_1_26' title='bbox 488 515 643 573; x_wconf 78' lang='lat' dir='ltr'><strong>ferro</strong></span> <span class='ocrx_word' id='word_1_27' title='bbox 685 515 849 589; x_wconf 90' lang='lat' dir='ltr'><strong>prius</strong></span> <span class='ocrx_word' id='word_1_28' title='bbox 896 515 1357 573; x_wconf 81' lang='lat' dir='ltr'><strong>animadvertere</strong></span> <span class='ocrx_word' id='word_1_29' title='bbox 1385 514 1756 587; x_wconf 82' lang='lat' dir='ltr'><strong>decrevisset,</strong></span> <span class='ocrx_word' id='word_1_30' title='bbox 1787 515 1859 573; x_wconf 89' lang='lat' dir='ltr'><strong>ad</strong></span> <span class='ocrx_word' id='word_1_31' title='bbox 1967 532 2082 573; x_wconf 91' lang='lat' dir='ltr'><strong>non</strong></span> <span class='ocrx_word' id='word_1_32' title='bbox 2119 517 2364 589; x_wconf 88' lang='lat' dir='ltr'><strong>deesset,</strong></span> <span class='ocrx_word' id='word_1_33' title='bbox 2397 519 2643 591; x_wconf 63' lang='lat' dir='ltr'><strong>quaesita</strong></span> <span class='ocrx_word' id='word_1_34' title='bbox 2671 524 2730 576; x_wconf 88' lang='lat' dir='ltr'><strong>et</strong></span> <span class='ocrx_word' id='word_1_35' title='bbox 2759 519 3072 594; x_wconf 87' lang='lat' dir='ltr'><strong>impetrate</strong></span> <span class='ocrx_word' id='word_1_36' title='bbox 3092 525 3181 578; x_wconf 92' lang='lat' dir='ltr'><strong>est</strong></span> <span class='ocrx_word' id='word_1_37' title='bbox 3210 522 3476 582; x_wconf 76' lang='lat' dir='ltr'><strong>Ecclesiae</strong></span> <span class='ocrx_word' id='word_1_38' title='bbox 3507 525 3623 582; x_wconf 83' lang='lat' dir='ltr'><strong>Ro·</strong></span> 
     </span>
    </p>
   </div>
   <div class='ocr_carea' id='block_1_5' title="bbox 198 603 1858 674">
    <p class='ocr_par' dir='ltr' id='par_1_5' title="bbox 198 603 1858 674">
     <span class='ocr_line' id='line_1_6' title="bbox 198 603 1858 674; baseline -0.001 -11"><span class='ocrx_word' id='word_1_39' title='bbox 198 610 281 673; x_wconf 91' lang='lat' dir='ltr'><strong>te,</strong></span> <span class='ocrx_word' id='word_1_40' title='bbox 307 608 375 662; x_wconf 86' lang='lat' dir='ltr'><strong>ut</strong></span> <span class='ocrx_word' id='word_1_41' title='bbox 403 604 689 663; x_wconf 90' lang='lat' dir='ltr'><strong>canonice</strong></span> <span class='ocrx_word' id='word_1_42' title='bbox 736 604 1052 660; x_wconf 86' lang='lat' dir='ltr'><strong>dictaretur</strong></span> <span class='ocrx_word' id='word_1_43' title='bbox 1080 605 1392 674; x_wconf 91' lang='lat' dir='ltr'><strong>sententia,</strong></span> <span class='ocrx_word' id='word_1_44' title='bbox 1423 603 1684 661; x_wconf 87' lang='lat' dir='ltr'><strong>accessit.</strong></span> <span class='ocrx_word' id='word_1_45' title='bbox 1716 606 1858 663; x_wconf 84' lang='lat' dir='ltr'><strong>Rem</strong></span> 
     </span>
    </p>
   </div>
   <div class='ocr_carea' id='block_1_6' title="bbox 1966 606 3614 681">
    <p class='ocr_par' dir='ltr' id='par_1_6' title="bbox 1966 606 3614 681">
     <span class='ocr_line' id='line_1_7' title="bbox 1966 606 3614 681; baseline 0.006 -20"><span class='ocrx_word' id='word_1_46' title='bbox 1966 621 2153 662; x_wconf 72' lang='lat' dir='ltr'><strong>mano</strong></span> <span class='ocrx_word' id='word_1_47' title='bbox 2183 606 2417 680; x_wconf 85' lang='lat' dir='ltr'><strong>legatio.</strong></span> <span class='ocrx_word' id='word_1_48' title='bbox 2449 609 2715 681; x_wconf 85' lang='lat' dir='ltr'><strong>Angebat</strong></span> <span class='ocrx_word' id='word_1_49' title='bbox 2745 612 2802 667; x_wconf 90' lang='lat' dir='ltr'><strong>te</strong></span> <span class='ocrx_word' id='word_1_50' title='bbox 2843 608 2981 666; x_wconf 87' lang='lat' dir='ltr'><strong>hinc</strong></span> <span class='ocrx_word' id='word_1_51' title='bbox 3048 609 3198 667; x_wconf 74' lang='lat' dir='ltr'><strong>laesae</strong></span> <span class='ocrx_word' id='word_1_52' title='bbox 3249 613 3614 671; x_wconf 58' lang='lat' dir='ltr'><strong>conscientia!</strong></span> 
     </span>
    </p>
   </div>
   <div class='ocr_carea' id='block_1_7' title="bbox 197 692 3618 773">
    <p class='ocr_par' dir='ltr' id='par_1_7' title="bbox 197 692 3618 773">
     <span class='ocr_line' id='line_1_8' title="bbox 197 692 3618 773; baseline 0.003 -22"><span class='ocrx_word' id='word_1_53' title='bbox 197 695 382 767; x_wconf 84' lang='lat' dir='ltr'><strong>igitur</strong></span> <span class='ocrx_word' id='word_1_54' title='bbox 411 692 842 767; x_wconf 78' lang='lat' dir='ltr'><strong>patefacturus,</strong></span> <span class='ocrx_word' id='word_1_55' title='bbox 874 695 964 749; x_wconf 87' lang='lat' dir='ltr'><strong>ter</strong></span> <span class='ocrx_word' id='word_1_56' title='bbox 991 709 1193 752; x_wconf 86' lang='lat' dir='ltr'><strong>vocem</strong></span> <span class='ocrx_word' id='word_1_57' title='bbox 1226 693 1286 750; x_wconf 93' lang='lat' dir='ltr'><strong>in</strong></span> <span class='ocrx_word' id='word_1_58' title='bbox 1310 692 1502 750; x_wconf 86' lang='lat' dir='ltr'><strong>media</strong></span> <span class='ocrx_word' id='word_1_59' title='bbox 1530 693 1860 751; x_wconf 88' lang='lat' dir='ltr'><strong>narratione</strong></span> <span class='ocrx_word' id='word_1_60' title='bbox 1967 699 2164 754; x_wconf 89' lang='lat' dir='ltr'><strong>reatus</strong></span> <span class='ocrx_word' id='word_1_61' title='bbox 2193 696 2520 754; x_wconf 74' lang='lat' dir='ltr'><strong>exuberans</strong></span> <span class='ocrx_word' id='word_1_62' title='bbox 2545 716 2561 767; x_wconf 80' lang='lat'>3</span> <span class='ocrx_word' id='word_1_63' title='bbox 2584 697 2721 754; x_wconf 91' lang='lat' dir='ltr'><strong>hinc</strong></span> <span class='ocrx_word' id='word_1_64' title='bbox 2769 698 3348 769; x_wconf 83' lang='lat' dir='ltr'><strong>comprovincialium</strong></span> <span class='ocrx_word' id='word_1_65' title='bbox 3388 701 3618 773; x_wconf 88' lang='lat' dir='ltr'><strong>episco-</strong></span> 
     </span>
    </p>
   </div>
   <div class='ocr_carea' id='block_1_8' title="bbox 184 780 1857 1747">
    <p class='ocr_par' dir='ltr' id='par_1_8' title="bbox 184 780 1857 1747">
     <span class='ocr_line' id='line_1_9' title="bbox 194 780 1857 856; baseline -0.002 -14"><span class='ocrx_word' id='word_1_66' title='bbox 194 782 500 842; x_wconf 88' lang='lat' dir='ltr'><strong>continuit</strong></span> <span class='ocrx_word' id='word_1_67' title='bbox 527 782 615 838; x_wconf 80' lang='lat' dir='ltr'><strong>vir</strong></span> <span class='ocrx_word' id='word_1_68' title='bbox 644 780 914 851; x_wconf 89' lang='lat' dir='ltr'><strong>illustris,</strong></span> <span class='ocrx_word' id='word_1_69' title='bbox 947 782 1047 856; x_wconf 87' lang='lat' dir='ltr'><strong>qui</strong></span> <span class='ocrx_word' id='word_1_70' title='bbox 1098 784 1354 839; x_wconf 90' lang='lat' dir='ltr'><strong>mentem</strong></span> <span class='ocrx_word' id='word_1_71' title='bbox 1396 798 1561 839; x_wconf 88' lang='lat' dir='ltr'><strong>suam</strong></span> <span class='ocrx_word' id='word_1_72' title='bbox 1595 786 1857 839; x_wconf 90' lang='lat' dir='ltr'><strong>contem·</strong></span> 
     </span>
     <span class='ocr_line' id='line_1_10' title="bbox 191 870 1855 946; baseline -0.001 -18"><span class='ocrx_word' id='word_1_73' title='bbox 191 872 465 946; x_wconf 74' lang='lat' dir='ltr'><strong>platinae</strong></span> <span class='ocrx_word' id='word_1_74' title='bbox 485 870 745 942; x_wconf 89' lang='lat' dir='ltr'><strong>sceleris,</strong></span> <span class='ocrx_word' id='word_1_75' title='bbox 777 870 1042 944; x_wconf 77' lang='lat' dir='ltr'><strong>linguam</strong></span> <span class='ocrx_word' id='word_1_76' title='bbox 1082 870 1360 929; x_wconf 71' lang='lat' dir='ltr'><strong>relatione</strong></span> <span class='ocrx_word' id='word_1_77' title='bbox 1408 870 1531 928; x_wconf 80' lang='lat' dir='ltr'><strong>tieri</strong></span> <span class='ocrx_word' id='word_1_78' title='bbox 1559 871 1855 928; x_wconf 89' lang='lat' dir='ltr'><strong>sordidam</strong></span> 
     </span>
     <span class='ocr_line' id='line_1_11' title="bbox 184 960 1857 1035; baseline 0 -17"><span class='ocrx_word' id='word_1_79' title='bbox 184 961 518 1035; x_wconf 83' lang='lat' dir='ltr'><strong>judicabat.</strong></span> <span class='ocrx_word' id='word_1_80' title='bbox 572 961 868 1035; x_wconf 72' lang='lat' dir='ltr'>Explicuit</span> <span class='ocrx_word' id='word_1_81' title='bbox 920 962 1158 1019; x_wconf 87' lang='lat' dir='ltr'><strong>tandem</strong></span> <span class='ocrx_word' id='word_1_82' title='bbox 1207 966 1426 1019; x_wconf 90' lang='lat' dir='ltr'><strong>remota</strong></span> <span class='ocrx_word' id='word_1_83' title='bbox 1462 962 1717 1034; x_wconf 84' lang='lat' dir='ltr'><strong>quadam</strong></span> <span class='ocrx_word' id='word_1_84' title='bbox 1749 960 1857 1018; x_wconf 89' lang='lat' dir='ltr'><strong>cir·</strong></span> 
     </span>
     <span class='ocr_line' id='line_1_12' title="bbox 188 1048 1851 1123; baseline -0.001 -15"><span class='ocrx_word' id='word_1_85' title='bbox 188 1048 641 1108; x_wconf 86' lang='lat' dir='ltr'><strong>cnmlocutione</strong></span> <span class='ocrx_word' id='word_1_86' title='bbox 692 1050 845 1121; x_wconf 91' lang='lat' dir='ltr'><strong>quod</strong></span> <span class='ocrx_word' id='word_1_87' title='bbox 905 1055 1177 1122; x_wconf 81' lang='lat' dir='ltr'><strong>coeperat,</strong></span> <span class='ocrx_word' id='word_1_88' title='bbox 1238 1055 1303 1107; x_wconf 92' lang='lat' dir='ltr'><strong>ut</strong></span> <span class='ocrx_word' id='word_1_89' title='bbox 1349 1050 1450 1123; x_wconf 87' lang='lat' dir='ltr'><strong>qui</strong></span> <span class='ocrx_word' id='word_1_90' title='bbox 1496 1054 1851 1123; x_wconf 88' lang='lat' dir='ltr'><strong>serpentem,</strong></span> 
     </span>
     <span class='ocr_line' id='line_1_13' title="bbox 188 1138 1850 1214; baseline -0.001 -18"><span class='ocrx_word' id='word_1_91' title='bbox 188 1154 497 1214; x_wconf 82' lang='lat' dir='ltr'><strong>prunasve</strong></span> <span class='ocrx_word' id='word_1_92' title='bbox 546 1139 879 1196; x_wconf 85' lang='lat' dir='ltr'><strong>reconditas</strong></span> <span class='ocrx_word' id='word_1_93' title='bbox 936 1138 1164 1197; x_wconf 89' lang='lat' dir='ltr'><strong>diutius</strong></span> <span class='ocrx_word' id='word_1_94' title='bbox 1196 1139 1374 1196; x_wconf 89' lang='lat' dir='ltr'><strong>latere</strong></span> <span class='ocrx_word' id='word_1_95' title='bbox 1430 1155 1545 1196; x_wconf 90' lang='lat' dir='ltr'><strong>non</strong></span> <span class='ocrx_word' id='word_1_96' title='bbox 1584 1138 1850 1209; x_wconf 89' lang='lat' dir='ltr'><strong>sustinet,</strong></span> 
     </span>
     <span class='ocr_line' id='line_1_14' title="bbox 188 1228 1852 1302; baseline 0 -17"><span class='ocrx_word' id='word_1_97' title='bbox 188 1243 371 1286; x_wconf 89' lang='lat' dir='ltr'><strong>manu</strong></span> <span class='ocrx_word' id='word_1_98' title='bbox 404 1233 612 1286; x_wconf 87' lang='lat' dir='ltr'><strong>tamen</strong></span> <span class='ocrx_word' id='word_1_99' title='bbox 642 1229 1047 1286; x_wconf 84' lang='lat' dir='ltr'><strong>nudarecusat</strong></span> <span class='ocrx_word' id='word_1_100' title='bbox 1074 1228 1852 1302; x_wconf 85' lang='lat' dir='ltr'><strong>utrumque,contingere,ne</strong></span> 
     </span>
     <span class='ocr_line' id='line_1_15' title="bbox 185 1315 1851 1389; baseline -0.001 -15"><span class='ocrx_word' id='word_1_101' title='bbox 185 1318 265 1374; x_wconf 75' lang='lat' dir='ltr'><strong>vel</strong></span> <span class='ocrx_word' id='word_1_102' title='bbox 299 1323 519 1374; x_wconf 87' lang='lat' dir='ltr'><strong>uratur</strong></span> <span class='ocrx_word' id='word_1_103' title='bbox 558 1317 765 1384; x_wconf 87' lang='lat' dir='ltr'><strong>altero,</strong></span> <span class='ocrx_word' id='word_1_104' title='bbox 796 1317 888 1374; x_wconf 83' lang='lat' dir='ltr'><strong>vel</strong></span> <span class='ocrx_word' id='word_1_105' title='bbox 932 1317 1115 1374; x_wconf 89' lang='lat' dir='ltr'><strong>altero</strong></span> <span class='ocrx_word' id='word_1_106' title='bbox 1153 1316 1471 1388; x_wconf 89' lang='lat' dir='ltr'><strong>polluatur.</strong></span> <span class='ocrx_word' id='word_1_107' title='bbox 1503 1315 1644 1382; x_wconf 89' lang='lat' dir='ltr'><strong>Quis</strong></span> <span class='ocrx_word' id='word_1_108' title='bbox 1673 1315 1851 1389; x_wconf 88' lang='lat' dir='ltr'><strong>digna</strong></span> 
     </span>
     <span class='ocr_line' id='line_1_16' title="bbox 187 1404 1847 1480; baseline -0.003 -15"><span class='ocrx_word' id='word_1_109' title='bbox 187 1408 328 1465; x_wconf 86' lang='lat' dir='ltr'><strong>satis</strong></span> <span class='ocrx_word' id='word_1_110' title='bbox 352 1407 530 1464; x_wconf 89' lang='lat' dir='ltr'><strong>laude</strong></span> <span class='ocrx_word' id='word_1_111' title='bbox 562 1406 766 1464; x_wconf 74' lang='lat' dir='ltr'><strong>efferre</strong></span> <span class='ocrx_word' id='word_1_112' title='bbox 794 1404 986 1463; x_wconf 83' lang='lat' dir='ltr'><strong>valeat</strong></span> <span class='ocrx_word' id='word_1_113' title='bbox 1014 1410 1233 1479; x_wconf 88' lang='lat' dir='ltr'><strong>quanta</strong></span> <span class='ocrx_word' id='word_1_114' title='bbox 1273 1406 1554 1480; x_wconf 89' lang='lat' dir='ltr'><strong>principis</strong></span> <span class='ocrx_word' id='word_1_115' title='bbox 1588 1404 1847 1461; x_wconf 72' lang='lat' dir='ltr'><strong>fueritin</strong></span> 
     </span>
     <span class='ocr_line' id='line_1_17' title="bbox 188 1494 1845 1570; baseline -0.002 -17"><span class='ocrx_word' id='word_1_116' title='bbox 188 1495 378 1570; x_wconf 87' lang='lat' dir='ltr'><strong>prima</strong></span> <span class='ocrx_word' id='word_1_117' title='bbox 397 1494 650 1553; x_wconf 89' lang='lat' dir='ltr'><strong>sceleris</strong></span> <span class='ocrx_word' id='word_1_118' title='bbox 665 1495 1170 1553; x_wconf 85' lang='lat' dir='ltr'><strong>animadversione</strong></span> <span class='ocrx_word' id='word_1_119' title='bbox 1191 1497 1473 1552; x_wconf 81' lang='lat' dir='ltr'><strong>severitas</strong></span> <span class='ocrx_word' id='word_1_120' title='bbox 1498 1512 1513 1565; x_wconf 80' lang='lat'>3</span> <span class='ocrx_word' id='word_1_121' title='bbox 1545 1499 1767 1567; x_wconf 86' lang='lat' dir='ltr'><strong>quauta</strong></span> <span class='ocrx_word' id='word_1_122' title='bbox 1788 1495 1845 1550; x_wconf 93' lang='lat' dir='ltr'><strong>in</strong></span> 
     </span>
     <span class='ocr_line' id='line_1_18' title="bbox 189 1583 1847 1657; baseline -0.002 -14"><span class='ocrx_word' id='word_1_123' title='bbox 189 1586 431 1643; x_wconf 89' lang='lat' dir='ltr'><strong>ultionis</strong></span> <span class='ocrx_word' id='word_1_124' title='bbox 486 1583 858 1642; x_wconf 86' lang='lat' dir='ltr'><strong>exsecutione</strong></span> <span class='ocrx_word' id='word_1_125' title='bbox 893 1584 1200 1654; x_wconf 66' lang='lat' dir='ltr'><strong>discretim</strong></span> <span class='ocrx_word' id='word_1_126' title='bbox 1231 1583 1426 1657; x_wconf 87' lang='lat' dir='ltr'><strong>qualis</strong></span> <span class='ocrx_word' id='word_1_127' title='bbox 1456 1583 1517 1640; x_wconf 91' lang='lat' dir='ltr'><strong>in</strong></span> <span class='ocrx_word' id='word_1_128' title='bbox 1548 1583 1847 1641; x_wconf 71' lang='lat' dir='ltr'><strong>referendo</strong></span> 
     </span>
     <span class='ocr_line' id='line_1_19' title="bbox 189 1673 1846 1747; baseline -0.002 -14"><span class='ocrx_word' id='word_1_129' title='bbox 189 1674 487 1733; x_wconf 85' lang='lat' dir='ltr'><strong>modestia</strong></span> <span class='ocrx_word' id='word_1_130' title='bbox 504 1674 792 1732; x_wconf 88' lang='lat' dir='ltr'><strong>successit</strong></span> <span class='ocrx_word' id='word_1_131' title='bbox 811 1675 840 1730; x_wconf 71' lang='lat' dir='ltr'><strong>t</strong></span> <span class='ocrx_word' id='word_1_132' title='bbox 856 1674 994 1741; x_wconf 84' lang='lat' dir='ltr'><strong>Quis</strong></span> <span class='ocrx_word' id='word_1_133' title='bbox 1013 1674 1196 1747; x_wconf 87' lang='lat' dir='ltr'><strong>igitur</strong></span> <span class='ocrx_word' id='word_1_134' title='bbox 1219 1675 1330 1732; x_wconf 89' lang='lat' dir='ltr'><strong>hoc</strong></span> <span class='ocrx_word' id='word_1_135' title='bbox 1351 1673 1555 1732; x_wconf 88' lang='lat' dir='ltr'><strong>saltem</strong></span> <span class='ocrx_word' id='word_1_136' title='bbox 1582 1673 1846 1745; x_wconf 89' lang='lat' dir='ltr'><strong>exemplo</strong></span> 
     </span>
    </p>
   </div>
   <div class='ocr_carea' id='block_1_9' title="bbox 1953 784 3614 1746">
    <p class='ocr_par' dir='ltr' id='par_1_9' title="bbox 1953 784 3614 1746">
     <span class='ocr_line' id='line_1_20' title="bbox 1963 784 3610 864; baseline 0.004 -23"><span class='ocrx_word' id='word_1_137' title='bbox 1963 799 2174 858; x_wconf 89' lang='lat' dir='ltr'><strong>porum</strong></span> <span class='ocrx_word' id='word_1_138' title='bbox 2191 788 2327 843; x_wconf 90' lang='lat' dir='ltr'><strong>nota</strong></span> <span class='ocrx_word' id='word_1_139' title='bbox 2350 784 2808 854; x_wconf 86' lang='lat' dir='ltr'><strong>severitas,binc</strong></span> <span class='ocrx_word' id='word_1_140' title='bbox 2839 786 3290 861; x_wconf 85' lang='lat' dir='ltr'><strong>Burdegalensis</strong></span> <span class='ocrx_word' id='word_1_141' title='bbox 3320 789 3610 864; x_wconf 88' lang='lat' dir='ltr'><strong>archiepi-</strong></span> 
     </span>
     <span class='ocr_line' id='line_1_21' title="bbox 1963 873 3614 947; baseline 0.004 -17"><span class='ocrx_word' id='word_1_142' title='bbox 1963 874 2123 945; x_wconf 90' lang='lat' dir='ltr'><strong>scopi</strong></span> <span class='ocrx_word' id='word_1_143' title='bbox 2176 877 2448 947; x_wconf 88' lang='lat' dir='ltr'><strong>suspecta</strong></span> <span class='ocrx_word' id='word_1_144' title='bbox 2500 874 2782 947; x_wconf 69' lang='lat' dir='ltr'><strong>praelatio,</strong></span> <span class='ocrx_word' id='word_1_145' title='bbox 2816 890 2991 947; x_wconf 87' lang='lat' dir='ltr'><strong>quem</strong></span> <span class='ocrx_word' id='word_1_146' title='bbox 3050 873 3176 933; x_wconf 89' lang='lat' dir='ltr'><strong>loco</strong></span> <span class='ocrx_word' id='word_1_147' title='bbox 3202 878 3488 935; x_wconf 81' lang='lat' dir='ltr'><strong>confinem</strong></span> <span class='ocrx_word' id='word_1_148' title='bbox 3510 883 3614 936; x_wconf 91' lang='lat' dir='ltr'><strong>tua</strong></span> 
     </span>
     <span class='ocr_line' id='line_1_22' title="bbox 1961 962 3612 1040; baseline 0.004 -22"><span class='ocrx_word' id='word_1_149' title='bbox 1961 977 2080 1020; x_wconf 90' lang='lat' dir='ltr'><strong>non</strong></span> <span class='ocrx_word' id='word_1_150' title='bbox 2102 979 2333 1036; x_wconf 84' lang='lat' dir='ltr'><strong>semper</strong></span> <span class='ocrx_word' id='word_1_151' title='bbox 2361 979 2538 1035; x_wconf 87' lang='lat' dir='ltr'><strong>opera</strong></span> <span class='ocrx_word' id='word_1_152' title='bbox 2576 962 2935 1021; x_wconf 67' lang='lat' dir='ltr'><strong>refellissent.</strong></span> <span class='ocrx_word' id='word_1_153' title='bbox 2968 964 3221 1022; x_wconf 75' lang='lat' dir='ltr'><strong>Ambitio</strong></span> <span class='ocrx_word' id='word_1_154' title='bbox 3255 982 3489 1040; x_wconf 89' lang='lat' dir='ltr'><strong>quoque</strong></span> <span class='ocrx_word' id='word_1_155' title='bbox 3510 971 3612 1025; x_wconf 89' lang='lat' dir='ltr'><strong>tua</strong></span> 
     </span>
     <span class='ocr_line' id='line_1_23' title="bbox 1961 1051 3611 1128; baseline 0.003 -21"><span class='ocrx_word' id='word_1_156' title='bbox 1961 1051 2130 1124; x_wconf 90' lang='lat' dir='ltr'><strong>quasi</strong></span> <span class='ocrx_word' id='word_1_157' title='bbox 2156 1052 2508 1124; x_wconf 83' lang='lat' dir='ltr'><strong>quibusdam</strong></span> <span class='ocrx_word' id='word_1_158' title='bbox 2532 1051 2644 1108; x_wconf 91' lang='lat' dir='ltr'><strong>sibi</strong></span> <span class='ocrx_word' id='word_1_159' title='bbox 2665 1056 2957 1110; x_wconf 87' lang='lat' dir='ltr'><strong>coarctata</strong></span> <span class='ocrx_word' id='word_1_160' title='bbox 2977 1052 3279 1110; x_wconf 85' lang='lat' dir='ltr'><strong>videbatur</strong></span> <span class='ocrx_word' id='word_1_161' title='bbox 3298 1056 3611 1128; x_wconf 88' lang='lat' dir='ltr'><strong>angustiis,</strong></span> 
     </span>
     <span class='ocr_line' id='line_1_24' title="bbox 1957 1139 3614 1213; baseline 0.002 -17"><span class='ocrx_word' id='word_1_162' title='bbox 1957 1141 2094 1197; x_wconf 90' lang='lat' dir='ltr'><strong>dum</strong></span> <span class='ocrx_word' id='word_1_163' title='bbox 2127 1141 2322 1197; x_wconf 76' lang='lat' dir='ltr'><strong>fauces</strong></span> <span class='ocrx_word' id='word_1_164' title='bbox 2353 1145 2487 1197; x_wconf 91' lang='lat' dir='ltr'><strong>tuas</strong></span> <span class='ocrx_word' id='word_1_165' title='bbox 2517 1139 2696 1197; x_wconf 90' lang='lat' dir='ltr'><strong>unius</strong></span> <span class='ocrx_word' id='word_1_166' title='bbox 2726 1141 3095 1212; x_wconf 74' lang='lat' dir='ltr'><strong>episcopatus</strong></span> <span class='ocrx_word' id='word_1_167' title='bbox 3132 1141 3318 1213; x_wconf 88' lang='lat' dir='ltr'><strong>spolia</strong></span> <span class='ocrx_word' id='word_1_168' title='bbox 3349 1159 3464 1199; x_wconf 93' lang='lat' dir='ltr'><strong>non</strong></span> <span class='ocrx_word' id='word_1_169' title='bbox 3493 1143 3614 1200; x_wconf 88' lang='lat' dir='ltr'><strong>im·-</strong></span> 
     </span>
     <span class='ocr_line' id='line_1_25' title="bbox 1959 1228 3611 1302; baseline 0.001 -17"><span class='ocrx_word' id='word_1_170' title='bbox 1959 1229 2203 1302; x_wconf 84' lang='lat' dir='ltr'><strong>plerent.</strong></span> <span class='ocrx_word' id='word_1_171' title='bbox 2233 1231 2313 1286; x_wconf 85' lang='lat' dir='ltr'><strong>Ac</strong></span> <span class='ocrx_word' id='word_1_172' title='bbox 2345 1228 2396 1285; x_wconf 92' lang='lat' dir='ltr'><strong>si</strong></span> <span class='ocrx_word' id='word_1_173' title='bbox 2440 1245 2577 1302; x_wconf 87' lang='lat' dir='ltr'><strong>ergo</strong></span> <span class='ocrx_word' id='word_1_174' title='bbox 2634 1228 2833 1285; x_wconf 90' lang='lat' dir='ltr'><strong>omnia</strong></span> <span class='ocrx_word' id='word_1_175' title='bbox 2862 1229 2920 1284; x_wconf 94' lang='lat' dir='ltr'><strong>in</strong></span> <span class='ocrx_word' id='word_1_176' title='bbox 2961 1230 3298 1302; x_wconf 85' lang='lat' dir='ltr'><strong>episcopatu</strong></span> <span class='ocrx_word' id='word_1_177' title='bbox 3322 1234 3421 1287; x_wconf 90' lang='lat' dir='ltr'><strong>tuo</strong></span> <span class='ocrx_word' id='word_1_178' title='bbox 3450 1246 3611 1287; x_wconf 90' lang='lat' dir='ltr'><strong>com-</strong></span> 
     </span>
     <span class='ocr_line' id='line_1_26' title="bbox 1956 1317 3608 1392; baseline 0.002 -18"><span class='ocrx_word' id='word_1_179' title='bbox 1956 1318 2170 1390; x_wconf 88' lang='lat' dir='ltr'><strong>positio</strong></span> <span class='ocrx_word' id='word_1_180' title='bbox 2200 1318 2375 1392; x_wconf 87' lang='lat' dir='ltr'><strong>plena</strong></span> <span class='ocrx_word' id='word_1_181' title='bbox 2401 1317 2707 1387; x_wconf 79' lang='lat' dir='ltr'><strong>firmasset,</strong></span> <span class='ocrx_word' id='word_1_182' title='bbox 2730 1317 2994 1391; x_wconf 81' lang='lat' dir='ltr'><strong>nihilque</strong></span> <span class='ocrx_word' id='word_1_183' title='bbox 3033 1319 3167 1375; x_wconf 83' lang='lat' dir='ltr'><strong>novi</strong></span> <span class='ocrx_word' id='word_1_184' title='bbox 3207 1319 3402 1392; x_wconf 91' lang='lat' dir='ltr'><strong>operis</strong></span> <span class='ocrx_word' id='word_1_185' title='bbox 3432 1336 3608 1378; x_wconf 89' lang='lat' dir='ltr'><strong>casus</strong></span> 
     </span>
     <span class='ocr_line' id='line_1_27' title="bbox 1954 1406 3608 1481; baseline 0.001 -16"><span class='ocrx_word' id='word_1_186' title='bbox 1954 1406 2206 1478; x_wconf 79' lang='lat' dir='ltr'><strong>afferret,</strong></span> <span class='ocrx_word' id='word_1_187' title='bbox 2219 1407 2481 1478; x_wconf 81' lang='lat' dir='ltr'><strong>effecisti,</strong></span> <span class='ocrx_word' id='word_1_188' title='bbox 2496 1413 2561 1464; x_wconf 89' lang='lat' dir='ltr'><strong>ut</strong></span> <span class='ocrx_word' id='word_1_189' title='bbox 2583 1407 2844 1480; x_wconf 87' lang='lat' dir='ltr'><strong>quinque</strong></span> <span class='ocrx_word' id='word_1_190' title='bbox 2860 1407 3465 1481; x_wconf 87' lang='lat' dir='ltr'><strong>archiepiscopatibus</strong></span> <span class='ocrx_word' id='word_1_191' title='bbox 3481 1409 3608 1467; x_wconf 90' lang='lat' dir='ltr'><strong>sin-</strong></span> 
     </span>
     <span class='ocr_line' id='line_1_28' title="bbox 1953 1496 3603 1570; baseline 0.001 -17"><span class='ocrx_word' id='word_1_192' title='bbox 1953 1496 2146 1570; x_wconf 88' lang='lat' dir='ltr'><strong>gulari</strong></span> <span class='ocrx_word' id='word_1_193' title='bbox 2169 1499 2455 1570; x_wconf 71' lang='lat' dir='ltr'><strong>potestate</strong></span> <span class='ocrx_word' id='word_1_194' title='bbox 2484 1512 2780 1569; x_wconf 77' lang='lat' dir='ltr'><strong>praeesses,</strong></span> <span class='ocrx_word' id='word_1_195' title='bbox 2802 1504 2858 1553; x_wconf 84' lang='lat' dir='ltr'><strong>et</strong></span> <span class='ocrx_word' id='word_1_196' title='bbox 2888 1496 2945 1552; x_wconf 91' lang='lat' dir='ltr'><strong>in</strong></span> <span class='ocrx_word' id='word_1_197' title='bbox 2986 1496 3134 1569; x_wconf 90' lang='lat' dir='ltr'><strong>ipsis</strong></span> <span class='ocrx_word' id='word_1_198' title='bbox 3163 1497 3319 1554; x_wconf 80' lang='lat' dir='ltr'><strong>vices</strong></span> <span class='ocrx_word' id='word_1_199' title='bbox 3351 1497 3603 1555; x_wconf 83' lang='lat' dir='ltr'><strong>Romani</strong></span> 
     </span>
     <span class='ocr_line' id='line_1_29' title="bbox 1954 1585 3606 1658; baseline 0.002 -18"><span class='ocrx_word' id='word_1_200' title='bbox 1954 1585 2252 1658; x_wconf 80' lang='lat' dir='ltr'><strong>pontificis</strong></span> <span class='ocrx_word' id='word_1_201' title='bbox 2280 1600 2600 1644; x_wconf 85' lang='lat' dir='ltr'><strong>exerceres.</strong></span> <span class='ocrx_word' id='word_1_202' title='bbox 2627 1585 2691 1641; x_wconf 86' lang='lat' dir='ltr'><strong>ln</strong></span> <span class='ocrx_word' id='word_1_203' title='bbox 2724 1601 2840 1657; x_wconf 88' lang='lat' dir='ltr'><strong>quo</strong></span> <span class='ocrx_word' id='word_1_204' title='bbox 2890 1585 3045 1657; x_wconf 89' lang='lat' dir='ltr'><strong>quod</strong></span> <span class='ocrx_word' id='word_1_205' title='bbox 3095 1585 3368 1642; x_wconf 63' lang='lat' dir='ltr'><strong>Romanae</strong></span> <span class='ocrx_word' id='word_1_206' title='bbox 3401 1586 3606 1644; x_wconf 81' lang='lat' dir='ltr'><strong>Eccle-</strong></span> 
     </span>
     <span class='ocr_line' id='line_1_30' title="bbox 1955 1673 3606 1746; baseline 0.002 -16"><span class='ocrx_word' id='word_1_207' title='bbox 1955 1674 2052 1730; x_wconf 75' lang='lat' dir='ltr'><strong>sioe</strong></span> <span class='ocrx_word' id='word_1_208' title='bbox 2075 1674 2417 1746; x_wconf 90' lang='lat' dir='ltr'><strong>subreptum</strong></span> <span class='ocrx_word' id='word_1_209' title='bbox 2476 1677 2581 1740; x_wconf 85' lang='lat' dir='ltr'><strong>est,</strong></span> <span class='ocrx_word' id='word_1_210' title='bbox 2612 1690 2728 1731; x_wconf 91' lang='lat' dir='ltr'><strong>non</strong></span> <span class='ocrx_word' id='word_1_211' title='bbox 2768 1674 2942 1730; x_wconf 90' lang='lat' dir='ltr'><strong>credo</strong></span> <span class='ocrx_word' id='word_1_212' title='bbox 2972 1673 3262 1743; x_wconf 88' lang='lat' dir='ltr'><strong>mirabile,</strong></span> <span class='ocrx_word' id='word_1_213' title='bbox 3286 1674 3416 1732; x_wconf 89' lang='lat' dir='ltr'><strong>siin</strong></span> <span class='ocrx_word' id='word_1_214' title='bbox 3443 1679 3606 1733; x_wconf 88' lang='lat' dir='ltr'><strong>tanta</strong></span> 
     </span>
    </p>
   </div>
   <div class='ocr_carea' id='block_1_10' title="bbox 190 1754 3602 1854">
    <p class='ocr_par' dir='ltr' id='par_1_10' title="bbox 190 1754 3602 1854">
     <span class='ocr_line' id='line_1_31' title="bbox 190 1754 3602 1854; baseline 0 -34"><span class='ocrx_word' id='word_1_215' title='bbox 190 1778 471 1839; x_wconf 85' lang='lat' dir='ltr'><strong>magnum</strong></span> <span class='ocrx_word' id='word_1_216' title='bbox 493 1762 556 1820; x_wconf 91' lang='lat' dir='ltr'><strong>in</strong></span> <span class='ocrx_word' id='word_1_217' title='bbox 582 1762 829 1836; x_wconf 65' lang='lat' dir='ltr'><strong>presule</strong></span> <span class='ocrx_word' id='word_1_218' title='bbox 842 1763 1096 1836; x_wconf 87' lang='lat' dir='ltr'><strong>rigorem</strong></span> <span class='ocrx_word' id='word_1_219' title='bbox 1113 1763 1362 1836; x_wconf 62' lang='lat' dir='ltr'><strong>justitiae</strong></span> <span class='ocrx_word' id='word_1_220' title='bbox 1376 1778 1490 1820; x_wconf 90' lang='lat' dir='ltr'><strong>non</strong></span> <span class='ocrx_word' id='word_1_221' title='bbox 1512 1754 1842 1836; x_wconf 73' lang='lat' dir='ltr'><strong>exspectet?</strong></span> <span class='ocrx_word' id='word_1_222' title='bbox 1873 1788 1921 1854; x_wconf 72' lang='lat' dir='ltr'>B</span> <span class='ocrx_word' id='word_1_223' title='bbox 1950 1763 2317 1836; x_wconf 86' lang='lat' dir='ltr'><strong>negotiorum</strong></span> <span class='ocrx_word' id='word_1_224' title='bbox 2358 1762 2756 1831; x_wconf 88' lang='lat' dir='ltr'><strong>multitudine,</strong></span> <span class='ocrx_word' id='word_1_225' title='bbox 2788 1763 2847 1820; x_wconf 90' lang='lat' dir='ltr'><strong>in</strong></span> <span class='ocrx_word' id='word_1_226' title='bbox 2889 1767 3053 1822; x_wconf 89' lang='lat' dir='ltr'><strong>tanto</strong></span> <span class='ocrx_word' id='word_1_227' title='bbox 3105 1765 3361 1837; x_wconf 89' lang='lat' dir='ltr'><strong>pondere</strong></span> <span class='ocrx_word' id='word_1_228' title='bbox 3408 1778 3602 1822; x_wconf 88' lang='lat' dir='ltr'><strong>rerum</strong></span> 
     </span>
    </p>
   </div>
   <div class='ocr_carea' id='block_1_11' title="bbox 178 1851 1845 3177">
    <p class='ocr_par' dir='ltr' id='par_1_11' title="bbox 178 1851 1845 3177">
     <span class='ocr_line' id='line_1_32' title="bbox 192 1851 1845 1926; baseline -0.001 -16"><span class='ocrx_word' id='word_1_229' title='bbox 192 1854 307 1910; x_wconf 83' lang='lat' dir='ltr'><strong>Stat</strong></span> <span class='ocrx_word' id='word_1_230' title='bbox 334 1852 401 1910; x_wconf 90' lang='lat' dir='ltr'><strong>in</strong></span> <span class='ocrx_word' id='word_1_231' title='bbox 430 1852 725 1909; x_wconf 86' lang='lat' dir='ltr'><strong>memoria</strong></span> <span class='ocrx_word' id='word_1_232' title='bbox 752 1851 1056 1909; x_wconf 73' lang='lat' dir='ltr'><strong>pontificis</strong></span> <span class='ocrx_word' id='word_1_233' title='bbox 1084 1852 1263 1926; x_wconf 90' lang='lat' dir='ltr'><strong>digna</strong></span> <span class='ocrx_word' id='word_1_234' title='bbox 1288 1852 1569 1909; x_wconf 71' lang='lat' dir='ltr'><strong>relatione</strong></span> <span class='ocrx_word' id='word_1_235' title='bbox 1607 1867 1845 1926; x_wconf 87' lang='lat' dir='ltr'><strong>respon-</strong></span> 
     </span>
     <span class='ocr_line' id='line_1_33' title="bbox 192 1941 1842 2015; baseline -0.001 -15"><span class='ocrx_word' id='word_1_236' title='bbox 192 1943 293 2000; x_wconf 87' lang='lat' dir='ltr'><strong>sio.</strong></span> <span class='ocrx_word' id='word_1_237' title='bbox 323 1941 678 2015; x_wconf 80' lang='lat' dir='ltr'><strong>Replicabat</strong></span> <span class='ocrx_word' id='word_1_238' title='bbox 707 1956 905 1999; x_wconf 89' lang='lat' dir='ltr'><strong>comes</strong></span> <span class='ocrx_word' id='word_1_239' title='bbox 935 1956 1058 1998; x_wconf 90' lang='lat' dir='ltr'><strong>rem</strong></span> <span class='ocrx_word' id='word_1_240' title='bbox 1089 1957 1203 2000; x_wconf 91' lang='lat' dir='ltr'><strong>non</strong></span> <span class='ocrx_word' id='word_1_241' title='bbox 1234 1941 1448 2014; x_wconf 88' lang='lat' dir='ltr'><strong>absque</strong></span> <span class='ocrx_word' id='word_1_242' title='bbox 1474 1941 1670 1998; x_wconf 80' lang='lat' dir='ltr'><strong>divino</strong></span> <span class='ocrx_word' id='word_1_243' title='bbox 1700 1957 1842 1998; x_wconf 89' lang='lat' dir='ltr'><strong>con-</strong></span> 
     </span>
     <span class='ocr_line' id='line_1_34' title="bbox 191 2029 1837 2104; baseline -0.002 -14"><span class='ocrx_word' id='word_1_244' title='bbox 191 2035 436 2104; x_wconf 82' lang='lat' dir='ltr'><strong>temptu,</strong></span> <span class='ocrx_word' id='word_1_245' title='bbox 470 2035 700 2088; x_wconf 67' lang='lat' dir='ltr'><strong>natura</strong></span> <span class='ocrx_word' id='word_1_246' title='bbox 730 2030 1109 2098; x_wconf 89' lang='lat' dir='ltr'><strong>contrariam,</strong></span> <span class='ocrx_word' id='word_1_247' title='bbox 1141 2029 1472 2103; x_wconf 76' lang='lat' dir='ltr'><strong>saeeuloque</strong></span> <span class='ocrx_word' id='word_1_248' title='bbox 1517 2029 1837 2087; x_wconf 88' lang='lat' dir='ltr'><strong>mirabilem</strong></span> 
     </span>
     <span class='ocr_line' id='line_1_35' title="bbox 190 2119 1844 2195; baseline -0.001 -17"><span class='ocrx_word' id='word_1_249' title='bbox 190 2121 543 2195; x_wconf 84' lang='lat' dir='ltr'><strong>contigisse;</strong></span> <span class='ocrx_word' id='word_1_250' title='bbox 583 2135 760 2193; x_wconf 83' lang='lat' dir='ltr'><strong>qnam</strong></span> <span class='ocrx_word' id='word_1_251' title='bbox 800 2119 1009 2177; x_wconf 80' lang='lat' dir='ltr'><strong>divinae</strong></span> <span class='ocrx_word' id='word_1_252' title='bbox 1053 2120 1230 2178; x_wconf 91' lang='lat' dir='ltr'><strong>etiam</strong></span> <span class='ocrx_word' id='word_1_253' title='bbox 1288 2120 1584 2195; x_wconf 89' lang='lat' dir='ltr'><strong>religionis</strong></span> <span class='ocrx_word' id='word_1_254' title='bbox 1640 2119 1844 2193; x_wconf 90' lang='lat' dir='ltr'><strong>ignara</strong></span> 
     </span>
     <span class='ocr_line' id='line_1_36' title="bbox 190 2209 1838 2283; baseline -0.002 -15"><span class='ocrx_word' id='word_1_255' title='bbox 190 2209 1154 2283; x_wconf 82' lang='lat' dir='ltr'><strong>gentilitassupremopuniendam</strong></span> <span class='ocrx_word' id='word_1_256' title='bbox 1168 2209 1456 2282; x_wconf 88' lang='lat' dir='ltr'><strong>supplicio</strong></span> <span class='ocrx_word' id='word_1_257' title='bbox 1469 2209 1838 2267; x_wconf 81' lang='lat' dir='ltr'><strong>decrevisset.</strong></span> 
     </span>
     <span class='ocr_line' id='line_1_37' title="bbox 189 2297 1839 2372; baseline 0 -18"><span class='ocrx_word' id='word_1_258' title='bbox 189 2298 265 2354; x_wconf 83' lang='lat' dir='ltr'><strong>&#39;l&#39;u</strong></span> <span class='ocrx_word' id='word_1_259' title='bbox 286 2313 427 2355; x_wconf 75' lang='lat' dir='ltr'><strong>vero</strong></span> <span class='ocrx_word' id='word_1_260' title='bbox 458 2303 673 2372; x_wconf 80' lang='lat' dir='ltr'><strong>prester</strong></span> <span class='ocrx_word' id='word_1_261' title='bbox 698 2298 880 2354; x_wconf 75' lang='lat' dir='ltr'><strong>aetatis</strong></span> <span class='ocrx_word' id='word_1_262' title='bbox 911 2302 1025 2354; x_wconf 73' lang='lat' dir='ltr'><strong>tuo</strong></span> <span class='ocrx_word' id='word_1_263' title='bbox 1063 2297 1347 2366; x_wconf 89' lang='lat' dir='ltr'><strong>debitum,</strong></span> <span class='ocrx_word' id='word_1_264' title='bbox 1380 2302 1587 2370; x_wconf 72' lang='lat' dir='ltr'><strong>proter</strong></span> <span class='ocrx_word' id='word_1_265' title='bbox 1612 2297 1839 2354; x_wconf 90' lang='lat' dir='ltr'><strong>ordinis</strong></span> 
     </span>
     <span class='ocr_line' id='line_1_38' title="bbox 189 2385 1838 2461; baseline -0.002 -15"><span class='ocrx_word' id='word_1_266' title='bbox 189 2392 239 2446; x_wconf 85' lang='lat' dir='ltr'><strong>et</strong></span> <span class='ocrx_word' id='word_1_267' title='bbox 284 2387 657 2461; x_wconf 88' lang='lat' dir='ltr'><strong>episcopalis</strong></span> <span class='ocrx_word' id='word_1_268' title='bbox 711 2387 893 2444; x_wconf 82' lang='lat' dir='ltr'><strong>officii</strong></span> <span class='ocrx_word' id='word_1_269' title='bbox 944 2386 1321 2460; x_wconf 89' lang='lat' dir='ltr'><strong>dignitatem,</strong></span> <span class='ocrx_word' id='word_1_270' title='bbox 1383 2385 1621 2461; x_wconf 89' lang='lat' dir='ltr'><strong>singula</strong></span> <span class='ocrx_word' id='word_1_271' title='bbox 1665 2386 1838 2444; x_wconf 85' lang='lat' dir='ltr'><strong>verba</strong></span> 
     </span>
     <span class='ocr_line' id='line_1_39' title="bbox 188 2473 1839 2548; baseline -0.002 -14"><span class='ocrx_word' id='word_1_272' title='bbox 188 2475 495 2534; x_wconf 78' lang='lat' dir='ltr'><strong>lasciviore</strong></span> <span class='ocrx_word' id='word_1_273' title='bbox 524 2478 915 2548; x_wconf 70' lang='lat' dir='ltr'><strong>prosequente</strong></span> <span class='ocrx_word' id='word_1_274' title='bbox 953 2475 1263 2542; x_wconf 89' lang='lat' dir='ltr'><strong>cachinno,</strong></span> <span class='ocrx_word' id='word_1_275' title='bbox 1296 2480 1353 2531; x_wconf 92' lang='lat' dir='ltr'><strong>te</strong></span> <span class='ocrx_word' id='word_1_276' title='bbox 1384 2491 1526 2531; x_wconf 77' lang='lat' dir='ltr'><strong>eane</strong></span> <span class='ocrx_word' id='word_1_277' title='bbox 1555 2473 1839 2548; x_wconf 90' lang='lat' dir='ltr'><strong>simplici·</strong></span> 
     </span>
     <span class='ocr_line' id='line_1_40' title="bbox 188 2564 1836 2638; baseline -0.003 -14"><span class='ocrx_word' id='word_1_278' title='bbox 188 2571 361 2624; x_wconf 84' lang='lat' dir='ltr'><strong>tatem</strong></span> <span class='ocrx_word' id='word_1_279' title='bbox 413 2565 704 2638; x_wconf 87' lang='lat' dir='ltr'><strong>principis</strong></span> <span class='ocrx_word' id='word_1_280' title='bbox 760 2581 876 2622; x_wconf 91' lang='lat' dir='ltr'><strong>non</strong></span> <span class='ocrx_word' id='word_1_281' title='bbox 934 2564 1074 2622; x_wconf 90' lang='lat' dir='ltr'><strong>satis</strong></span> <span class='ocrx_word' id='word_1_282' title='bbox 1116 2564 1396 2621; x_wconf 86' lang='lat' dir='ltr'><strong>admirari</strong></span> <span class='ocrx_word' id='word_1_283' title='bbox 1427 2581 1597 2636; x_wconf 89' lang='lat' dir='ltr'><strong>posse</strong></span> <span class='ocrx_word' id='word_1_284' title='bbox 1615 2564 1836 2634; x_wconf 88' lang='lat' dir='ltr'><strong>dixisti,</strong></span> 
     </span>
     <span class='ocr_line' id='line_1_41' title="bbox 186 2652 1837 2729; baseline -0.001 -16"><span class='ocrx_word' id='word_1_285' title='bbox 186 2657 333 2729; x_wconf 77' lang='lat' dir='ltr'><strong>qaod</strong></span> <span class='ocrx_word' id='word_1_286' title='bbox 368 2659 603 2712; x_wconf 68' lang='lat' dir='ltr'><strong>naturis</strong></span> <span class='ocrx_word' id='word_1_287' title='bbox 627 2655 983 2711; x_wconf 85' lang='lat' dir='ltr'><strong>contrarium</strong></span> <span class='ocrx_word' id='word_1_288' title='bbox 1032 2653 1268 2718; x_wconf 87' lang='lat' dir='ltr'><strong>diceret,</strong></span> <span class='ocrx_word' id='word_1_289' title='bbox 1295 2652 1626 2725; x_wconf 61' lang='lat' dir='ltr'><strong>saeculoque</strong></span> <span class='ocrx_word' id='word_1_290' title='bbox 1657 2653 1837 2711; x_wconf 84' lang='lat' dir='ltr'><strong>mira-</strong></span> 
     </span>
     <span class='ocr_line' id='line_1_42' title="bbox 183 2742 1833 2818; baseline -0.001 -16"><span class='ocrx_word' id='word_1_291' title='bbox 183 2745 315 2817; x_wconf 85' lang='lat' dir='ltr'><strong>bile,</strong></span> <span class='ocrx_word' id='word_1_292' title='bbox 347 2744 513 2818; x_wconf 86' lang='lat' dir='ltr'><strong>quod</strong></span> <span class='ocrx_word' id='word_1_293' title='bbox 543 2744 617 2801; x_wconf 89' lang='lat' dir='ltr'><strong>de</strong></span> <span class='ocrx_word' id='word_1_294' title='bbox 635 2742 760 2801; x_wconf 80' lang='lat' dir='ltr'><strong>viro</strong></span> <span class='ocrx_word' id='word_1_295' title='bbox 778 2742 1410 2814; x_wconf 71' lang='lat' dir='ltr'><strong>feminaconcepisset;</strong></span> <span class='ocrx_word' id='word_1_296' title='bbox 1442 2743 1619 2800; x_wconf 91' lang='lat' dir='ltr'><strong>sedin</strong></span> <span class='ocrx_word' id='word_1_297' title='bbox 1651 2759 1833 2816; x_wconf 89' lang='lat' dir='ltr'><strong>oppo-</strong></span> 
     </span>
     <span class='ocr_line' id='line_1_43' title="bbox 182 2831 1837 2901; baseline -0.004 -8"><span class='ocrx_word' id='word_1_298' title='bbox 182 2834 287 2893; x_wconf 82' lang='lat' dir='ltr'><strong>sito</strong></span> <span class='ocrx_word' id='word_1_299' title='bbox 344 2838 512 2891; x_wconf 88' lang='lat' dir='ltr'><strong>stare</strong></span> <span class='ocrx_word' id='word_1_300' title='bbox 570 2831 939 2901; x_wconf 81' lang='lat' dir='ltr'><strong>miraculum,</strong></span> <span class='ocrx_word' id='word_1_301' title='bbox 971 2833 1021 2889; x_wconf 88' lang='lat' dir='ltr'><strong>si</strong></span> <span class='ocrx_word' id='word_1_302' title='bbox 1052 2833 1123 2890; x_wconf 90' lang='lat' dir='ltr'><strong>de</strong></span> <span class='ocrx_word' id='word_1_303' title='bbox 1154 2832 1369 2890; x_wconf 72' lang='lat' dir='ltr'><strong>semina</strong></span> <span class='ocrx_word' id='word_1_304' title='bbox 1398 2832 1587 2889; x_wconf 87' lang='lat' dir='ltr'><strong>virum</strong></span> <span class='ocrx_word' id='word_1_305' title='bbox 1617 2832 1837 2889; x_wconf 92' lang='lat' dir='ltr'><strong>contin·</strong></span> 
     </span>
     <span class='ocr_line' id='line_1_44' title="bbox 178 2921 1829 2998; baseline -0.002 -17"><span class='ocrx_word' id='word_1_306' title='bbox 178 2928 335 2998; x_wconf 82' lang='lat' dir='ltr'><strong>geret</strong></span> <span class='ocrx_word' id='word_1_307' title='bbox 364 2921 774 2996; x_wconf 73' lang='lat' dir='ltr'><strong>impraegnari.</strong></span> <span class='ocrx_word' id='word_1_308' title='bbox 804 2924 851 2978; x_wconf 94' lang='grc' dir='ltr'><strong>Ο</strong></span> <span class='ocrx_word' id='word_1_309' title='bbox 879 2923 1167 2992; x_wconf 89' lang='lat' dir='ltr'><strong>stupenda</strong></span> <span class='ocrx_word' id='word_1_310' title='bbox 1214 2921 1428 2978; x_wconf 91' lang='lat' dir='ltr'><strong>mentis</strong></span> <span class='ocrx_word' id='word_1_311' title='bbox 1471 2922 1789 2978; x_wconf 88' lang='lat' dir='ltr'><strong>obstinatio</strong></span> <span class='ocrx_word' id='word_1_312' title='bbox 1814 2921 1829 2977; x_wconf 84' lang='lat' dir='ltr'><strong>l</strong></span> 
     </span>
     <span class='ocr_line' id='line_1_45' title="bbox 179 3011 1833 3086; baseline -0.004 -13"><span class='ocrx_word' id='word_1_313' title='bbox 179 3031 211 3073; x_wconf 86' lang='lat' dir='ltr'><strong>o</strong></span> <span class='ocrx_word' id='word_1_314' title='bbox 234 3012 614 3072; x_wconf 80' lang='lat' dir='ltr'><strong>detestabilis</strong></span> <span class='ocrx_word' id='word_1_315' title='bbox 671 3011 1034 3083; x_wconf 89' lang='lat' dir='ltr'><strong>impudentia</strong></span> <span class='ocrx_word' id='word_1_316' title='bbox 1074 3011 1319 3085; x_wconf 66' lang='lat' dir='ltr'><strong>linguai!</strong></span> <span class='ocrx_word' id='word_1_317' title='bbox 1352 3029 1385 3069; x_wconf 90' lang='grc' dir='ltr'>ο</span> <span class='ocrx_word' id='word_1_318' title='bbox 1405 3012 1583 3086; x_wconf 90' lang='lat' dir='ltr'><strong>digna</strong></span> <span class='ocrx_word' id='word_1_319' title='bbox 1609 3011 1833 3085; x_wconf 88' lang='lat' dir='ltr'><strong>deposi-</strong></span> 
     </span>
     <span class='ocr_line' id='line_1_46' title="bbox 179 3102 1833 3177; baseline -0.002 -15"><span class='ocrx_word' id='word_1_320' title='bbox 179 3105 328 3162; x_wconf 87' lang='lat' dir='ltr'><strong>tione</strong></span> <span class='ocrx_word' id='word_1_321' title='bbox 358 3102 716 3177; x_wconf 80' lang='lat' dir='ltr'><strong>responsio!</strong></span> <span class='ocrx_word' id='word_1_322' title='bbox 772 3102 1225 3175; x_wconf 74' lang='lat' dir='ltr'><strong>Exspectabatur</strong></span> <span class='ocrx_word' id='word_1_323' title='bbox 1270 3105 1333 3159; x_wconf 91' lang='lat' dir='ltr'><strong>ut</strong></span> <span class='ocrx_word' id='word_1_324' title='bbox 1362 3102 1666 3159; x_wconf 81' lang='lat' dir='ltr'><strong>adversum</strong></span> <span class='ocrx_word' id='word_1_325' title='bbox 1698 3102 1833 3159; x_wconf 79' lang='lat' dir='ltr'><strong>faci-</strong></span> 
     </span>
    </p>
   </div>
   <div class='ocr_carea' id='block_1_12' title="bbox 1942 1851 3606 3167">
    <p class='ocr_par' dir='ltr' id='par_1_12' title="bbox 1942 1851 3606 3167">
     <span class='ocr_line' id='line_1_47' title="bbox 1952 1851 3602 1924; baseline 0.001 -15"><span class='ocrx_word' id='word_1_326' title='bbox 1952 1852 2186 1909; x_wconf 90' lang='lat' dir='ltr'><strong>animus</strong></span> <span class='ocrx_word' id='word_1_327' title='bbox 2238 1851 2535 1908; x_wconf 89' lang='lat' dir='ltr'><strong>humanus</strong></span> <span class='ocrx_word' id='word_1_328' title='bbox 2584 1851 2901 1924; x_wconf 87' lang='lat' dir='ltr'><strong>aliquando</strong></span> <span class='ocrx_word' id='word_1_329' title='bbox 2932 1852 3185 1922; x_wconf 78' lang='lat' dir='ltr'><strong>fatiscat,</strong></span> <span class='ocrx_word' id='word_1_330' title='bbox 3206 1868 3345 1911; x_wconf 90' lang='lat' dir='ltr'><strong>cum</strong></span> <span class='ocrx_word' id='word_1_331' title='bbox 3375 1869 3494 1910; x_wconf 91' lang='lat' dir='ltr'><strong>nou</strong></span> <span class='ocrx_word' id='word_1_332' title='bbox 3521 1854 3602 1910; x_wconf 84' lang='lat' dir='ltr'><strong>eit</strong></span> 
     </span>
     <span class='ocr_line' id='line_1_48' title="bbox 1953 1940 3605 2014; baseline 0 -16"><span class='ocrx_word' id='word_1_333' title='bbox 1953 1940 2269 2012; x_wconf 73' lang='lat' dir='ltr'><strong>spirituum</strong></span> <span class='ocrx_word' id='word_1_334' title='bbox 2321 1956 2554 2014; x_wconf 87' lang='lat' dir='ltr'><strong>semper</strong></span> <span class='ocrx_word' id='word_1_335' title='bbox 2585 1944 2748 1997; x_wconf 88' lang='lat' dir='ltr'><strong>certa</strong></span> <span class='ocrx_word' id='word_1_336' title='bbox 2771 1940 3064 2010; x_wconf 88' lang='lat' dir='ltr'><strong>discretio,</strong></span> <span class='ocrx_word' id='word_1_337' title='bbox 3098 1956 3205 2014; x_wconf 92' lang='lat' dir='ltr'><strong>per</strong></span> <span class='ocrx_word' id='word_1_338' title='bbox 3232 1956 3407 2012; x_wconf 85' lang='lat' dir='ltr'><strong>quam</strong></span> <span class='ocrx_word' id='word_1_339' title='bbox 3438 1940 3605 1998; x_wconf 75' lang='lat' dir='ltr'><strong>talla-</strong></span> 
     </span>
     <span class='ocr_line' id='line_1_49' title="bbox 1952 2028 3604 2103; baseline 0 -17"><span class='ocrx_word' id='word_1_340' title='bbox 1952 2030 2108 2086; x_wconf 90' lang='lat' dir='ltr'><strong>cinm</strong></span> <span class='ocrx_word' id='word_1_341' title='bbox 2132 2035 2399 2086; x_wconf 84' lang='lat' dir='ltr'><strong>votorum</strong></span> <span class='ocrx_word' id='word_1_342' title='bbox 2423 2028 2808 2102; x_wconf 87' lang='lat' dir='ltr'><strong>compellatur</strong></span> <span class='ocrx_word' id='word_1_343' title='bbox 2837 2029 3178 2103; x_wconf 83' lang='lat' dir='ltr'><strong>indignitas,</strong></span> <span class='ocrx_word' id='word_1_344' title='bbox 3210 2034 3268 2087; x_wconf 88' lang='lat' dir='ltr'><strong>et</strong></span> <span class='ocrx_word' id='word_1_345' title='bbox 3298 2029 3471 2086; x_wconf 87' lang='lat' dir='ltr'><strong>rectis</strong></span> <span class='ocrx_word' id='word_1_346' title='bbox 3501 2029 3604 2086; x_wconf 91' lang='lat' dir='ltr'><strong>de·</strong></span> 
     </span>
     <span class='ocr_line' id='line_1_50' title="bbox 1952 2118 3606 2176; baseline 0 -1"><span class='ocrx_word' id='word_1_347' title='bbox 1952 2118 2107 2176; x_wconf 89' lang='lat' dir='ltr'><strong>bitus</strong></span> <span class='ocrx_word' id='word_1_348' title='bbox 2135 2119 2539 2175; x_wconf 76' lang='lat' dir='ltr'><strong>commodetur</strong></span> <span class='ocrx_word' id='word_1_349' title='bbox 2585 2133 2895 2175; x_wconf 85' lang='lat' dir='ltr'><strong>assensus.</strong></span> <span class='ocrx_word' id='word_1_350' title='bbox 2917 2118 3033 2175; x_wconf 87' lang='lat' dir='ltr'><strong>Nec</strong></span> <span class='ocrx_word' id='word_1_351' title='bbox 3063 2118 3500 2176; x_wconf 89' lang='lat' dir='ltr'><strong>inconsiderate</strong></span> <span class='ocrx_word' id='word_1_352' title='bbox 3518 2121 3606 2176; x_wconf 91' lang='lat' dir='ltr'><strong>ta-</strong></span> 
     </span>
     <span class='ocr_line' id='line_1_51' title="bbox 1952 2207 3602 2281; baseline -0.001 -17"><span class='ocrx_word' id='word_1_353' title='bbox 1952 2223 2104 2278; x_wconf 90' lang='lat' dir='ltr'><strong>men,</strong></span> <span class='ocrx_word' id='word_1_354' title='bbox 2165 2213 2453 2280; x_wconf 88' lang='lat' dir='ltr'><strong>quantum</strong></span> <span class='ocrx_word' id='word_1_355' title='bbox 2487 2208 2743 2265; x_wconf 86' lang='lat' dir='ltr'><strong>humana</strong></span> <span class='ocrx_word' id='word_1_356' title='bbox 2781 2207 2964 2279; x_wconf 88' lang='lat' dir='ltr'><strong>potuit</strong></span> <span class='ocrx_word' id='word_1_357' title='bbox 3019 2207 3243 2264; x_wconf 86' lang='lat' dir='ltr'><strong>ratione</strong></span> <span class='ocrx_word' id='word_1_358' title='bbox 3292 2207 3602 2281; x_wconf 85' lang='lat' dir='ltr'><strong>perpendi,</strong></span> 
     </span>
     <span class='ocr_line' id='line_1_52' title="bbox 1948 2295 3601 2368; baseline -0.004 -12"><span class='ocrx_word' id='word_1_359' title='bbox 1948 2297 2270 2356; x_wconf 89' lang='lat' dir='ltr'><strong>commissa</strong></span> <span class='ocrx_word' id='word_1_360' title='bbox 2330 2295 2436 2352; x_wconf 89' lang='lat' dir='ltr'><strong>tibi</strong></span> <span class='ocrx_word' id='word_1_361' title='bbox 2484 2300 2572 2352; x_wconf 88' lang='lat' dir='ltr'><strong>est</strong></span> <span class='ocrx_word' id='word_1_362' title='bbox 2618 2296 2859 2368; x_wconf 70' lang='lat' dir='ltr'><strong>quesita</strong></span> <span class='ocrx_word' id='word_1_363' title='bbox 2913 2295 3149 2368; x_wconf 87' lang='lat' dir='ltr'><strong>legatio.</strong></span> <span class='ocrx_word' id='word_1_364' title='bbox 3173 2296 3601 2353; x_wconf 80' lang='lat' dir='ltr'><strong>AEsttmabatur</strong></span> 
     </span>
     <span class='ocr_line' id='line_1_53' title="bbox 1952 2384 3603 2460; baseline -0.001 -18"><span class='ocrx_word' id='word_1_365' title='bbox 1952 2386 2171 2460; x_wconf 85' lang='lat' dir='ltr'><strong>quippe</strong></span> <span class='ocrx_word' id='word_1_366' title='bbox 2202 2386 2359 2458; x_wconf 85' lang='lat' dir='ltr'><strong>quod</strong></span> <span class='ocrx_word' id='word_1_367' title='bbox 2392 2385 2452 2442; x_wconf 91' lang='lat' dir='ltr'><strong>in</strong></span> <span class='ocrx_word' id='word_1_368' title='bbox 2482 2385 2816 2457; x_wconf 89' lang='lat' dir='ltr'><strong>episcopum</strong></span> <span class='ocrx_word' id='word_1_369' title='bbox 2849 2400 2966 2441; x_wconf 93' lang='lat' dir='ltr'><strong>non</strong></span> <span class='ocrx_word' id='word_1_370' title='bbox 3007 2386 3185 2442; x_wconf 89' lang='lat' dir='ltr'><strong>sortis</strong></span> <span class='ocrx_word' id='word_1_371' title='bbox 3241 2388 3473 2453; x_wconf 81' lang='lat' dir='ltr'><strong>eventu,</strong></span> <span class='ocrx_word' id='word_1_372' title='bbox 3498 2384 3603 2441; x_wconf 92' lang='lat' dir='ltr'><strong>sed</strong></span> 
     </span>
     <span class='ocr_line' id='line_1_54' title="bbox 1948 2472 3601 2548; baseline -0.002 -16"><span class='ocrx_word' id='word_1_373' title='bbox 1948 2477 2174 2532; x_wconf 87' lang='lat' dir='ltr'><strong>ratione</strong></span> <span class='ocrx_word' id='word_1_374' title='bbox 2197 2478 2499 2548; x_wconf 91' lang='lat' dir='ltr'><strong>promotus</strong></span> <span class='ocrx_word' id='word_1_375' title='bbox 2516 2474 2752 2532; x_wconf 76' lang='lat' dir='ltr'><strong>luisses.</strong></span> <span class='ocrx_word' id='word_1_376' title='bbox 2775 2473 2892 2531; x_wconf 90' lang='lat' dir='ltr'><strong>Nec</strong></span> <span class='ocrx_word' id='word_1_377' title='bbox 2927 2473 3245 2531; x_wconf 80' lang='lat' dir='ltr'><strong>verisimile</strong></span> <span class='ocrx_word' id='word_1_378' title='bbox 3270 2472 3601 2542; x_wconf 88' lang='lat' dir='ltr'><strong>videbatur,</strong></span> 
     </span>
     <span class='ocr_line' id='line_1_55' title="bbox 1949 2562 3603 2638; baseline -0.002 -16"><span class='ocrx_word' id='word_1_379' title='bbox 1949 2565 2104 2638; x_wconf 89' lang='lat' dir='ltr'><strong>quod</strong></span> <span class='ocrx_word' id='word_1_380' title='bbox 2133 2566 2192 2622; x_wconf 91' lang='lat' dir='ltr'><strong>in</strong></span> <span class='ocrx_word' id='word_1_381' title='bbox 2224 2564 2504 2621; x_wconf 88' lang='lat' dir='ltr'><strong>electione</strong></span> <span class='ocrx_word' id='word_1_382' title='bbox 2526 2568 2628 2620; x_wconf 85' lang='lat' dir='ltr'><strong>tua</strong></span> <span class='ocrx_word' id='word_1_383' title='bbox 2647 2563 2891 2632; x_wconf 89' lang='lat' dir='ltr'><strong>clerum,</strong></span> <span class='ocrx_word' id='word_1_384' title='bbox 2910 2563 3260 2637; x_wconf 87' lang='lat' dir='ltr'><strong>principem.</strong></span> <span class='ocrx_word' id='word_1_385' title='bbox 3290 2562 3603 2637; x_wconf 89' lang='lat' dir='ltr'><strong>populum,</strong></span> 
     </span>
     <span class='ocr_line' id='line_1_56' title="bbox 1946 2651 3594 2726; baseline -0.001 -17"><span class='ocrx_word' id='word_1_386' title='bbox 1946 2653 2005 2710; x_wconf 92' lang='lat' dir='ltr'><strong>in</strong></span> <span class='ocrx_word' id='word_1_387' title='bbox 2037 2653 2468 2711; x_wconf 84' lang='lat' dir='ltr'><strong>examinatione</strong></span> <span class='ocrx_word' id='word_1_388' title='bbox 2513 2658 2616 2709; x_wconf 88' lang='lat' dir='ltr'><strong>tua</strong></span> <span class='ocrx_word' id='word_1_389' title='bbox 2650 2653 3050 2726; x_wconf 88' lang='lat' dir='ltr'><strong>coepiscopos,</strong></span> <span class='ocrx_word' id='word_1_390' title='bbox 3088 2651 3594 2726; x_wconf 89' lang='lat' dir='ltr'><strong>archiepiscopum</strong></span> 
     </span>
     <span class='ocr_line' id='line_1_57' title="bbox 1942 2740 3594 2815; baseline -0.001 -16"><span class='ocrx_word' id='word_1_391' title='bbox 1942 2743 2201 2815; x_wconf 84' lang='lat' dir='ltr'><strong>ejusdem</strong></span> <span class='ocrx_word' id='word_1_392' title='bbox 2250 2741 2478 2800; x_wconf 65' lang='lat' dir='ltr'><strong>cecitas</strong></span> <span class='ocrx_word' id='word_1_393' title='bbox 2511 2740 2901 2815; x_wconf 88' lang='lat' dir='ltr'><strong>implicuisset</strong></span> <span class='ocrx_word' id='word_1_394' title='bbox 2941 2741 3175 2799; x_wconf 89' lang='lat' dir='ltr'><strong>erroris.</strong></span> <span class='ocrx_word' id='word_1_395' title='bbox 3199 2740 3282 2799; x_wconf 86' lang='lat' dir='ltr'><strong>De</strong></span> <span class='ocrx_word' id='word_1_396' title='bbox 3316 2740 3594 2813; x_wconf 85' lang='lat' dir='ltr'><strong>operibus</strong></span> 
     </span>
     <span class='ocr_line' id='line_1_58' title="bbox 1944 2829 3596 2905; baseline -0.002 -17"><span class='ocrx_word' id='word_1_397' title='bbox 1944 2846 2175 2905; x_wconf 81' lang='lat' dir='ltr'><strong>quoque</strong></span> <span class='ocrx_word' id='word_1_398' title='bbox 2198 2831 2335 2899; x_wconf 89' lang='lat' dir='ltr'><strong>tuis,</strong></span> <span class='ocrx_word' id='word_1_399' title='bbox 2366 2830 2512 2887; x_wconf 89' lang='lat' dir='ltr'><strong>nibil</strong></span> <span class='ocrx_word' id='word_1_400' title='bbox 2570 2830 2763 2887; x_wconf 88' lang='lat' dir='ltr'><strong>adbuc</strong></span> <span class='ocrx_word' id='word_1_401' title='bbox 2820 2831 3129 2904; x_wconf 85' lang='lat' dir='ltr'><strong>quisquam</strong></span> <span class='ocrx_word' id='word_1_402' title='bbox 3162 2829 3458 2886; x_wconf 79' lang='lat' dir='ltr'><strong>Romanus</strong></span> <span class='ocrx_word' id='word_1_403' title='bbox 3487 2845 3596 2885; x_wconf 90' lang='lat' dir='ltr'><strong>au-</strong></span> 
     </span>
     <span class='ocr_line' id='line_1_59' title="bbox 1945 2919 3598 2994; baseline 0 -18"><span class='ocrx_word' id='word_1_404' title='bbox 1945 2921 2166 2978; x_wconf 87' lang='lat' dir='ltr'><strong>dierat:</strong></span> <span class='ocrx_word' id='word_1_405' title='bbox 2200 2937 2327 2994; x_wconf 67' lang='lat' dir='ltr'><strong>quas</strong></span> <span class='ocrx_word' id='word_1_406' title='bbox 2348 2919 2615 2977; x_wconf 83' lang='lat' dir='ltr'><strong>finitimis</strong></span> <span class='ocrx_word' id='word_1_407' title='bbox 2642 2923 2700 2976; x_wconf 90' lang='lat' dir='ltr'><strong>et</strong></span> <span class='ocrx_word' id='word_1_408' title='bbox 2719 2920 2982 2988; x_wconf 88' lang='lat' dir='ltr'><strong>remotis,</strong></span> <span class='ocrx_word' id='word_1_409' title='bbox 3006 2919 3099 2977; x_wconf 87' lang='lat' dir='ltr'><strong>bis</strong></span> <span class='ocrx_word' id='word_1_410' title='bbox 3129 2919 3369 2994; x_wconf 88' lang='lat' dir='ltr'><strong>quidem</strong></span> <span class='ocrx_word' id='word_1_411' title='bbox 3401 2921 3598 2976; x_wconf 87' lang='lat' dir='ltr'><strong>astuta</strong></span> 
     </span>
     <span class='ocr_line' id='line_1_60' title="bbox 1945 3005 3599 3078; baseline -0.002 -14"><span class='ocrx_word' id='word_1_412' title='bbox 1945 3008 2493 3078; x_wconf 90' lang='lat' dir='ltr'><strong>dissimulatio,illis</strong></span> <span class='ocrx_word' id='word_1_413' title='bbox 2510 3024 2646 3065; x_wconf 88' lang='lat' dir='ltr'><strong>vero</strong></span> <span class='ocrx_word' id='word_1_414' title='bbox 2665 3006 2927 3065; x_wconf 90' lang='lat' dir='ltr'><strong>locorum</strong></span> <span class='ocrx_word' id='word_1_415' title='bbox 2950 3008 3230 3065; x_wconf 89' lang='lat' dir='ltr'><strong>distantia</strong></span> <span class='ocrx_word' id='word_1_416' title='bbox 3258 3005 3599 3064; x_wconf 88' lang='lat' dir='ltr'><strong>nullatenus</strong></span> 
     </span>
     <span class='ocr_line' id='line_1_61' title="bbox 1943 3096 3580 3167; baseline -0.002 -12"><span class='ocrx_word' id='word_1_417' title='bbox 1943 3114 2071 3156; x_wconf 84' lang='lat' dir='ltr'><strong>esse</strong></span> <span class='ocrx_word' id='word_1_418' title='bbox 2101 3103 2239 3156; x_wconf 87' lang='lat' dir='ltr'><strong>nota</strong></span> <span class='ocrx_word' id='word_1_419' title='bbox 2267 3099 2516 3155; x_wconf 86' lang='lat' dir='ltr'><strong>sinebat.</strong></span> <span class='ocrx_word' id='word_1_420' title='bbox 2549 3098 2637 3155; x_wconf 81' lang='lat' dir='ltr'><strong>Ad</strong></span> <span class='ocrx_word' id='word_1_421' title='bbox 2694 3113 3013 3167; x_wconf 89' lang='lat' dir='ltr'><strong>summam,</strong></span> <span class='ocrx_word' id='word_1_422' title='bbox 3047 3113 3121 3154; x_wconf 91' lang='lat' dir='ltr'><strong>ne</strong></span> <span class='ocrx_word' id='word_1_423' title='bbox 3149 3096 3377 3154; x_wconf 84' lang='lat' dir='ltr'><strong>veritati</strong></span> <span class='ocrx_word' id='word_1_424' title='bbox 3407 3097 3580 3153; x_wconf 91' lang='lat' dir='ltr'><strong>dero·</strong></span> 
     </span>
    </p>
   </div>
   <div class='ocr_carea' id='block_1_13' title="bbox 177 3168 3594 3264">
    <p class='ocr_par' dir='ltr' id='par_1_13' title="bbox 177 3168 3594 3264">
     <span class='ocr_line' id='line_1_62' title="bbox 177 3168 3594 3264; baseline -0.003 -13"><span class='ocrx_word' id='word_1_425' title='bbox 177 3209 283 3251; x_wconf 85' lang='lat' dir='ltr'><strong>aus</strong></span> <span class='ocrx_word' id='word_1_426' title='bbox 310 3189 1566 3264; x_wconf 84' lang='lat' dir='ltr'><strong>exardescerstepiscopalisindignatio,sed</strong></span> <span class='ocrx_word' id='word_1_427' title='bbox 1588 3192 1641 3249; x_wconf 90' lang='lat' dir='ltr'><strong>ei</strong></span> <span class='ocrx_word' id='word_1_428' title='bbox 1663 3192 1832 3261; x_wconf 88' lang='lat' dir='ltr'><strong>quasi</strong></span> <span class='ocrx_word' id='word_1_429' title='bbox 1860 3168 1907 3233; x_wconf 76' lang='lat' dir='ltr'><strong>c</strong></span> <span class='ocrx_word' id='word_1_430' title='bbox 1947 3193 2121 3262; x_wconf 88' lang='lat' dir='ltr'><strong>getur</strong></span> <span class='ocrx_word' id='word_1_431' title='bbox 2149 3189 2210 3244; x_wconf 91' lang='lat' dir='ltr'><strong>in</strong></span> <span class='ocrx_word' id='word_1_432' title='bbox 2241 3188 2459 3260; x_wconf 89' lang='lat' dir='ltr'><strong>aliquo,</strong></span> <span class='ocrx_word' id='word_1_433' title='bbox 2483 3187 2672 3244; x_wconf 89' lang='lat' dir='ltr'><strong>inerat</strong></span> <span class='ocrx_word' id='word_1_434' title='bbox 2707 3187 2816 3244; x_wconf 90' lang='lat' dir='ltr'><strong>tibi</strong></span> <span class='ocrx_word' id='word_1_435' title='bbox 2838 3187 2992 3244; x_wconf 90' lang='lat' dir='ltr'><strong>circa</strong></span> <span class='ocrx_word' id='word_1_436' title='bbox 3020 3187 3306 3259; x_wconf 86' lang='lat' dir='ltr'><strong>gerendas</strong></span> <span class='ocrx_word' id='word_1_437' title='bbox 3336 3201 3427 3243; x_wconf 87' lang='lat' dir='ltr'><strong>res</strong></span> <span class='ocrx_word' id='word_1_438' title='bbox 3457 3190 3594 3242; x_wconf 88' lang='lat' dir='ltr'><strong>nota</strong></span> 
     </span>
    </p>
   </div>
   <div class='ocr_carea' id='block_1_14' title="bbox 172 3278 1838 4512">
    <p class='ocr_par' dir='ltr' id='par_1_14' title="bbox 172 3278 1838 3892">
     <span class='ocr_line' id='line_1_63' title="bbox 174 3278 1838 3357; baseline -0.002 -16"><span class='ocrx_word' id='word_1_439' title='bbox 174 3282 545 3357; x_wconf 69' lang='lat' dir='ltr'><strong>gratulanter</strong></span> <span class='ocrx_word' id='word_1_440' title='bbox 560 3280 804 3339; x_wconf 80' lang='lat' dir='ltr'><strong>lascivia</strong></span> <span class='ocrx_word' id='word_1_441' title='bbox 823 3278 1028 3337; x_wconf 90' lang='lat' dir='ltr'><strong>senilis</strong></span> <span class='ocrx_word' id='word_1_442' title='bbox 1051 3279 1265 3346; x_wconf 76' lang='lat' dir='ltr'><strong>arrisit,</strong></span> <span class='ocrx_word' id='word_1_443' title='bbox 1287 3284 1345 3336; x_wconf 91' lang='lat' dir='ltr'><strong>et</strong></span> <span class='ocrx_word' id='word_1_444' title='bbox 1364 3280 1520 3351; x_wconf 82' lang='lat' dir='ltr'><strong>quod</strong></span> <span class='ocrx_word' id='word_1_445' title='bbox 1553 3282 1838 3354; x_wconf 85' lang='lat' dir='ltr'><strong>gravitate</strong></span> 
     </span>
     <span class='ocr_line' id='line_1_64' title="bbox 174 3369 1833 3445; baseline -0.001 -14"><span class='ocrx_word' id='word_1_446' title='bbox 174 3373 437 3431; x_wconf 66' lang='lat' dir='ltr'><strong>menda</strong></span> <span class='ocrx_word' id='word_1_447' title='bbox 468 3369 686 3445; x_wconf 87' lang='lat' dir='ltr'><strong>punire</strong></span> <span class='ocrx_word' id='word_1_448' title='bbox 714 3370 1011 3428; x_wconf 87' lang='lat' dir='ltr'><strong>sententia</strong></span> <span class='ocrx_word' id='word_1_449' title='bbox 1062 3369 1382 3432; x_wconf 87' lang='lat' dir='ltr'><strong>debuisset.</strong></span> <span class='ocrx_word' id='word_1_450' title='bbox 1415 3386 1566 3428; x_wconf 83' lang='lat' dir='ltr'><strong>nova</strong></span> <span class='ocrx_word' id='word_1_451' title='bbox 1588 3373 1833 3429; x_wconf 89' lang='lat' dir='ltr'><strong>Proteus</strong></span> 
     </span>
     <span class='ocr_line' id='line_1_65' title="bbox 174 3459 1834 3532; baseline -0.001 -14"><span class='ocrx_word' id='word_1_452' title='bbox 174 3461 524 3520; x_wconf 81' lang='lat' dir='ltr'><strong>anctoritate</strong></span> <span class='ocrx_word' id='word_1_453' title='bbox 537 3460 813 3517; x_wconf 81' lang='lat' dir='ltr'><strong>firmavit.</strong></span> <span class='ocrx_word' id='word_1_454' title='bbox 831 3459 959 3516; x_wconf 79' lang='lat' dir='ltr'><strong>Non</strong></span> <span class='ocrx_word' id='word_1_455' title='bbox 980 3463 1143 3531; x_wconf 87' lang='lat' dir='ltr'><strong>potes</strong></span> <span class='ocrx_word' id='word_1_456' title='bbox 1166 3474 1443 3516; x_wconf 86' lang='lat' dir='ltr'><strong>excusare</strong></span> <span class='ocrx_word' id='word_1_457' title='bbox 1455 3459 1598 3531; x_wconf 91' lang='lat' dir='ltr'><strong>quin</strong></span> <span class='ocrx_word' id='word_1_458' title='bbox 1619 3461 1834 3532; x_wconf 87' lang='lat' dir='ltr'><strong>populo</strong></span> 
     </span>
     <span class='ocr_line' id='line_1_66' title="bbox 174 3547 1835 3616; baseline -0.002 -8"><span class='ocrx_word' id='word_1_459' title='bbox 174 3551 402 3609; x_wconf 78' lang='lat' dir='ltr'><strong>dederis</strong></span> <span class='ocrx_word' id='word_1_460' title='bbox 431 3557 658 3607; x_wconf 84' lang='lat' dir='ltr'><strong>certam</strong></span> <span class='ocrx_word' id='word_1_461' title='bbox 676 3548 884 3604; x_wconf 76' lang='lat' dir='ltr'><strong>similia</strong></span> <span class='ocrx_word' id='word_1_462' title='bbox 914 3547 1162 3605; x_wconf 79' lang='lat' dir='ltr'><strong>faciendi</strong></span> <span class='ocrx_word' id='word_1_463' title='bbox 1202 3547 1518 3616; x_wconf 89' lang='lat' dir='ltr'><strong>licentiam,</strong></span> <span class='ocrx_word' id='word_1_464' title='bbox 1550 3563 1685 3604; x_wconf 90' lang='lat' dir='ltr'><strong>cum</strong></span> <span class='ocrx_word' id='word_1_465' title='bbox 1704 3548 1835 3605; x_wconf 85' lang='lat' dir='ltr'><strong>&#39;sin-</strong></span> 
     </span>
     <span class='ocr_line' id='line_1_67' title="bbox 172 3635 1833 3713; baseline -0.001 -17"><span class='ocrx_word' id='word_1_466' title='bbox 172 3640 317 3713; x_wconf 71' lang='lat' dir='ltr'><strong>gulis</strong></span> <span class='ocrx_word' id='word_1_467' title='bbox 348 3656 425 3697; x_wconf 83' lang='lat' dir='ltr'><strong>ex</strong></span> <span class='ocrx_word' id='word_1_468' title='bbox 458 3653 566 3696; x_wconf 87' lang='lat' dir='ltr'><strong>ore</strong></span> <span class='ocrx_word' id='word_1_469' title='bbox 604 3642 705 3695; x_wconf 92' lang='lat' dir='ltr'><strong>tuo</strong></span> <span class='ocrx_word' id='word_1_470' title='bbox 761 3637 1177 3710; x_wconf 87' lang='lat' dir='ltr'><strong>pendentibus,</strong></span> <span class='ocrx_word' id='word_1_471' title='bbox 1226 3651 1442 3694; x_wconf 86' lang='lat' dir='ltr'><strong>novum</strong></span> <span class='ocrx_word' id='word_1_472' title='bbox 1502 3635 1730 3694; x_wconf 71' lang='lat' dir='ltr'><strong>facinus</strong></span> <span class='ocrx_word' id='word_1_473' title='bbox 1774 3642 1833 3695; x_wconf 91' lang='lat' dir='ltr'><strong>et</strong></span> 
     </span>
     <span class='ocr_line' id='line_1_68' title="bbox 173 3725 1831 3804; baseline -0.004 -17"><span class='ocrx_word' id='word_1_474' title='bbox 173 3728 607 3804; x_wconf 87' lang='lat' dir='ltr'><strong>ignotum,nec</strong></span> <span class='ocrx_word' id='word_1_475' title='bbox 650 3728 827 3783; x_wconf 83' lang='lat' dir='ltr'><strong>verbo</strong></span> <span class='ocrx_word' id='word_1_476' title='bbox 876 3741 985 3783; x_wconf 90' lang='lat' dir='ltr'><strong>nec</strong></span> <span class='ocrx_word' id='word_1_477' title='bbox 1031 3742 1205 3800; x_wconf 90' lang='lat' dir='ltr'><strong>opere</strong></span> <span class='ocrx_word' id='word_1_478' title='bbox 1263 3725 1688 3793; x_wconf 85' lang='lat' dir='ltr'><strong>condemnasti,</strong></span> <span class='ocrx_word' id='word_1_479' title='bbox 1731 3726 1831 3783; x_wconf 88' lang='lat' dir='ltr'><strong>sed</strong></span> 
     </span>
     <span class='ocr_line' id='line_1_69' title="bbox 175 3815 1524 3892; baseline -0.007 -14"><span class='ocrx_word' id='word_1_480' title='bbox 175 3818 333 3892; x_wconf 77' lang='lat' dir='ltr'><strong>qnasi</strong></span> <span class='ocrx_word' id='word_1_481' title='bbox 355 3818 597 3876; x_wconf 86' lang='lat' dir='ltr'><strong>licitum</strong></span> <span class='ocrx_word' id='word_1_482' title='bbox 618 3815 932 3873; x_wconf 88' lang='lat' dir='ltr'><strong>arridentis</strong></span> <span class='ocrx_word' id='word_1_483' title='bbox 964 3815 1110 3872; x_wconf 73' lang='lat' dir='ltr'><strong>facie</strong></span> <span class='ocrx_word' id='word_1_484' title='bbox 1140 3815 1524 3888; x_wconf 68' lang='lat' dir='ltr'><strong>praesignasti.</strong></span> 
     </span>
    </p>

    <p class='ocr_par' dir='ltr' id='par_1_15' title="bbox 174 3903 1831 4512">
     <span class='ocr_line' id='line_1_70' title="bbox 236 3903 1829 3981; baseline -0.003 -17"><span class='ocrx_word' id='word_1_485' title='bbox 236 3909 381 3978; x_wconf 80' lang='lat' dir='ltr'><strong>Quis</strong></span> <span class='ocrx_word' id='word_1_486' title='bbox 424 3907 619 3981; x_wconf 89' lang='lat' dir='ltr'><strong>igitur</strong></span> <span class='ocrx_word' id='word_1_487' title='bbox 672 3904 852 3962; x_wconf 89' lang='lat' dir='ltr'><strong>animi</strong></span> <span class='ocrx_word' id='word_1_488' title='bbox 886 3919 1127 3978; x_wconf 90' lang='lat' dir='ltr'><strong>compos</strong></span> <span class='ocrx_word' id='word_1_489' title='bbox 1173 3920 1242 3961; x_wconf 88' lang='lat' dir='ltr'><strong>ex</strong></span> <span class='ocrx_word' id='word_1_490' title='bbox 1302 3904 1407 3962; x_wconf 91' lang='lat' dir='ltr'><strong>boc</strong></span> <span class='ocrx_word' id='word_1_491' title='bbox 1434 3903 1690 3979; x_wconf 88' lang='lat' dir='ltr'><strong>reliquas</strong></span> <span class='ocrx_word' id='word_1_492' title='bbox 1719 3908 1829 3962; x_wconf 73' lang='lat' dir='ltr'><strong>tuo</strong></span> 
     </span>
     <span class='ocr_line' id='line_1_71' title="bbox 176 3995 1831 4070; baseline -0.004 -12"><span class='ocrx_word' id='word_1_493' title='bbox 176 4000 389 4058; x_wconf 79' lang='lat' dir='ltr'><strong>mentis</strong></span> <span class='ocrx_word' id='word_1_494' title='bbox 420 4002 489 4056; x_wconf 85' lang='lat' dir='ltr'><strong>et</strong></span> <span class='ocrx_word' id='word_1_495' title='bbox 513 3996 625 4053; x_wconf 73' lang='lat' dir='ltr'><strong>vio</strong></span> <span class='ocrx_word' id='word_1_496' title='bbox 655 4000 861 4070; x_wconf 91' lang='lat' dir='ltr'><strong>partes</strong></span> <span class='ocrx_word' id='word_1_497' title='bbox 906 3995 1216 4052; x_wconf 80' lang='lat' dir='ltr'><strong>manifesto</strong></span> <span class='ocrx_word' id='word_1_498' title='bbox 1258 4010 1376 4052; x_wconf 90' lang='lat' dir='ltr'><strong>non</strong></span> <span class='ocrx_word' id='word_1_499' title='bbox 1419 3996 1655 4052; x_wconf 79' lang='lat' dir='ltr'><strong>teneat?</strong></span> <span class='ocrx_word' id='word_1_500' title='bbox 1675 3995 1831 4054; x_wconf 86' lang='lat' dir='ltr'><strong>Nun-</strong></span> 
     </span>
     <span class='ocr_line' id='line_1_72' title="bbox 174 4083 1830 4164; baseline -0.004 -17"><span class='ocrx_word' id='word_1_501' title='bbox 174 4090 303 4164; x_wconf 81' lang='lat' dir='ltr'><strong>quid</strong></span> <span class='ocrx_word' id='word_1_502' title='bbox 324 4086 499 4146; x_wconf 87' lang='lat' dir='ltr'><strong>enim</strong></span> <span class='ocrx_word' id='word_1_503' title='bbox 561 4085 613 4142; x_wconf 89' lang='lat' dir='ltr'><strong>si</strong></span> <span class='ocrx_word' id='word_1_504' title='bbox 671 4085 806 4155; x_wconf 89' lang='lat' dir='ltr'><strong>quis</strong></span> <span class='ocrx_word' id='word_1_505' title='bbox 856 4083 918 4141; x_wconf 90' lang='lat' dir='ltr'><strong>in</strong></span> <span class='ocrx_word' id='word_1_506' title='bbox 976 4084 1299 4157; x_wconf 83' lang='lat' dir='ltr'><strong>majoribus</strong></span> <span class='ocrx_word' id='word_1_507' title='bbox 1346 4084 1745 4158; x_wconf 86' lang='lat' dir='ltr'><strong>intemperans</strong></span> <span class='ocrx_word' id='word_1_508' title='bbox 1774 4087 1830 4140; x_wconf 91' lang='lat' dir='ltr'><strong>et</strong></span> 
     </span>
     <span class='ocr_line' id='line_1_73' title="bbox 176 4171 1830 4251; baseline -0.004 -15"><span class='ocrx_word' id='word_1_509' title='bbox 176 4174 696 4251; x_wconf 77' lang='lat' dir='ltr'><strong>petulantissimus</strong></span> <span class='ocrx_word' id='word_1_510' title='bbox 739 4172 1057 4242; x_wconf 84' lang='lat' dir='ltr'><strong>invenitur,</strong></span> <span class='ocrx_word' id='word_1_511' title='bbox 1086 4190 1119 4229; x_wconf 88' lang='lat' dir='ltr'><strong>a</strong></span> <span class='ocrx_word' id='word_1_512' title='bbox 1167 4172 1380 4230; x_wconf 87' lang='lat' dir='ltr'><strong>minori</strong></span> <span class='ocrx_word' id='word_1_513' title='bbox 1411 4171 1654 4229; x_wconf 89' lang='lat' dir='ltr'><strong>crimine</strong></span> <span class='ocrx_word' id='word_1_514' title='bbox 1683 4178 1830 4229; x_wconf 89' lang='lat' dir='ltr'><strong>tem-</strong></span> 
     </span>
     <span class='ocr_line' id='line_1_74' title="bbox 176 4261 1831 4341; baseline -0.004 -16"><span class='ocrx_word' id='word_1_515' title='bbox 176 4266 397 4341; x_wconf 83' lang='lat' dir='ltr'><strong>perabit</strong></span> <span class='ocrx_word' id='word_1_516' title='bbox 416 4265 451 4321; x_wconf 70' lang='grc' dir='ltr'>ἲ</span> <span class='ocrx_word' id='word_1_517' title='bbox 480 4263 634 4330; x_wconf 88' lang='lat' dir='ltr'><strong>Quid</strong></span> <span class='ocrx_word' id='word_1_518' title='bbox 657 4262 781 4319; x_wconf 72' lang='lat' dir='ltr'><strong>ita?</strong></span> <span class='ocrx_word' id='word_1_519' title='bbox 809 4261 1096 4328; x_wconf 84' lang='lat' dir='ltr'><strong>Quoniam</strong></span> <span class='ocrx_word' id='word_1_520' title='bbox 1154 4261 1253 4335; x_wconf 87' lang='lat' dir='ltr'><strong>qui</strong></span> <span class='ocrx_word' id='word_1_521' title='bbox 1301 4262 1373 4318; x_wconf 88' lang='lat' dir='ltr'><strong>ab</strong></span> <span class='ocrx_word' id='word_1_522' title='bbox 1402 4261 1628 4319; x_wconf 89' lang='lat' dir='ltr'><strong>incestu</strong></span> <span class='ocrx_word' id='word_1_523' title='bbox 1658 4261 1831 4318; x_wconf 89' lang='lat' dir='ltr'><strong>sacri·</strong></span> 
     </span>
     <span class='ocr_line' id='line_1_75' title="bbox 174 4347 1825 4430; baseline -0.004 -19"><span class='ocrx_word' id='word_1_524' title='bbox 174 4356 447 4430; x_wconf 85' lang='lat' dir='ltr'><strong>legioque</strong></span> <span class='ocrx_word' id='word_1_525' title='bbox 476 4368 600 4409; x_wconf 89' lang='lat' dir='ltr'><strong>non</strong></span> <span class='ocrx_word' id='word_1_526' title='bbox 620 4350 897 4421; x_wconf 86' lang='lat' dir='ltr'><strong>abstinet,</strong></span> <span class='ocrx_word' id='word_1_527' title='bbox 927 4351 980 4407; x_wconf 91' lang='lat' dir='ltr'><strong>is</strong></span> <span class='ocrx_word' id='word_1_528' title='bbox 1009 4350 1111 4407; x_wconf 90' lang='lat' dir='ltr'><strong>ubi</strong></span> <span class='ocrx_word' id='word_1_529' title='bbox 1156 4347 1395 4407; x_wconf 69' lang='lat' dir='ltr'><strong>luxuria</strong></span> <span class='ocrx_word' id='word_1_530' title='bbox 1445 4349 1706 4422; x_wconf 86' lang='lat' dir='ltr'><strong>flamma,</strong></span> <span class='ocrx_word' id='word_1_531' title='bbox 1736 4349 1825 4406; x_wconf 85' lang='lat' dir='ltr'><strong>vel</strong></span> 
     </span>
     <span class='ocr_line' id='line_1_76' title="bbox 176 4437 1825 4512; baseline -0.005 -10"><span class='ocrx_word' id='word_1_532' title='bbox 176 4445 427 4502; x_wconf 69' lang='lat' dir='ltr'><strong>avaritia</strong></span> <span class='ocrx_word' id='word_1_533' title='bbox 476 4440 627 4499; x_wconf 87' lang='lat' dir='ltr'><strong>satis</strong></span> <span class='ocrx_word' id='word_1_534' title='bbox 683 4439 927 4496; x_wconf 83' lang='lat' dir='ltr'><strong>incensa</strong></span> <span class='ocrx_word' id='word_1_535' title='bbox 978 4442 1088 4506; x_wconf 85' lang='lat' dir='ltr'><strong>est,</strong></span> <span class='ocrx_word' id='word_1_536' title='bbox 1120 4438 1502 4497; x_wconf 78' lang='lat' dir='ltr'><strong>fornicatione</strong></span> <span class='ocrx_word' id='word_1_537' title='bbox 1551 4437 1825 4512; x_wconf 87' lang='lat' dir='ltr'><strong>simplici,</strong></span> 
     </span>
    </p>
   </div>
   <div class='ocr_carea' id='block_1_15' title="bbox 1935 3274 3598 4511">
    <p class='ocr_par' dir='ltr' id='par_1_16' title="bbox 1939 3274 3598 4066">
     <span class='ocr_line' id='line_1_77' title="bbox 1946 3274 3597 3349; baseline -0.002 -15"><span class='ocrx_word' id='word_1_538' title='bbox 1946 3277 2242 3347; x_wconf 88' lang='lat' dir='ltr'><strong>discretio,</strong></span> <span class='ocrx_word' id='word_1_539' title='bbox 2274 3292 2455 3349; x_wconf 89' lang='lat' dir='ltr'><strong>quam</strong></span> <span class='ocrx_word' id='word_1_540' title='bbox 2499 3275 2751 3349; x_wconf 89' lang='lat' dir='ltr'><strong>plurima</strong></span> <span class='ocrx_word' id='word_1_541' title='bbox 2797 3291 2942 3332; x_wconf 88' lang='lat' dir='ltr'><strong>sane</strong></span> <span class='ocrx_word' id='word_1_542' title='bbox 2987 3276 3317 3332; x_wconf 86' lang='lat' dir='ltr'><strong>litterarum</strong></span> <span class='ocrx_word' id='word_1_543' title='bbox 3348 3274 3597 3330; x_wconf 88' lang='lat' dir='ltr'><strong>scientia</strong></span> 
     </span>
     <span class='ocr_line' id='line_1_78' title="bbox 1945 3363 3596 3438; baseline -0.003 -15"><span class='ocrx_word' id='word_1_544' title='bbox 1945 3366 2343 3436; x_wconf 81' lang='lat' dir='ltr'><strong>confirmaret,</strong></span> <span class='ocrx_word' id='word_1_545' title='bbox 2373 3370 2431 3421; x_wconf 89' lang='lat' dir='ltr'><strong>et</strong></span> <span class='ocrx_word' id='word_1_546' title='bbox 2461 3365 2765 3438; x_wconf 88' lang='lat' dir='ltr'><strong>utriusque</strong></span> <span class='ocrx_word' id='word_1_547' title='bbox 2792 3363 3065 3422; x_wconf 74' lang='lat' dir='ltr'><strong>facundia</strong></span> <span class='ocrx_word' id='word_1_548' title='bbox 3084 3364 3378 3423; x_wconf 88' lang='lat' dir='ltr'><strong>sermonis</strong></span> <span class='ocrx_word' id='word_1_549' title='bbox 3418 3378 3596 3420; x_wconf 91' lang='lat' dir='ltr'><strong>orna-</strong></span> 
     </span>
     <span class='ocr_line' id='line_1_79' title="bbox 1944 3452 3598 3528; baseline -0.002 -16"><span class='ocrx_word' id='word_1_550' title='bbox 1944 3460 2050 3513; x_wconf 85' lang='lat' dir='ltr'><strong>ret.</strong></span> <span class='ocrx_word' id='word_1_551' title='bbox 2078 3456 2213 3520; x_wconf 77' lang='lat' dir='ltr'><strong>Quae</strong></span> <span class='ocrx_word' id='word_1_552' title='bbox 2269 3456 2531 3528; x_wconf 89' lang='lat' dir='ltr'><strong>quidem,</strong></span> <span class='ocrx_word' id='word_1_553' title='bbox 2588 3455 2822 3526; x_wconf 90' lang='lat' dir='ltr'><strong>quoties</strong></span> <span class='ocrx_word' id='word_1_554' title='bbox 2867 3456 2916 3510; x_wconf 91' lang='lat' dir='ltr'><strong>si</strong></span> <span class='ocrx_word' id='word_1_555' title='bbox 2959 3472 3075 3512; x_wconf 92' lang='lat' dir='ltr'><strong>non</strong></span> <span class='ocrx_word' id='word_1_556' title='bbox 3133 3454 3257 3512; x_wconf 82' lang='lat' dir='ltr'><strong>zelo</strong></span> <span class='ocrx_word' id='word_1_557' title='bbox 3288 3452 3598 3510; x_wconf 88' lang='lat' dir='ltr'><strong>charitatis</strong></span> 
     </span>
     <span class='ocr_line' id='line_1_80' title="bbox 1942 3541 3594 3617; baseline -0.002 -16"><span class='ocrx_word' id='word_1_558' title='bbox 1942 3543 2140 3601; x_wconf 86' lang='lat' dir='ltr'><strong>divina</strong></span> <span class='ocrx_word' id='word_1_559' title='bbox 2169 3545 2360 3617; x_wconf 89' lang='lat' dir='ltr'><strong>gratia</strong></span> <span class='ocrx_word' id='word_1_560' title='bbox 2413 3543 2661 3617; x_wconf 87' lang='lat' dir='ltr'><strong>largitur</strong></span> <span class='ocrx_word' id='word_1_561' title='bbox 2701 3543 2950 3615; x_wconf 87' lang='lat' dir='ltr'><strong>ingrato,</strong></span> <span class='ocrx_word' id='word_1_562' title='bbox 2971 3544 3032 3600; x_wconf 92' lang='lat' dir='ltr'><strong>in</strong></span> <span class='ocrx_word' id='word_1_563' title='bbox 3061 3543 3461 3602; x_wconf 88' lang='lat' dir='ltr'><strong>testimonium</strong></span> <span class='ocrx_word' id='word_1_564' title='bbox 3485 3541 3594 3614; x_wconf 76' lang='lat' dir='ltr'><strong>Ju-</strong></span> 
     </span>
     <span class='ocr_line' id='line_1_81' title="bbox 1941 3630 3593 3706; baseline -0.004 -15"><span class='ocrx_word' id='word_1_565' title='bbox 1941 3640 2047 3692; x_wconf 75' lang='lat' dir='ltr'><strong>stoe</strong></span> <span class='ocrx_word' id='word_1_566' title='bbox 2098 3633 2492 3691; x_wconf 85' lang='lat' dir='ltr'><strong>damnationis</strong></span> <span class='ocrx_word' id='word_1_567' title='bbox 2540 3634 2819 3706; x_wconf 86' lang='lat' dir='ltr'><strong>adjuncta</strong></span> <span class='ocrx_word' id='word_1_568' title='bbox 2860 3632 3199 3690; x_wconf 87' lang='lat' dir='ltr'><strong>creduntur.</strong></span> <span class='ocrx_word' id='word_1_569' title='bbox 3232 3631 3379 3688; x_wconf 89' lang='lat' dir='ltr'><strong>Dum</strong></span> <span class='ocrx_word' id='word_1_570' title='bbox 3409 3630 3593 3703; x_wconf 89' lang='lat' dir='ltr'><strong>igitur</strong></span> 
     </span>
     <span class='ocr_line' id='line_1_82' title="bbox 1941 3720 3591 3797; baseline -0.002 -14"><span class='ocrx_word' id='word_1_571' title='bbox 1941 3730 2238 3783; x_wconf 85' lang='lat' dir='ltr'><strong>Romanus</strong></span> <span class='ocrx_word' id='word_1_572' title='bbox 2261 3724 2519 3797; x_wconf 75' lang='lat' dir='ltr'><strong>pontifex</strong></span> <span class='ocrx_word' id='word_1_573' title='bbox 2548 3720 2961 3780; x_wconf 84' lang='lat' dir='ltr'><strong>sollicitudinis</strong></span> <span class='ocrx_word' id='word_1_574' title='bbox 2991 3737 3110 3777; x_wconf 73' lang='lat' dir='ltr'><strong>suis</strong></span> <span class='ocrx_word' id='word_1_575' title='bbox 3142 3723 3372 3795; x_wconf 92' lang='lat' dir='ltr'><strong>pondus</strong></span> <span class='ocrx_word' id='word_1_576' title='bbox 3403 3728 3591 3780; x_wconf 88' lang='lat' dir='ltr'><strong>atten-</strong></span> 
     </span>
     <span class='ocr_line' id='line_1_83' title="bbox 1940 3812 3592 3885; baseline -0.001 -12"><span class='ocrx_word' id='word_1_577' title='bbox 1940 3817 2125 3885; x_wconf 88' lang='lat' dir='ltr'><strong>deret,</strong></span> <span class='ocrx_word' id='word_1_578' title='bbox 2146 3820 2202 3872; x_wconf 90' lang='lat' dir='ltr'><strong>te</strong></span> <span class='ocrx_word' id='word_1_579' title='bbox 2231 3815 2291 3870; x_wconf 90' lang='lat' dir='ltr'><strong>in</strong></span> <span class='ocrx_word' id='word_1_580' title='bbox 2312 3813 2505 3870; x_wconf 86' lang='lat' dir='ltr'><strong>oneris</strong></span> <span class='ocrx_word' id='word_1_581' title='bbox 2544 3812 2636 3869; x_wconf 89' lang='lat' dir='ltr'><strong>sui</strong></span> <span class='ocrx_word' id='word_1_582' title='bbox 2678 3812 3184 3885; x_wconf 84' lang='lat' dir='ltr'><strong>participationem</strong></span> <span class='ocrx_word' id='word_1_583' title='bbox 3233 3812 3592 3884; x_wconf 75' lang='lat' dir='ltr'><strong>gratulanter</strong></span> 
     </span>
     <span class='ocr_line' id='line_1_84' title="bbox 1939 3900 3592 3978; baseline 0.001 -17"><span class='ocrx_word' id='word_1_584' title='bbox 1939 3904 2189 3978; x_wconf 87' lang='lat' dir='ltr'><strong>excepit,</strong></span> <span class='ocrx_word' id='word_1_585' title='bbox 2221 3918 2397 3975; x_wconf 85' lang='lat' dir='ltr'><strong>quem</strong></span> <span class='ocrx_word' id='word_1_586' title='bbox 2428 3901 2772 3959; x_wconf 90' lang='lat' dir='ltr'><strong>ministrum</strong></span> <span class='ocrx_word' id='word_1_587' title='bbox 2804 3900 3035 3957; x_wconf 82' lang='lat' dir='ltr'><strong>fidelem</strong></span> <span class='ocrx_word' id='word_1_588' title='bbox 3085 3901 3207 3957; x_wconf 82' lang='lat' dir='ltr'><strong>iore</strong></span> <span class='ocrx_word' id='word_1_589' title='bbox 3235 3901 3502 3972; x_wconf 87' lang='lat' dir='ltr'><strong>credidit,</strong></span> <span class='ocrx_word' id='word_1_590' title='bbox 3533 3909 3592 3962; x_wconf 90' lang='lat' dir='ltr'><strong>et</strong></span> 
     </span>
     <span class='ocr_line' id='line_1_85' title="bbox 1940 3993 2312 4066; baseline -0.005 -16"><span class='ocrx_word' id='word_1_591' title='bbox 1940 3993 2312 4066; x_wconf 88' lang='lat' dir='ltr'><strong>prudentem.</strong></span> 
     </span>
    </p>

    <p class='ocr_par' dir='ltr' id='par_1_17' title="bbox 1935 4079 3595 4511">
     <span class='ocr_line' id='line_1_86' title="bbox 2009 4079 3592 4154; baseline 0.004 -18"><span class='ocrx_word' id='word_1_592' title='bbox 2009 4081 2093 4138; x_wconf 78' lang='lat' dir='ltr'><strong>Ab</strong></span> <span class='ocrx_word' id='word_1_593' title='bbox 2124 4080 2262 4136; x_wconf 91' lang='lat' dir='ltr'><strong>inde</strong></span> <span class='ocrx_word' id='word_1_594' title='bbox 2289 4079 2851 4152; x_wconf 73' lang='lat' dir='ltr'><strong>igiturinconcussoe</strong></span> <span class='ocrx_word' id='word_1_595' title='bbox 2875 4079 3253 4152; x_wconf 65' lang='lat' dir='ltr'><strong>praerogativa</strong></span> <span class='ocrx_word' id='word_1_596' title='bbox 3284 4083 3592 4154; x_wconf 86' lang='lat' dir='ltr'><strong>potestatis</strong></span> 
     </span>
     <span class='ocr_line' id='line_1_87' title="bbox 1938 4167 3592 4243; baseline 0.001 -15"><span class='ocrx_word' id='word_1_597' title='bbox 1938 4176 2223 4238; x_wconf 87' lang='lat' dir='ltr'><strong>armatus,</strong></span> <span class='ocrx_word' id='word_1_598' title='bbox 2256 4170 2441 4227; x_wconf 89' lang='lat' dir='ltr'><strong>libera</strong></span> <span class='ocrx_word' id='word_1_599' title='bbox 2469 4168 2530 4227; x_wconf 92' lang='lat' dir='ltr'><strong>in</strong></span> <span class='ocrx_word' id='word_1_600' title='bbox 2560 4168 2876 4226; x_wconf 75' lang='lat' dir='ltr'><strong>Ecclesiam</strong></span> <span class='ocrx_word' id='word_1_601' title='bbox 2910 4167 3011 4225; x_wconf 88' lang='lat' dir='ltr'><strong>Dei</strong></span> <span class='ocrx_word' id='word_1_602' title='bbox 3056 4169 3332 4228; x_wconf 81' lang='lat' dir='ltr'><strong>facultate</strong></span> <span class='ocrx_word' id='word_1_603' title='bbox 3361 4186 3592 4243; x_wconf 87' lang='lat' dir='ltr'><strong>grassa·</strong></span> 
     </span>
     <span class='ocr_line' id='line_1_88' title="bbox 1939 4257 3591 4333; baseline 0.002 -17"><span class='ocrx_word' id='word_1_604' title='bbox 1939 4263 2035 4316; x_wconf 90' lang='lat' dir='ltr'><strong>tus</strong></span> <span class='ocrx_word' id='word_1_605' title='bbox 2065 4276 2150 4329; x_wconf 87' lang='lat' dir='ltr'><strong>es,</strong></span> <span class='ocrx_word' id='word_1_606' title='bbox 2172 4257 2543 4333; x_wconf 90' lang='lat' dir='ltr'><strong>singulorum</strong></span> <span class='ocrx_word' id='word_1_607' title='bbox 2565 4258 2653 4316; x_wconf 90' lang='lat' dir='ltr'><strong>vel</strong></span> <span class='ocrx_word' id='word_1_608' title='bbox 2665 4259 3072 4331; x_wconf 88' lang='lat' dir='ltr'><strong>depopulando</strong></span> <span class='ocrx_word' id='word_1_609' title='bbox 3092 4260 3356 4333; x_wconf 87' lang='lat' dir='ltr'><strong>quidem,</strong></span> <span class='ocrx_word' id='word_1_610' title='bbox 3378 4260 3591 4320; x_wconf 83' lang='lat' dir='ltr'><strong>velau-</strong></span> 
     </span>
     <span class='ocr_line' id='line_1_89' title="bbox 1935 4347 3595 4424; baseline 0.002 -18"><span class='ocrx_word' id='word_1_611' title='bbox 1935 4350 2124 4424; x_wconf 85' lang='lat' dir='ltr'><strong>gendo</strong></span> <span class='ocrx_word' id='word_1_612' title='bbox 2152 4348 2540 4416; x_wconf 84' lang='lat' dir='ltr'><strong>substantias,</strong></span> <span class='ocrx_word' id='word_1_613' title='bbox 2570 4347 2793 4405; x_wconf 85' lang='lat' dir='ltr'><strong>infimis</strong></span> <span class='ocrx_word' id='word_1_614' title='bbox 2820 4365 3077 4420; x_wconf 91' lang='lat' dir='ltr'><strong>summa,</strong></span> <span class='ocrx_word' id='word_1_615' title='bbox 3104 4350 3359 4408; x_wconf 89' lang='lat' dir='ltr'><strong>summis</strong></span> <span class='ocrx_word' id='word_1_616' title='bbox 3387 4350 3595 4410; x_wconf 81' lang='lat' dir='ltr'><strong>infima</strong></span> 
     </span>
     <span class='ocr_line' id='line_1_90' title="bbox 1937 4436 3592 4511; baseline 0.002 -16"><span class='ocrx_word' id='word_1_617' title='bbox 1937 4437 2370 4508; x_wconf 88' lang='lat' dir='ltr'><strong>commutando,</strong></span> <span class='ocrx_word' id='word_1_618' title='bbox 2409 4441 2475 4494; x_wconf 89' lang='lat' dir='ltr'><strong>ut</strong></span> <span class='ocrx_word' id='word_1_619' title='bbox 2529 4436 2702 4510; x_wconf 89' lang='lat' dir='ltr'><strong>plane</strong></span> <span class='ocrx_word' id='word_1_620' title='bbox 2758 4437 2931 4511; x_wconf 87' lang='lat' dir='ltr'><strong>quasi</strong></span> <span class='ocrx_word' id='word_1_621' title='bbox 2975 4439 3346 4497; x_wconf 83' lang='lat' dir='ltr'><strong>fortunarum</strong></span> <span class='ocrx_word' id='word_1_622' title='bbox 3389 4445 3592 4498; x_wconf 87' lang='lat' dir='ltr'><strong>auctor</strong></span> 
     </span>
    </p>
   </div>
   <div class='ocr_carea' id='block_1_16' title="bbox 175 4517 3587 4607">
    <p class='ocr_par' dir='ltr' id='par_1_18' title="bbox 175 4517 3587 4607">
     <span class='ocr_line' id='line_1_91' title="bbox 175 4517 3587 4607; baseline -0.002 -14"><span class='ocrx_word' id='word_1_623' title='bbox 175 4535 255 4593; x_wconf 78' lang='lat' dir='ltr'><strong>vsi</strong></span> <span class='ocrx_word' id='word_1_624' title='bbox 282 4533 526 4607; x_wconf 85' lang='lat' dir='ltr'><strong>rapina,</strong></span> <span class='ocrx_word' id='word_1_625' title='bbox 559 4543 668 4586; x_wconf 89' lang='lat' dir='ltr'><strong>nec</strong></span> <span class='ocrx_word' id='word_1_626' title='bbox 723 4542 935 4601; x_wconf 88' lang='lat' dir='ltr'><strong>corpus</strong></span> <span class='ocrx_word' id='word_1_627' title='bbox 998 4527 1330 4602; x_wconf 89' lang='lat' dir='ltr'><strong>inquinare,</strong></span> <span class='ocrx_word' id='word_1_628' title='bbox 1360 4543 1465 4584; x_wconf 91' lang='lat' dir='ltr'><strong>nec</strong></span> <span class='ocrx_word' id='word_1_629' title='bbox 1486 4544 1695 4585; x_wconf 89' lang='lat' dir='ltr'><strong>manus</strong></span> <span class='ocrx_word' id='word_1_630' title='bbox 1725 4528 1826 4585; x_wconf 91' lang='lat' dir='ltr'><strong>im·</strong></span> <span class='ocrx_word' id='word_1_631' title='bbox 1859 4517 1904 4583; x_wconf 84' lang='lat' dir='ltr'><strong>D</strong></span> <span class='ocrx_word' id='word_1_632' title='bbox 1932 4527 2226 4593; x_wconf 81' lang='lat' dir='ltr'><strong>existeres,</strong></span> <span class='ocrx_word' id='word_1_633' title='bbox 2249 4542 2419 4599; x_wconf 76' lang='lat' dir='ltr'><strong>quem</strong></span> <span class='ocrx_word' id='word_1_634' title='bbox 2445 4527 2518 4584; x_wconf 89' lang='lat' dir='ltr'><strong>de</strong></span> <span class='ocrx_word' id='word_1_635' title='bbox 2564 4531 2749 4584; x_wconf 88' lang='lat' dir='ltr'><strong>status</strong></span> <span class='ocrx_word' id='word_1_636' title='bbox 2787 4528 2882 4584; x_wconf 89' lang='lat' dir='ltr'><strong>sui</strong></span> <span class='ocrx_word' id='word_1_637' title='bbox 2928 4528 3208 4600; x_wconf 82' lang='lat' dir='ltr'><strong>qualitate</strong></span> <span class='ocrx_word' id='word_1_638' title='bbox 3234 4528 3322 4585; x_wconf 81' lang='lat' dir='ltr'><strong>vel</strong></span> <span class='ocrx_word' id='word_1_639' title='bbox 3345 4528 3587 4587; x_wconf 88' lang='lat' dir='ltr'><strong>laudare</strong></span> 
     </span>
    </p>
   </div>
   <div class='ocr_carea' id='block_1_17' title="bbox 136 4616 1830 5408">
    <p class='ocr_par' dir='ltr' id='par_1_19' title="bbox 136 4616 1830 5408">
     <span class='ocr_line' id='line_1_92' title="bbox 172 4616 1823 4697; baseline -0.006 -15"><span class='ocrx_word' id='word_1_640' title='bbox 172 4623 319 4697; x_wconf 78' lang='lat' dir='ltr'><strong>plere</strong></span> <span class='ocrx_word' id='word_1_641' title='bbox 346 4623 698 4681; x_wconf 74' lang='lat' dir='ltr'><strong>annotatur.</strong></span> <span class='ocrx_word' id='word_1_642' title='bbox 729 4618 880 4685; x_wconf 90' lang='lat' dir='ltr'><strong>Quid</strong></span> <span class='ocrx_word' id='word_1_643' title='bbox 921 4617 994 4674; x_wconf 90' lang='lat' dir='ltr'><strong>ad</strong></span> <span class='ocrx_word' id='word_1_644' title='bbox 1025 4617 1344 4683; x_wconf 83' lang='lat' dir='ltr'><strong>hoc?Quia</strong></span> <span class='ocrx_word' id='word_1_645' title='bbox 1385 4616 1483 4689; x_wconf 86' lang='lat' dir='ltr'><strong>qui</strong></span> <span class='ocrx_word' id='word_1_646' title='bbox 1514 4616 1687 4674; x_wconf 89' lang='lat' dir='ltr'><strong>alieni</strong></span> <span class='ocrx_word' id='word_1_647' title='bbox 1709 4618 1823 4675; x_wconf 90' lang='lat' dir='ltr'><strong>cri·</strong></span> 
     </span>
     <span class='ocr_line' id='line_1_93' title="bbox 172 4703 1824 4779; baseline -0.005 -8"><span class='ocrx_word' id='word_1_648' title='bbox 172 4713 341 4771; x_wconf 79' lang='lat' dir='ltr'><strong>minis</strong></span> <span class='ocrx_word' id='word_1_649' title='bbox 363 4726 495 4768; x_wconf 85' lang='lat' dir='ltr'><strong>non</strong></span> <span class='ocrx_word' id='word_1_650' title='bbox 525 4706 848 4765; x_wconf 76' lang='lat' dir='ltr'><strong>offenditur</strong></span> <span class='ocrx_word' id='word_1_651' title='bbox 887 4705 1196 4779; x_wconf 86' lang='lat' dir='ltr'><strong>spurcitia,</strong></span> <span class='ocrx_word' id='word_1_652' title='bbox 1228 4708 1328 4762; x_wconf 92' lang='lat' dir='ltr'><strong>sed</strong></span> <span class='ocrx_word' id='word_1_653' title='bbox 1358 4703 1632 4775; x_wconf 85' lang='lat' dir='ltr'><strong>exsultat,</strong></span> <span class='ocrx_word' id='word_1_654' title='bbox 1673 4706 1734 4763; x_wconf 88' lang='lat' dir='ltr'><strong>id</strong></span> <span class='ocrx_word' id='word_1_655' title='bbox 1766 4707 1824 4762; x_wconf 91' lang='lat' dir='ltr'><strong>in</strong></span> 
     </span>
     <span class='ocr_line' id='line_1_94' title="bbox 170 4794 1829 4875; baseline -0.005 -15"><span class='ocrx_word' id='word_1_656' title='bbox 170 4801 402 4875; x_wconf 75' lang='lat' dir='ltr'><strong>propria</strong></span> <span class='ocrx_word' id='word_1_657' title='bbox 464 4797 771 4855; x_wconf 83' lang='lat' dir='ltr'><strong>voluntate</strong></span> <span class='ocrx_word' id='word_1_658' title='bbox 816 4811 936 4853; x_wconf 92' lang='lat' dir='ltr'><strong>non</strong></span> <span class='ocrx_word' id='word_1_659' title='bbox 991 4794 1297 4852; x_wconf 88' lang='lat' dir='ltr'><strong>damnabit</strong></span> <span class='ocrx_word' id='word_1_660' title='bbox 1338 4803 1626 4867; x_wconf 89' lang='lat' dir='ltr'><strong>expertus.</strong></span> <span class='ocrx_word' id='word_1_661' title='bbox 1680 4795 1829 4863; x_wconf 89' lang='lat' dir='ltr'><strong>Quid</strong></span> 
     </span>
     <span class='ocr_line' id='line_1_95' title="bbox 172 4882 1827 4963; baseline -0.005 -15"><span class='ocrx_word' id='word_1_662' title='bbox 172 4889 395 4963; x_wconf 72' lang='lat' dir='ltr'><strong>igitur?</strong></span> <span class='ocrx_word' id='word_1_663' title='bbox 426 4886 717 4959; x_wconf 76' lang='lat' dir='ltr'><strong>Nunquid</strong></span> <span class='ocrx_word' id='word_1_664' title='bbox 775 4884 828 4941; x_wconf 89' lang='lat' dir='ltr'><strong>si</strong></span> <span class='ocrx_word' id='word_1_665' title='bbox 876 4884 936 4940; x_wconf 91' lang='lat' dir='ltr'><strong>in</strong></span> <span class='ocrx_word' id='word_1_666' title='bbox 977 4899 1252 4957; x_wconf 87' lang='lat' dir='ltr'><strong>sponsam</strong></span> <span class='ocrx_word' id='word_1_667' title='bbox 1288 4883 1515 4940; x_wconf 86' lang='lat' dir='ltr'><strong>Domini</strong></span> <span class='ocrx_word' id='word_1_668' title='bbox 1535 4882 1745 4952; x_wconf 78' lang='lat' dir='ltr'><strong>zelare,</strong></span> <span class='ocrx_word' id='word_1_669' title='bbox 1776 4884 1827 4940; x_wconf 91' lang='lat' dir='ltr'><strong>si</strong></span> 
     </span>
     <span class='ocr_line' id='line_1_96' title="bbox 172 4972 1829 5052; baseline -0.005 -15"><span class='ocrx_word' id='word_1_670' title='bbox 172 4979 353 5052; x_wconf 81' lang='lat' dir='ltr'><strong>ipsius</strong></span> <span class='ocrx_word' id='word_1_671' title='bbox 380 4974 723 5034; x_wconf 80' lang='lat' dir='ltr'><strong>divinitatis</strong></span> <span class='ocrx_word' id='word_1_672' title='bbox 749 4972 1025 5045; x_wconf 81' lang='lat' dir='ltr'><strong>injuriam</strong></span> <span class='ocrx_word' id='word_1_673' title='bbox 1049 4972 1340 5030; x_wconf 81' lang='lat' dir='ltr'><strong>vindicare</strong></span> <span class='ocrx_word' id='word_1_674' title='bbox 1355 4972 1653 5046; x_wconf 84' lang='lat' dir='ltr'><strong>sprevisti,</strong></span> <span class='ocrx_word' id='word_1_675' title='bbox 1674 4973 1829 5030; x_wconf 89' lang='lat' dir='ltr'><strong>circa</strong></span> 
     </span>
     <span class='ocr_line' id='line_1_97' title="bbox 172 5061 1826 5136; baseline -0.004 -10"><span class='ocrx_word' id='word_1_676' title='bbox 172 5070 424 5126; x_wconf 83' lang='lat' dir='ltr'><strong>tuendas</strong></span> <span class='ocrx_word' id='word_1_677' title='bbox 456 5064 771 5122; x_wconf 88' lang='lat' dir='ltr'><strong>bominum</strong></span> <span class='ocrx_word' id='word_1_678' title='bbox 803 5062 1035 5134; x_wconf 85' lang='lat' dir='ltr'><strong>nuptias</strong></span> <span class='ocrx_word' id='word_1_679' title='bbox 1081 5061 1440 5135; x_wconf 78' lang='lat' dir='ltr'><strong>negligenter</strong></span> <span class='ocrx_word' id='word_1_680' title='bbox 1477 5062 1665 5136; x_wconf 80' lang='lat' dir='ltr'><strong>egisse</strong></span> <span class='ocrx_word' id='word_1_681' title='bbox 1685 5079 1826 5120; x_wconf 91' lang='lat' dir='ltr'><strong>oon-</strong></span> 
     </span>
     <span class='ocr_line' id='line_1_98' title="bbox 172 5149 1827 5226; baseline -0.005 -10"><span class='ocrx_word' id='word_1_682' title='bbox 172 5156 447 5221; x_wconf 75' lang='lat' dir='ltr'><strong>vineeris,</strong></span> <span class='ocrx_word' id='word_1_683' title='bbox 472 5157 535 5211; x_wconf 89' lang='lat' dir='ltr'><strong>et</strong></span> <span class='ocrx_word' id='word_1_684' title='bbox 563 5151 1093 5226; x_wconf 89' lang='lat' dir='ltr'><strong>ipsoruminjurias</strong></span> <span class='ocrx_word' id='word_1_685' title='bbox 1137 5167 1252 5208; x_wconf 91' lang='lat' dir='ltr'><strong>non</strong></span> <span class='ocrx_word' id='word_1_686' title='bbox 1285 5149 1570 5208; x_wconf 66' lang='lat' dir='ltr'><strong>curasse?</strong></span> <span class='ocrx_word' id='word_1_687' title='bbox 1604 5151 1827 5208; x_wconf 75' lang='lat' dir='ltr'><strong>Exstati</strong></span> 
     </span>
     <span class='ocr_line' id='line_1_99' title="bbox 174 5239 1830 5320; baseline -0.004 -16"><span class='ocrx_word' id='word_1_688' title='bbox 174 5246 348 5320; x_wconf 76' lang='lat' dir='ltr'><strong>ipsias</strong></span> <span class='ocrx_word' id='word_1_689' title='bbox 376 5240 802 5301; x_wconf 85' lang='lat' dir='ltr'><strong>testimonium</strong></span> <span class='ocrx_word' id='word_1_690' title='bbox 826 5239 1081 5296; x_wconf 81' lang='lat' dir='ltr'><strong>veritatis</strong></span> <span class='ocrx_word' id='word_1_691' title='bbox 1112 5240 1170 5295; x_wconf 91' lang='lat' dir='ltr'><strong>in</strong></span> <span class='ocrx_word' id='word_1_692' title='bbox 1210 5239 1416 5296; x_wconf 89' lang='lat' dir='ltr'><strong>simili.</strong></span> <span class='ocrx_word' id='word_1_693' title='bbox 1446 5239 1573 5298; x_wconf 85' lang='lat' dir='ltr'><strong>Non</strong></span> <span class='ocrx_word' id='word_1_694' title='bbox 1597 5240 1830 5297; x_wconf 77' lang='lat' dir='ltr'><strong>differe-</strong></span> 
     </span>
     <span class='ocr_line' id='line_1_100' title="bbox 136 5327 1829 5408; baseline -0.004 -16"><span class='ocrx_word' id='word_1_695' title='bbox 136 5391 143 5396; x_wconf 87' lang='grc'><strong>,</strong></span> <span class='ocrx_word' id='word_1_696' title='bbox 176 5338 265 5392; x_wconf 86' lang='lat' dir='ltr'><strong>tur</strong></span> <span class='ocrx_word' id='word_1_697' title='bbox 304 5332 465 5408; x_wconf 83' lang='lat' dir='ltr'><strong>quin</strong></span> <span class='ocrx_word' id='word_1_698' title='bbox 506 5329 616 5386; x_wconf 81' lang='lat' dir='ltr'><strong>fiat</strong></span> <span class='ocrx_word' id='word_1_699' title='bbox 672 5329 733 5386; x_wconf 92' lang='lat' dir='ltr'><strong>in</strong></span> <span class='ocrx_word' id='word_1_700' title='bbox 753 5329 939 5399; x_wconf 90' lang='lat' dir='ltr'><strong>arido,</strong></span> <span class='ocrx_word' id='word_1_701' title='bbox 969 5330 1125 5402; x_wconf 87' lang='lat' dir='ltr'><strong>quod</strong></span> <span class='ocrx_word' id='word_1_702' title='bbox 1174 5329 1232 5386; x_wconf 94' lang='lat' dir='ltr'><strong>in</strong></span> <span class='ocrx_word' id='word_1_703' title='bbox 1272 5327 1435 5402; x_wconf 89' lang='lat' dir='ltr'><strong>ligno</strong></span> <span class='ocrx_word' id='word_1_704' title='bbox 1487 5329 1663 5386; x_wconf 80' lang='lat' dir='ltr'><strong>viridi</strong></span> <span class='ocrx_word' id='word_1_705' title='bbox 1703 5328 1829 5385; x_wconf 85' lang='lat' dir='ltr'><strong>fleri</strong></span> 
     </span>
    </p>
   </div>
   <div class='ocr_carea' id='block_1_18' title="bbox 178 5425 513 5481">
    <p class='ocr_par' dir='ltr' id='par_1_20' title="bbox 178 5425 513 5481">
     <span class='ocr_line' id='line_1_101' title="bbox 178 5425 513 5481; baseline -0.012 0"><span class='ocrx_word' id='word_1_706' title='bbox 178 5425 513 5481; x_wconf 69' lang='lat' dir='ltr'><strong>tntiuatur.</strong></span> 
     </span>
    </p>
   </div>
   <div class='ocr_carea' id='block_1_19' title="bbox 244 5565 1830 5771">
    <p class='ocr_par' dir='ltr' id='par_1_21' title="bbox 244 5565 1830 5771">
     <span class='ocr_line' id='line_1_102' title="bbox 845 5565 1189 5626; baseline 0 -1"><span class='ocrx_word' id='word_1_707' title='bbox 845 5565 1079 5626; x_wconf 74' lang='lat' dir='ltr'>CAPUT</span> <span class='ocrx_word' id='word_1_708' title='bbox 1114 5567 1189 5626; x_wconf 85' lang='lat' dir='ltr'><strong>lt.</strong></span> 
     </span>
     <span class='ocr_line' id='line_1_103' title="bbox 244 5692 1830 5771; baseline -0.005 -10"><span class='ocrx_word' id='word_1_709' title='bbox 244 5703 325 5760; x_wconf 73' lang='grc' dir='ltr'><strong>Μ</strong></span> <span class='ocrx_word' id='word_1_710' title='bbox 355 5700 489 5760; x_wconf 73' lang='lat' dir='ltr'><strong>boe</strong></span> <span class='ocrx_word' id='word_1_711' title='bbox 516 5697 743 5769; x_wconf 81' lang='lat' dir='ltr'><strong>autem,</strong></span> <span class='ocrx_word' id='word_1_712' title='bbox 770 5692 950 5754; x_wconf 86' lang='lat' dir='ltr'><strong>uthis</strong></span> <span class='ocrx_word' id='word_1_713' title='bbox 968 5693 1148 5755; x_wconf 87' lang='lat' dir='ltr'><strong>etiam</strong></span> <span class='ocrx_word' id='word_1_714' title='bbox 1193 5694 1465 5771; x_wconf 88' lang='lat' dir='ltr'><strong>operibus</strong></span> <span class='ocrx_word' id='word_1_715' title='bbox 1492 5693 1830 5757; x_wconf 83' lang='lat' dir='ltr'><strong>exercendis</strong></span> 
     </span>
    </p>
   </div>
   <div class='ocr_carea' id='block_1_20' title="bbox 1931 4616 3588 5771">
    <p class='ocr_par' dir='ltr' id='par_1_22' title="bbox 1931 4616 3588 5771">
     <span class='ocr_line' id='line_1_104' title="bbox 1934 4616 3584 4691; baseline 0 -16"><span class='ocrx_word' id='word_1_716' title='bbox 1934 4621 2179 4691; x_wconf 89' lang='lat' dir='ltr'><strong>possent</strong></span> <span class='ocrx_word' id='word_1_717' title='bbox 2206 4616 2425 4687; x_wconf 90' lang='lat' dir='ltr'><strong>omnia,</strong></span> <span class='ocrx_word' id='word_1_718' title='bbox 2450 4616 2537 4674; x_wconf 82' lang='lat' dir='ltr'><strong>vel</strong></span> <span class='ocrx_word' id='word_1_719' title='bbox 2565 4617 2819 4674; x_wconf 88' lang='lat' dir='ltr'><strong>causari.</strong></span> <span class='ocrx_word' id='word_1_720' title='bbox 2852 4618 2939 4675; x_wconf 79' lang='lat' dir='ltr'><strong>Ab</strong></span> <span class='ocrx_word' id='word_1_721' title='bbox 2972 4617 3105 4675; x_wconf 88' lang='lat' dir='ltr'><strong>inde</strong></span> <span class='ocrx_word' id='word_1_722' title='bbox 3134 4622 3237 4674; x_wconf 89' lang='lat' dir='ltr'><strong>tua</strong></span> <span class='ocrx_word' id='word_1_723' title='bbox 3263 4617 3584 4675; x_wconf 77' lang='lat' dir='ltr'><strong>diffusiori-</strong></span> 
     </span>
     <span class='ocr_line' id='line_1_105' title="bbox 1933 4706 3579 4780; baseline 0 -15"><span class='ocrx_word' id='word_1_724' title='bbox 1933 4706 2042 4765; x_wconf 90' lang='lat' dir='ltr'><strong>bus</strong></span> <span class='ocrx_word' id='word_1_725' title='bbox 2096 4706 2303 4780; x_wconf 81' lang='lat' dir='ltr'><strong>spatiis</strong></span> <span class='ocrx_word' id='word_1_726' title='bbox 2349 4707 2535 4763; x_wconf 79' lang='lat' dir='ltr'><strong>effusa</strong></span> <span class='ocrx_word' id='word_1_727' title='bbox 2571 4706 2880 4778; x_wconf 86' lang='lat' dir='ltr'><strong>cupiditas,</strong></span> <span class='ocrx_word' id='word_1_728' title='bbox 2926 4707 3226 4778; x_wconf 86' lang='lat' dir='ltr'><strong>copiosam</strong></span> <span class='ocrx_word' id='word_1_729' title='bbox 3274 4706 3579 4778; x_wconf 89' lang='lat' dir='ltr'><strong>rapacitati</strong></span> 
     </span>
     <span class='ocr_line' id='line_1_106' title="bbox 1931 4794 3583 4872; baseline 0.003 -19"><span class='ocrx_word' id='word_1_730' title='bbox 1931 4812 2049 4854; x_wconf 67' lang='lat' dir='ltr'><strong>sues</strong></span> <span class='ocrx_word' id='word_1_731' title='bbox 2079 4795 2387 4853; x_wconf 88' lang='lat' dir='ltr'><strong>materiam</strong></span> <span class='ocrx_word' id='word_1_732' title='bbox 2424 4812 2541 4851; x_wconf 93' lang='lat' dir='ltr'><strong>non</strong></span> <span class='ocrx_word' id='word_1_733' title='bbox 2581 4794 2839 4852; x_wconf 76' lang='lat' dir='ltr'><strong>defuisse</strong></span> <span class='ocrx_word' id='word_1_734' title='bbox 2883 4794 3083 4866; x_wconf 84' lang='lat' dir='ltr'><strong>gavise</strong></span> <span class='ocrx_word' id='word_1_735' title='bbox 3130 4800 3240 4853; x_wconf 91' lang='lat' dir='ltr'><strong>est.</strong></span> <span class='ocrx_word' id='word_1_736' title='bbox 3266 4795 3411 4863; x_wconf 90' lang='lat' dir='ltr'><strong>Quid</strong></span> <span class='ocrx_word' id='word_1_737' title='bbox 3443 4813 3583 4872; x_wconf 81' lang='lat' dir='ltr'><strong>ergo</strong></span> 
     </span>
     <span class='ocr_line' id='line_1_107' title="bbox 1932 4883 3585 4960; baseline 0.002 -18"><span class='ocrx_word' id='word_1_738' title='bbox 1932 4886 2279 4943; x_wconf 81' lang='lat' dir='ltr'><strong>manifestas</strong></span> <span class='ocrx_word' id='word_1_739' title='bbox 2328 4884 2703 4942; x_wconf 73' lang='lat' dir='ltr'><strong>exactiones?</strong></span> <span class='ocrx_word' id='word_1_740' title='bbox 2726 4884 2872 4949; x_wconf 91' lang='lat' dir='ltr'><strong>Quid</strong></span> <span class='ocrx_word' id='word_1_741' title='bbox 2921 4883 3238 4943; x_wconf 74' lang='lat' dir='ltr'><strong>familiaria</strong></span> <span class='ocrx_word' id='word_1_742' title='bbox 3257 4886 3331 4943; x_wconf 90' lang='lat' dir='ltr'><strong>cb</strong></span> <span class='ocrx_word' id='word_1_743' title='bbox 3362 4888 3585 4960; x_wconf 88' lang='lat' dir='ltr'><strong>pericu·</strong></span> 
     </span>
     <span class='ocr_line' id='line_1_108' title="bbox 1933 4972 3583 5050; baseline 0.005 -21"><span class='ocrx_word' id='word_1_744' title='bbox 1933 4976 2054 5029; x_wconf 89' lang='lat' dir='ltr'><strong>lum</strong></span> <span class='ocrx_word' id='word_1_745' title='bbox 2075 4973 2324 5047; x_wconf 67' lang='lat' dir='ltr'><strong>justitie</strong></span> <span class='ocrx_word' id='word_1_746' title='bbox 2346 4977 2625 5045; x_wconf 89' lang='lat' dir='ltr'><strong>suscepta</strong></span> <span class='ocrx_word' id='word_1_747' title='bbox 2646 4972 2959 5045; x_wconf 89' lang='lat' dir='ltr'><strong>dispendia</strong></span> <span class='ocrx_word' id='word_1_748' title='bbox 2977 4972 3167 5031; x_wconf 90' lang='lat' dir='ltr'><strong>dicam</strong></span> <span class='ocrx_word' id='word_1_749' title='bbox 3182 4975 3211 5031; x_wconf 73' lang='lat' dir='ltr'><strong>t</strong></span> <span class='ocrx_word' id='word_1_750' title='bbox 3227 4977 3376 5043; x_wconf 89' lang='lat' dir='ltr'><strong>Quid</strong></span> <span class='ocrx_word' id='word_1_751' title='bbox 3402 4992 3583 5050; x_wconf 89' lang='lat' dir='ltr'><strong>geue-</strong></span> 
     </span>
     <span class='ocr_line' id='line_1_109' title="bbox 1933 5062 3585 5140; baseline 0.004 -21"><span class='ocrx_word' id='word_1_752' title='bbox 1933 5065 2084 5119; x_wconf 89' lang='lat' dir='ltr'><strong>rales</strong></span> <span class='ocrx_word' id='word_1_753' title='bbox 2114 5062 2392 5135; x_wconf 78' lang='lat' dir='ltr'><strong>synodos,</strong></span> <span class='ocrx_word' id='word_1_754' title='bbox 2423 5062 2564 5140; x_wconf 84' lang='lat' dir='ltr'><strong>quid</strong></span> <span class='ocrx_word' id='word_1_755' title='bbox 2586 5062 2856 5134; x_wconf 80' lang='lat' dir='ltr'><strong>fatigatas</strong></span> <span class='ocrx_word' id='word_1_756' title='bbox 2877 5063 3236 5123; x_wconf 85' lang='lat' dir='ltr'><strong>venerabiles</strong></span> <span class='ocrx_word' id='word_1_757' title='bbox 3265 5082 3335 5123; x_wconf 90' lang='lat' dir='ltr'><strong>ex</strong></span> <span class='ocrx_word' id='word_1_758' title='bbox 3362 5077 3585 5126; x_wconf 91' lang='lat' dir='ltr'><strong>remota</strong></span> 
     </span>
     <span class='ocr_line' id='line_1_110' title="bbox 1934 5151 3584 5230; baseline 0.004 -19"><span class='ocrx_word' id='word_1_759' title='bbox 1934 5153 2170 5227; x_wconf 88' lang='lat' dir='ltr'><strong>regione</strong></span> <span class='ocrx_word' id='word_1_760' title='bbox 2201 5167 2479 5225; x_wconf 88' lang='lat' dir='ltr'><strong>personas</strong></span> <span class='ocrx_word' id='word_1_761' title='bbox 2501 5151 2845 5222; x_wconf 88' lang='lat' dir='ltr'><strong>edisseram,</strong></span> <span class='ocrx_word' id='word_1_762' title='bbox 2879 5159 2945 5212; x_wconf 90' lang='lat' dir='ltr'><strong>ut</strong></span> <span class='ocrx_word' id='word_1_763' title='bbox 2983 5154 3232 5214; x_wconf 90' lang='lat' dir='ltr'><strong>concilio</strong></span> <span class='ocrx_word' id='word_1_764' title='bbox 3262 5157 3584 5230; x_wconf 66' lang='lat' dir='ltr'><strong>prasideus</strong></span> 
     </span>
     <span class='ocr_line' id='line_1_111' title="bbox 1934 5240 3586 5318; baseline 0.004 -17"><span class='ocrx_word' id='word_1_765' title='bbox 1934 5242 2187 5317; x_wconf 88' lang='lat' dir='ltr'><strong>generali</strong></span> <span class='ocrx_word' id='word_1_766' title='bbox 2221 5240 2671 5314; x_wconf 86' lang='lat' dir='ltr'><strong>amplitudinem</strong></span> <span class='ocrx_word' id='word_1_767' title='bbox 2689 5246 2802 5299; x_wconf 73' lang='lat' dir='ltr'><strong>tuo</strong></span> <span class='ocrx_word' id='word_1_768' title='bbox 2832 5245 3141 5318; x_wconf 87' lang='lat' dir='ltr'><strong>potestatis</strong></span> <span class='ocrx_word' id='word_1_769' title='bbox 3161 5244 3586 5315; x_wconf 84' lang='lat' dir='ltr'><strong>gloriabundus</strong></span> 
     </span>
     <span class='ocr_line' id='line_1_112' title="bbox 1934 5332 3583 5408; baseline 0.004 -18"><span class='ocrx_word' id='word_1_770' title='bbox 1934 5334 2277 5407; x_wconf 86' lang='lat' dir='ltr'><strong>inspiceres,</strong></span> <span class='ocrx_word' id='word_1_771' title='bbox 2312 5335 2370 5389; x_wconf 89' lang='lat' dir='ltr'><strong>et</strong></span> <span class='ocrx_word' id='word_1_772' title='bbox 2425 5332 2732 5390; x_wconf 89' lang='lat' dir='ltr'><strong>ambitioni</strong></span> <span class='ocrx_word' id='word_1_773' title='bbox 2768 5334 3136 5390; x_wconf 80' lang='lat' dir='ltr'><strong>satisfaceret</strong></span> <span class='ocrx_word' id='word_1_774' title='bbox 3164 5335 3583 5408; x_wconf 86' lang='lat' dir='ltr'><strong>contemplatio</strong></span> 
     </span>
     <span class='ocr_line' id='line_1_113' title="bbox 1934 5420 3584 5495; baseline 0.004 -15"><span class='ocrx_word' id='word_1_775' title='bbox 1934 5420 2374 5494; x_wconf 74' lang='lat' dir='ltr'><strong>subjectorum?</strong></span> <span class='ocrx_word' id='word_1_776' title='bbox 2400 5420 2462 5478; x_wconf 92' lang='lat' dir='ltr'><strong>in</strong></span> <span class='ocrx_word' id='word_1_777' title='bbox 2492 5437 2610 5494; x_wconf 88' lang='lat' dir='ltr'><strong>quo</strong></span> <span class='ocrx_word' id='word_1_778' title='bbox 2638 5436 2812 5493; x_wconf 90' lang='lat' dir='ltr'><strong>opere</strong></span> <span class='ocrx_word' id='word_1_779' title='bbox 2852 5438 3031 5495; x_wconf 88' lang='lat' dir='ltr'><strong>quam</strong></span> <span class='ocrx_word' id='word_1_780' title='bbox 3059 5437 3335 5495; x_wconf 81' lang='lat' dir='ltr'><strong>perversa</strong></span> <span class='ocrx_word' id='word_1_781' title='bbox 3362 5425 3584 5486; x_wconf 81' lang='lat' dir='ltr'><strong>ruerint</strong></span> 
     </span>
     <span class='ocr_line' id='line_1_114' title="bbox 1933 5510 3582 5587; baseline 0.003 -16"><span class='ocrx_word' id='word_1_782' title='bbox 1933 5511 2133 5572; x_wconf 90' lang='lat' dir='ltr'><strong>omnia</strong></span> <span class='ocrx_word' id='word_1_783' title='bbox 2160 5514 2501 5587; x_wconf 86' lang='lat' dir='ltr'><strong>promptum</strong></span> <span class='ocrx_word' id='word_1_784' title='bbox 2522 5510 2862 5569; x_wconf 86' lang='lat' dir='ltr'><strong>estintueri.</strong></span> <span class='ocrx_word' id='word_1_785' title='bbox 2884 5510 2973 5570; x_wconf 81' lang='lat' dir='ltr'><strong>Ad</strong></span> <span class='ocrx_word' id='word_1_786' title='bbox 3000 5510 3113 5571; x_wconf 86' lang='lat' dir='ltr'><strong>hoc</strong></span> <span class='ocrx_word' id='word_1_787' title='bbox 3140 5512 3299 5572; x_wconf 87' lang='lat' dir='ltr'><strong>enim</strong></span> <span class='ocrx_word' id='word_1_788' title='bbox 3331 5518 3582 5576; x_wconf 89' lang='lat' dir='ltr'><strong>concilia</strong></span> 
     </span>
     <span class='ocr_line' id='line_1_115' title="bbox 1932 5601 3579 5680; baseline 0.002 -17"><span class='ocrx_word' id='word_1_789' title='bbox 1932 5603 2212 5663; x_wconf 87' lang='lat' dir='ltr'><strong>celebrari</strong></span> <span class='ocrx_word' id='word_1_790' title='bbox 2230 5605 2567 5663; x_wconf 88' lang='lat' dir='ltr'><strong>sauctorum</strong></span> <span class='ocrx_word' id='word_1_791' title='bbox 2616 5601 2857 5662; x_wconf 78' lang='lat' dir='ltr'><strong>Petrum</strong></span> <span class='ocrx_word' id='word_1_792' title='bbox 2912 5604 3108 5663; x_wconf 85' lang='lat' dir='ltr'><strong>sanxit</strong></span> <span class='ocrx_word' id='word_1_793' title='bbox 3142 5607 3479 5680; x_wconf 88' lang='lat' dir='ltr'><strong>auctoritas,</strong></span> <span class='ocrx_word' id='word_1_794' title='bbox 3513 5614 3579 5666; x_wconf 87' lang='lat' dir='ltr'><strong>ut</strong></span> 
     </span>
     <span class='ocr_line' id='line_1_116' title="bbox 1932 5692 3588 5771; baseline 0.003 -20"><span class='ocrx_word' id='word_1_795' title='bbox 1932 5694 2071 5755; x_wconf 85' lang='lat' dir='ltr'><strong>inde</strong></span> <span class='ocrx_word' id='word_1_796' title='bbox 2096 5692 2382 5753; x_wconf 82' lang='lat' dir='ltr'><strong>virtutum</strong></span> <span class='ocrx_word' id='word_1_797' title='bbox 2410 5692 3414 5771; x_wconf 73' lang='lat' dir='ltr'><strong>doctrina,malorumqueccrrectic</strong></span> <span class='ocrx_word' id='word_1_798' title='bbox 3435 5711 3588 5768; x_wconf 52' lang='lat' dir='ltr'><strong>an-</strong></span> 
     </span>
    </p>
   </div>
  </div>
 </body>
</html>
