3784 6000
169 263 286 324 695

1235 254 1657 320 GUILLELMI
1703 247 2089 315 TYRENSIS
2131 241 2504 308 ARCHIEP.

3451 234 3575 297 696

167 395 391 454 scendit
420 397 479 452 in
509 393 758 464 Jericho,
792 399 850 452 et
879 393 1013 449 inde
1045 391 1118 451 ad
1148 385 1816 462 Jordanem,inaequalis
1851 388 1906 455 Α
1936 382 2133 456 aliquo
2168 379 2343 437 modo
2373 376 2602 434 laedere.
2633 375 2815 446 quue
2834 372 3029 429 visum
3050 374 3142 429 est
3173 386 3276 443 pro
3310 373 3578 443 tempore

169 486 518 560 plurimum,
547 486 686 543 locis
715 484 943 540 saxosis
989 488 1049 540 et
1107 481 1444 555 praecipitiis
1485 478 1814 554 periculosa

166 575 600 648 frequentibus;
634 576 715 631 ita
747 579 832 641 ut,
858 573 1003 630 nihil
1025 572 1198 630 etiam
1221 571 1567 628 timentibus
1596 567 1816 626 etlibe-

169 681 301 720 rum
320 665 673 721 habentibus
692 662 1030 731 transitum,
1052 660 1357 718 molestum
1378 674 1611 732 semper
1632 655 1818 714 soleat

167 752 621 810 ascendentibus
649 750 739 809 vel
769 750 1260 809 descendentibus
1293 755 1567 823 praestare
1615 761 1814 803 acces-

169 859 328 900 sum.
362 844 428 901 1n
464 841 612 898 hanc
641 857 778 914 ergo
808 839 1080 911 ingressi,
1120 841 1260 895 dum
1294 842 1625 896 nostrorum
1664 834 1818 892 acies

169 931 366 989 acrius
397 931 680 987 instantes
709 930 1038 987 inordinate
1094 926 1349 1000 fugiunt,
1398 925 1717 1000 praecipitis
1760 926 1819 979 et

171 1020 317 1077 locis
342 1018 611 1093 angustis
642 1019 866 1075 nuliam
925 1020 995 1074 ad
1052 1016 1394 1089 fugiendum
1451 1014 1818 1072 habilitatem

170 1109 648 1176 concedentibus,
675 1107 842 1162 multi
893 1106 1021 1163 sine
1063 1106 1256 1178 gladio
1316 1110 1561 1178 pereunt
1617 1107 1817 1177 prisci·

174 1198 416 1270 cipitati.
449 1196 557 1260 Qui
586 1210 719 1252 vero
751 1195 877 1250 loca
908 1194 1168 1267 planiora
1197 1195 1403 1264 secuti,
1439 1194 1586 1266 fugae
1633 1198 1820 1250 tenta·

175 1284 619 1354 bantinsistere,
637 1288 971 1339 nostrorum
1001 1282 1228 1355 gladios
1245 1282 1821 1350 incurrentes,saucii

173 1372 466 1429 lethaliter
494 1373 554 1428 in
575 1376 821 1429 mortem
843 1370 1230 1429 nihilominus
1250 1373 1545 1428 dabantur
1565 1371 1825 1445 praecipi-

175 1464 286 1517 tes.
317 1461 466 1532 Equi
496 1476 627 1516 vero
662 1475 863 1517 eorum
893 1460 1118 1516 itineris
1145 1459 1510 1533 longitudine
1531 1464 1588 1516 et
1610 1459 1825 1517 laboris

178 1549 518 1605 difficultate
534 1548 777 1622 fatigati,
792 1548 1016 1605 viarum
1033 1565 1147 1604 non
1161 1549 1411 1606 ferentes
1425 1548 1819 1621 asperitatem,

177 1637 506 1695 sessoribus
529 1637 674 1706 suis,
706 1639 945 1694 omnino
969 1638 1321 1707 deficientes,
1346 1638 1635 1709 negabant
1655 1638 1822 1695 obse·

179 1726 417 1799 quium:
450 1725 605 1783 unde
635 1726 769 1782 facti
801 1724 1049 1798 pedites,
1072 1726 1255 1782 armis
1286 1727 1485 1783 onusti
1527 1732 1586 1783 et
1647 1741 1823 1783 usum
1853 1756 1903 1825 B

178 1814 396 1872 laboris
419 1831 536 1872 non
585 1813 888 1887 habentes,
943 1820 1275 1872 nostrorum
1327 1814 1816 1887 subsequentium

179 1903 387 1976 gladiis
416 1908 696 1977 tanquam
719 1906 968 1978 pecudes
989 1905 1365 1977 deputantur.
1389 1907 1475 1961 Fit
1504 1921 1637 1975 ergo
1663 1909 1824 1962 tanta

179 1996 299 2048 tam
320 2008 605 2063 equorum
626 2009 803 2064 quam
822 1993 1125 2049 hominum
1149 1998 1388 2067 strages,
1415 1995 1506 2051 his
1533 1993 1823 2067 praedictis

182 2081 440 2150 casibus,
466 2082 618 2154 quod
646 2099 760 2154 prae
785 2082 1161 2139 multitudine
1178 2081 1823 2154 peremptorum,adin-

183 2170 553 2241 sequendum
575 2168 675 2241 qui
708 2170 993 2242 praeihant
1013 2169 1394 2241 impediretur
1422 2169 1724 2225 transitus.
1748 2170 1818 2223 At

181 2274 316 2315 vero
338 2257 523 2315 nostri
543 2262 704 2313 tanto
723 2257 949 2313 avidius
971 2257 1349 2327 insectantes,
1371 2259 1583 2331 spretis
1596 2258 1820 2330 spoliis,

122 2380 126 2387 ·
179 2351 237 2404 et
267 2346 575 2403 manubias
606 2344 983 2411 declinantes,
1015 2346 1158 2402 caedi
1188 2346 1385 2402 acrius
1431 2347 1672 2415 instant,
1723 2363 1824 2418 pro

185 2451 420 2494 summo
448 2433 611 2490 lucro
642 2436 1005 2505 reputantes,
1028 2435 1287 2491 hostium
1310 2437 1597 2508 sanguine
1618 2452 1825 2492 cruen-

184 2527 319 2584 tari.
353 2527 460 2593 Qui
495 2542 621 2582 vero
642 2527 796 2595 apud
813 2525 1116 2599 Neapolim
1143 2534 1549 2595 convenerant,
1576 2527 1827 2584 scientes

186 2613 491 2689 praedictos
519 2612 717 2670 hostes
734 2615 800 2668 ad
819 2631 924 2670 nos
947 2614 1264 2685 ingressos,
1287 2617 1643 2673 unanimiter
1664 2633 1825 2685 egre-

188 2704 438 2771 dientes,
470 2702 542 2757 ad
572 2702 846 2758 Jordanis
877 2701 1098 2759 fluenta
1139 2702 1409 2760 hostibus
1454 2710 1826 2761 occurrentes

186 2795 449 2851 certatim
482 2792 810 2860 convolant,
842 2796 906 2848 ut
936 2794 1080 2848 vada
1108 2797 1389 2865 occupent
1419 2798 1473 2850 et
1504 2795 1829 2865 impediant

186 2880 437 2937 transire
456 2879 745 2936 volentes:
772 2878 869 2935 ubi
915 2895 1012 2936 eos
1062 2880 1159 2953 qui
1220 2881 1575 2937 insectantes
1603 2881 1830 2954 effuge-

188 2973 338 3038 rant,
369 2969 633 3026 incautos
673 2968 970 3042 reperiunt
1025 2973 1081 3026 et
1135 2969 1480 3029 confodiunt
1534 2987 1603 3027 ex
1648 2969 1829 3027 latere

186 3059 499 3116 irruentes.
535 3058 708 3114 Facta
736 3063 823 3114 est
854 3074 989 3130 ergo
1037 3057 1139 3115 illa
1196 3060 1290 3116 die
1337 3075 1547 3116 manus
1600 3060 1827 3116 Domini

189 3162 368 3219 super
395 3163 515 3215 eos,
549 3148 631 3202 ita
663 3155 746 3218 ut,
776 3147 927 3203 sicut
956 3150 1237 3218 scriptum
1270 3154 1388 3204 est:
1420 3147 1719 3205 Residuum
1748 3152 1836 3206 lo-
1865 3129 1910 3198 C

189 3244 362 3293 cuslae
389 3234 689 3292 comederet
720 3235 1138 3308 bruchum-1001.
1173 3254 1212 3305 1,
1248 3237 1320 3309 4).
1359 3238 1504 3296 Nam
1537 3238 1828 3311 quisquo·

193 3340 323 3380 rum
345 3322 669 3392 velocitate,
701 3328 799 3381 aut
831 3325 1030 3397 aliqua
1058 3325 1343 3381 industria
1387 3326 1737 3382 insectantes
1755 3326 1834 3382 vi·

194 3412 484 3469 debentur
515 3413 863 3481 declinasse,
891 3414 1323 3471 accurrentium
1337 3430 1405 3470 ex
1428 3414 1606 3470 latere
1621 3415 1833 3488 gladiis

193 3501 582 3560 caedebantur.
610 3502 668 3559 Si
703 3502 950 3575 quivero
980 3503 1215 3577 agmina
1251 3511 1597 3575 praeeuntes,
1619 3503 1835 3561 Jorda-

194 3605 327 3646 nem
357 3590 600 3663 ingressi
624 3593 872 3661 fuerant,
890 3593 1173 3648 vadorum
1195 3594 1405 3664 ignari,
1444 3594 1619 3650 undis
1652 3596 1836 3665 rapie-

194 3677 415 3736 bantur
432 3681 819 3750 tumentibus,
844 3680 1082 3738 ssumine
1101 3681 1390 3737 suffocati.
1413 3682 1502 3737 Sic
1527 3681 1709 3754 igitur
1733 3682 1832 3753 qui

192 3767 254 3823 in
270 3767 468 3824 multis
488 3767 749 3825 millibus
769 3770 1170 3840 ascenderant,
1185 3771 1243 3826 in
1257 3770 1460 3843 spiritu
1484 3770 1834 3840 vehementi,

96 3869 109 3882 ·
194 3854 258 3912 in
287 3858 546 3928 equitatu
569 3874 674 3914 suo
693 3875 854 3930 spem
880 3860 1182 3928 habentes,
1204 3862 1275 3916 ad
1301 3860 1593 3916 modicum
1616 3860 1836 3916 redacti

197 3960 529 4013 numerum,
563 3947 906 4004 contusione
927 3946 1119 4005 induti
1149 3953 1208 4004 et
1237 3948 1580 4018 reverentia,
1611 3948 1686 4004 ad
1706 3966 1838 4021 pro·

196 4034 325 4105 pria
345 4039 485 4089 sunt
512 4035 751 4091 reversi.
784 4036 1069 4091 Dicuntur
1097 4036 1198 4092 illa
1225 4038 1320 4094 die
1348 4054 1417 4094 ex
1436 4037 1520 4093 eis
1542 4054 1690 4093 caesa
1711 4054 1840 4095 esse

199 4122 271 4177 ad
303 4122 560 4194 quinque
588 4123 792 4180 millia.
827 4128 1064 4179 Factum
1097 4131 1185 4181 est
1216 4130 1407 4183 autem
1448 4126 1552 4181 hoc
1583 4142 1738 4183 anno
1766 4124 1840 4182 ab

200 4210 604 4267 incarnatione
634 4212 869 4268 Domini
902 4214 1067 4281 1152,
1099 4231 1157 4269 ιι
1186 4214 1426 4270 Kalend.
1478 4214 1842 4282 Decembris,

203 4298 364 4368 regni
397 4314 530 4353 vero
562 4298 781 4354 domini
803 4298 1071 4356 Balduini
1096 4301 1642 4376 regisquarti,anno
1666 4319 1839 4361 nono.

207 4384 401 4443 Nostri
457 4400 593 4457 ergo
652 4387 907 4443 hostium
958 4391 1153 4445 onusti
1215 4390 1441 4461 spoliis,
1511 4399 1563 4447 et
1631 4392 1842 4449 uberes

1924 470 2351 545 expedientius,
2383 472 2447 524 ut
2479 464 2737 538 pomeria
2765 462 2982 520 civitati
3020 460 3372 532 adjacentia,
3406 457 3566 515 unde

1925 561 2148 620 civibus
2200 557 2381 615 multa
2435 559 2562 612 erat
2617 551 3023 619 commoditas,
3065 549 3127 606 in
3185 565 3366 605 manu
3435 548 3575 620 forti

1926 654 2242 724 exstirpare
2281 647 2626 715 niterentur,
2658 648 2716 701 et
2766 643 2828 699 in
2886 645 3047 713 parte
3100 639 3309 697 saltem
3369 637 3570 693 hostes

1924 745 2224 814 protervos
2280 735 2681 793 damnificare.
2730 731 2908 789 Juxta
2952 729 3104 803 quod
3173 726 3576 801 propositum,

1927 828 2174 887 collectis
2206 824 2566 883 unanimiter
2595 823 2655 880 in
2715 837 2891 878 manu
2938 818 3132 877 valida
3181 821 3316 875 ante
3365 815 3578 873 urbem

1928 917 2265 990 praedictam
2280 915 2558 971 universas
2576 908 2948 982 regnicopiae,
2974 904 3241 965 arbitrati
3263 905 3572 962 sufficiens

1928 1024 2077 1070 esse.
2129 1006 2177 1064 si
2215 1004 2443 1062 effectui
2494 1005 2734 1076 possent
2785 999 3123 1070 mancipare
3178 997 3574 1068 propositum.

1928 1099 2037 1155 Sed
2072 1095 2458 1170 praesentibus
2489 1090 2705 1149 nostris
2738 1097 2869 1147 ante
2900 1088 3129 1152 urbem,
3162 1085 3351 1151 adfuit
3399 1083 3578 1140 mira·

1932 1187 2127 1243 biliter
2155 1185 2350 1241 divina
2382 1182 2713 1248 clementia,
2738 1195 2864 1250 quae
2905 1193 3000 1234 eos
3028 1175 3103 1233 ad
3128 1177 3353 1247 majora
3400 1172 3582 1245 coepit

1933 1292 2003 1332 ex
2023 1277 2322 1347 insperato
2348 1273 2677 1329 accendere.
2702 1273 2748 1323 N
2754 1283 2870 1329 am.
2889 1270 3200 1338 postquam
3218 1267 3356 1319 ant-e
3369 1261 3578 1318 urbem

1934 1371 2141 1424 nostras
2172 1365 2557 1422 constiterunt
2582 1361 2755 1428 acies,
2789 1362 2987 1414 tantus
3044 1356 3197 1412 cives
3246 1369 3428 1426 pavor
3490 1352 3579 1406 in-

1935 1457 2103 1523 vasit,
2126 1455 2280 1527 quod
2304 1454 2457 1510 infra
2479 1450 2680 1509 urbem
2712 1465 2915 1506 omnes
2947 1463 3008 1504 se
3056 1447 3400 1517 receperunt
3453 1459 3584 1499 cer-

1935 1548 2103 1602 tatim
2146 1562 2161 1615 ;
2195 1561 2299 1602 nec
2330 1545 2597 1600 inventus
2629 1544 2718 1597 est
2747 1538 2832 1595 vel
2858 1553 3032 1604 unus,
3056 1535 3343 1609 quiextra
3366 1531 3584 1588 maenia

1937 1635 2152 1692 nostris
2184 1649 2242 1690 se
2272 1634 2438 1689 daret
2466 1631 2720 1687 obviam.
2746 1628 2909 1685 Unde
2934 1628 3166 1695 sumpta
3187 1621 3496 1680 occasione
3514 1636 3584 1676 ex

1935 1740 2002 1782 eo
2032 1724 2182 1798 quod
2209 1724 2291 1778 ita
2319 1719 2576 1778 deterriti
2607 1717 2975 1784 videbantur,
3006 1714 3289 1782 dirigente
3326 1726 3428 1767 eos
3486 1709 3571 1766 di-

1933 1813 2067 1869 vina
2121 1812 2324 1886 gratia,
2383 1809 2669 1882 adjiciunt
2714 1806 2913 1863 urbem
2970 1802 3274 1860 obsidione
3330 1798 3571 1856 vallare.

1939 1902 2244 1973 Missisque
2275 1899 2502 1957 nuntiis
2551 1913 2649 1969 per
2670 1895 2967 1952 universos
2988 1890 3342 1964 regnissnes,
3377 1887 3582 1960 praeci-

1933 1994 2101 2067 piunt
2123 1990 2343 2049 evocari
2367 2006 2465 2046 eos
2494 1987 2595 2060 qui
2628 1985 2786 2042 domi
2818 1983 3239 2045 remanserant,
3264 1983 3328 2035 ut
3372 1994 3579 2035 omnes

1934 2082 2292 2139 unanimiter
2312 2080 2405 2135 die
2428 2078 2657 2152 praeiixa
2673 2076 2906 2132 adessse
2926 2090 3039 2129 non
3055 2071 3350 2136 differant,
3369 2085 3577 2141 propo-

1934 2174 2109 2230 situm
2136 2168 2302 2242 quale
2323 2170 2475 2224 Deus
2507 2166 2591 2223 eis
2619 2162 3010 2238 inspiraverit.
3053 2160 3401 2232 aperientes.
3461 2157 3573 2223 Qui

1934 2276 2070 2333 ergo
2119 2258 2301 2315 vocati
2353 2256 2604 2323 fuerant,
2653 2250 3042 2326 gratuabundi
3118 2253 3174 2305 et
3215 2251 3343 2305 sine
3408 2263 3576 2304 mora

1936 2347 2367 2416 convenientes,
2391 2346 2462 2402 ad
2494 2360 2593 2401 eos
2621 2343 2722 2415 qui
2752 2358 2815 2398 se
2846 2342 3286 2414 praecesserant,
3308 2337 3580 2406 adjnncti

1936 2443 2091 2507 sunt,
2126 2441 2317 2495 castra
2347 2450 2481 2492 cum
2507 2433 2639 2491 aliis
2660 2432 2815 2488 circa
2847 2431 3050 2486 urbem
3082 2429 3362 2485 locantes.
3397 2426 3469 2481 Et
3517 2430 3582 2481 ut

1935 2529 2172 2584 firmum
2195 2534 2345 2583 esset
2377 2523 2532 2596 quod
2560 2521 3060 2593 aggrediebantur,
3084 2526 3136 2574 et
3185 2517 3253 2573 de
3314 2531 3585 2588 perseve-

1935 2617 2206 2686 rantia'in
2234 2615 2527 2687 proposito
2553 2608 3208 2677 nuliidubitareiiceret‚
3218 2603 3578 2678 juramentis

1935 2705 2211 2764 exhibitis
2250 2702 2625 2777 corporaliter
2645 2716 2707 2757 se
2769 2698 3016 2755 invicem
3069 2697 3355 2769 caligant,
3414 2693 3571 2768 quod

1938 2801 2073 2854 ante
2104 2796 2302 2851 urbem
2336 2795 2566 2865 captam
2607 2790 2678 2846 ab
2736 2788 3040 2846 obsidione
3089 2802 3205 2842 non
3262 2784 3571 2850 desistant,

1940 2884 2276 2942 Convocatis
2308 2882 2488 2955 igitur
2518 2879 2774 2937 universi
2832 2876 2997 2951 regni
3026 2874 3248 2931 viribus
3280 2877 3337 2930 et
3367 2870 3579 2946 populo

1940 2974 2293 3033 unanimiter
2321 2971 2726 3040 conveniente,
2759 2968 3034 3026 dominus
3058 2981 3155 3023 rex
3183 2963 3582 3036 dominusque

1941 3063 2296 3139 patriarcha,
2320 3077 2454 3118 cum
2485 3059 2613 3115 aliis
2647 3067 2760 3114 tam
2787 3056 3167 3114 saecularibus
3191 3069 3368 3127 quam
3400 3051 3585 3109 eccle-

1941 3151 2193 3212 siasticis
2215 3151 2373 3223 regni
2399 3148 2784 3221 principibus,
2808 3146 3040 3219 signum
3055 3141 3370 3200 Dominicis
3394 3140 3586 3197 crucis

1942 3243 2232 3301 vivificum
2263 3247 2321 3298 et
2350 3238 2675 3297 venerabile
2706 3253 2905 3294 secum
2947 3234 3248 3302 habentes,
3295 3237 3432 3288 ante
3488 3247 3584 3287 ur-

1942 3335 2075 3390 bem
2109 3330 2441 3402 praedictam
2487 3327 2754 3385 felicibus
2812 3324 3113 3398 auspiciis,
3168 3339 3267 3378 viu
3288 3319 3584 3378 Kalendas

1947 3422 2264 3491 Februarii,
2281 3418 2673 3476 castrametati
2698 3414 3265 3473 sunt.1nterl'uerunt
3287 3416 3486 3466 autem
3515 3409 3587 3465 de

1944 3511 2328 3568 Ecclesiarum
2376 3507 2654 3580 praelatis,
2717 3504 2991 3561 dominus
3050 3498 3583 3572 Hierosolymorum

1945 3598 2272 3672 patrtaroha
2331 3596 2673 3664 Fulcherus,
2733 3594 3010 3649 dominus
3058 3590 3260 3646 Petrus
3308 3585 3589 3660 Tyrensis

1946 3689 2440 3757 archiepiscopus,
2499 3684 2773 3739 dominus
2825 3679 3150 3737 Balduinus
3212 3675 3590 3732 Caesariensis

1946 3776 2437 3848 archiepiscopuS,
2469 3773 2742 3829 dominus
2774 3770 3061 3827 Robertus
3101 3766 3452 3824 Nazaraenus
3489 3781 3588 3821 ar-

1945 3865 2383 3937 chiepiscopus,
2418 3861 2696 3919 dominus
2729 3859 3063 3916 Fredericus
3086 3856 3441 3913 Acconensis
3473 3854 3593 3925 epi·

1947 3971 2182 4027 scopus,
2202 3952 2473 4010 dominus
2494 3951 2777 4007 Geraldus
2800 3946 3225 4005 Bethlehemita
3250 3943 3591 4016 episcopus:

1947 4044 2186 4101 abbates
2205 4042 2383 4100 etiam
2412 4039 2676 4096 nonnulii
2706 4056 2720 4096 t
2750 4038 3119 4094 Bernhardus
3141 4035 3319 4091 etiam
3352 4034 3422 4088 de
3451 4033 3593 4088 Tre·

1950 4132 2121 4190 melai
2143 4132 2407 4202 magister
2433 4129 2649 4185 militiis
2670 4127 2903 4199 Templi
2925 4132 2981 4183 et
3006 4123 3368 4181 Raimundus
3400 4121 3592 4193 magi-

1951 4225 2069 4278 ster
2095 4222 2306 4276 domus
2328 4216 2661 4290 Hospitalis,
2694 4217 2773 4271 De
2789 4213 3149 4286 principibus
3171 4216 3366 4267 autem
3392 4211 3596 4266 laicis:

1950 4309 2117 4381 Hugo
2139 4310 2208 4364 de
2230 4307 2458 4376 ibelim,
2493 4305 2796 4377 Phiiippus
2821 4300 3601 4374 Neapolitanus,liensredus

1952 4399 2022 4456 de
2072 4397 2320 4466 Torone,
2351 4397 2551 4451 Simon
2580 4393 3031 4462 Tiberiadensis,
3063 4392 3353 4448 Gerardus
3427 4387 3602 4445 Sido-

207 4474 277 4530 dfl
308 4477 523 4545 ῐῐῠβὸθῦ
567 4474 878 4531 manubias
937 4485 1194 4549 88911168,
1249 4479 1541 4534 ’3018ωο68
1600 4480 1844 4538 Domino
1881 4503 1927 4569 D
1961 4488 2205 4554 niensis,
2231 4485 2419 4542 Guido
2479 4482 2855 4548 Berithensis‚
2915 4480 3219 4537 Mauritius
3270 4480 3341 4535 de
3397 4484 3601 4533 monte

208 4561 401 4617 laudis
432 4560 655 4619 hostias
696 4562 1075 4633 immolaturi,
1126 4564 1583 4638 Hierosolymam
1640 4569 1848 4625 reversi

208 4655 365 4707 sunt.

810 4742 1045 4801 CAPUT
1085 4744 1242 4802 XXI.

218 4847 335 4902 Rex
361 4848 628 4930 requique
644 4850 928 4922 principes
954 4853 1274 4909 Ascalonem
1298 4858 1616 4928 properant,
1666 4860 1727 4910 ut
1752 4869 1851 4927 ρο-

281 4934 469 4998 merio
497 4934 644 4975 circa
662 4922 850 4978 urbem
873 4922 938 4978 de
977 4926 1308 4996 epulentur:
1361 4930 1456 4985 sed
1504 4932 1747 4996 promoto
1777 4927 1849 4983 ad

281 4990 523 5059 amphus
542 4995 836 5064 proposito,
855 5010 926 5049 ur
961 5011 1046 5052 em
1065 4998 1331 5055 obsident.

284 5092 503 5151 Collata
532 5094 712 5168 igitur
738 5100 956 5157 nostris
982 5103 1263 5162 divinitus
1289 5108 1564 5179 proedicta
1585 5109 1846 5179 victoria,

216 5183 390 5242 erecti
421 5183 480 5239 in
513 5200 676 5259 spem
707 5186 944 5260 bonam,
972 5191 1218 5249 Domino
1250 5197 1425 5253 corda
1455 5215 1656 5256 eorum
1707 5200 1846 5256 diri-

213 5277 406 5345 gente,
457 5280 763 5347 apponunt
811 5279 1188 5353 unanimiter,
1239 5288 1670 5346 communicato
1725 5294 1847 5344 tam

217 5359 512 5461 maj-orum·
541 5378 715 5433 quam
749 5367 1041 5424 minorum
1081 5371 1346 5446 consilio,
1396 5373 1592 5435 hostes
1646 5392 1844 5434 eorum

213 5461 310 5519 qm
327 5461 388 5502 in
405 5464 594 5549 vicino
617 5455 920 5512 constituti
942 5464 1129 5527 erant,
1150 5461 1369 5534 quique
1393 5466 1603 5523 nostris
1630 5467 1847 5539 saepius

209 5533 408 5605 gravia
436 5537 763 5601 inferebant
816 5546 1093 5620 pericula,
1136 5548 1505 5614 Ascalonitas
1554 5555 1845 5626 videlicet,

1962 4574 2184 4648 Regali,
2245 4572 2562 4632 Rainaldus
2621 4574 2690 4630 de
2761 4571 3117 4638 Castillione,
3161 4568 3466 4624 Gauderus
3527 4567 3602 4621 de

1962 4666 2173 4722 Sancto
2213 4662 2544 4730 Aidemaro,
2578 4661 2680 4733 qui
2703 4660 2818 4717 duo
2841 4659 2995 4732 apud
3037 4659 3340 4715 dominum
3401 4670 3601 4728 regem

1960 4753 2250 4825 stipendia
2269 4751 2583 4807 merebant.
2598 4748 2894 4805 Ordinatis
2913 4748 3112 4822 itaque
3138 4743 3603 4818 compositisque

1960 4857 2061 4912 per
2079 4856 2285 4913 gyrum
2316 4838 2582 4896 tentoriis
2604 4844 2660 4896 et
2690 4838 3052 4913 principibus
3090 4836 3264 4893 certis
3295 4832 3603 4904 congruis-2

1960 4946 2074 5003 que
2108 4929 2516 4986 mansionibus
2545 4928 2871 5001 dispositis,
2930 4930 3115 4999 coepto
3172 4922 3428 4980 fideliter.
3463 4920 3608 4977 insi·

1959 5023 2126 5078 stunt
2154 5018 2333 5092 operi,
2370 5019 2729 5076 tantoiahori
2751 5018 3007 5075 debitem
3038 5017 3242 5073 devote
3271 5016 3328 5069 et
3348 5011 3604 5085 pruden-

1958 5116 2045 5167 ter
2076 5108 2487 5181 impendentes
2509 5107 2991 5167 sollicitudinem.

2553 5196 2786 5253 CAPUT
2825 5194 2994 5252 xxti.

1962 5287 2294 5344 Describitur
2337 5289 2475 5344 situs
2529 5286 2787 5357 civitatis,
2846 5292 2899 5342 et
2943 5281 3302 5341 commoditas
3330 5282 3601 5354 aperitur.

2030 5378 2129 5434 list
2151 5382 2345 5435 autem
2374 5374 2663 5435 Ascalona
2693 5391 2807 5431 una
2851 5377 2921 5431 de
2953 5374 3215 5449 quinque
3282 5369 3601 5427 Philistiim

1958 5466 2224 5540 urbibus,
2255 5468 2313 5523 in
2348 5466 2539 5523 littore
2596 5465 2775 5522 maris
2804 5464 2936 5533 sita,
2971 5465 3218 5520 formam
3278 5458 3498 5516 habens
3542 5476 3605 5518 se

1958 5553 2262 5624 micirculi,
2297 5556 2468 5628 quus
2496 5553 2714 5613 chorda
2735 5551 2854 5612 sive
2882 5553 3184 5613 diameter.
3215 5564 3387 5608 secus
3440 5547 3608 5608 littus
