<?xml version="1.0" encoding="UTF-8"?>
<!DOCTYPE html PUBLIC "-//W3C//DTD XHTML 1.0 Transitional//EN"
    "http://www.w3.org/TR/xhtml1/DTD/xhtml1-transitional.dtd">
<html xmlns="http://www.w3.org/1999/xhtml" xml:lang="en" lang="en">
 <head>
  <title>
</title>
<meta http-equiv="Content-Type" content="text/html;charset=utf-8" />
  <meta name='ocr-system' content='tesseract 3.04.00' />
  <meta name='ocr-capabilities' content='ocr_page ocr_carea ocr_par ocr_line ocrx_word'/>
</head>
<body>
  <div class='ocr_page' id='page_1' title='image "./patrologiaecurs32goog_0015.png"; bbox 0 0 3784 6000; ppageno 0'>
   <div class='ocr_carea' id='block_1_1' title="bbox 212 246 2151 321">
    <p class='ocr_par' dir='ltr' id='par_1_1' title="bbox 212 246 2151 321">
     <span class='ocr_line' id='line_1_1' title="bbox 212 246 2151 321; baseline 0.004 -7"><span class='ocrx_word' id='word_1_1' title='bbox 212 246 281 314; x_wconf 68' lang='lat'><strong>2!</strong></span> <span class='ocrx_word' id='word_1_2' title='bbox 1718 256 2151 321; x_wconf 76' lang='lat' dir='ltr'><strong>EPIs&#39;roLAE.</strong></span> 
     </span>
    </p>
   </div>
   <div class='ocr_carea' id='block_1_2' title="bbox 210 387 3639 467">
    <p class='ocr_par' dir='ltr' id='par_1_2' title="bbox 210 387 3639 467">
     <span class='ocr_line' id='line_1_2' title="bbox 210 387 3639 467; baseline 0.002 -22"><span class='ocrx_word' id='word_1_3' title='bbox 210 404 346 448; x_wconf 80' lang='lat' dir='ltr'><strong>vero</strong></span> <span class='ocrx_word' id='word_1_4' title='bbox 362 387 700 447; x_wconf 84' lang='lat' dir='ltr'><strong>constantia</strong></span> <span class='ocrx_word' id='word_1_5' title='bbox 718 394 939 464; x_wconf 87' lang='lat' dir='ltr'><strong>vestra,</strong></span> <span class='ocrx_word' id='word_1_6' title='bbox 959 392 1213 450; x_wconf 83' lang='lat' dir='ltr'><strong>veterem</strong></span> <span class='ocrx_word' id='word_1_7' title='bbox 1236 390 1495 450; x_wconf 91' lang='lat' dir='ltr'><strong>amicum</strong></span> <span class='ocrx_word' id='word_1_8' title='bbox 1523 393 1742 452; x_wconf 84' lang='lat' dir='ltr'><strong>recenti</strong></span> <span class='ocrx_word' id='word_1_9' title='bbox 1760 408 1879 452; x_wconf 84' lang='lat' dir='ltr'><strong>me·</strong></span> <span class='ocrx_word' id='word_1_10' title='bbox 1906 393 1963 464; x_wconf 70' lang='lat' dir='ltr'>A</span> <span class='ocrx_word' id='word_1_11' title='bbox 1985 398 2218 452; x_wconf 85' lang='lat' dir='ltr'><strong>nostras</strong></span> <span class='ocrx_word' id='word_1_12' title='bbox 2239 392 2512 467; x_wconf 88' lang='lat' dir='ltr'><strong>precibus</strong></span> <span class='ocrx_word' id='word_1_13' title='bbox 2522 407 2725 452; x_wconf 90' lang='lat' dir='ltr'><strong>eorum</strong></span> <span class='ocrx_word' id='word_1_14' title='bbox 2737 393 2893 467; x_wconf 89' lang='lat' dir='ltr'><strong>apud</strong></span> <span class='ocrx_word' id='word_1_15' title='bbox 2905 391 3374 453; x_wconf 87' lang='lat' dir='ltr'><strong>misericordiam</strong></span> <span class='ocrx_word' id='word_1_16' title='bbox 3386 397 3639 454; x_wconf 83' lang='lat' dir='ltr'><strong>vestram</strong></span> 
     </span>
    </p>
   </div>
   <div class='ocr_carea' id='block_1_3' title="bbox 204 478 1879 1708">
    <p class='ocr_par' dir='ltr' id='par_1_3' title="bbox 204 478 1879 1708">
     <span class='ocr_line' id='line_1_3' title="bbox 214 478 1879 555; baseline 0.003 -19"><span class='ocrx_word' id='word_1_17' title='bbox 214 479 404 538; x_wconf 87' lang='lat' dir='ltr'><strong>moria</strong></span> <span class='ocrx_word' id='word_1_18' title='bbox 420 478 1083 548; x_wconf 89' lang='lat' dir='ltr'><strong>continens,absentem</strong></span> <span class='ocrx_word' id='word_1_19' title='bbox 1104 483 1378 555; x_wconf 68' lang='lat' dir='ltr'><strong>prasenti</strong></span> <span class='ocrx_word' id='word_1_20' title='bbox 1399 484 1471 542; x_wconf 85' lang='lat' dir='ltr'><strong>ch</strong></span> <span class='ocrx_word' id='word_1_21' title='bbox 1481 482 1689 541; x_wconf 89' lang='lat' dir='ltr'><strong>aritate</strong></span> <span class='ocrx_word' id='word_1_22' title='bbox 1710 500 1779 541; x_wconf 92' lang='lat' dir='ltr'><strong>co</strong></span> <span class='ocrx_word' id='word_1_23' title='bbox 1790 501 1879 541; x_wconf 91' lang='lat' dir='ltr'><strong>m·</strong></span> 
     </span>
     <span class='ocr_line' id='line_1_4' title="bbox 214 566 1878 645; baseline 0.004 -21"><span class='ocrx_word' id='word_1_24' title='bbox 214 567 511 641; x_wconf 89' lang='lat' dir='ltr'><strong>plectitur;</strong></span> <span class='ocrx_word' id='word_1_25' title='bbox 537 566 860 641; x_wconf 84' lang='lat' dir='ltr'><strong>ipsumque</strong></span> <span class='ocrx_word' id='word_1_26' title='bbox 879 568 1291 641; x_wconf 73' lang='lat' dir='ltr'><strong>spiritualibus</strong></span> <span class='ocrx_word' id='word_1_27' title='bbox 1311 572 1495 630; x_wconf 80' lang='lat' dir='ltr'><strong>oculis</strong></span> <span class='ocrx_word' id='word_1_28' title='bbox 1514 572 1878 645; x_wconf 79' lang='lat' dir='ltr'><strong>frequentius</strong></span> 
     </span>
     <span class='ocr_line' id='line_1_5' title="bbox 211 657 1874 737; baseline 0.004 -23"><span class='ocrx_word' id='word_1_29' title='bbox 211 659 476 729; x_wconf 88' lang='lat' dir='ltr'><strong>intuens,</strong></span> <span class='ocrx_word' id='word_1_30' title='bbox 510 657 867 731; x_wconf 87' lang='lat' dir='ltr'><strong>episcopalis</strong></span> <span class='ocrx_word' id='word_1_31' title='bbox 895 673 1055 718; x_wconf 88' lang='lat' dir='ltr'><strong>nunc</strong></span> <span class='ocrx_word' id='word_1_32' title='bbox 1093 660 1312 735; x_wconf 75' lang='lat' dir='ltr'><strong>fastigii</strong></span> <span class='ocrx_word' id='word_1_33' title='bbox 1341 663 1597 732; x_wconf 85' lang='lat' dir='ltr'><strong>divitias,</strong></span> <span class='ocrx_word' id='word_1_34' title='bbox 1628 664 1874 737; x_wconf 85' lang='lat' dir='ltr'><strong>gratiam</strong></span> 
     </span>
     <span class='ocr_line' id='line_1_6' title="bbox 208 748 1878 828; baseline 0.004 -22"><span class='ocrx_word' id='word_1_35' title='bbox 208 758 257 807; x_wconf 85' lang='lat' dir='ltr'><strong>at</strong></span> <span class='ocrx_word' id='word_1_36' title='bbox 274 748 640 821; x_wconf 73' lang='lat' dir='ltr'>obsequium</span> <span class='ocrx_word' id='word_1_37' title='bbox 659 765 779 806; x_wconf 93' lang='lat' dir='ltr'><strong>non</strong></span> <span class='ocrx_word' id='word_1_38' title='bbox 800 749 1004 809; x_wconf 91' lang='lat' dir='ltr'><strong>minus</strong></span> <span class='ocrx_word' id='word_1_39' title='bbox 1024 748 1346 810; x_wconf 70' lang='lat' dir='ltr'><strong>liberaliter</strong></span> <span class='ocrx_word' id='word_1_40' title='bbox 1367 754 1539 811; x_wconf 73' lang='lat' dir='ltr'><strong>offert</strong></span> <span class='ocrx_word' id='word_1_41' title='bbox 1558 769 1736 828; x_wconf 90' lang='lat' dir='ltr'><strong>quam</strong></span> <span class='ocrx_word' id='word_1_42' title='bbox 1759 770 1878 812; x_wconf 91' lang='lat' dir='ltr'><strong>me-</strong></span> 
     </span>
     <span class='ocr_line' id='line_1_7' title="bbox 209 836 1878 912; baseline 0.002 -18"><span class='ocrx_word' id='word_1_43' title='bbox 209 838 437 895; x_wconf 89' lang='lat' dir='ltr'><strong>diocres</strong></span> <span class='ocrx_word' id='word_1_44' title='bbox 457 836 605 895; x_wconf 88' lang='lat' dir='ltr'><strong>olim</strong></span> <span class='ocrx_word' id='word_1_45' title='bbox 636 837 913 911; x_wconf 67' lang='lat' dir='ltr'><strong>ingenuo</strong></span> <span class='ocrx_word' id='word_1_46' title='bbox 944 840 1021 912; x_wconf 81' lang='lat'><strong>(2)</strong></span> <span class='ocrx_word' id='word_1_47' title='bbox 1043 837 1694 912; x_wconf 73' lang='lat' dir='ltr'><strong>primitiasJuventutis.</strong></span> <span class='ocrx_word' id='word_1_48' title='bbox 1724 841 1878 899; x_wconf 82' lang='lat' dir='ltr'><strong>Reti-</strong></span> 
     </span>
     <span class='ocr_line' id='line_1_8' title="bbox 209 926 1877 1003; baseline 0.004 -19"><span class='ocrx_word' id='word_1_49' title='bbox 209 928 438 984; x_wconf 89' lang='lat' dir='ltr'><strong>nendos</strong></span> <span class='ocrx_word' id='word_1_50' title='bbox 458 926 704 986; x_wconf 88' lang='lat' dir='ltr'><strong>creditis</strong></span> <span class='ocrx_word' id='word_1_51' title='bbox 724 943 874 1000; x_wconf 91' lang='lat' dir='ltr'><strong>quos</strong></span> <span class='ocrx_word' id='word_1_52' title='bbox 904 929 976 985; x_wconf 88' lang='lat' dir='ltr'><strong>ad</strong></span> <span class='ocrx_word' id='word_1_53' title='bbox 1003 928 1365 1003; x_wconf 88' lang='lat' dir='ltr'><strong>diligendum</strong></span> <span class='ocrx_word' id='word_1_54' title='bbox 1398 931 1877 991; x_wconf 87' lang='lat' dir='ltr'><strong>liberalisinvita-</strong></span> 
     </span>
     <span class='ocr_line' id='line_1_9' title="bbox 208 1016 1864 1094; baseline 0.004 -21"><span class='ocrx_word' id='word_1_55' title='bbox 208 1017 285 1073; x_wconf 81' lang='lat' dir='ltr'><strong>vit</strong></span> <span class='ocrx_word' id='word_1_56' title='bbox 313 1016 579 1085; x_wconf 75' lang='lat' dir='ltr'><strong>affectio,</strong></span> <span class='ocrx_word' id='word_1_57' title='bbox 611 1031 763 1088; x_wconf 87' lang='lat' dir='ltr'><strong>quos</strong></span> <span class='ocrx_word' id='word_1_58' title='bbox 795 1017 931 1075; x_wconf 82' lang='lat' dir='ltr'><strong>fidei</strong></span> <span class='ocrx_word' id='word_1_59' title='bbox 960 1018 1196 1089; x_wconf 88' lang='lat' dir='ltr'><strong>veritas,</strong></span> <span class='ocrx_word' id='word_1_60' title='bbox 1230 1036 1344 1078; x_wconf 91' lang='lat' dir='ltr'><strong>non</strong></span> <span class='ocrx_word' id='word_1_61' title='bbox 1376 1021 1548 1079; x_wconf 90' lang='lat' dir='ltr'><strong>dolus</strong></span> <span class='ocrx_word' id='word_1_62' title='bbox 1583 1021 1864 1094; x_wconf 87' lang='lat' dir='ltr'><strong>cupidita-</strong></span> 
     </span>
     <span class='ocr_line' id='line_1_10' title="bbox 210 1105 1871 1182; baseline 0.004 -19"><span class='ocrx_word' id='word_1_63' title='bbox 210 1107 281 1163; x_wconf 87' lang='lat' dir='ltr'><strong>tis</strong></span> <span class='ocrx_word' id='word_1_64' title='bbox 310 1105 533 1176; x_wconf 78' lang='lat' dir='ltr'><strong>illexit,</strong></span> <span class='ocrx_word' id='word_1_65' title='bbox 561 1106 665 1180; x_wconf 93' lang='lat' dir='ltr'><strong>qui</strong></span> <span class='ocrx_word' id='word_1_66' title='bbox 698 1105 798 1163; x_wconf 81' lang='lat' dir='ltr'><strong>lidi</strong></span> <span class='ocrx_word' id='word_1_67' title='bbox 831 1123 1094 1180; x_wconf 68' lang='lat' dir='ltr'><strong>persona</strong></span> <span class='ocrx_word' id='word_1_68' title='bbox 1125 1111 1393 1181; x_wconf 76' lang='lat' dir='ltr'><strong>comites,</strong></span> <span class='ocrx_word' id='word_1_69' title='bbox 1437 1127 1552 1170; x_wconf 90' lang='lat' dir='ltr'><strong>non</strong></span> <span class='ocrx_word' id='word_1_70' title='bbox 1603 1113 1871 1182; x_wconf 74' lang='lat' dir='ltr'><strong>fortunae,</strong></span> 
     </span>
     <span class='ocr_line' id='line_1_11' title="bbox 210 1195 1872 1275; baseline 0.003 -22"><span class='ocrx_word' id='word_1_71' title='bbox 210 1210 412 1253; x_wconf 80' lang='lat' dir='ltr'><strong>omnes</strong></span> <span class='ocrx_word' id='word_1_72' title='bbox 425 1195 600 1253; x_wconf 84' lang='lat' dir='ltr'><strong>vobis</strong></span> <span class='ocrx_word' id='word_1_73' title='bbox 619 1197 1087 1269; x_wconf 69' lang='lat' dir='ltr'><strong>compartientur</strong></span> <span class='ocrx_word' id='word_1_74' title='bbox 1105 1204 1368 1257; x_wconf 81' lang='lat' dir='ltr'><strong>eventus.</strong></span> <span class='ocrx_word' id='word_1_75' title='bbox 1390 1201 1460 1258; x_wconf 81' lang='lat' dir='ltr'><strong>Et</strong></span> <span class='ocrx_word' id='word_1_76' title='bbox 1481 1216 1587 1275; x_wconf 90' lang='lat' dir='ltr'><strong>ego</strong></span> <span class='ocrx_word' id='word_1_77' title='bbox 1609 1202 1872 1275; x_wconf 87' lang='lat' dir='ltr'><strong>quidem,</strong></span> 
     </span>
     <span class='ocr_line' id='line_1_12' title="bbox 208 1284 1875 1362; baseline 0.005 -20"><span class='ocrx_word' id='word_1_78' title='bbox 208 1289 503 1358; x_wconf 90' lang='lat' dir='ltr'><strong>quantum</strong></span> <span class='ocrx_word' id='word_1_79' title='bbox 531 1284 608 1342; x_wconf 90' lang='lat' dir='ltr'><strong>ad</strong></span> <span class='ocrx_word' id='word_1_80' title='bbox 638 1302 733 1343; x_wconf 90' lang='lat' dir='ltr'><strong>me</strong></span> <span class='ocrx_word' id='word_1_81' title='bbox 778 1291 1026 1360; x_wconf 87' lang='lat' dir='ltr'><strong>spectat,</strong></span> <span class='ocrx_word' id='word_1_82' title='bbox 1052 1303 1228 1362; x_wconf 89' lang='lat' dir='ltr'><strong>quem</strong></span> <span class='ocrx_word' id='word_1_83' title='bbox 1258 1291 1521 1362; x_wconf 80' lang='lat' dir='ltr'><strong>ejusdem</strong></span> <span class='ocrx_word' id='word_1_84' title='bbox 1551 1292 1777 1349; x_wconf 87' lang='lat' dir='ltr'><strong>ordinis</strong></span> <span class='ocrx_word' id='word_1_85' title='bbox 1815 1296 1875 1350; x_wconf 90' lang='lat' dir='ltr'><strong>et</strong></span> 
     </span>
     <span class='ocr_line' id='line_1_13' title="bbox 207 1374 1869 1453; baseline 0.004 -21"><span class='ocrx_word' id='word_1_86' title='bbox 207 1374 447 1444; x_wconf 87' lang='lat' dir='ltr'><strong>similis,</strong></span> <span class='ocrx_word' id='word_1_87' title='bbox 464 1374 607 1432; x_wconf 89' lang='lat' dir='ltr'><strong>licet</strong></span> <span class='ocrx_word' id='word_1_88' title='bbox 626 1391 744 1433; x_wconf 90' lang='lat' dir='ltr'><strong>non</strong></span> <span class='ocrx_word' id='word_1_89' title='bbox 765 1380 943 1434; x_wconf 72' lang='lat' dir='ltr'><strong>tanto</strong></span> <span class='ocrx_word' id='word_1_90' title='bbox 965 1375 1490 1453; x_wconf 86' lang='lat' dir='ltr'><strong>dignitatis,gratia</strong></span> <span class='ocrx_word' id='word_1_91' title='bbox 1507 1379 1869 1452; x_wconf 85' lang='lat' dir='ltr'><strong>sublimavit,</strong></span> 
     </span>
     <span class='ocr_line' id='line_1_14' title="bbox 205 1463 1869 1544; baseline 0.005 -24"><span class='ocrx_word' id='word_1_92' title='bbox 205 1464 355 1520; x_wconf 89' lang='lat' dir='ltr'><strong>hanc</strong></span> <span class='ocrx_word' id='word_1_93' title='bbox 388 1464 451 1520; x_wconf 91' lang='lat' dir='ltr'><strong>in</strong></span> <span class='ocrx_word' id='word_1_94' title='bbox 474 1463 643 1521; x_wconf 79' lang='lat' dir='ltr'><strong>vobis</strong></span> <span class='ocrx_word' id='word_1_95' title='bbox 664 1464 943 1522; x_wconf 87' lang='lat' dir='ltr'><strong>virtutem</strong></span> <span class='ocrx_word' id='word_1_96' title='bbox 960 1465 1423 1540; x_wconf 69' lang='lat' dir='ltr'><strong>longanimitatis</strong></span> <span class='ocrx_word' id='word_1_97' title='bbox 1442 1470 1721 1538; x_wconf 87' lang='lat' dir='ltr'><strong>admiror,</strong></span> <span class='ocrx_word' id='word_1_98' title='bbox 1740 1487 1869 1544; x_wconf 69' lang='lat' dir='ltr'><strong>qua</strong></span> 
     </span>
     <span class='ocr_line' id='line_1_15' title="bbox 206 1553 1868 1628; baseline 0.005 -16"><span class='ocrx_word' id='word_1_99' title='bbox 206 1553 436 1612; x_wconf 88' lang='lat' dir='ltr'><strong>scilicet</strong></span> <span class='ocrx_word' id='word_1_100' title='bbox 464 1553 553 1610; x_wconf 92' lang='lat' dir='ltr'><strong>ibi</strong></span> <span class='ocrx_word' id='word_1_101' title='bbox 580 1557 745 1612; x_wconf 91' lang='lat' dir='ltr'><strong>tanto</strong></span> <span class='ocrx_word' id='word_1_102' title='bbox 774 1554 1177 1615; x_wconf 66' lang='lat' dir='ltr'><strong>admirabilior</strong></span> <span class='ocrx_word' id='word_1_103' title='bbox 1226 1562 1340 1628; x_wconf 87' lang='lat' dir='ltr'><strong>cst,</strong></span> <span class='ocrx_word' id='word_1_104' title='bbox 1390 1560 1486 1617; x_wconf 87' lang='lat' dir='ltr'><strong>ubi</strong></span> <span class='ocrx_word' id='word_1_105' title='bbox 1537 1561 1868 1620; x_wconf 90' lang='lat' dir='ltr'><strong>minoribus</strong></span> 
     </span>
     <span class='ocr_line' id='line_1_16' title="bbox 204 1643 1866 1708; baseline 0.003 -7"><span class='ocrx_word' id='word_1_106' title='bbox 204 1643 483 1701; x_wconf 83' lang='lat' dir='ltr'><strong>eumdem</strong></span> <span class='ocrx_word' id='word_1_107' title='bbox 516 1643 809 1701; x_wconf 73' lang='lat' dir='ltr'><strong>exhibetis</strong></span> <span class='ocrx_word' id='word_1_108' title='bbox 844 1643 1136 1703; x_wconf 78' lang='lat' dir='ltr'><strong>affectum.</strong></span> <span class='ocrx_word' id='word_1_109' title='bbox 1173 1645 1415 1705; x_wconf 82' lang='lat' dir='ltr'><strong>Vivebat</strong></span> <span class='ocrx_word' id='word_1_110' title='bbox 1456 1653 1652 1707; x_wconf 87' lang='lat' dir='ltr'><strong>autem</strong></span> <span class='ocrx_word' id='word_1_111' title='bbox 1701 1650 1866 1708; x_wconf 89' lang='lat' dir='ltr'><strong>vobis</strong></span> 
     </span>
    </p>
   </div>
   <div class='ocr_carea' id='block_1_4' title="bbox 1975 482 3638 1715">
    <p class='ocr_par' dir='ltr' id='par_1_4' title="bbox 1975 482 3638 1715">
     <span class='ocr_line' id='line_1_17' title="bbox 1986 482 3634 559; baseline 0.002 -19"><span class='ocrx_word' id='word_1_112' title='bbox 1986 482 2285 541; x_wconf 90' lang='lat' dir='ltr'><strong>humiliter</strong></span> <span class='ocrx_word' id='word_1_113' title='bbox 2313 482 2719 555; x_wconf 69' lang='lat' dir='ltr'><strong>adiungentes.</strong></span> <span class='ocrx_word' id='word_1_114' title='bbox 2742 482 3040 557; x_wconf 80' lang='lat' dir='ltr'><strong>supplicat</strong></span> <span class='ocrx_word' id='word_1_115' title='bbox 3065 498 3200 540; x_wconf 91' lang='lat' dir='ltr'><strong>cum</strong></span> <span class='ocrx_word' id='word_1_116' title='bbox 3232 484 3318 542; x_wconf 91' lang='lat' dir='ltr'><strong>eis</strong></span> <span class='ocrx_word' id='word_1_117' title='bbox 3357 485 3634 559; x_wconf 85' lang='lat' dir='ltr'><strong>quisquis</strong></span> 
     </span>
     <span class='ocr_line' id='line_1_18' title="bbox 1985 571 3636 645; baseline 0.001 -16"><span class='ocrx_word' id='word_1_118' title='bbox 1985 572 2226 644; x_wconf 90' lang='lat' dir='ltr'><strong>antiqua</strong></span> <span class='ocrx_word' id='word_1_119' title='bbox 2257 571 2523 629; x_wconf 68' lang='lat' dir='ltr'><strong>sscclesiae</strong></span> <span class='ocrx_word' id='word_1_120' title='bbox 2544 572 2894 629; x_wconf 88' lang='lat' dir='ltr'><strong>detrimenta</strong></span> <span class='ocrx_word' id='word_1_121' title='bbox 2921 572 3215 645; x_wconf 85' lang='lat' dir='ltr'><strong>cognovit,</strong></span> <span class='ocrx_word' id='word_1_122' title='bbox 3240 588 3419 645; x_wconf 85' lang='lat' dir='ltr'><strong>quam</strong></span> <span class='ocrx_word' id='word_1_123' title='bbox 3445 573 3543 631; x_wconf 89' lang='lat' dir='ltr'><strong>ille</strong></span> <span class='ocrx_word' id='word_1_124' title='bbox 3564 572 3636 631; x_wconf 89' lang='lat' dir='ltr'><strong>de</strong></span> 
     </span>
     <span class='ocr_line' id='line_1_19' title="bbox 1986 657 3638 734; baseline 0.002 -18"><span class='ocrx_word' id='word_1_125' title='bbox 1986 659 2220 732; x_wconf 88' lang='lat' dir='ltr'><strong>pulvere</strong></span> <span class='ocrx_word' id='word_1_126' title='bbox 2240 657 2597 733; x_wconf 84' lang='lat' dir='ltr'><strong>paupertatis</strong></span> <span class='ocrx_word' id='word_1_127' title='bbox 2617 661 2676 715; x_wconf 89' lang='lat' dir='ltr'><strong>et</strong></span> <span class='ocrx_word' id='word_1_128' title='bbox 2698 658 3040 729; x_wconf 79' lang='lat' dir='ltr'><strong>dejectionis</strong></span> <span class='ocrx_word' id='word_1_129' title='bbox 3073 667 3346 728; x_wconf 77' lang='lat' dir='ltr'><strong>erectam,</strong></span> <span class='ocrx_word' id='word_1_130' title='bbox 3385 661 3459 718; x_wconf 93' lang='lat' dir='ltr'><strong>de</strong></span> <span class='ocrx_word' id='word_1_131' title='bbox 3494 677 3638 734; x_wconf 88' lang='lat' dir='ltr'><strong>pau·</strong></span> 
     </span>
     <span class='ocr_line' id='line_1_20' title="bbox 1985 746 3634 824; baseline 0.001 -17"><span class='ocrx_word' id='word_1_132' title='bbox 1985 766 2120 823; x_wconf 89' lang='lat' dir='ltr'><strong>pere</strong></span> <span class='ocrx_word' id='word_1_133' title='bbox 2137 750 2396 819; x_wconf 89' lang='lat' dir='ltr'><strong>divitem,</strong></span> <span class='ocrx_word' id='word_1_134' title='bbox 2420 749 2491 806; x_wconf 88' lang='lat' dir='ltr'><strong>de</strong></span> <span class='ocrx_word' id='word_1_135' title='bbox 2505 746 2932 820; x_wconf 83' lang='lat' dir='ltr'><strong>contemptibili</strong></span> <span class='ocrx_word' id='word_1_136' title='bbox 2947 748 3358 818; x_wconf 79' lang='lat' dir='ltr'><strong>venerabilem,</strong></span> <span class='ocrx_word' id='word_1_137' title='bbox 3374 750 3446 808; x_wconf 89' lang='lat' dir='ltr'><strong>de</strong></span> <span class='ocrx_word' id='word_1_138' title='bbox 3464 750 3634 824; x_wconf 88' lang='lat' dir='ltr'><strong>igno·</strong></span> 
     </span>
     <span class='ocr_line' id='line_1_21' title="bbox 1984 836 3634 913; baseline 0.001 -18"><span class='ocrx_word' id='word_1_139' title='bbox 1984 838 2085 896; x_wconf 88' lang='lat' dir='ltr'><strong>bili</strong></span> <span class='ocrx_word' id='word_1_140' title='bbox 2116 839 2362 897; x_wconf 84' lang='lat' dir='ltr'><strong>reddidit</strong></span> <span class='ocrx_word' id='word_1_141' title='bbox 2396 837 2737 913; x_wconf 82' lang='lat' dir='ltr'><strong>gloriosam.</strong></span> <span class='ocrx_word' id='word_1_142' title='bbox 2769 837 2834 894; x_wconf 92' lang='lat' dir='ltr'><strong>In</strong></span> <span class='ocrx_word' id='word_1_143' title='bbox 2857 836 3074 909; x_wconf 88' lang='lat' dir='ltr'><strong>quibus</strong></span> <span class='ocrx_word' id='word_1_144' title='bbox 3103 854 3244 897; x_wconf 88' lang='lat' dir='ltr'><strong>sane</strong></span> <span class='ocrx_word' id='word_1_145' title='bbox 3265 839 3634 912; x_wconf 79' lang='lat' dir='ltr'><strong>perficiendis</strong></span> 
     </span>
     <span class='ocr_line' id='line_1_22' title="bbox 1983 925 3631 1003; baseline -0.002 -16"><span class='ocrx_word' id='word_1_146' title='bbox 1983 928 2259 1003; x_wconf 87' lang='lat' dir='ltr'><strong>quisquis</strong></span> <span class='ocrx_word' id='word_1_147' title='bbox 2287 926 2546 985; x_wconf 89' lang='lat' dir='ltr'><strong>laborem</strong></span> <span class='ocrx_word' id='word_1_148' title='bbox 2576 927 2710 998; x_wconf 79' lang='lat' dir='ltr'><strong>eJus</strong></span> <span class='ocrx_word' id='word_1_149' title='bbox 2740 925 3211 1000; x_wconf 89' lang='lat' dir='ltr'><strong>industrlamque</strong></span> <span class='ocrx_word' id='word_1_150' title='bbox 3247 928 3631 1001; x_wconf 82' lang='lat' dir='ltr'><strong>perspexerit,</strong></span> 
     </span>
     <span class='ocr_line' id='line_1_23' title="bbox 1982 1016 3631 1092; baseline 0.001 -17"><span class='ocrx_word' id='word_1_151' title='bbox 1982 1017 2255 1092; x_wconf 86' lang='lat' dir='ltr'><strong>probabit</strong></span> <span class='ocrx_word' id='word_1_152' title='bbox 2282 1032 2413 1075; x_wconf 90' lang='lat' dir='ltr'><strong>cum</strong></span> <span class='ocrx_word' id='word_1_153' title='bbox 2433 1016 2493 1074; x_wconf 88' lang='lat' dir='ltr'><strong>in</strong></span> <span class='ocrx_word' id='word_1_154' title='bbox 2520 1016 2894 1074; x_wconf 87' lang='lat' dir='ltr'><strong>exsecutione</strong></span> <span class='ocrx_word' id='word_1_155' title='bbox 2922 1017 3319 1088; x_wconf 87' lang='lat' dir='ltr'><strong>prudentiam,</strong></span> <span class='ocrx_word' id='word_1_156' title='bbox 3350 1022 3475 1076; x_wconf 89' lang='lat' dir='ltr'><strong>tum</strong></span> <span class='ocrx_word' id='word_1_157' title='bbox 3497 1035 3631 1077; x_wconf 89' lang='lat' dir='ltr'><strong>ma-</strong></span> 
     </span>
     <span class='ocr_line' id='line_1_24' title="bbox 1982 1105 3627 1183; baseline 0.001 -20"><span class='ocrx_word' id='word_1_158' title='bbox 1982 1106 2383 1183; x_wconf 85' lang='lat' dir='ltr'><strong>gnificentiam</strong></span> <span class='ocrx_word' id='word_1_159' title='bbox 2415 1105 2475 1165; x_wconf 89' lang='lat' dir='ltr'><strong>in</strong></span> <span class='ocrx_word' id='word_1_160' title='bbox 2503 1105 2733 1163; x_wconf 70' lang='lat' dir='ltr'><strong>effectu.</strong></span> <span class='ocrx_word' id='word_1_161' title='bbox 2773 1109 3044 1163; x_wconf 86' lang='lat' dir='ltr'><strong>Testatur</strong></span> <span class='ocrx_word' id='word_1_162' title='bbox 3090 1105 3202 1164; x_wconf 89' lang='lat' dir='ltr'><strong>hoc</strong></span> <span class='ocrx_word' id='word_1_163' title='bbox 3247 1107 3627 1165; x_wconf 62' lang='lat' dir='ltr'><strong>edificiorum</strong></span> 
     </span>
     <span class='ocr_line' id='line_1_25' title="bbox 1981 1194 3629 1270; baseline 0.001 -16"><span class='ocrx_word' id='word_1_164' title='bbox 1981 1197 2293 1270; x_wconf 86' lang='lat' dir='ltr'><strong>reparatio,</strong></span> <span class='ocrx_word' id='word_1_165' title='bbox 2324 1194 2609 1255; x_wconf 81' lang='lat' dir='ltr'><strong>revocatio</strong></span> <span class='ocrx_word' id='word_1_166' title='bbox 2641 1195 3104 1268; x_wconf 84' lang='lat' dir='ltr'><strong>possessionum,</strong></span> <span class='ocrx_word' id='word_1_167' title='bbox 3134 1199 3194 1253; x_wconf 92' lang='lat' dir='ltr'><strong>et</strong></span> <span class='ocrx_word' id='word_1_168' title='bbox 3240 1199 3496 1270; x_wconf 82' lang='lat' dir='ltr'><strong>antiun</strong></span> <span class='ocrx_word' id='word_1_169' title='bbox 3526 1213 3629 1256; x_wconf 90' lang='lat' dir='ltr'><strong>re-</strong></span> 
     </span>
     <span class='ocr_line' id='line_1_26' title="bbox 1977 1283 3628 1358; baseline 0.001 -15"><span class='ocrx_word' id='word_1_170' title='bbox 1977 1286 2260 1343; x_wconf 86' lang='lat' dir='ltr'><strong>stauratio</strong></span> <span class='ocrx_word' id='word_1_171' title='bbox 2288 1284 2595 1358; x_wconf 83' lang='lat' dir='ltr'><strong>dignitatis</strong></span> <span class='ocrx_word' id='word_1_172' title='bbox 2628 1300 2805 1357; x_wconf 87' lang='lat' dir='ltr'><strong>quam</strong></span> <span class='ocrx_word' id='word_1_173' title='bbox 2832 1285 2893 1342; x_wconf 90' lang='lat' dir='ltr'><strong>in</strong></span> <span class='ocrx_word' id='word_1_174' title='bbox 2923 1283 3421 1344; x_wconf 85' lang='lat' dir='ltr'><strong>conculcationem</strong></span> <span class='ocrx_word' id='word_1_175' title='bbox 3459 1285 3628 1345; x_wconf 88' lang='lat' dir='ltr'><strong>dede-</strong></span> 
     </span>
     <span class='ocr_line' id='line_1_27' title="bbox 1978 1373 3628 1448; baseline 0 -15"><span class='ocrx_word' id='word_1_176' title='bbox 1978 1382 2064 1433; x_wconf 89' lang='lat' dir='ltr'><strong>rat</strong></span> <span class='ocrx_word' id='word_1_177' title='bbox 2095 1374 2428 1447; x_wconf 79' lang='lat' dir='ltr'><strong>malignitas</strong></span> <span class='ocrx_word' id='word_1_178' title='bbox 2457 1378 2515 1433; x_wconf 91' lang='lat' dir='ltr'><strong>et</strong></span> <span class='ocrx_word' id='word_1_179' title='bbox 2538 1373 2797 1447; x_wconf 88' lang='lat' dir='ltr'><strong>potentia</strong></span> <span class='ocrx_word' id='word_1_180' title='bbox 2832 1375 2908 1447; x_wconf 60' lang='grc' dir='ltr'><strong>(ἢ)</strong></span> <span class='ocrx_word' id='word_1_181' title='bbox 2949 1389 3373 1448; x_wconf 85' lang='lat' dir='ltr'><strong>perversorum.</strong></span> <span class='ocrx_word' id='word_1_182' title='bbox 3422 1374 3628 1433; x_wconf 83' lang='lat' dir='ltr'><strong>Exsul·</strong></span> 
     </span>
     <span class='ocr_line' id='line_1_28' title="bbox 1977 1460 3626 1536; baseline 0.001 -16"><span class='ocrx_word' id='word_1_183' title='bbox 1977 1463 2190 1520; x_wconf 89' lang='lat' dir='ltr'><strong>tabunt</strong></span> <span class='ocrx_word' id='word_1_184' title='bbox 2218 1462 2400 1536; x_wconf 90' lang='lat' dir='ltr'><strong>igitur</strong></span> <span class='ocrx_word' id='word_1_185' title='bbox 2428 1461 2535 1534; x_wconf 86' lang='lat' dir='ltr'><strong>illi,</strong></span> <span class='ocrx_word' id='word_1_186' title='bbox 2568 1461 2617 1518; x_wconf 89' lang='lat' dir='ltr'><strong>si</strong></span> <span class='ocrx_word' id='word_1_187' title='bbox 2643 1462 2975 1535; x_wconf 81' lang='lat' dir='ltr'><strong>migraverit</strong></span> <span class='ocrx_word' id='word_1_188' title='bbox 3015 1461 3069 1519; x_wconf 91' lang='lat' dir='ltr'><strong>is</strong></span> <span class='ocrx_word' id='word_1_189' title='bbox 3133 1478 3250 1535; x_wconf 87' lang='lat' dir='ltr'><strong>quo</strong></span> <span class='ocrx_word' id='word_1_190' title='bbox 3298 1460 3626 1522; x_wconf 86' lang='lat' dir='ltr'><strong>debellante</strong></span> 
     </span>
     <span class='ocr_line' id='line_1_29' title="bbox 1976 1551 3623 1624; baseline 0 -15"><span class='ocrx_word' id='word_1_191' title='bbox 1976 1551 2187 1623; x_wconf 74' lang='lat' dir='ltr'><strong>deiecti</strong></span> <span class='ocrx_word' id='word_1_192' title='bbox 2218 1554 2379 1620; x_wconf 87' lang='lat' dir='ltr'><strong>sunt,</strong></span> <span class='ocrx_word' id='word_1_193' title='bbox 2403 1551 2651 1623; x_wconf 87' lang='lat' dir='ltr'><strong>jamque</strong></span> <span class='ocrx_word' id='word_1_194' title='bbox 2679 1566 2892 1608; x_wconf 84' lang='lat' dir='ltr'><strong>manus</strong></span> <span class='ocrx_word' id='word_1_195' title='bbox 2922 1551 3124 1609; x_wconf 85' lang='lat' dir='ltr'><strong>avidas</strong></span> <span class='ocrx_word' id='word_1_196' title='bbox 3145 1555 3421 1624; x_wconf 90' lang='lat' dir='ltr'><strong>reparant</strong></span> <span class='ocrx_word' id='word_1_197' title='bbox 3439 1551 3512 1610; x_wconf 87' lang='lat' dir='ltr'><strong>ad</strong></span> <span class='ocrx_word' id='word_1_198' title='bbox 3532 1569 3623 1609; x_wconf 95' lang='lat' dir='ltr'><strong>ra-</strong></span> 
     </span>
     <span class='ocr_line' id='line_1_30' title="bbox 1975 1639 3621 1715; baseline -0.001 -16"><span class='ocrx_word' id='word_1_199' title='bbox 1975 1643 2174 1715; x_wconf 90' lang='lat' dir='ltr'><strong>pinam</strong></span> <span class='ocrx_word' id='word_1_200' title='bbox 2206 1641 2307 1714; x_wconf 91' lang='lat' dir='ltr'><strong>qui</strong></span> <span class='ocrx_word' id='word_1_201' title='bbox 2337 1639 2611 1698; x_wconf 87' lang='lat' dir='ltr'><strong>licentius</strong></span> <span class='ocrx_word' id='word_1_202' title='bbox 2640 1645 3062 1699; x_wconf 87' lang='lat' dir='ltr'><strong>consueverant</strong></span> <span class='ocrx_word' id='word_1_203' title='bbox 3089 1641 3151 1698; x_wconf 92' lang='lat' dir='ltr'><strong>in</strong></span> <span class='ocrx_word' id='word_1_204' title='bbox 3183 1641 3319 1714; x_wconf 76' lang='lat' dir='ltr'><strong>jura</strong></span> <span class='ocrx_word' id='word_1_205' title='bbox 3353 1640 3621 1700; x_wconf 65' lang='lat' dir='ltr'><strong>Ecclesia</strong></span> 
     </span>
    </p>
   </div>
   <div class='ocr_carea' id='block_1_5' title="bbox 202 1729 3622 1900">
    <p class='ocr_par' dir='ltr' id='par_1_5' title="bbox 202 1729 3622 1900">
     <span class='ocr_line' id='line_1_31' title="bbox 204 1729 3622 1852; baseline 0 -62"><span class='ocrx_word' id='word_1_206' title='bbox 204 1731 602 1791; x_wconf 89' lang='lat' dir='ltr'><strong>nihilominus</strong></span> <span class='ocrx_word' id='word_1_207' title='bbox 622 1733 777 1805; x_wconf 88' lang='lat' dir='ltr'><strong>apud</strong></span> <span class='ocrx_word' id='word_1_208' title='bbox 808 1748 905 1791; x_wconf 88' lang='lat' dir='ltr'><strong>me</strong></span> <span class='ocrx_word' id='word_1_209' title='bbox 931 1738 1123 1807; x_wconf 82' lang='lat' dir='ltr'><strong>vetus,</strong></span> <span class='ocrx_word' id='word_1_210' title='bbox 1149 1735 1251 1793; x_wconf 89' lang='lat' dir='ltr'><strong>sed</strong></span> <span class='ocrx_word' id='word_1_211' title='bbox 1285 1752 1401 1794; x_wconf 92' lang='lat' dir='ltr'><strong>non</strong></span> <span class='ocrx_word' id='word_1_212' title='bbox 1432 1737 1750 1797; x_wconf 80' lang='lat' dir='ltr'><strong>inveterata</strong></span> <span class='ocrx_word' id='word_1_213' title='bbox 1768 1740 1866 1798; x_wconf 87' lang='lat' dir='ltr'><strong>di-</strong></span> <span class='ocrx_word' id='word_1_214' title='bbox 1896 1784 1944 1852; x_wconf 74' lang='lat' dir='ltr'>B</span> <span class='ocrx_word' id='word_1_215' title='bbox 1973 1730 2304 1804; x_wconf 86' lang='lat' dir='ltr'><strong>malignari.</strong></span> <span class='ocrx_word' id='word_1_216' title='bbox 2328 1730 2477 1798; x_wconf 87' lang='lat' dir='ltr'><strong>Quia</strong></span> <span class='ocrx_word' id='word_1_217' title='bbox 2501 1730 2681 1804; x_wconf 87' lang='lat' dir='ltr'><strong>igitur</strong></span> <span class='ocrx_word' id='word_1_218' title='bbox 2703 1729 2810 1786; x_wconf 81' lang='lat' dir='ltr'><strong>filii</strong></span> <span class='ocrx_word' id='word_1_219' title='bbox 2831 1733 2889 1788; x_wconf 90' lang='lat' dir='ltr'><strong>et</strong></span> <span class='ocrx_word' id='word_1_220' title='bbox 2910 1730 3107 1789; x_wconf 86' lang='lat' dir='ltr'><strong>fideles</strong></span> <span class='ocrx_word' id='word_1_221' title='bbox 3127 1729 3395 1790; x_wconf 66' lang='lat' dir='ltr'><strong>Ecclesia</strong></span> <span class='ocrx_word' id='word_1_222' title='bbox 3421 1730 3622 1790; x_wconf 91' lang='lat' dir='ltr'><strong>immi·</strong></span> 
     </span>
     <span class='ocr_line' id='line_1_32' title="bbox 202 1819 3621 1900; baseline -0.001 -15"><span class='ocrx_word' id='word_1_223' title='bbox 202 1820 391 1890; x_wconf 74' lang='lat' dir='ltr'><strong>lectIo,</strong></span> <span class='ocrx_word' id='word_1_224' title='bbox 413 1836 573 1894; x_wconf 66' lang='lat' dir='ltr'><strong>qua,</strong></span> <span class='ocrx_word' id='word_1_225' title='bbox 592 1820 733 1880; x_wconf 70' lang='lat' dir='ltr'><strong>lieet</strong></span> <span class='ocrx_word' id='word_1_226' title='bbox 761 1822 1243 1882; x_wconf 55' lang='lat' dir='ltr'><strong>&amp;adolescentia</strong></span> <span class='ocrx_word' id='word_1_227' title='bbox 1262 1825 1453 1897; x_wconf 84' lang='lat' dir='ltr'><strong>prima</strong></span> <span class='ocrx_word' id='word_1_228' title='bbox 1490 1827 1859 1900; x_wconf 87' lang='lat' dir='ltr'><strong>processerit,</strong></span> <span class='ocrx_word' id='word_1_229' title='bbox 1972 1822 2174 1880; x_wconf 90' lang='lat' dir='ltr'><strong>nentia</strong></span> <span class='ocrx_word' id='word_1_230' title='bbox 2181 1822 2311 1894; x_wconf 88' lang='lat' dir='ltr'><strong>jam</strong></span> <span class='ocrx_word' id='word_1_231' title='bbox 2342 1819 2455 1878; x_wconf 90' lang='lat' dir='ltr'><strong>sibi</strong></span> <span class='ocrx_word' id='word_1_232' title='bbox 2485 1820 2838 1878; x_wconf 86' lang='lat' dir='ltr'><strong>detrimenta</strong></span> <span class='ocrx_word' id='word_1_233' title='bbox 2866 1820 3264 1893; x_wconf 68' lang='lat' dir='ltr'><strong>prasentiunt,</strong></span> <span class='ocrx_word' id='word_1_234' title='bbox 3286 1823 3358 1879; x_wconf 90' lang='lat' dir='ltr'><strong>ad</strong></span> <span class='ocrx_word' id='word_1_235' title='bbox 3394 1822 3621 1881; x_wconf 85' lang='lat' dir='ltr'><strong>disere-</strong></span> 
     </span>
    </p>
   </div>
   <div class='ocr_carea' id='block_1_6' title="bbox 202 1909 1863 3159">
    <p class='ocr_par' dir='ltr' id='par_1_6' title="bbox 202 1909 1863 3159">
     <span class='ocr_line' id='line_1_33' title="bbox 206 1909 1863 1987; baseline 0.005 -19"><span class='ocrx_word' id='word_1_236' title='bbox 206 1909 427 1968; x_wconf 85' lang='lat' dir='ltr'><strong>nnllam</strong></span> <span class='ocrx_word' id='word_1_237' title='bbox 456 1910 660 1968; x_wconf 91' lang='lat' dir='ltr'><strong>adhuc</strong></span> <span class='ocrx_word' id='word_1_238' title='bbox 688 1912 883 1985; x_wconf 90' lang='lat' dir='ltr'><strong>potuit</strong></span> <span class='ocrx_word' id='word_1_239' title='bbox 916 1912 1212 1972; x_wconf 77' lang='lat' dir='ltr'><strong>incurrere</strong></span> <span class='ocrx_word' id='word_1_240' title='bbox 1249 1917 1754 1987; x_wconf 86' lang='lat' dir='ltr'><strong>senectutem,sed</strong></span> <span class='ocrx_word' id='word_1_241' title='bbox 1773 1934 1863 1977; x_wconf 91' lang='lat' dir='ltr'><strong>me</strong></span> 
     </span>
     <span class='ocr_line' id='line_1_34' title="bbox 209 1998 1861 2079; baseline 0.005 -22"><span class='ocrx_word' id='word_1_242' title='bbox 209 2001 271 2057; x_wconf 88' lang='lat' dir='ltr'><strong>ad</strong></span> <span class='ocrx_word' id='word_1_243' title='bbox 290 1998 503 2059; x_wconf 89' lang='lat' dir='ltr'><strong>omnia</strong></span> <span class='ocrx_word' id='word_1_244' title='bbox 519 2016 656 2073; x_wconf 68' lang='lat' dir='ltr'><strong>quo</strong></span> <span class='ocrx_word' id='word_1_245' title='bbox 672 2000 840 2059; x_wconf 81' lang='lat' dir='ltr'><strong>vobis</strong></span> <span class='ocrx_word' id='word_1_246' title='bbox 864 2001 1076 2073; x_wconf 90' lang='lat' dir='ltr'><strong>placita</strong></span> <span class='ocrx_word' id='word_1_247' title='bbox 1098 2003 1285 2062; x_wconf 75' lang='lat' dir='ltr'><strong>forent</strong></span> <span class='ocrx_word' id='word_1_248' title='bbox 1305 2009 1574 2079; x_wconf 88' lang='lat' dir='ltr'><strong>paratum</strong></span> <span class='ocrx_word' id='word_1_249' title='bbox 1597 2011 1721 2066; x_wconf 89' lang='lat' dir='ltr'><strong>tota</strong></span> <span class='ocrx_word' id='word_1_250' title='bbox 1755 2008 1861 2065; x_wconf 92' lang='lat' dir='ltr'><strong>de-</strong></span> 
     </span>
     <span class='ocr_line' id='line_1_35' title="bbox 212 2089 1859 2166; baseline 0.004 -19"><span class='ocrx_word' id='word_1_251' title='bbox 212 2089 436 2148; x_wconf 75' lang='lat' dir='ltr'><strong>votione</strong></span> <span class='ocrx_word' id='word_1_252' title='bbox 453 2090 760 2149; x_wconf 87' lang='lat' dir='ltr'><strong>servabat.</strong></span> <span class='ocrx_word' id='word_1_253' title='bbox 777 2091 927 2159; x_wconf 85' lang='lat' dir='ltr'><strong>Quia</strong></span> <span class='ocrx_word' id='word_1_254' title='bbox 942 2093 1122 2166; x_wconf 86' lang='lat' dir='ltr'><strong>igitur</strong></span> <span class='ocrx_word' id='word_1_255' title='bbox 1151 2094 1376 2153; x_wconf 89' lang='lat' dir='ltr'><strong>otiosus</strong></span> <span class='ocrx_word' id='word_1_256' title='bbox 1399 2112 1565 2154; x_wconf 90' lang='lat' dir='ltr'><strong>amor</strong></span> <span class='ocrx_word' id='word_1_257' title='bbox 1584 2111 1712 2155; x_wconf 89' lang='lat' dir='ltr'><strong>esse</strong></span> <span class='ocrx_word' id='word_1_258' title='bbox 1744 2114 1859 2156; x_wconf 91' lang='lat' dir='ltr'><strong>non</strong></span> 
     </span>
     <span class='ocr_line' id='line_1_36' title="bbox 207 2179 1860 2257; baseline 0.005 -21"><span class='ocrx_word' id='word_1_259' title='bbox 207 2179 395 2247; x_wconf 90' lang='lat' dir='ltr'><strong>debet,</strong></span> <span class='ocrx_word' id='word_1_260' title='bbox 415 2179 509 2239; x_wconf 86' lang='lat' dir='ltr'><strong>sel</strong></span> <span class='ocrx_word' id='word_1_261' title='bbox 529 2179 775 2240; x_wconf 86' lang='lat' dir='ltr'><strong>alternis</strong></span> <span class='ocrx_word' id='word_1_262' title='bbox 794 2181 1041 2241; x_wconf 82' lang='lat' dir='ltr'><strong>invicem</strong></span> <span class='ocrx_word' id='word_1_263' title='bbox 1058 2184 1314 2257; x_wconf 89' lang='lat' dir='ltr'><strong>pascitur</strong></span> <span class='ocrx_word' id='word_1_264' title='bbox 1334 2189 1395 2243; x_wconf 90' lang='lat' dir='ltr'><strong>et</strong></span> <span class='ocrx_word' id='word_1_265' title='bbox 1414 2186 1712 2245; x_wconf 85' lang='lat' dir='ltr'><strong>revirescit</strong></span> <span class='ocrx_word' id='word_1_266' title='bbox 1749 2188 1860 2245; x_wconf 87' lang='lat' dir='ltr'><strong>ob—</strong></span> 
     </span>
     <span class='ocr_line' id='line_1_37' title="bbox 204 2266 1860 2346; baseline 0.004 -21"><span class='ocrx_word' id='word_1_267' title='bbox 204 2268 446 2340; x_wconf 81' lang='lat' dir='ltr'><strong>sequiis,</strong></span> <span class='ocrx_word' id='word_1_268' title='bbox 466 2268 535 2324; x_wconf 85' lang='lat' dir='ltr'><strong>id</strong></span> <span class='ocrx_word' id='word_1_269' title='bbox 553 2266 830 2327; x_wconf 87' lang='lat' dir='ltr'><strong>interima</strong></span> <span class='ocrx_word' id='word_1_270' title='bbox 858 2269 1170 2330; x_wconf 88' lang='lat' dir='ltr'><strong>dilectione</strong></span> <span class='ocrx_word' id='word_1_271' title='bbox 1189 2276 1386 2331; x_wconf 86' lang='lat' dir='ltr'><strong>vestra</strong></span> <span class='ocrx_word' id='word_1_272' title='bbox 1397 2274 1711 2346; x_wconf 89' lang='lat' dir='ltr'><strong>petendum</strong></span> <span class='ocrx_word' id='word_1_273' title='bbox 1730 2291 1860 2332; x_wconf 90' lang='lat' dir='ltr'><strong>cen-</strong></span> 
     </span>
     <span class='ocr_line' id='line_1_38' title="bbox 204 2357 1856 2432; baseline 0.005 -19"><span class='ocrx_word' id='word_1_274' title='bbox 204 2359 314 2426; x_wconf 91' lang='lat' dir='ltr'><strong>sui,</strong></span> <span class='ocrx_word' id='word_1_275' title='bbox 343 2362 418 2414; x_wconf 92' lang='lat' dir='ltr'><strong>ut</strong></span> <span class='ocrx_word' id='word_1_276' title='bbox 444 2357 663 2416; x_wconf 84' lang='lat' dir='ltr'><strong>ducem</strong></span> <span class='ocrx_word' id='word_1_277' title='bbox 694 2362 983 2432; x_wconf 85' lang='lat' dir='ltr'><strong>nostrum,</strong></span> <span class='ocrx_word' id='word_1_278' title='bbox 1013 2360 1235 2432; x_wconf 84' lang='lat' dir='ltr'><strong>cuijus</strong></span> <span class='ocrx_word' id='word_1_279' title='bbox 1253 2363 1646 2421; x_wconf 83' lang='lat' dir='ltr'><strong>successionis</strong></span> <span class='ocrx_word' id='word_1_280' title='bbox 1666 2363 1856 2421; x_wconf 79' lang='lat' dir='ltr'><strong>haere-</strong></span> 
     </span>
     <span class='ocr_line' id='line_1_39' title="bbox 204 2447 1856 2526; baseline 0.005 -23"><span class='ocrx_word' id='word_1_281' title='bbox 204 2447 430 2504; x_wconf 69' lang='lat' dir='ltr'><strong>ditatio</strong></span> <span class='ocrx_word' id='word_1_282' title='bbox 460 2448 632 2521; x_wconf 88' lang='lat' dir='ltr'><strong>regni</strong></span> <span class='ocrx_word' id='word_1_283' title='bbox 665 2448 843 2506; x_wconf 80' lang='lat' dir='ltr'><strong>vestri</strong></span> <span class='ocrx_word' id='word_1_284' title='bbox 900 2448 1296 2522; x_wconf 85' lang='lat' dir='ltr'><strong>gubernacula</strong></span> <span class='ocrx_word' id='word_1_285' title='bbox 1343 2453 1532 2523; x_wconf 89' lang='lat' dir='ltr'><strong>dehet,</strong></span> <span class='ocrx_word' id='word_1_286' title='bbox 1568 2457 1856 2526; x_wconf 89' lang='lat' dir='ltr'><strong>quantum</strong></span> 
     </span>
     <span class='ocr_line' id='line_1_40' title="bbox 204 2537 1856 2616; baseline 0.005 -22"><span class='ocrx_word' id='word_1_287' title='bbox 204 2537 517 2595; x_wconf 83' lang='lat' dir='ltr'><strong>honestate</strong></span> <span class='ocrx_word' id='word_1_288' title='bbox 553 2544 746 2596; x_wconf 89' lang='lat' dir='ltr'><strong>vestra</strong></span> <span class='ocrx_word' id='word_1_289' title='bbox 785 2538 1050 2612; x_wconf 88' lang='lat' dir='ltr'><strong>poteritis</strong></span> <span class='ocrx_word' id='word_1_290' title='bbox 1086 2540 1369 2614; x_wconf 89' lang='lat' dir='ltr'><strong>diligatis,</strong></span> <span class='ocrx_word' id='word_1_291' title='bbox 1408 2542 1690 2616; x_wconf 86' lang='lat' dir='ltr'><strong>mihique,</strong></span> <span class='ocrx_word' id='word_1_292' title='bbox 1721 2559 1856 2602; x_wconf 90' lang='lat' dir='ltr'><strong>cum</strong></span> 
     </span>
     <span class='ocr_line' id='line_1_41' title="bbox 202 2627 1858 2707; baseline 0.004 -22"><span class='ocrx_word' id='word_1_293' title='bbox 202 2627 432 2685; x_wconf 77' lang='lat' dir='ltr'><strong>occasio</strong></span> <span class='ocrx_word' id='word_1_294' title='bbox 466 2630 852 2701; x_wconf 76' lang='lat' dir='ltr'><strong>suggesserit,</strong></span> <span class='ocrx_word' id='word_1_295' title='bbox 891 2629 1050 2703; x_wconf 87' lang='lat' dir='ltr'><strong>quod</strong></span> <span class='ocrx_word' id='word_1_296' title='bbox 1094 2630 1377 2702; x_wconf 87' lang='lat' dir='ltr'><strong>placuerit</strong></span> <span class='ocrx_word' id='word_1_297' title='bbox 1414 2632 1758 2707; x_wconf 80' lang='lat' dir='ltr'><strong>injungatis,</strong></span> <span class='ocrx_word' id='word_1_298' title='bbox 1792 2637 1858 2691; x_wconf 95' lang='lat' dir='ltr'><strong>ut</strong></span> 
     </span>
     <span class='ocr_line' id='line_1_42' title="bbox 205 2715 1858 2797; baseline 0.006 -24"><span class='ocrx_word' id='word_1_299' title='bbox 205 2720 423 2774; x_wconf 72' lang='lat' dir='ltr'><strong>mutua</strong></span> <span class='ocrx_word' id='word_1_300' title='bbox 435 2715 779 2776; x_wconf 87' lang='lat' dir='ltr'><strong>dilectionis</strong></span> <span class='ocrx_word' id='word_1_301' title='bbox 795 2717 1039 2778; x_wconf 78' lang='lat' dir='ltr'><strong>affectus</strong></span> <span class='ocrx_word' id='word_1_302' title='bbox 1052 2724 1260 2779; x_wconf 87' lang='lat' dir='ltr'><strong>mutua</strong></span> <span class='ocrx_word' id='word_1_303' title='bbox 1287 2737 1515 2795; x_wconf 89' lang='lat' dir='ltr'><strong>semper</strong></span> <span class='ocrx_word' id='word_1_304' title='bbox 1539 2724 1731 2797; x_wconf 87' lang='lat' dir='ltr'><strong>operis</strong></span> <span class='ocrx_word' id='word_1_305' title='bbox 1752 2740 1858 2783; x_wconf 92' lang='lat' dir='ltr'><strong>ex-</strong></span> 
     </span>
     <span class='ocr_line' id='line_1_43' title="bbox 202 2806 1072 2869; baseline 0.006 -5"><span class='ocrx_word' id='word_1_306' title='bbox 202 2806 491 2866; x_wconf 86' lang='lat' dir='ltr'><strong>hibitione</strong></span> <span class='ocrx_word' id='word_1_307' title='bbox 518 2816 874 2866; x_wconf 81' lang='lat' dir='ltr'><strong>concrescat.</strong></span> <span class='ocrx_word' id='word_1_308' title='bbox 906 2808 1072 2869; x_wconf 89' lang='lat' dir='ltr'><strong>Vale.</strong></span> 
     </span>
     <span class='ocr_line' id='line_1_44' title="bbox 480 2989 1593 3055; baseline 0.005 -8"><span class='ocrx_word' id='word_1_309' title='bbox 480 3006 560 3047; x_wconf 72' lang='lat' dir='ltr'><strong>an</strong></span> <span class='ocrx_word' id='word_1_310' title='bbox 595 3006 893 3051; x_wconf 78' lang='lat' dir='ltr'><strong>suoxntms</strong></span> <span class='ocrx_word' id='word_1_311' title='bbox 927 2989 1193 3053; x_wconf 65' lang='lat' dir='ltr'><strong>assam</strong></span> <span class='ocrx_word' id='word_1_312' title='bbox 1232 3012 1280 3052; x_wconf 85' lang='lat' dir='ltr'><strong>s.</strong></span> <span class='ocrx_word' id='word_1_313' title='bbox 1321 3012 1593 3055; x_wconf 71' lang='lat' dir='ltr'><strong>nionxsu.</strong></span> 
     </span>
     <span class='ocr_line' id='line_1_45' title="bbox 262 3080 1851 3159; baseline 0.006 -23"><span class='ocrx_word' id='word_1_314' title='bbox 262 3080 606 3139; x_wconf 86' lang='lat' dir='ltr'><strong>Venerabili</strong></span> <span class='ocrx_word' id='word_1_315' title='bbox 623 3085 684 3140; x_wconf 91' lang='lat' dir='ltr'><strong>et</strong></span> <span class='ocrx_word' id='word_1_316' title='bbox 703 3081 938 3141; x_wconf 90' lang='lat' dir='ltr'><strong>dilectio</strong></span> <span class='ocrx_word' id='word_1_317' title='bbox 955 3084 1115 3144; x_wconf 86' lang='lat' dir='ltr'><strong>Patri</strong></span> <span class='ocrx_word' id='word_1_318' title='bbox 1130 3089 1189 3144; x_wconf 88' lang='lat' dir='ltr'><strong>et</strong></span> <span class='ocrx_word' id='word_1_319' title='bbox 1206 3085 1447 3145; x_wconf 90' lang='lat' dir='ltr'><strong>domino</strong></span> <span class='ocrx_word' id='word_1_320' title='bbox 1468 3087 1851 3159; x_wconf 74' lang='lat' dir='ltr'><strong>Suessio,Dei</strong></span> 
     </span>
    </p>
   </div>
   <div class='ocr_carea' id='block_1_7' title="bbox 1961 1909 3618 3150">
    <p class='ocr_par' dir='ltr' id='par_1_7' title="bbox 1961 1909 3618 3150">
     <span class='ocr_line' id='line_1_46' title="bbox 1970 1909 3618 1988; baseline 0 -18"><span class='ocrx_word' id='word_1_321' title='bbox 1970 1911 2146 1970; x_wconf 88' lang='lat' dir='ltr'><strong>tionis</strong></span> <span class='ocrx_word' id='word_1_322' title='bbox 2174 1914 2234 1969; x_wconf 88' lang='lat' dir='ltr'><strong>et</strong></span> <span class='ocrx_word' id='word_1_323' title='bbox 2263 1909 2677 1968; x_wconf 69' lang='lat' dir='ltr'><strong>misericordiis</strong></span> <span class='ocrx_word' id='word_1_324' title='bbox 2708 1913 2913 1968; x_wconf 64' lang='lat' dir='ltr'><strong>vestra)</strong></span> <span class='ocrx_word' id='word_1_325' title='bbox 2942 1910 3271 1969; x_wconf 86' lang='lat' dir='ltr'><strong>subsidium</strong></span> <span class='ocrx_word' id='word_1_326' title='bbox 3319 1911 3618 1988; x_wconf 79' lang='lat' dir='ltr'><strong>singulare</strong></span> 
     </span>
     <span class='ocr_line' id='line_1_47' title="bbox 1970 1999 3615 2075; baseline -0.001 -16"><span class='ocrx_word' id='word_1_327' title='bbox 1970 2001 2507 2070; x_wconf 86' lang='lat' dir='ltr'><strong>concurrunt,utad</strong></span> <span class='ocrx_word' id='word_1_328' title='bbox 2519 1999 2915 2057; x_wconf 89' lang='lat' dir='ltr'><strong>conservanda</strong></span> <span class='ocrx_word' id='word_1_329' title='bbox 2927 2016 3055 2072; x_wconf 74' lang='lat' dir='ltr'><strong>quas</strong></span> <span class='ocrx_word' id='word_1_330' title='bbox 3068 2000 3477 2071; x_wconf 89' lang='lat' dir='ltr'><strong>collegitsuum</strong></span> <span class='ocrx_word' id='word_1_331' title='bbox 3490 2001 3615 2075; x_wconf 88' lang='lat' dir='ltr'><strong>epi-</strong></span> 
     </span>
     <span class='ocr_line' id='line_1_48' title="bbox 1969 2088 3616 2162; baseline -0.001 -15"><span class='ocrx_word' id='word_1_332' title='bbox 1969 2105 2214 2162; x_wconf 82' lang='lat' dir='ltr'><strong>scopum</strong></span> <span class='ocrx_word' id='word_1_333' title='bbox 2230 2089 2314 2145; x_wconf 89' lang='lat' dir='ltr'><strong>eis</strong></span> <span class='ocrx_word' id='word_1_334' title='bbox 2336 2088 2665 2145; x_wconf 87' lang='lat' dir='ltr'><strong>remittatis.</strong></span> <span class='ocrx_word' id='word_1_335' title='bbox 2691 2088 2871 2145; x_wconf 86' lang='lat' dir='ltr'><strong>Homo</strong></span> <span class='ocrx_word' id='word_1_336' title='bbox 2891 2089 3049 2145; x_wconf 90' lang='lat' dir='ltr'><strong>enim</strong></span> <span class='ocrx_word' id='word_1_337' title='bbox 3076 2089 3306 2146; x_wconf 90' lang='lat' dir='ltr'><strong>consilii</strong></span> <span class='ocrx_word' id='word_1_338' title='bbox 3345 2094 3403 2147; x_wconf 91' lang='lat' dir='ltr'><strong>et</strong></span> <span class='ocrx_word' id='word_1_339' title='bbox 3449 2091 3616 2148; x_wconf 76' lang='lat' dir='ltr'><strong>forti-</strong></span> 
     </span>
     <span class='ocr_line' id='line_1_49' title="bbox 1970 2177 3612 2252; baseline 0.001 -16"><span class='ocrx_word' id='word_1_340' title='bbox 1970 2178 2197 2236; x_wconf 90' lang='lat' dir='ltr'><strong>tudinis</strong></span> <span class='ocrx_word' id='word_1_341' title='bbox 2210 2180 2320 2244; x_wconf 92' lang='lat' dir='ltr'><strong>est,</strong></span> <span class='ocrx_word' id='word_1_342' title='bbox 2341 2181 2548 2250; x_wconf 83' lang='lat' dir='ltr'><strong>potens</strong></span> <span class='ocrx_word' id='word_1_343' title='bbox 2568 2177 2629 2233; x_wconf 91' lang='lat' dir='ltr'><strong>in</strong></span> <span class='ocrx_word' id='word_1_344' title='bbox 2646 2192 2820 2249; x_wconf 88' lang='lat' dir='ltr'><strong>opere</strong></span> <span class='ocrx_word' id='word_1_345' title='bbox 2835 2180 2892 2234; x_wconf 87' lang='lat' dir='ltr'><strong>et</strong></span> <span class='ocrx_word' id='word_1_346' title='bbox 2903 2192 3191 2249; x_wconf 88' lang='lat' dir='ltr'><strong>sermone,</strong></span> <span class='ocrx_word' id='word_1_347' title='bbox 3211 2178 3271 2235; x_wconf 92' lang='lat' dir='ltr'><strong>in</strong></span> <span class='ocrx_word' id='word_1_348' title='bbox 3315 2178 3612 2252; x_wconf 84' lang='lat' dir='ltr'><strong>regalibus</strong></span> 
     </span>
     <span class='ocr_line' id='line_1_50' title="bbox 1967 2266 3613 2341; baseline 0 -14"><span class='ocrx_word' id='word_1_349' title='bbox 1967 2267 2224 2327; x_wconf 84' lang='lat' dir='ltr'><strong>consiliis</strong></span> <span class='ocrx_word' id='word_1_350' title='bbox 2239 2270 2297 2324; x_wconf 88' lang='lat' dir='ltr'><strong>et</strong></span> <span class='ocrx_word' id='word_1_351' title='bbox 2312 2267 2558 2341; x_wconf 88' lang='lat' dir='ltr'><strong>negotiis</strong></span> <span class='ocrx_word' id='word_1_352' title='bbox 2576 2266 2986 2325; x_wconf 88' lang='lat' dir='ltr'><strong>ecclesiasticis</strong></span> <span class='ocrx_word' id='word_1_353' title='bbox 3005 2275 3278 2340; x_wconf 89' lang='lat' dir='ltr'><strong>acceptus</strong></span> <span class='ocrx_word' id='word_1_354' title='bbox 3298 2271 3358 2326; x_wconf 90' lang='lat' dir='ltr'><strong>et</strong></span> <span class='ocrx_word' id='word_1_355' title='bbox 3384 2269 3613 2337; x_wconf 83' lang='lat' dir='ltr'><strong>eiflcax,</strong></span> 
     </span>
     <span class='ocr_line' id='line_1_51' title="bbox 1965 2356 3612 2432; baseline 0.001 -18"><span class='ocrx_word' id='word_1_356' title='bbox 1965 2356 2408 2432; x_wconf 86' lang='lat' dir='ltr'><strong>plurimumque</strong></span> <span class='ocrx_word' id='word_1_357' title='bbox 2419 2360 2539 2413; x_wconf 86' lang='lat' dir='ltr'><strong>tam</strong></span> <span class='ocrx_word' id='word_1_358' title='bbox 2557 2357 2669 2429; x_wconf 88' lang='lat' dir='ltr'><strong>ipsi</strong></span> <span class='ocrx_word' id='word_1_359' title='bbox 2683 2356 3321 2431; x_wconf 86' lang='lat' dir='ltr'><strong>archiepiscopo,quam</strong></span> <span class='ocrx_word' id='word_1_360' title='bbox 3334 2358 3612 2416; x_wconf 89' lang='lat' dir='ltr'><strong>omnibus</strong></span> 
     </span>
     <span class='ocr_line' id='line_1_52' title="bbox 1967 2445 3614 2521; baseline 0.001 -17"><span class='ocrx_word' id='word_1_361' title='bbox 1967 2446 2425 2521; x_wconf 87' lang='lat' dir='ltr'><strong>provincialibus</strong></span> <span class='ocrx_word' id='word_1_362' title='bbox 2447 2445 2742 2518; x_wconf 88' lang='lat' dir='ltr'><strong>episcopis</strong></span> <span class='ocrx_word' id='word_1_363' title='bbox 2781 2446 3150 2503; x_wconf 80' lang='lat' dir='ltr'><strong>necessarius</strong></span> <span class='ocrx_word' id='word_1_364' title='bbox 3180 2448 3249 2503; x_wconf 89' lang='lat' dir='ltr'><strong>ad</strong></span> <span class='ocrx_word' id='word_1_365' title='bbox 3299 2447 3614 2520; x_wconf 86' lang='lat' dir='ltr'><strong>reprimen-</strong></span> 
     </span>
     <span class='ocr_line' id='line_1_53' title="bbox 1964 2535 3613 2609; baseline 0 -15"><span class='ocrx_word' id='word_1_366' title='bbox 1964 2538 2102 2595; x_wconf 91' lang='lat' dir='ltr'><strong>dam</strong></span> <span class='ocrx_word' id='word_1_367' title='bbox 2118 2541 2177 2594; x_wconf 91' lang='lat' dir='ltr'><strong>et</strong></span> <span class='ocrx_word' id='word_1_368' title='bbox 2199 2535 2592 2609; x_wconf 85' lang='lat' dir='ltr'><strong>repellendam</strong></span> <span class='ocrx_word' id='word_1_369' title='bbox 2612 2535 2685 2594; x_wconf 88' lang='lat' dir='ltr'><strong>ab</strong></span> <span class='ocrx_word' id='word_1_370' title='bbox 2705 2535 2957 2595; x_wconf 74' lang='lat' dir='ltr'><strong>Ecclesia</strong></span> <span class='ocrx_word' id='word_1_371' title='bbox 2977 2536 3075 2592; x_wconf 88' lang='lat' dir='ltr'><strong>Dei</strong></span> <span class='ocrx_word' id='word_1_372' title='bbox 3097 2536 3469 2596; x_wconf 89' lang='lat' dir='ltr'><strong>insolentiam</strong></span> <span class='ocrx_word' id='word_1_373' title='bbox 3492 2553 3613 2595; x_wconf 92' lang='lat' dir='ltr'><strong>ma-</strong></span> 
     </span>
     <span class='ocr_line' id='line_1_54' title="bbox 1962 2624 3611 2698; baseline -0.001 -14"><span class='ocrx_word' id='word_1_374' title='bbox 1962 2626 2283 2698; x_wconf 88' lang='lat' dir='ltr'><strong>lignorum.</strong></span> <span class='ocrx_word' id='word_1_375' title='bbox 2313 2624 2692 2682; x_wconf 85' lang='lat' dir='ltr'><strong>Desideratur</strong></span> <span class='ocrx_word' id='word_1_376' title='bbox 2717 2631 2909 2682; x_wconf 89' lang='lat' dir='ltr'><strong>autem</strong></span> <span class='ocrx_word' id='word_1_377' title='bbox 2933 2641 3232 2697; x_wconf 84' lang='lat' dir='ltr'><strong>regressus</strong></span> <span class='ocrx_word' id='word_1_378' title='bbox 3261 2627 3390 2698; x_wconf 80' lang='lat' dir='ltr'><strong>ejus</strong></span> <span class='ocrx_word' id='word_1_379' title='bbox 3413 2626 3487 2683; x_wconf 87' lang='lat' dir='ltr'><strong>ab</strong></span> <span class='ocrx_word' id='word_1_380' title='bbox 3520 2625 3611 2683; x_wconf 88' lang='lat' dir='ltr'><strong>his</strong></span> 
     </span>
     <span class='ocr_line' id='line_1_55' title="bbox 1964 2713 3609 2789; baseline 0 -17"><span class='ocrx_word' id='word_1_381' title='bbox 1964 2716 2068 2789; x_wconf 87' lang='lat' dir='ltr'><strong>qui</strong></span> <span class='ocrx_word' id='word_1_382' title='bbox 2095 2715 2156 2773; x_wconf 91' lang='lat' dir='ltr'><strong>in</strong></span> <span class='ocrx_word' id='word_1_383' title='bbox 2188 2723 2340 2772; x_wconf 87' lang='lat' dir='ltr'><strong>terra</strong></span> <span class='ocrx_word' id='word_1_384' title='bbox 2368 2713 2775 2786; x_wconf 90' lang='lat' dir='ltr'><strong>prudentiores</strong></span> <span class='ocrx_word' id='word_1_385' title='bbox 2805 2718 2967 2783; x_wconf 88' lang='lat' dir='ltr'><strong>sunt,</strong></span> <span class='ocrx_word' id='word_1_386' title='bbox 3000 2717 3058 2771; x_wconf 89' lang='lat' dir='ltr'><strong>et</strong></span> <span class='ocrx_word' id='word_1_387' title='bbox 3085 2714 3137 2773; x_wconf 89' lang='lat' dir='ltr'><strong>si</strong></span> <span class='ocrx_word' id='word_1_388' title='bbox 3167 2715 3301 2787; x_wconf 89' lang='lat' dir='ltr'><strong>quis</strong></span> <span class='ocrx_word' id='word_1_389' title='bbox 3331 2715 3609 2773; x_wconf 85' lang='lat' dir='ltr'><strong>adversus</strong></span> 
     </span>
     <span class='ocr_line' id='line_1_56' title="bbox 1962 2803 3611 2877; baseline -0.001 -14"><span class='ocrx_word' id='word_1_390' title='bbox 1962 2820 2100 2863; x_wconf 91' lang='lat' dir='ltr'><strong>eum</strong></span> <span class='ocrx_word' id='word_1_391' title='bbox 2112 2803 2327 2861; x_wconf 80' lang='lat' dir='ltr'><strong>furtiva</strong></span> <span class='ocrx_word' id='word_1_392' title='bbox 2339 2803 2700 2877; x_wconf 90' lang='lat' dir='ltr'><strong>malignitate</strong></span> <span class='ocrx_word' id='word_1_393' title='bbox 2719 2804 3183 2874; x_wconf 87' lang='lat' dir='ltr'><strong>submurmurat,</strong></span> <span class='ocrx_word' id='word_1_394' title='bbox 3207 2807 3457 2861; x_wconf 89' lang='lat' dir='ltr'><strong>nontam</strong></span> <span class='ocrx_word' id='word_1_395' title='bbox 3469 2803 3611 2862; x_wconf 90' lang='lat' dir='ltr'><strong>cha-</strong></span> 
     </span>
     <span class='ocr_line' id='line_1_57' title="bbox 1964 2893 3609 2969; baseline 0.001 -17"><span class='ocrx_word' id='word_1_396' title='bbox 1964 2895 2134 2953; x_wconf 91' lang='lat' dir='ltr'><strong>ritate</strong></span> <span class='ocrx_word' id='word_1_397' title='bbox 2163 2909 2339 2968; x_wconf 89' lang='lat' dir='ltr'><strong>quam</strong></span> <span class='ocrx_word' id='word_1_398' title='bbox 2360 2894 2604 2962; x_wconf 87' lang='lat' dir='ltr'><strong>invidia,</strong></span> <span class='ocrx_word' id='word_1_399' title='bbox 2636 2909 2743 2953; x_wconf 91' lang='lat' dir='ltr'><strong>nec</strong></span> <span class='ocrx_word' id='word_1_400' title='bbox 2764 2897 2994 2951; x_wconf 88' lang='lat' dir='ltr'><strong>tantum</strong></span> <span class='ocrx_word' id='word_1_401' title='bbox 3013 2893 3243 2952; x_wconf 85' lang='lat' dir='ltr'><strong>delictis</strong></span> <span class='ocrx_word' id='word_1_402' title='bbox 3270 2894 3402 2967; x_wconf 80' lang='lat' dir='ltr'><strong>eJus</strong></span> <span class='ocrx_word' id='word_1_403' title='bbox 3421 2910 3609 2969; x_wconf 88' lang='lat' dir='ltr'><strong>quan·</strong></span> 
     </span>
     <span class='ocr_line' id='line_1_58' title="bbox 1963 2985 3609 3059; baseline 0.001 -14"><span class='ocrx_word' id='word_1_404' title='bbox 1963 2990 2093 3046; x_wconf 88' lang='lat' dir='ltr'><strong>tum</strong></span> <span class='ocrx_word' id='word_1_405' title='bbox 2123 2987 2395 3059; x_wconf 85' lang='lat' dir='ltr'><strong>suspecta</strong></span> <span class='ocrx_word' id='word_1_406' title='bbox 2424 2985 2856 3059; x_wconf 81' lang='lat' dir='ltr'><strong>magnificentia</strong></span> <span class='ocrx_word' id='word_1_407' title='bbox 2883 2988 3304 3045; x_wconf 83' lang='lat' dir='ltr'><strong>commovetur.</strong></span> <span class='ocrx_word' id='word_1_408' title='bbox 3327 2986 3609 3046; x_wconf 87' lang='lat' dir='ltr'><strong>Dominus</strong></span> 
     </span>
     <span class='ocr_line' id='line_1_59' title="bbox 1961 3076 3607 3150; baseline 0.001 -16"><span class='ocrx_word' id='word_1_409' title='bbox 1961 3092 2272 3150; x_wconf 88' lang='lat' dir='ltr'><strong>personam</strong></span> <span class='ocrx_word' id='word_1_410' title='bbox 2298 3080 2546 3134; x_wconf 88' lang='lat' dir='ltr'><strong>vestram</strong></span> <span class='ocrx_word' id='word_1_411' title='bbox 2577 3077 2846 3136; x_wconf 65' lang='lat' dir='ltr'><strong>Ecclesia</strong></span> <span class='ocrx_word' id='word_1_412' title='bbox 2868 3093 2989 3135; x_wconf 82' lang='lat' dir='ltr'><strong>suae</strong></span> <span class='ocrx_word' id='word_1_413' title='bbox 3008 3092 3110 3150; x_wconf 87' lang='lat' dir='ltr'><strong>per</strong></span> <span class='ocrx_word' id='word_1_414' title='bbox 3138 3079 3402 3149; x_wconf 89' lang='lat' dir='ltr'><strong>tempora</strong></span> <span class='ocrx_word' id='word_1_415' title='bbox 3421 3076 3607 3135; x_wconf 86' lang='lat' dir='ltr'><strong>multa</strong></span> 
     </span>
    </p>
   </div>
   <div class='ocr_carea' id='block_1_8' title="bbox 197 3163 2666 3248">
    <p class='ocr_par' dir='ltr' id='par_1_8' title="bbox 197 3163 2666 3248">
     <span class='ocr_line' id='line_1_60' title="bbox 197 3163 2666 3248; baseline 0.003 -19"><span class='ocrx_word' id='word_1_416' title='bbox 197 3171 385 3245; x_wconf 84' lang='lat' dir='ltr'><strong>gratia</strong></span> <span class='ocrx_word' id='word_1_417' title='bbox 398 3170 603 3229; x_wconf 88' lang='lat' dir='ltr'><strong>abbati</strong></span> <span class='ocrx_word' id='word_1_418' title='bbox 623 3171 826 3230; x_wconf 81' lang='lat' dir='ltr'><strong>Sancti</strong></span> <span class='ocrx_word' id='word_1_419' title='bbox 844 3172 1128 3248; x_wconf 73' lang='lat' dir='ltr'><strong>Dionysii,</strong></span> <span class='ocrx_word' id='word_1_420' title='bbox 1146 3177 1458 3235; x_wconf 59' lang='lat' dir='ltr'><strong>manuus</strong></span> <span class='ocrx_word' id='word_1_421' title='bbox 1480 3177 1852 3239; x_wconf 79' lang='lat' dir='ltr'><strong>Lexoviensis</strong></span> <span class='ocrx_word' id='word_1_422' title='bbox 1881 3163 1936 3237; x_wconf 76' lang='lat' dir='ltr'><strong>G</strong></span> <span class='ocrx_word' id='word_1_423' title='bbox 1962 3170 2261 3227; x_wconf 65' lang='lat' dir='ltr'><strong>GonfflrVOt</strong></span> <span class='ocrx_word' id='word_1_424' title='bbox 2289 3165 2666 3227; x_wconf 72' lang='lat' dir='ltr'><strong>1⁰⁰0112m0m·</strong></span> 
     </span>
    </p>
   </div>
   <div class='ocr_carea' id='block_1_9' title="bbox 192 3259 1848 4506">
    <p class='ocr_par' dir='ltr' id='par_1_9' title="bbox 195 3259 1342 3324">
     <span class='ocr_line' id='line_1_61' title="bbox 195 3259 1342 3324; baseline 0.005 -6"><span class='ocrx_word' id='word_1_425' title='bbox 195 3259 467 3319; x_wconf 69' lang='lat' dir='ltr'><strong>Ecclesia</strong></span> <span class='ocrx_word' id='word_1_426' title='bbox 493 3259 745 3321; x_wconf 88' lang='lat' dir='ltr'><strong>humilis</strong></span> <span class='ocrx_word' id='word_1_427' title='bbox 772 3262 1041 3322; x_wconf 87' lang='lat' dir='ltr'><strong>minister</strong></span> <span class='ocrx_word' id='word_1_428' title='bbox 1065 3264 1342 3324; x_wconf 87' lang='lat' dir='ltr'><strong>salutem.</strong></span> 
     </span>
    </p>

    <p class='ocr_par' dir='ltr' id='par_1_10' title="bbox 192 3351 1848 4506">
     <span class='ocr_line' id='line_1_62' title="bbox 254 3351 1846 3431; baseline 0.006 -23"><span class='ocrx_word' id='word_1_429' title='bbox 254 3352 436 3425; x_wconf 76' lang='lat' dir='ltr'><strong>Apud</strong></span> <span class='ocrx_word' id='word_1_430' title='bbox 470 3351 779 3410; x_wconf 87' lang='lat' dir='ltr'><strong>dominam</strong></span> <span class='ocrx_word' id='word_1_431' title='bbox 801 3352 1240 3428; x_wconf 87' lang='lat' dir='ltr'><strong>imperatricem</strong></span> <span class='ocrx_word' id='word_1_432' title='bbox 1267 3356 1536 3417; x_wconf 73' lang='lat' dir='ltr'><strong>etlilium</strong></span> <span class='ocrx_word' id='word_1_433' title='bbox 1566 3359 1695 3431; x_wconf 79' lang='lat' dir='ltr'><strong>eJus</strong></span> <span class='ocrx_word' id='word_1_434' title='bbox 1737 3362 1846 3417; x_wconf 89' lang='lat' dir='ltr'><strong>du-</strong></span> 
     </span>
     <span class='ocr_line' id='line_1_63' title="bbox 193 3439 1848 3521; baseline 0.005 -21"><span class='ocrx_word' id='word_1_435' title='bbox 193 3456 311 3500; x_wconf 86' lang='lat' dir='ltr'><strong>cem</strong></span> <span class='ocrx_word' id='word_1_436' title='bbox 332 3439 814 3511; x_wconf 73' lang='lat' dir='ltr'><strong>Northmanniie‚</strong></span> <span class='ocrx_word' id='word_1_437' title='bbox 835 3443 910 3501; x_wconf 90' lang='lat' dir='ltr'><strong>de</strong></span> <span class='ocrx_word' id='word_1_438' title='bbox 931 3444 1163 3518; x_wconf 88' lang='lat' dir='ltr'><strong>negotio</strong></span> <span class='ocrx_word' id='word_1_439' title='bbox 1182 3445 1258 3505; x_wconf 90' lang='lat' dir='ltr'><strong>de</strong></span> <span class='ocrx_word' id='word_1_440' title='bbox 1277 3462 1395 3521; x_wconf 91' lang='lat' dir='ltr'><strong>quo</strong></span> <span class='ocrx_word' id='word_1_441' title='bbox 1416 3448 1718 3508; x_wconf 83' lang='lat' dir='ltr'><strong>vobiscum</strong></span> <span class='ocrx_word' id='word_1_442' title='bbox 1734 3453 1848 3509; x_wconf 86' lang='lat' dir='ltr'><strong>tra-</strong></span> 
     </span>
     <span class='ocr_line' id='line_1_64' title="bbox 197 3530 1845 3610; baseline 0.007 -22"><span class='ocrx_word' id='word_1_443' title='bbox 197 3530 351 3600; x_wconf 79' lang='lat' dir='ltr'><strong>ctivi,</strong></span> <span class='ocrx_word' id='word_1_444' title='bbox 380 3534 682 3602; x_wconf 88' lang='lat' dir='ltr'><strong>quantum</strong></span> <span class='ocrx_word' id='word_1_445' title='bbox 712 3532 786 3589; x_wconf 93' lang='lat' dir='ltr'><strong>ad</strong></span> <span class='ocrx_word' id='word_1_446' title='bbox 818 3531 1307 3593; x_wconf 80' lang='lat' dir='ltr'><strong>Northmanniam</strong></span> <span class='ocrx_word' id='word_1_447' title='bbox 1328 3538 1603 3610; x_wconf 89' lang='lat' dir='ltr'><strong>pertinet,</strong></span> <span class='ocrx_word' id='word_1_448' title='bbox 1632 3538 1845 3598; x_wconf 88' lang='lat' dir='ltr'><strong>bonam</strong></span> 
     </span>
     <span class='ocr_line' id='line_1_65' title="bbox 196 3618 1845 3699; baseline 0.008 -24"><span class='ocrx_word' id='word_1_449' title='bbox 196 3618 1845 3699; x_wconf 84' lang='lat' dir='ltr'><strong>spem,Dominovolente,concepi,nuntiosquestatimad</strong></span> 
     </span>
     <span class='ocr_line' id='line_1_66' title="bbox 193 3710 1843 3793; baseline 0.006 -26"><span class='ocrx_word' id='word_1_450' title='bbox 193 3710 471 3767; x_wconf 75' lang='lat' dir='ltr'><strong>comitem</strong></span> <span class='ocrx_word' id='word_1_451' title='bbox 501 3711 1008 3784; x_wconf 76' lang='lat' dir='ltr'><strong>Andegavensem,</strong></span> <span class='ocrx_word' id='word_1_452' title='bbox 1035 3730 1139 3787; x_wconf 90' lang='lat' dir='ltr'><strong>pro</strong></span> <span class='ocrx_word' id='word_1_453' title='bbox 1178 3714 1363 3775; x_wconf 88' lang='lat' dir='ltr'><strong>altero</strong></span> <span class='ocrx_word' id='word_1_454' title='bbox 1393 3718 1567 3777; x_wconf 85' lang='lat' dir='ltr'><strong>verbo</strong></span> <span class='ocrx_word' id='word_1_455' title='bbox 1583 3720 1738 3793; x_wconf 88' lang='lat' dir='ltr'><strong>quod</strong></span> <span class='ocrx_word' id='word_1_456' title='bbox 1770 3721 1843 3777; x_wconf 90' lang='lat' dir='ltr'><strong>ad</strong></span> 
     </span>
     <span class='ocr_line' id='line_1_67' title="bbox 194 3797 1843 3880; baseline 0.006 -25"><span class='ocrx_word' id='word_1_457' title='bbox 194 3804 417 3871; x_wconf 82' lang='lat' dir='ltr'><strong>partem</strong></span> <span class='ocrx_word' id='word_1_458' title='bbox 448 3797 621 3856; x_wconf 85' lang='lat' dir='ltr'><strong>illam</strong></span> <span class='ocrx_word' id='word_1_459' title='bbox 651 3803 893 3873; x_wconf 85' lang='lat' dir='ltr'><strong>spectat,</strong></span> <span class='ocrx_word' id='word_1_460' title='bbox 935 3817 1072 3861; x_wconf 91' lang='lat' dir='ltr'><strong>cum</strong></span> <span class='ocrx_word' id='word_1_461' title='bbox 1116 3804 1489 3865; x_wconf 79' lang='lat' dir='ltr'><strong>festinatione</strong></span> <span class='ocrx_word' id='word_1_462' title='bbox 1532 3808 1843 3880; x_wconf 87' lang='lat' dir='ltr'><strong>miserunt,</strong></span> 
     </span>
     <span class='ocr_line' id='line_1_68' title="bbox 194 3888 1845 3972; baseline 0.006 -26"><span class='ocrx_word' id='word_1_463' title='bbox 194 3888 597 3962; x_wconf 82' lang='lat' dir='ltr'><strong>supplicantes</strong></span> <span class='ocrx_word' id='word_1_464' title='bbox 618 3892 684 3946; x_wconf 91' lang='lat' dir='ltr'><strong>ut</strong></span> <span class='ocrx_word' id='word_1_465' title='bbox 708 3890 834 3963; x_wconf 89' lang='lat' dir='ltr'><strong>ipse</strong></span> <span class='ocrx_word' id='word_1_466' title='bbox 851 3892 1096 3950; x_wconf 84' lang='lat' dir='ltr'><strong>verbum</strong></span> <span class='ocrx_word' id='word_1_467' title='bbox 1125 3892 1268 3953; x_wconf 89' lang='lat' dir='ltr'><strong>illud</strong></span> <span class='ocrx_word' id='word_1_468' title='bbox 1289 3897 1362 3954; x_wconf 92' lang='lat' dir='ltr'><strong>ad</strong></span> <span class='ocrx_word' id='word_1_469' title='bbox 1383 3913 1586 3968; x_wconf 91' lang='lat' dir='ltr'><strong>pacem</strong></span> <span class='ocrx_word' id='word_1_470' title='bbox 1618 3905 1845 3972; x_wconf 88' lang='lat' dir='ltr'><strong>tempe-</strong></span> 
     </span>
     <span class='ocr_line' id='line_1_69' title="bbox 193 3976 1841 4058; baseline 0.007 -23"><span class='ocrx_word' id='word_1_471' title='bbox 193 3987 292 4046; x_wconf 85' lang='lat' dir='ltr'><strong>ret,</strong></span> <span class='ocrx_word' id='word_1_472' title='bbox 323 3981 388 4035; x_wconf 92' lang='lat' dir='ltr'><strong>et</strong></span> <span class='ocrx_word' id='word_1_473' title='bbox 416 3976 509 4035; x_wconf 89' lang='lat' dir='ltr'><strong>illi</strong></span> <span class='ocrx_word' id='word_1_474' title='bbox 538 3994 776 4053; x_wconf 87' lang='lat' dir='ltr'><strong>quoque</strong></span> <span class='ocrx_word' id='word_1_475' title='bbox 802 3982 980 4040; x_wconf 80' lang='lat' dir='ltr'><strong>verbo</strong></span> <span class='ocrx_word' id='word_1_476' title='bbox 1020 3984 1178 4058; x_wconf 91' lang='lat' dir='ltr'><strong>quod</strong></span> <span class='ocrx_word' id='word_1_477' title='bbox 1227 3985 1301 4044; x_wconf 93' lang='lat' dir='ltr'><strong>ad</strong></span> <span class='ocrx_word' id='word_1_478' title='bbox 1355 3984 1841 4047; x_wconf 85' lang='lat' dir='ltr'><strong>Northmanniam</strong></span> 
     </span>
     <span class='ocr_line' id='line_1_70' title="bbox 192 4069 1844 4148; baseline 0.006 -21"><span class='ocrx_word' id='word_1_479' title='bbox 192 4071 457 4141; x_wconf 82' lang='lat' dir='ltr'><strong>pertinet,</strong></span> <span class='ocrx_word' id='word_1_480' title='bbox 492 4069 818 4144; x_wconf 84' lang='lat' dir='ltr'><strong>benignum</strong></span> <span class='ocrx_word' id='word_1_481' title='bbox 847 4073 1157 4132; x_wconf 90' lang='lat' dir='ltr'><strong>consilium</strong></span> <span class='ocrx_word' id='word_1_482' title='bbox 1188 4074 1403 4148; x_wconf 90' lang='lat' dir='ltr'><strong>pariter</strong></span> <span class='ocrx_word' id='word_1_483' title='bbox 1432 4079 1767 4138; x_wconf 86' lang='lat' dir='ltr'><strong>commodet</strong></span> <span class='ocrx_word' id='word_1_484' title='bbox 1785 4083 1844 4137; x_wconf 86' lang='lat' dir='ltr'><strong>et</strong></span> 
     </span>
     <span class='ocr_line' id='line_1_71' title="bbox 192 4158 1839 4240; baseline 0.005 -25"><span class='ocrx_word' id='word_1_485' title='bbox 192 4175 528 4216; x_wconf 87' lang='lat' dir='ltr'><strong>assensum.</strong></span> <span class='ocrx_word' id='word_1_486' title='bbox 550 4158 812 4219; x_wconf 85' lang='lat' dir='ltr'><strong>Consilio</strong></span> <span class='ocrx_word' id='word_1_487' title='bbox 829 4177 1058 4235; x_wconf 83' lang='lat' dir='ltr'><strong>quoque</strong></span> <span class='ocrx_word' id='word_1_488' title='bbox 1076 4167 1267 4223; x_wconf 84' lang='lat' dir='ltr'><strong>vestro</strong></span> <span class='ocrx_word' id='word_1_489' title='bbox 1297 4164 1608 4238; x_wconf 88' lang='lat' dir='ltr'><strong>plurimum</strong></span> <span class='ocrx_word' id='word_1_490' title='bbox 1637 4169 1839 4240; x_wconf 84' lang='lat' dir='ltr'><strong>acqui·</strong></span> 
     </span>
     <span class='ocr_line' id='line_1_72' title="bbox 193 4249 1841 4330; baseline 0.005 -26"><span class='ocrx_word' id='word_1_491' title='bbox 193 4261 383 4305; x_wconf 82' lang='lat' dir='ltr'><strong>escere</strong></span> <span class='ocrx_word' id='word_1_492' title='bbox 402 4249 813 4315; x_wconf 86' lang='lat' dir='ltr'><strong>decernentes,</strong></span> <span class='ocrx_word' id='word_1_493' title='bbox 831 4250 1247 4310; x_wconf 68' lang='lat' dir='ltr'><strong>benevolentia</strong></span> <span class='ocrx_word' id='word_1_494' title='bbox 1267 4258 1470 4312; x_wconf 68' lang='lat' dir='ltr'><strong>vestro</strong></span> <span class='ocrx_word' id='word_1_495' title='bbox 1500 4270 1618 4312; x_wconf 90' lang='lat' dir='ltr'><strong>non</strong></span> <span class='ocrx_word' id='word_1_496' title='bbox 1640 4256 1841 4330; x_wconf 85' lang='lat' dir='ltr'><strong>ingra-</strong></span> 
     </span>
     <span class='ocr_line' id='line_1_73' title="bbox 196 4337 1839 4417; baseline 0.007 -25"><span class='ocrx_word' id='word_1_497' title='bbox 196 4341 287 4392; x_wconf 85' lang='lat' dir='ltr'><strong>tos</strong></span> <span class='ocrx_word' id='word_1_498' title='bbox 305 4338 506 4395; x_wconf 76' lang='lat' dir='ltr'><strong>selene</strong></span> <span class='ocrx_word' id='word_1_499' title='bbox 533 4337 726 4395; x_wconf 87' lang='lat' dir='ltr'><strong>multa</strong></span> <span class='ocrx_word' id='word_1_500' title='bbox 741 4337 1036 4397; x_wconf 83' lang='lat' dir='ltr'><strong>hilaritate</strong></span> <span class='ocrx_word' id='word_1_501' title='bbox 1063 4342 1432 4414; x_wconf 89' lang='lat' dir='ltr'><strong>promittunt.</strong></span> <span class='ocrx_word' id='word_1_502' title='bbox 1463 4345 1610 4416; x_wconf 83' lang='lat' dir='ltr'><strong>Agat</strong></span> <span class='ocrx_word' id='word_1_503' title='bbox 1643 4345 1839 4417; x_wconf 88' lang='lat' dir='ltr'><strong>itaque</strong></span> 
     </span>
     <span class='ocr_line' id='line_1_74' title="bbox 197 4427 1839 4506; baseline 0.005 -24"><span class='ocrx_word' id='word_1_504' title='bbox 197 4430 375 4483; x_wconf 67' lang='lat' dir='ltr'><strong>vestra</strong></span> <span class='ocrx_word' id='word_1_505' title='bbox 402 4427 696 4486; x_wconf 84' lang='lat' dir='ltr'><strong>sanctitas</strong></span> <span class='ocrx_word' id='word_1_506' title='bbox 725 4428 885 4499; x_wconf 84' lang='lat' dir='ltr'><strong>quod</strong></span> <span class='ocrx_word' id='word_1_507' title='bbox 914 4430 1079 4488; x_wconf 87' lang='lat' dir='ltr'><strong>nobis</strong></span> <span class='ocrx_word' id='word_1_508' title='bbox 1108 4434 1227 4488; x_wconf 90' lang='lat' dir='ltr'><strong>tam</strong></span> <span class='ocrx_word' id='word_1_509' title='bbox 1249 4436 1453 4489; x_wconf 89' lang='lat' dir='ltr'><strong>sancte</strong></span> <span class='ocrx_word' id='word_1_510' title='bbox 1472 4433 1839 4506; x_wconf 88' lang='lat' dir='ltr'><strong>benigneque</strong></span> 
     </span>
    </p>
   </div>
   <div class='ocr_carea' id='block_1_10' title="bbox 1948 3256 3606 4496">
    <p class='ocr_par' dir='ltr' id='par_1_11' title="bbox 2588 3256 2964 3406">
     <span class='ocr_line' id='line_1_75' title="bbox 2716 3256 2839 3315; baseline 0.024 -3"><span class='ocrx_word' id='word_1_511' title='bbox 2716 3256 2839 3315; x_wconf 87' lang='lat' dir='ltr'><strong>v11.</strong></span> 
     </span>
     <span class='ocr_line' id='line_1_76' title="bbox 2588 3363 2964 3406; baseline 0.005 -2"><span class='ocrx_word' id='word_1_512' title='bbox 2588 3363 2662 3404; x_wconf 72' lang='lat' dir='ltr'><strong>an</strong></span> <span class='ocrx_word' id='word_1_513' title='bbox 2703 3363 2964 3406; x_wconf 65' lang='lat' dir='ltr'><strong>sunnam.</strong></span> 
     </span>
    </p>

    <p class='ocr_par' dir='ltr' id='par_1_12' title="bbox 1948 3435 3606 4496">
     <span class='ocr_line' id='line_1_77' title="bbox 2030 3435 3606 3512; baseline 0.002 -19"><span class='ocrx_word' id='word_1_514' title='bbox 2030 3435 2270 3494; x_wconf 87' lang='lat' dir='ltr'><strong>Litteras</strong></span> <span class='ocrx_word' id='word_1_515' title='bbox 2309 3436 2669 3508; x_wconf 83' lang='lat' dir='ltr'><strong>jamdudum</strong></span> <span class='ocrx_word' id='word_1_516' title='bbox 2718 3442 2947 3511; x_wconf 86' lang='lat' dir='ltr'><strong>optatas</strong></span> <span class='ocrx_word' id='word_1_517' title='bbox 2987 3438 3068 3512; x_wconf 89' lang='lat'><strong>(5)</strong></span> <span class='ocrx_word' id='word_1_518' title='bbox 3117 3444 3317 3497; x_wconf 67' lang='lat' dir='ltr'><strong>vestro</strong></span> <span class='ocrx_word' id='word_1_519' title='bbox 3365 3437 3606 3497; x_wconf 83' lang='lat' dir='ltr'><strong>timidus</strong></span> 
     </span>
     <span class='ocr_line' id='line_1_78' title="bbox 1956 3525 3603 3601; baseline 0.002 -17"><span class='ocrx_word' id='word_1_520' title='bbox 1956 3525 2135 3584; x_wconf 77' lang='lat' dir='ltr'><strong>offero</strong></span> <span class='ocrx_word' id='word_1_521' title='bbox 2167 3525 2487 3597; x_wconf 66' lang='lat' dir='ltr'><strong>maiestati,</strong></span> <span class='ocrx_word' id='word_1_522' title='bbox 2520 3526 2662 3600; x_wconf 88' lang='lat' dir='ltr'><strong>quia</strong></span> <span class='ocrx_word' id='word_1_523' title='bbox 2696 3526 2798 3585; x_wconf 92' lang='lat' dir='ltr'><strong>diu</strong></span> <span class='ocrx_word' id='word_1_524' title='bbox 2845 3531 2936 3585; x_wconf 88' lang='lat' dir='ltr'><strong>est</strong></span> <span class='ocrx_word' id='word_1_525' title='bbox 2964 3528 3118 3601; x_wconf 89' lang='lat' dir='ltr'><strong>quod</strong></span> <span class='ocrx_word' id='word_1_526' title='bbox 3166 3543 3363 3587; x_wconf 90' lang='lat' dir='ltr'><strong>coram</strong></span> <span class='ocrx_word' id='word_1_527' title='bbox 3407 3532 3603 3587; x_wconf 82' lang='lat' dir='ltr'><strong>vestra</strong></span> 
     </span>
     <span class='ocr_line' id='line_1_79' title="bbox 1956 3615 3602 3689; baseline 0.003 -17"><span class='ocrx_word' id='word_1_528' title='bbox 1956 3615 2346 3689; x_wconf 60' lang='lat' dir='ltr'><strong>nonjapparui</strong></span> <span class='ocrx_word' id='word_1_529' title='bbox 2369 3616 2698 3675; x_wconf 82' lang='lat' dir='ltr'><strong>sanctitate.</strong></span> <span class='ocrx_word' id='word_1_530' title='bbox 2730 3616 3028 3677; x_wconf 80' lang='lat' dir='ltr'><strong>venturus</strong></span> <span class='ocrx_word' id='word_1_531' title='bbox 3044 3625 3238 3677; x_wconf 86' lang='lat' dir='ltr'><strong>autem</strong></span> <span class='ocrx_word' id='word_1_532' title='bbox 3268 3618 3494 3678; x_wconf 77' lang='lat' dir='ltr'><strong>fueram</strong></span> <span class='ocrx_word' id='word_1_533' title='bbox 3515 3633 3602 3677; x_wconf 85' lang='lat' dir='ltr'><strong>re-</strong></span> 
     </span>
     <span class='ocr_line' id='line_1_80' title="bbox 1954 3706 3600 3781; baseline 0.001 -17"><span class='ocrx_word' id='word_1_534' title='bbox 1954 3722 2090 3764; x_wconf 86' lang='lat' dir='ltr'><strong>vera</strong></span> <span class='ocrx_word' id='word_1_535' title='bbox 2108 3707 2237 3778; x_wconf 72' lang='lat' dir='ltr'><strong>¹iam</strong></span> <span class='ocrx_word' id='word_1_536' title='bbox 2268 3706 2456 3770; x_wconf 88' lang='lat' dir='ltr'><strong>tertio,</strong></span> <span class='ocrx_word' id='word_1_537' title='bbox 2491 3707 2604 3765; x_wconf 87' lang='lat' dir='ltr'><strong>nisi</strong></span> <span class='ocrx_word' id='word_1_538' title='bbox 2636 3723 2728 3765; x_wconf 88' lang='lat' dir='ltr'><strong>me</strong></span> <span class='ocrx_word' id='word_1_539' title='bbox 2758 3707 2936 3766; x_wconf 77' lang='lat' dir='ltr'><strong>fallax</strong></span> <span class='ocrx_word' id='word_1_540' title='bbox 2965 3708 3143 3767; x_wconf 87' lang='lat' dir='ltr'><strong>invidi</strong></span> <span class='ocrx_word' id='word_1_541' title='bbox 3171 3724 3345 3766; x_wconf 87' lang='lat' dir='ltr'><strong>casus</strong></span> <span class='ocrx_word' id='word_1_542' title='bbox 3383 3709 3600 3781; x_wconf 89' lang='lat' dir='ltr'><strong>impor-</strong></span> 
     </span>
     <span class='ocr_line' id='line_1_81' title="bbox 1954 3795 3603 3869; baseline 0.001 -15"><span class='ocrx_word' id='word_1_543' title='bbox 1954 3796 2178 3854; x_wconf 86' lang='lat' dir='ltr'><strong>tunitas</strong></span> <span class='ocrx_word' id='word_1_544' title='bbox 2198 3795 2566 3868; x_wconf 88' lang='lat' dir='ltr'><strong>impedisset,</strong></span> <span class='ocrx_word' id='word_1_545' title='bbox 2598 3812 2727 3869; x_wconf 70' lang='lat' dir='ltr'><strong>quo</strong></span> <span class='ocrx_word' id='word_1_546' title='bbox 2756 3796 2838 3869; x_wconf 82' lang='lat'><strong>(6)</strong></span> <span class='ocrx_word' id='word_1_547' title='bbox 2878 3797 3067 3855; x_wconf 87' lang='lat' dir='ltr'><strong>trihus</strong></span> <span class='ocrx_word' id='word_1_548' title='bbox 3104 3796 3275 3853; x_wconf 91' lang='lat' dir='ltr'><strong>annis</strong></span> <span class='ocrx_word' id='word_1_549' title='bbox 3315 3797 3442 3867; x_wconf 74' lang='lat' dir='ltr'><strong>jam</strong></span> <span class='ocrx_word' id='word_1_550' title='bbox 3489 3796 3603 3855; x_wconf 89' lang='lat' dir='ltr'><strong>hoc</strong></span> 
     </span>
     <span class='ocr_line' id='line_1_82' title="bbox 1954 3882 3604 3960; baseline 0.001 -17"><span class='ocrx_word' id='word_1_551' title='bbox 1954 3884 2319 3960; x_wconf 90' lang='lat' dir='ltr'><strong>propositum</strong></span> <span class='ocrx_word' id='word_1_552' title='bbox 2351 3901 2544 3943; x_wconf 89' lang='lat' dir='ltr'><strong>meum</strong></span> <span class='ocrx_word' id='word_1_553' title='bbox 2588 3884 2662 3942; x_wconf 89' lang='lat' dir='ltr'><strong>ad</strong></span> <span class='ocrx_word' id='word_1_554' title='bbox 2705 3885 3027 3942; x_wconf 86' lang='lat' dir='ltr'><strong>contrarios</strong></span> <span class='ocrx_word' id='word_1_555' title='bbox 3079 3883 3277 3957; x_wconf 89' lang='lat' dir='ltr'><strong>rapuit</strong></span> <span class='ocrx_word' id='word_1_556' title='bbox 3323 3882 3604 3944; x_wconf 87' lang='lat' dir='ltr'><strong>violenter</strong></span> 
     </span>
     <span class='ocr_line' id='line_1_83' title="bbox 1952 3971 3603 4045; baseline 0.001 -12"><span class='ocrx_word' id='word_1_557' title='bbox 1952 3982 2210 4033; x_wconf 82' lang='lat' dir='ltr'><strong>eventus.</strong></span> <span class='ocrx_word' id='word_1_558' title='bbox 2234 3974 2430 4031; x_wconf 91' lang='lat' dir='ltr'><strong>Primo</strong></span> <span class='ocrx_word' id='word_1_559' title='bbox 2458 3974 2751 4045; x_wconf 88' lang='lat' dir='ltr'><strong>siquidem</strong></span> <span class='ocrx_word' id='word_1_560' title='bbox 2780 3989 2882 4045; x_wconf 92' lang='lat' dir='ltr'><strong>per</strong></span> <span class='ocrx_word' id='word_1_561' title='bbox 2909 3971 3062 4031; x_wconf 91' lang='lat' dir='ltr'><strong>bella</strong></span> <span class='ocrx_word' id='word_1_562' title='bbox 3086 3974 3459 4045; x_wconf 81' lang='lat' dir='ltr'><strong>Francoram,</strong></span> <span class='ocrx_word' id='word_1_563' title='bbox 3497 3975 3603 4034; x_wconf 88' lang='lat' dir='ltr'><strong>de·</strong></span> 
     </span>
     <span class='ocr_line' id='line_1_84' title="bbox 1950 4061 3599 4138; baseline 0.002 -18"><span class='ocrx_word' id='word_1_564' title='bbox 1950 4063 2086 4120; x_wconf 91' lang='lat' dir='ltr'><strong>inde</strong></span> <span class='ocrx_word' id='word_1_565' title='bbox 2100 4079 2201 4135; x_wconf 89' lang='lat' dir='ltr'><strong>per</strong></span> <span class='ocrx_word' id='word_1_566' title='bbox 2211 4063 2224 4118; x_wconf 91' lang='lat' dir='ltr'><strong>i</strong></span> <span class='ocrx_word' id='word_1_567' title='bbox 2234 4064 2571 4135; x_wconf 80' lang='lat' dir='ltr'><strong>asperatum</strong></span> <span class='ocrx_word' id='word_1_568' title='bbox 2585 4061 2815 4120; x_wconf 87' lang='lat' dir='ltr'><strong>comitis</strong></span> <span class='ocrx_word' id='word_1_569' title='bbox 2832 4062 3262 4138; x_wconf 84' lang='lat' dir='ltr'><strong>Andegsvensis</strong></span> <span class='ocrx_word' id='word_1_570' title='bbox 3277 4064 3599 4136; x_wconf 90' lang='lat' dir='ltr'><strong>interitum,</strong></span> 
     </span>
     <span class='ocr_line' id='line_1_85' title="bbox 1949 4151 3601 4226; baseline 0.002 -16"><span class='ocrx_word' id='word_1_571' title='bbox 1949 4151 2264 4210; x_wconf 88' lang='lat' dir='ltr'><strong>novissime</strong></span> <span class='ocrx_word' id='word_1_572' title='bbox 2295 4166 2394 4224; x_wconf 89' lang='lat' dir='ltr'><strong>per</strong></span> <span class='ocrx_word' id='word_1_573' title='bbox 2421 4151 2641 4224; x_wconf 87' lang='lat' dir='ltr'><strong>regiam</strong></span> <span class='ocrx_word' id='word_1_574' title='bbox 2663 4152 2868 4224; x_wconf 78' lang='lat' dir='ltr'><strong>quaein</strong></span> <span class='ocrx_word' id='word_1_575' title='bbox 2894 4152 3082 4210; x_wconf 83' lang='lat' dir='ltr'><strong>filium</strong></span> <span class='ocrx_word' id='word_1_576' title='bbox 3125 4153 3253 4226; x_wconf 75' lang='lat' dir='ltr'><strong>ejus</strong></span> <span class='ocrx_word' id='word_1_577' title='bbox 3293 4153 3379 4211; x_wconf 87' lang='lat' dir='ltr'><strong>ira</strong></span> <span class='ocrx_word' id='word_1_578' title='bbox 3416 4169 3601 4214; x_wconf 89' lang='lat' dir='ltr'><strong>recru-</strong></span> 
     </span>
     <span class='ocr_line' id='line_1_86' title="bbox 1950 4241 3600 4318; baseline 0.001 -19"><span class='ocrx_word' id='word_1_579' title='bbox 1950 4242 2101 4312; x_wconf 89' lang='lat' dir='ltr'><strong>duit,</strong></span> <span class='ocrx_word' id='word_1_580' title='bbox 2134 4241 2205 4298; x_wconf 90' lang='lat' dir='ltr'><strong>ad</strong></span> <span class='ocrx_word' id='word_1_581' title='bbox 2236 4256 2416 4313; x_wconf 88' lang='lat' dir='ltr'><strong>quam</strong></span> <span class='ocrx_word' id='word_1_582' title='bbox 2447 4256 2563 4300; x_wconf 89' lang='lat' dir='ltr'><strong>uon</strong></span> <span class='ocrx_word' id='word_1_583' title='bbox 2605 4241 2798 4299; x_wconf 91' lang='lat' dir='ltr'><strong>solum</strong></span> <span class='ocrx_word' id='word_1_584' title='bbox 2840 4242 3093 4300; x_wconf 85' lang='lat' dir='ltr'><strong>civitatis</strong></span> <span class='ocrx_word' id='word_1_585' title='bbox 3119 4246 3352 4314; x_wconf 74' lang='lat' dir='ltr'><strong>nostrae,</strong></span> <span class='ocrx_word' id='word_1_586' title='bbox 3373 4245 3475 4301; x_wconf 91' lang='lat' dir='ltr'><strong>sed</strong></span> <span class='ocrx_word' id='word_1_587' title='bbox 3506 4244 3600 4318; x_wconf 88' lang='lat' dir='ltr'><strong>ip-</strong></span> 
     </span>
     <span class='ocr_line' id='line_1_87' title="bbox 1948 4328 3598 4394; baseline 0.003 -5"><span class='ocrx_word' id='word_1_588' title='bbox 1948 4331 2074 4390; x_wconf 86' lang='lat' dir='ltr'><strong>sius</strong></span> <span class='ocrx_word' id='word_1_589' title='bbox 2088 4331 2264 4388; x_wconf 86' lang='lat' dir='ltr'><strong>etiam</strong></span> <span class='ocrx_word' id='word_1_590' title='bbox 2287 4328 2548 4387; x_wconf 79' lang='lat' dir='ltr'><strong>ecclesiae</strong></span> <span class='ocrx_word' id='word_1_591' title='bbox 2566 4330 3174 4390; x_wconf 88' lang='lat' dir='ltr'><strong>liminatremuerunt.</strong></span> <span class='ocrx_word' id='word_1_592' title='bbox 3200 4332 3420 4392; x_wconf 89' lang='lat' dir='ltr'><strong>Verum</strong></span> <span class='ocrx_word' id='word_1_593' title='bbox 3439 4350 3598 4394; x_wconf 90' lang='lat' dir='ltr'><strong>nunc</strong></span> 
     </span>
     <span class='ocr_line' id='line_1_88' title="bbox 1949 4419 3597 4496; baseline 0.002 -18"><span class='ocrx_word' id='word_1_594' title='bbox 1949 4420 2278 4494; x_wconf 87' lang='lat' dir='ltr'><strong>respirandi</strong></span> <span class='ocrx_word' id='word_1_595' title='bbox 2310 4419 2585 4478; x_wconf 83' lang='lat' dir='ltr'><strong>fiduciam</strong></span> <span class='ocrx_word' id='word_1_596' title='bbox 2615 4426 2892 4494; x_wconf 69' lang='lat' dir='ltr'><strong>prostant</strong></span> <span class='ocrx_word' id='word_1_597' title='bbox 2916 4422 2998 4495; x_wconf 87' lang='lat'><strong>(7)</strong></span> <span class='ocrx_word' id='word_1_598' title='bbox 3025 4425 3153 4480; x_wconf 88' lang='lat' dir='ltr'><strong>tum</strong></span> <span class='ocrx_word' id='word_1_599' title='bbox 3184 4423 3366 4496; x_wconf 89' lang='lat' dir='ltr'><strong>partis</strong></span> <span class='ocrx_word' id='word_1_600' title='bbox 3385 4428 3597 4483; x_wconf 70' lang='lat' dir='ltr'><strong>nostrie</strong></span> 
     </span>
    </p>
   </div>
   <div class='ocr_carea' id='block_1_11' title="bbox 184 4509 3596 4687">
    <p class='ocr_par' dir='ltr' id='par_1_13' title="bbox 184 4509 3596 4687">
     <span class='ocr_line' id='line_1_89' title="bbox 189 4509 3596 4601; baseline 0.002 -39"><span class='ocrx_word' id='word_1_601' title='bbox 189 4516 484 4589; x_wconf 60' lang='lat' dir='ltr'><strong>promi-it,</strong></span> <span class='ocrx_word' id='word_1_602' title='bbox 506 4516 783 4589; x_wconf 65' lang='lat' dir='ltr'><strong>diemque</strong></span> <span class='ocrx_word' id='word_1_603' title='bbox 800 4518 862 4574; x_wconf 74' lang='lat' dir='ltr'><strong>in</strong></span> <span class='ocrx_word' id='word_1_604' title='bbox 887 4534 1063 4591; x_wconf 69' lang='lat' dir='ltr'><strong>quem</strong></span> <span class='ocrx_word' id='word_1_605' title='bbox 1085 4520 1249 4593; x_wconf 64' lang='lat' dir='ltr'><strong>rogi·</strong></span> <span class='ocrx_word' id='word_1_606' title='bbox 1266 4536 1548 4595; x_wconf 60' lang='lat' dir='ltr'><strong>respon-2</strong></span> <span class='ocrx_word' id='word_1_607' title='bbox 1564 4522 1834 4596; x_wconf 53' lang='lat' dir='ltr'><strong>pomula.</strong></span> <span class='ocrx_word' id='word_1_608' title='bbox 1863 4534 1912 4601; x_wconf 79' lang='lat' dir='ltr'>D</span> <span class='ocrx_word' id='word_1_609' title='bbox 1934 4512 2191 4586; x_wconf 87' lang='lat' dir='ltr'><strong>justitia,</strong></span> <span class='ocrx_word' id='word_1_610' title='bbox 2215 4518 2337 4567; x_wconf 89' lang='lat' dir='ltr'><strong>tum</strong></span> <span class='ocrx_word' id='word_1_611' title='bbox 2361 4509 2529 4568; x_wconf 90' lang='lat' dir='ltr'><strong>ducis</strong></span> <span class='ocrx_word' id='word_1_612' title='bbox 2550 4511 2735 4568; x_wconf 88' lang='lat' dir='ltr'><strong>nostri</strong></span> <span class='ocrx_word' id='word_1_613' title='bbox 2775 4511 2961 4569; x_wconf 86' lang='lat' dir='ltr'><strong>virtus</strong></span> <span class='ocrx_word' id='word_1_614' title='bbox 2997 4511 3302 4583; x_wconf 87' lang='lat' dir='ltr'><strong>illustrior,</strong></span> <span class='ocrx_word' id='word_1_615' title='bbox 3323 4529 3452 4586; x_wconf 70' lang='lat' dir='ltr'><strong>quie</strong></span> <span class='ocrx_word' id='word_1_616' title='bbox 3471 4513 3596 4586; x_wconf 80' lang='lat' dir='ltr'><strong>gla-</strong></span> 
     </span>
     <span class='ocr_line' id='line_1_90' title="bbox 184 4603 3596 4687; baseline 0.004 -26"><span class='ocrx_word' id='word_1_617' title='bbox 184 4605 451 4662; x_wconf 87' lang='lat' dir='ltr'><strong>tionibus</strong></span> <span class='ocrx_word' id='word_1_618' title='bbox 470 4604 793 4678; x_wconf 80' lang='lat' dir='ltr'><strong>Anglorum</strong></span> <span class='ocrx_word' id='word_1_619' title='bbox 816 4608 1213 4668; x_wconf 79' lang='lat' dir='ltr'><strong>vestrostudio</strong></span> <span class='ocrx_word' id='word_1_620' title='bbox 1242 4609 1425 4669; x_wconf 87' lang='lat' dir='ltr'><strong>dilata</strong></span> <span class='ocrx_word' id='word_1_621' title='bbox 1452 4610 1707 4682; x_wconf 75' lang='lat' dir='ltr'><strong>luerunt,</strong></span> <span class='ocrx_word' id='word_1_622' title='bbox 1728 4628 1836 4687; x_wconf 90' lang='lat' dir='ltr'><strong>per</strong></span> <span class='ocrx_word' id='word_1_623' title='bbox 1943 4603 2074 4661; x_wconf 68' lang='grc'><strong>«1108</strong></span> <span class='ocrx_word' id='word_1_624' title='bbox 2103 4603 2356 4660; x_wconf 54' lang='lat' dir='ltr'><strong>hostium</strong></span> <span class='ocrx_word' id='word_1_625' title='bbox 2385 4603 2740 4675; x_wconf 58' lang='lat' dir='ltr'><strong>&lt;infidoque</strong></span> <span class='ocrx_word' id='word_1_626' title='bbox 2768 4604 3100 4676; x_wconf 59' lang='grc' dir='ltr'><strong>Ρθῑῐθΐΐῦίῑν</strong></span> <span class='ocrx_word' id='word_1_627' title='bbox 3130 4611 3186 4662; x_wconf 61' lang='lat' dir='ltr'><strong>Ol</strong></span> <span class='ocrx_word' id='word_1_628' title='bbox 3215 4603 3289 4661; x_wconf 59' lang='grc' dir='ltr'><strong>δᾶ</strong></span> <span class='ocrx_word' id='word_1_629' title='bbox 3326 4604 3487 4676; x_wconf 67' lang='lat' dir='ltr'>P⁸05⁸</span> <span class='ocrx_word' id='word_1_630' title='bbox 3510 4604 3596 4663; x_wconf 65' lang='grc' dir='ltr'><strong>ἰΰ-</strong></span> 
     </span>
    </p>
   </div>
   <div class='ocr_carea' id='block_1_12' title="bbox 174 4692 1843 5230">
    <p class='ocr_par' dir='ltr' id='par_1_14' title="bbox 174 4692 1843 5230">
     <span class='ocr_line' id='line_1_91' title="bbox 180 4692 1843 4777; baseline 0.006 -25"><span class='ocrx_word' id='word_1_631' title='bbox 180 4709 495 4753; x_wconf 82' lang='lat' dir='ltr'><strong>cursorem</strong></span> <span class='ocrx_word' id='word_1_632' title='bbox 524 4692 929 4756; x_wconf 81' lang='lat' dir='ltr'><strong>istumlitteris</strong></span> <span class='ocrx_word' id='word_1_633' title='bbox 945 4697 1337 4758; x_wconf 72' lang='lat' dir='ltr'><strong>{amiliarihus</strong></span> <span class='ocrx_word' id='word_1_634' title='bbox 1374 4716 1489 4759; x_wconf 91' lang='lat' dir='ltr'><strong>non</strong></span> <span class='ocrx_word' id='word_1_635' title='bbox 1521 4704 1843 4777; x_wconf 84' lang='lat' dir='ltr'><strong>gravemini</strong></span> 
     </span>
     <span class='ocr_line' id='line_1_92' title="bbox 178 4782 479 4843; baseline -0.007 0"><span class='ocrx_word' id='word_1_636' title='bbox 178 4782 479 4843; x_wconf 86' lang='lat' dir='ltr'><strong>indicare.</strong></span> 
     </span>
     <span class='ocr_line' id='line_1_93' title="bbox 976 4878 1070 4938; baseline 0.011 -3"><span class='ocrx_word' id='word_1_637' title='bbox 976 4878 1070 4938; x_wconf 84' lang='lat' dir='ltr'><strong>VI.</strong></span> 
     </span>
     <span class='ocr_line' id='line_1_94' title="bbox 471 4975 1569 5047; baseline 0.006 -25"><span class='ocrx_word' id='word_1_638' title='bbox 471 4982 547 5023; x_wconf 72' lang='lat' dir='ltr'><strong>an</strong></span> <span class='ocrx_word' id='word_1_639' title='bbox 584 4981 861 5025; x_wconf 65' lang='lat' dir='ltr'><strong>nonianus</strong></span> <span class='ocrx_word' id='word_1_640' title='bbox 897 4984 1089 5027; x_wconf 68' lang='lat' dir='ltr'><strong>mrsu</strong></span> <span class='ocrx_word' id='word_1_641' title='bbox 1127 4986 1422 5031; x_wconf 64' lang='lat' dir='ltr'><strong>suasum!</strong></span> <span class='ocrx_word' id='word_1_642' title='bbox 1461 4975 1569 5047; x_wconf 83' lang='grc'>(3).</span> 
     </span>
     <span class='ocr_line' id='line_1_95' title="bbox 252 5054 1843 5131; baseline 0.008 -19"><span class='ocrx_word' id='word_1_643' title='bbox 252 5054 617 5113; x_wconf 74' lang='lat' dir='ltr'><strong>petitionem</strong></span> <span class='ocrx_word' id='word_1_644' title='bbox 666 5056 1004 5131; x_wconf 64' lang='lat' dir='ltr'><strong>Bajoeensis</strong></span> <span class='ocrx_word' id='word_1_645' title='bbox 1049 5060 1313 5121; x_wconf 66' lang='lat' dir='ltr'><strong>Ecclesia</strong></span> <span class='ocrx_word' id='word_1_646' title='bbox 1359 5064 1432 5120; x_wconf 91' lang='lat' dir='ltr'><strong>de</strong></span> <span class='ocrx_word' id='word_1_647' title='bbox 1477 5065 1843 5125; x_wconf 84' lang='lat' dir='ltr'><strong>revocatione</strong></span> 
     </span>
     <span class='ocr_line' id='line_1_96' title="bbox 174 5145 1841 5230; baseline 0.007 -27"><span class='ocrx_word' id='word_1_648' title='bbox 174 5145 451 5220; x_wconf 82' lang='lat' dir='ltr'><strong>episcopi</strong></span> <span class='ocrx_word' id='word_1_649' title='bbox 486 5146 576 5203; x_wconf 91' lang='lat' dir='ltr'><strong>sui</strong></span> <span class='ocrx_word' id='word_1_650' title='bbox 604 5145 797 5205; x_wconf 88' lang='lat' dir='ltr'><strong>debita</strong></span> <span class='ocrx_word' id='word_1_651' title='bbox 832 5148 1138 5209; x_wconf 87' lang='lat' dir='ltr'><strong>devotione</strong></span> <span class='ocrx_word' id='word_1_652' title='bbox 1180 5153 1613 5226; x_wconf 87' lang='lat' dir='ltr'><strong>prosequimur,</strong></span> <span class='ocrx_word' id='word_1_653' title='bbox 1640 5169 1841 5230; x_wconf 89' lang='lat' dir='ltr'><strong>preces</strong></span> 
     </span>
    </p>
   </div>
   <div class='ocr_carea' id='block_1_13' title="bbox 176 5293 1837 5518">
    <p class='ocr_par' dir='ltr' id='par_1_15' title="bbox 176 5293 1837 5518">
     <span class='ocr_line' id='line_1_97' title="bbox 244 5293 1792 5436; baseline 0.006 -87"><span class='ocrx_word' id='word_1_654' title='bbox 244 5296 333 5436; x_wconf 57' lang='lat' dir='ltr'><strong>g)</strong></span> <span class='ocrx_word' id='word_1_655' title='bbox 370 5293 437 5350; x_wconf 89' lang='lat' dir='ltr'><strong>B.</strong></span> <span class='ocrx_word' id='word_1_656' title='bbox 473 5308 594 5351; x_wconf 94' lang='lat' dir='ltr'><strong>om.</strong></span> <span class='ocrx_word' id='word_1_657' title='bbox 626 5295 921 5370; x_wconf 68' lang='lat' dir='ltr'><strong>inqenuae.</strong></span> <span class='ocrx_word' id='word_1_658' title='bbox 956 5370 969 5383; x_wconf 90' lang='lat'><strong>.</strong></span> <span class='ocrx_word' id='word_1_659' title='bbox 1555 5374 1567 5387; x_wconf 38' lang='lat'>⁸</span> <span class='ocrx_word' id='word_1_660' title='bbox 1604 5374 1618 5387; x_wconf 48' lang='lat'><strong>·</strong></span> <span class='ocrx_word' id='word_1_661' title='bbox 1778 5375 1792 5389; x_wconf 48' lang='lat'><strong>·</strong></span> 
     </span>
     <span class='ocr_line' id='line_1_98' title="bbox 309 5365 1836 5446; baseline 0.009 -25"><span class='ocrx_word' id='word_1_662' title='bbox 309 5365 499 5438; x_wconf 71' lang='lat' dir='ltr'><strong>)Haec</strong></span> <span class='ocrx_word' id='word_1_663' title='bbox 541 5373 598 5424; x_wconf 90' lang='lat' dir='ltr'><strong>et</strong></span> <span class='ocrx_word' id='word_1_664' title='bbox 633 5382 761 5440; x_wconf 68' lang='lat' dir='ltr'><strong>qun</strong></span> <span class='ocrx_word' id='word_1_665' title='bbox 803 5373 1073 5443; x_wconf 82' lang='lat' dir='ltr'><strong>sequitur</strong></span> <span class='ocrx_word' id='word_1_666' title='bbox 1117 5370 1421 5446; x_wconf 85' lang='lat' dir='ltr'><strong>epistolam</strong></span> <span class='ocrx_word' id='word_1_667' title='bbox 1478 5374 1654 5432; x_wconf 77' lang='lat' dir='ltr'><strong>editis</strong></span> <span class='ocrx_word' id='word_1_668' title='bbox 1693 5377 1750 5432; x_wconf 91' lang='lat' dir='ltr'><strong>et</strong></span> <span class='ocrx_word' id='word_1_669' title='bbox 1775 5391 1836 5434; x_wconf 81' lang='lat' dir='ltr'><strong>in</strong></span> 
     </span>
     <span class='ocr_line' id='line_1_99' title="bbox 176 5438 1837 5518; baseline 0.007 -23"><span class='ocrx_word' id='word_1_670' title='bbox 176 5438 239 5496; x_wconf 84' lang='lat' dir='ltr'><strong>c.</strong></span> <span class='ocrx_word' id='word_1_671' title='bbox 261 5439 341 5496; x_wconf 86' lang='lat' dir='ltr'><strong>ad</strong></span> <span class='ocrx_word' id='word_1_672' title='bbox 366 5453 587 5511; x_wconf 86' lang='lat' dir='ltr'><strong>papam</strong></span> <span class='ocrx_word' id='word_1_673' title='bbox 604 5439 928 5499; x_wconf 79' lang='lat' dir='ltr'><strong>Adrianum</strong></span> <span class='ocrx_word' id='word_1_674' title='bbox 947 5441 1241 5518; x_wconf 77' lang='lat' dir='ltr'><strong>inscriptae</strong></span> <span class='ocrx_word' id='word_1_675' title='bbox 1263 5448 1402 5502; x_wconf 90' lang='lat' dir='ltr'><strong>sunt</strong></span> <span class='ocrx_word' id='word_1_676' title='bbox 1435 5461 1449 5500; x_wconf 79' lang='lat' dir='ltr'><strong>t</strong></span> <span class='ocrx_word' id='word_1_677' title='bbox 1479 5445 1706 5518; x_wconf 89' lang='lat' dir='ltr'><strong>primus</strong></span> <span class='ocrx_word' id='word_1_678' title='bbox 1738 5463 1837 5506; x_wconf 86' lang='lat' dir='ltr'><strong>eas</strong></span> 
     </span>
    </p>
   </div>
   <div class='ocr_carea' id='block_1_14' title="bbox 174 5510 1832 5648">
    <p class='ocr_par' dir='ltr' id='par_1_16' title="bbox 174 5510 1832 5648">
     <span class='ocr_line' id='line_1_100' title="bbox 176 5510 1832 5591; baseline 0.006 -23"><span class='ocrx_word' id='word_1_679' title='bbox 176 5510 447 5583; x_wconf 68' lang='lat' dir='ltr'><strong>tagenio</strong></span> <span class='ocrx_word' id='word_1_680' title='bbox 478 5525 549 5566; x_wconf 85' lang='lat' dir='ltr'><strong>ex</strong></span> <span class='ocrx_word' id='word_1_681' title='bbox 574 5512 916 5585; x_wconf 84' lang='lat' dir='ltr'><strong>conjectura</strong></span> <span class='ocrx_word' id='word_1_682' title='bbox 938 5515 1195 5575; x_wconf 87' lang='lat' dir='ltr'><strong>restituit</strong></span> <span class='ocrx_word' id='word_1_683' title='bbox 1223 5521 1486 5590; x_wconf 88' lang='lat' dir='ltr'><strong>Bouquet</strong></span> <span class='ocrx_word' id='word_1_684' title='bbox 1511 5517 1573 5575; x_wconf 90' lang='lat' dir='ltr'><strong>in</strong></span> <span class='ocrx_word' id='word_1_685' title='bbox 1609 5518 1832 5591; x_wconf 78' lang='lat' dir='ltr'><strong>Scripp.</strong></span> 
     </span>
     <span class='ocr_line' id='line_1_101' title="bbox 174 5580 648 5648; baseline 0.008 -4"><span class='ocrx_word' id='word_1_686' title='bbox 174 5584 390 5644; x_wconf 70' lang='lat' dir='ltr'><strong>Prone.</strong></span> <span class='ocrx_word' id='word_1_687' title='bbox 415 5580 648 5648; x_wconf 64' lang='lat' dir='ltr'><strong>weud-</strong></span> 
     </span>
    </p>
   </div>
   <div class='ocr_carea' id='block_1_15' title="bbox 1949 4690 3599 5215">
    <p class='ocr_par' dir='ltr' id='par_1_17' title="bbox 1949 4690 3599 5215">
     <span class='ocr_line' id='line_1_102' title="bbox 1955 4690 3597 4766; baseline 0.001 -16"><span class='ocrx_word' id='word_1_688' title='bbox 1955 4690 2194 4750; x_wconf 85' lang='lat' dir='ltr'><strong>clinavit</strong></span> <span class='ocrx_word' id='word_1_689' title='bbox 2221 4692 2515 4750; x_wconf 75' lang='lat' dir='ltr'><strong>affectum.</strong></span> <span class='ocrx_word' id='word_1_690' title='bbox 2546 4690 2692 4750; x_wconf 84' lang='lat' dir='ltr'><strong>Cum</strong></span> <span class='ocrx_word' id='word_1_691' title='bbox 2722 4691 2926 4766; x_wconf 87' lang='lat' dir='ltr'><strong>igitur,</strong></span> <span class='ocrx_word' id='word_1_692' title='bbox 2955 4692 3073 4750; x_wconf 91' lang='lat' dir='ltr'><strong>Deo</strong></span> <span class='ocrx_word' id='word_1_693' title='bbox 3093 4691 3341 4761; x_wconf 80' lang='lat' dir='ltr'><strong>volente,</strong></span> <span class='ocrx_word' id='word_1_694' title='bbox 3363 4694 3597 4752; x_wconf 85' lang='lat' dir='ltr'><strong>sublata</strong></span> 
     </span>
     <span class='ocr_line' id='line_1_103' title="bbox 1956 4779 3593 4853; baseline 0 -13"><span class='ocrx_word' id='word_1_695' title='bbox 1956 4782 2151 4851; x_wconf 77' lang='lat' dir='ltr'><strong>ruerit,</strong></span> <span class='ocrx_word' id='word_1_696' title='bbox 2180 4779 2269 4840; x_wconf 89' lang='lat' dir='ltr'><strong>vel</strong></span> <span class='ocrx_word' id='word_1_697' title='bbox 2298 4780 2479 4839; x_wconf 83' lang='lat' dir='ltr'><strong>dilata</strong></span> <span class='ocrx_word' id='word_1_698' title='bbox 2515 4781 2791 4850; x_wconf 87' lang='lat' dir='ltr'><strong>turbatio,</strong></span> <span class='ocrx_word' id='word_1_699' title='bbox 2826 4780 2973 4838; x_wconf 90' lang='lat' dir='ltr'><strong>nihil</strong></span> <span class='ocrx_word' id='word_1_700' title='bbox 3011 4781 3221 4853; x_wconf 91' lang='lat' dir='ltr'><strong>poterit</strong></span> <span class='ocrx_word' id='word_1_701' title='bbox 3238 4779 3593 4840; x_wconf 90' lang='lat' dir='ltr'><strong>incolumem</strong></span> 
     </span>
     <span class='ocr_line' id='line_1_104' title="bbox 1953 4868 3599 4944; baseline 0.001 -16"><span class='ocrx_word' id='word_1_702' title='bbox 1953 4869 2222 4940; x_wconf 87' lang='lat' dir='ltr'><strong>retinere,</strong></span> <span class='ocrx_word' id='word_1_703' title='bbox 2252 4871 2391 4944; x_wconf 90' lang='lat' dir='ltr'><strong>quin</strong></span> <span class='ocrx_word' id='word_1_704' title='bbox 2422 4885 2516 4929; x_wconf 91' lang='lat' dir='ltr'><strong>me</strong></span> <span class='ocrx_word' id='word_1_705' title='bbox 2550 4869 2901 4944; x_wconf 84' lang='lat' dir='ltr'><strong>quamcitius</strong></span> <span class='ocrx_word' id='word_1_706' title='bbox 2940 4868 3182 4940; x_wconf 88' lang='lat' dir='ltr'><strong>pedibus</strong></span> <span class='ocrx_word' id='word_1_707' title='bbox 3227 4877 3429 4929; x_wconf 75' lang='lat' dir='ltr'><strong>vestris</strong></span> <span class='ocrx_word' id='word_1_708' title='bbox 3464 4887 3599 4930; x_wconf 90' lang='lat' dir='ltr'><strong>san-</strong></span> 
     </span>
     <span class='ocr_line' id='line_1_105' title="bbox 1952 4958 3593 5033; baseline 0.001 -15"><span class='ocrx_word' id='word_1_709' title='bbox 1952 4960 2173 5019; x_wconf 86' lang='lat' dir='ltr'><strong>ctitatis</strong></span> <span class='ocrx_word' id='word_1_710' title='bbox 2220 4959 2543 5028; x_wconf 85' lang='lat' dir='ltr'><strong>advolvam,</strong></span> <span class='ocrx_word' id='word_1_711' title='bbox 2583 4958 2910 5032; x_wconf 86' lang='lat' dir='ltr'><strong>gratissime</strong></span> <span class='ocrx_word' id='word_1_712' title='bbox 2947 4962 3328 5033; x_wconf 87' lang='lat' dir='ltr'><strong>suscepturus</strong></span> <span class='ocrx_word' id='word_1_713' title='bbox 3375 4964 3593 5032; x_wconf 88' lang='lat' dir='ltr'><strong>omnia,</strong></span> 
     </span>
     <span class='ocr_line' id='line_1_106' title="bbox 1952 5050 3597 5124; baseline 0.001 -17"><span class='ocrx_word' id='word_1_714' title='bbox 1952 5050 2169 5124; x_wconf 89' lang='lat' dir='ltr'><strong>quibus</strong></span> <span class='ocrx_word' id='word_1_715' title='bbox 2199 5065 2426 5107; x_wconf 88' lang='lat' dir='ltr'><strong>moram</strong></span> <span class='ocrx_word' id='word_1_716' title='bbox 2455 5065 2665 5119; x_wconf 88' lang='lat' dir='ltr'><strong>meam,</strong></span> <span class='ocrx_word' id='word_1_717' title='bbox 2695 5051 3215 5123; x_wconf 88' lang='lat' dir='ltr'><strong>quantumcunque</strong></span> <span class='ocrx_word' id='word_1_718' title='bbox 3244 5050 3597 5109; x_wconf 84' lang='lat' dir='ltr'><strong>excusabilis</strong></span> 
     </span>
     <span class='ocr_line' id='line_1_107' title="bbox 1949 5138 3592 5215; baseline -0.001 -16"><span class='ocrx_word' id='word_1_719' title='bbox 1949 5143 2249 5215; x_wconf 89' lang='lat' dir='ltr'><strong>appareat,</strong></span> <span class='ocrx_word' id='word_1_720' title='bbox 2277 5147 2466 5197; x_wconf 88' lang='lat' dir='ltr'><strong>vestra</strong></span> <span class='ocrx_word' id='word_1_721' title='bbox 2495 5138 2811 5211; x_wconf 87' lang='lat' dir='ltr'><strong>paternitas</strong></span> <span class='ocrx_word' id='word_1_722' title='bbox 2838 5138 3181 5213; x_wconf 88' lang='lat' dir='ltr'><strong>increpabit.</strong></span> <span class='ocrx_word' id='word_1_723' title='bbox 3224 5140 3418 5212; x_wconf 87' lang='lat' dir='ltr'><strong>Neque</strong></span> <span class='ocrx_word' id='word_1_724' title='bbox 3439 5150 3592 5200; x_wconf 86' lang='lat' dir='ltr'><strong>enim</strong></span> 
     </span>
    </p>
   </div>
   <div class='ocr_carea' id='block_1_16' title="bbox 2016 5304 2634 5595">
    <p class='ocr_par' dir='ltr' id='par_1_18' title="bbox 2016 5304 2634 5595">
     <span class='ocr_line' id='line_1_108' title="bbox 2020 5304 2595 5377; baseline -0.002 -16"><span class='ocrx_word' id='word_1_725' title='bbox 2020 5305 2099 5377; x_wconf 74' lang='lat'><strong>(4)</strong></span> <span class='ocrx_word' id='word_1_726' title='bbox 2133 5305 2217 5374; x_wconf 87' lang='lat' dir='ltr'><strong>B.,</strong></span> <span class='ocrx_word' id='word_1_727' title='bbox 2251 5304 2595 5376; x_wconf 77' lang='lat' dir='ltr'><strong>impotentia.</strong></span> 
     </span>
     <span class='ocr_line' id='line_1_109' title="bbox 2016 5377 2634 5595; baseline 0.003 -166"><span class='ocrx_word' id='word_1_728' title='bbox 2016 5378 2101 5595; x_wconf 57' lang='lat'><strong>{3}</strong></span> <span class='ocrx_word' id='word_1_729' title='bbox 2128 5377 2219 5515; x_wconf 52' lang='lat' dir='ltr'><strong>g:</strong></span> <span class='ocrx_word' id='word_1_730' title='bbox 2248 5391 2375 5520; x_wconf 40' lang='lat'><strong>32).-</strong></span> <span class='ocrx_word' id='word_1_731' title='bbox 2398 5383 2634 5451; x_wconf 75' lang='lat' dir='ltr'><strong>optatas.</strong></span> 
     </span>
     <span class='ocr_line' id='line_1_110' title="bbox 2039 5520 2459 5595; baseline 0.012 -21"><span class='ocrx_word' id='word_1_732' title='bbox 2039 5521 2074 5574; x_wconf 88' lang='lat'><strong>7</strong></span> <span class='ocrx_word' id='word_1_733' title='bbox 2127 5520 2214 5593; x_wconf 89' lang='lat' dir='ltr'><strong>B.,</strong></span> <span class='ocrx_word' id='word_1_734' title='bbox 2234 5528 2459 5595; x_wconf 82' lang='lat' dir='ltr'><strong>parant.</strong></span> 
     </span>
    </p>
   </div>
  </div>
 </body>
</html>
