3784 6000
152 268 279 329 529

646 267 853 329 nisr.
904 268 1186 332 RERUM
1231 268 1769 332 mansuariis.
1818 299 1897 312 -
1943 264 2089 329 Lm.
2137 266 2268 330 xu.
2314 269 2760 335 BALDUINUS
2803 274 2860 336 11
2906 240 3082 337 nex.

3447 282 3565 344 530

152 403 382 458 carent.
421 400 643 457 Horum
688 416 826 475 ergo
873 401 1186 459 consilium
1233 408 1495 471 secutus,
1537 404 1599 461 in
1647 417 1817 459 suam
1847 401 1903 470 Α
1933 400 2070 458 dum
2126 418 2263 459 suos
2321 403 2617 462 incassum
2674 421 2940 466 revocare
2989 413 3309 483 contendit,
3367 418 3569 473 contra

151 506 520 562 suorumque
575 490 802 548 cladem
854 508 1127 564 prasceps,
1159 494 1232 550 ab
1270 510 1337 549 eo
1361 495 1485 549 loco
1516 493 1616 550 uhi
1646 492 1808 563 prius

152 580 350 637 fuerat
402 578 726 650 discedens,
785 581 845 638 in
902 597 1039 638 eum
1093 583 1192 655 qui
1225 584 1526 639 dicebatur
1552 584 1807 653 Campus

148 669 463 742 sanguinis
513 673 711 726 caetra
756 671 928 741 jubet
983 671 1157 728 locari
1186 696 1201 740 ς
1233 672 1625 742 recensitoque
1681 672 1808 742 ejus

148 757 434 827 exercitu,
467 757 686 814 inventi
723 762 864 815 sunt
904 761 1127 829 equites
1175 760 1529 833 septingenti
1562 764 1620 816 et
1650 759 1807 832 pedi-

145 851 277 904 tum
310 846 738 905 instructorum
770 847 882 904 tria
916 848 1120 917 millia,
1153 854 1407 922 exceptis
1437 849 1808 921 negotiatori-

146 937 285 1003 bus,
317 936 420 1008 qui
446 936 678 992 emendi
729 937 1130 1009 vendendique
1179 938 1367 1010 gratia
1397 942 1587 994 castra
1616 939 1807 995 solent

142 1025 345 1097 sequi.
377 1028 587 1083 Hostes
618 1041 747 1083 vero
777 1031 1193 1096 cognoscentes
1222 1036 1410 1084 castra
1441 1026 1722 1099 principis
1744 1027 1803 1083 in

142 1117 416 1188 proximo
449 1115 662 1183 locata,
686 1121 752 1172 ut
781 1116 1221 1173 dissimulantes
1252 1117 1638 1191 propositum,
1662 1133 1804 1173 cou-

143 1211 384 1277 ceptum
413 1205 775 1262 commodius
797 1212 1040 1278 possent
1069 1207 1298 1264 effectui
1336 1208 1683 1276 mancipare,
1708 1223 1805 1262 so-

144 1293 292 1352 lutis
312 1295 524 1352 castris
578 1293 814 1368 fingunt
861 1311 923 1351 se
973 1311 1175 1352 versus
1207 1295 1489 1368 cerepum
1521 1297 1801 1368 oppidum

137 1384 295 1441 acies
354 1384 603 1457 dirigere
633 1400 647 1439 ε
682 1400 798 1456 quo
855 1385 1276 1456 pervenientes,
1334 1400 1467 1441 cum
1509 1401 1577 1440 ea
1635 1387 1803 1440 nocte

142 1472 295 1529 nihil
338 1473 710 1546 proficerent,
739 1473 893 1530 circa
949 1477 1143 1545 partes
1192 1473 1580 1530 castrametati
1639 1477 1798 1528 sunt.

138 1561 313 1619 Mane
370 1563 545 1632 tacto,
582 1563 853 1635 princeps
901 1563 1286 1635 exploratores
1351 1563 1571 1636 dirigit,
1631 1577 1803 1619 nosse

132 1647 347 1706 volens
408 1652 603 1705 utrum
661 1650 734 1707 ad
783 1650 1171 1707 obsidendum
1196 1651 1478 1723 oppidum
1514 1650 1705 1709 hostes
1736 1667 1798 1708 se

1915 490 2171 547 hostiurn
2203 494 2453 564 majores
2485 511 2548 551 se
2579 495 2835 568 dirigens
2888 498 3165 572 impetus,
3196 501 3409 575 gladiis
3438 519 3566 561 con.

1914 580 2103 637 fossus
2132 582 2370 638 interiit.
2403 584 2510 648 Qui
2542 591 2737 641 autem
2778 588 3036 646 sarcinas
3065 595 3122 647 et
3151 592 3565 663 impedimenta

1914 671 2098 726 secuti
2132 680 2315 740 erant,
2356 672 2416 728 in
2451 679 2700 731 montem
2745 677 3003 734 vicinum
3050 696 3112 735 se
3142 682 3511 740 contulerant
3542 702 3562 751 ς

1914 759 2012 829 qui
2037 775 2166 815 vero
2199 760 2449 817 hostium
2501 779 2662 819 arma
2690 765 3036 822 videbantur
3068 769 3365 840 effugisse,
3393 770 3563 827 belli-

1912 847 1994 901 cis
2025 864 2087 904 se
2116 848 2465 906 tumultibus
2524 851 2866 921 eximenteS,
2900 855 3184 925 videntes,
3218 864 3450 917 nostros
3497 859 3561 916 in

1914 937 2130 992 montis
2158 936 2414 994 eulmine
2443 940 2838 1010 conglobatos,
2863 943 3167 1019 opinantes
3185 962 3284 1003 eos
3304 948 3453 1005 vires
3482 948 3560 1006 ad

1912 1025 2296 1081 resistendum
2353 1027 2588 1094 habere,
2619 1034 2677 1085 et
2735 1047 2869 1086 cum
2913 1032 2998 1088 eis
3031 1050 3202 1104 posse
3225 1035 3556 1107 salvari,ad

1909 1112 2041 1170 illos
2071 1117 2336 1172 certatim
2395 1117 2741 1175 accedebant
2773 1134 2788 1174 ε
2822 1136 2937 1192 quo
2985 1139 3118 1179 cum
3160 1125 3562 1196 pervenissent

1910 1202 2183 1271 universi,
2216 1203 2414 1261 hostes
2479 1207 2564 1262 eis
2595 1208 2694 1280 qui
2729 1208 2785 1263 in
2832 1211 3052 1282 campis
3098 1216 3285 1282 erant,
3320 1214 3560 1285 penitus

1909 1292 2102 1364 gladio
2132 1293 2519 1368 interemptis,
2551 1297 2615 1352 ad
2675 1296 2808 1353 illos
2865 1313 2928 1354 se
2959 1304 3344 1371 convertunt;
3375 1306 3434 1358 et
3469 1301 3557 1357 di-

1910 1381 2080 1437 rectis
2136 1381 2277 1439 illuc
2333 1384 2686 1454 cohortibuS,
2719 1402 2925 1445 omncs
2971 1387 3029 1444 in
3084 1394 3378 1448 momento
3400 1390 3556 1449 horoe

1908 1469 2231 1528 trahuntad
2255 1474 2683 1531 exterminium.
2710 1476 3045 1534 Rainaudus
3062 1483 3262 1536 autem
3284 1484 3552 1538 Mansue-

1906 1574 2028 1626 rus,
2063 1560 2298 1631 quidam
2331 1563 2401 1618 de
2431 1563 2746 1634 maj0ribus
2786 1564 2947 1622 illius
2982 1567 3239 1640 regionis
3270 1569 3553 1643 principi·

1906 1647 2038 1717 bue,
2072 1664 2205 1703 cum
2233 1649 2587 1720 quibusdam
2613 1651 2742 1708 aliis
2766 1653 3084 1724 nobilibus,
3117 1656 3177 1711 in
3210 1657 3418 1714 turrim
3447 1673 3550 1716 cu·

138 1737 403 1810 dirigant
433 1756 448 1808 ;
479 1739 675 1795 autad
698 1740 1186 1797 committendum
1208 1756 1342 1796 cum
1367 1741 1584 1796 nostris
1604 1741 1675 1796 ad
1699 1757 1794 1797 ca·
1825 1762 1874 1829 B
1899 1738 2129 1808 jusdam
2161 1739 2335 1795 vicini
2367 1741 2587 1813 oppidi,
2621 1743 2711 1797 cui
2743 1744 3051 1801 Sarmatau
3098 1762 3335 1816 nomen,
3365 1748 3554 1823 gratia

139 1830 265 1884 stra
292 1827 679 1895 contendant;
713 1828 970 1899 dumque
998 1828 1123 1901 ipse
1155 1844 1289 1887 cum
1340 1830 1491 1899 suis,
1522 1830 1705 1885 armis
1733 1845 1798 1887 se
1903 1826 2185 1886 salutisse
2214 1830 2557 1886 contulerat.
2583 1833 2744 1899 Quod
2778 1839 3088 1908 postquam
3120 1837 3549 1907 praedictoTur-

136 1916 521 1985 instruerent,
552 1917 721 1988 quasi
746 1918 871 1988 ,iam
912 1917 1133 1974 bellum
1166 1935 1418 1990 praesens
1449 1922 1793 1991 exspectan·

132 2012 407 2073 tes‚ecce
464 2005 657 2062 nuntii
690 2011 1075 2075 recurrentes,
1109 2024 1225 2063 uno
1281 2008 1453 2064 verbo
1495 2012 1792 2078 asserunt,

131 2094 336 2152 hostes
365 2093 555 2151 tribus
586 2096 799 2152 turmis
828 2096 1136 2164 ordinatis,
1165 2096 1516 2154 habentibus
1538 2097 1791 2169 singulis

128 2183 401 2256 equitum
433 2183 631 2241 vicena
648 2184 851 2253 miliia,
885 2186 1073 2243 citatis
1093 2187 1413 2259 gressibus,
1435 2187 1505 2242 ad
1526 2191 1785 2243 nostrum

130 2272 455 2330 exereitum
479 2275 770 2331 accedere.
802 2275 925 2339 Quo
955 2275 1206 2346 cognito,
1241 2276 1510 2348 princeps
1539 2283 1789 2347 quatuor

128 2362 433 2420 instaurat
463 2363 656 2432 acies;
689 2366 746 2419 et
765 2379 916 2437 equo
936 2365 1388 2434 circumvolans,
1422 2364 1632 2421 circuit
1659 2363 1787 2420 dili-

126 2455 354 2525 genter,
367 2455 426 2507 et
446 2452 636 2508 verbis
662 2453 1128 2523 competentibus
1151 2454 1375 2510 animat
1398 2453 1779 2524 instauratas;

124 2542 392 2614 dumque
419 2542 479 2596 in
502 2540 596 2597 his
627 2541 787 2598 daret
841 2557 1098 2614 operam,
1140 2558 1270 2598 ecce
1306 2544 1564 2600 hostium
1603 2544 1779 2607 acies,

122 2630 337 2687 emetis
366 2629 593 2687 vexillis
635 2635 832 2687 nostro
862 2631 1138 2688 exercitui
1171 2648 1318 2704 pene
1347 2633 1775 2706 Jungehantur.

1899 1932 2099 1974 corum
2133 1918 2380 1990 principi
2413 1925 2775 1992 compertum
2800 1927 2903 1983 est,
2938 1922 3077 1978 illuc
3099 1924 3208 1980 sub
3227 1926 3392 1982 omni
3411 1924 3553 1983 cele·

1900 2007 2070 2063 ritate
2093 2007 2427 2075 convolans,
2461 2009 2768 2080 praedictos
2799 2012 3022 2068 nobiles
3051 2012 3230 2084 viros,
3264 2015 3366 2087 qul
3387 2015 3549 2073 intus

1897 2112 1959 2152 se
2001 2096 2373 2169 collegerant,
2406 2098 2478 2153 ad
2518 2099 2869 2156 deditionem
2904 2100 3185 2158 violenter
3213 2102 3547 2175 compellit;

1899 2185 2101 2256 sicque
2133 2186 2349 2243 factum
2380 2193 2468 2242 est
2491 2186 2590 2244 illa
2618 2188 2734 2259 die,
2758 2190 2917 2261 quod
2947 2190 3019 2246 de
3050 2196 3130 2246 tot
3161 2191 3424 2249 millibus
3445 2192 3550 2266 qui

1897 2273 2205 2330 dominum
2238 2275 2558 2346 principem
2591 2278 2779 2333 secuti
2826 2279 3077 2347 fuerant,
3108 2280 3295 2350 culpis
3327 2281 3545 2338 nostris

1891 2351 1950 2419 id
1992 2364 2372 2434 merentibus,
2404 2366 2497 2421 vix
2517 2366 2601 2422 vel
2634 2383 2789 2422 unus
2838 2369 2933 2439 qui
2975 2368 3287 2436 nuntiaret,
3312 2371 3542 2441 evasitg

1889 2452 1960 2506 de
1982 2452 2246 2508 hostibus
2271 2469 2423 2523 vero,
2455 2454 2539 2510 vel
2572 2456 2797 2527 paucis,
2821 2456 2907 2511 vel
2933 2456 3163 2512 nemine
3192 2456 3538 2515 intersectis.

1886 2540 2113 2597 Dicitur
2142 2548 2338 2598 autem
2383 2543 2474 2599 hic
2536 2544 2684 2599 idem
2739 2545 3012 2617 princeps
3054 2546 3331 2619 RogeruS,
3363 2547 3537 2604 homo

1885 2628 2068 2684 luisse
2100 2631 2551 2701 perditissimus,
2585 2633 2976 2703 incontinens,
3019 2651 3230 2706 parcus
3258 2640 3314 2690 et
3345 2634 3538 2706 publi·

121 2719 526 2776 Commissum
555 2723 648 2776 est
676 2720 874 2791 itaque
905 2721 1195 2793 praelium,
1220 2723 1485 2794 utrisque
1517 2720 1776 2780 animose
1881 2734 1985 2774 cus
2015 2719 2261 2775 adulter.
2298 2723 2544 2794 Insuper
2589 2722 2762 2778 etiam
2797 2724 3099 2780 dominum
3132 2741 3302 2780 suum
3328 2723 3525 2796 junio·

119 2807 524 2877 instantibus3
556 2809 657 2865 sed
690 2809 936 2881 peccatis
966 2813 1181 2866 nostris
1213 2812 1599 2882 exigentibus,
1624 2812 1773 2867 facta
1880 2823 1999 2863 rem
2057 2807 2484 2878 Boamundum‚
2528 2812 2775 2867 senioris
2831 2812 3154 2869 Boamundi
3213 2812 3425 2881 filium,
3456 2812 3517 2869 in

118 2904 202 2954 est
230 2913 371 2970 pars
400 2897 644 2955 adversa
700 2899 985 2971 superior.
1017 2901 1159 2955 Nam
1188 2901 1342 2956 acies
1372 2901 1589 2973 quibus
1622 2916 1771 2973 prae·
1877 2898 2085 2970 Apulia
2141 2916 2275 2955 cum
2346 2909 2527 2957 matre
2566 2908 2897 2969 morantem,
2931 2903 3002 2958 ab
3034 2902 3362 2969 Antiochia,
3394 2916 3520 2975 quo

117 2992 283 3047 erant
302 2986 411 3045 viri
468 2988 693 3045 nobiles
721 2991 779 3045 et
843 2990 902 3045 in
949 2990 1127 3047 armis
1168 2991 1415 3062 strenui,
1446 2989 1768 3048 Gaufridus
1875 2992 2121 3060 paterna
2177 2989 2230 3045 ei
2281 2989 2580 3046 haereditas
2638 2996 2782 3062 erat,
2813 2991 2972 3049 omni
3019 3008 3086 3049 eo
3119 2997 3380 3063 tempore
3408 3008 3529 3064 quo

118 3079 451 3138 monachus
478 3085 539 3138 et
564 3082 749 3137 Guido
779 3081 1120 3152 Fremellus,
1145 3099 1277 3154 quas
1308 3085 1506 3155 primas
1539 3085 1769 3139 fuerant
1800 3122 1844 3190 C
1882 3078 2275 3150 principatum
2317 3080 2524 3149 tenuit,
2559 3080 2769 3136 fecerat
2813 3082 3094 3138 alienum.
3132 3082 3275 3139 Nam
3306 3098 3375 3138 ea
3403 3096 3535 3139 con-

114 3171 185 3227 sd
216 3170 567 3227 irruendum
595 3171 654 3226 in
686 3171 881 3228 hostes
900 3172 1213 3244 deputatis,
1234 3175 1450 3244 optime
1480 3176 1538 3229 et
1554 3189 1773 3229 secun-

118 3260 260 3316 dum
302 3259 390 3315 rei
424 3259 696 3316 militaris
738 3260 1109 3333 disciplinam
1145 3278 1485 3334 progresses,
1520 3263 1769 3334 majores

116 3350 381 3407 hostium
420 3365 638 3407 cuneos
693 3354 748 3406 et
806 3350 1105 3408 densiores
1161 3352 1446 3419 cohortes,
1487 3353 1770 3410 violenter

114 3439 459 3508 dissolutas,
492 3455 639 3511 pene
671 3439 727 3496 in
763 3440 960 3513 fugam
994 3443 1339 3513 adegerant:
1367 3443 1462 3497 sed
1488 3443 1643 3499 acies
1675 3443 1767 3498 cui

113 3529 372 3601 praerat
400 3527 687 3584 Robertus
717 3528 788 3583 de
840 3529 1055 3586 Sancto
1087 3531 1307 3598 Laudo,
1338 3546 1472 3586 cum
1503 3530 1769 3603 exemplo

112 3617 367 3675 aliarum
398 3634 532 3690 quai
561 3623 1001 3691 praecesserant,
1040 3619 1365 3676 animosius
1397 3620 1766 3677 debuissetin

109 3705 311 3765 hostes
343 3706 587 3774 irruere,
611 3706 878 3764 hostibus
907 3708 1057 3763 vires
1081 3710 1535 3778 resumentibus,
1558 3709 1766 3766 substi-

110 3795 182 3852 tit
222 3795 538 3868 improbe;
572 3796 928 3868 demumque
957 3797 1015 3853 in
1041 3796 1239 3870 fugam
1272 3796 1453 3870 lapsa,
1488 3797 1767 3871 principis

113 3886 324 3953 aciem,
356 3901 483 3958 quo
515 3884 647 3941 aliis
676 3890 800 3941 erat
837 3886 1257 3951 ministratura,
1288 3887 1457 3943 solvit
1500 3904 1602 3960 per
1646 3904 1769 3944 me-

112 3975 277 4032 dium
319 3978 379 4031 et
408 3979 634 4048 partem
668 3991 865 4032 seeum
910 3976 969 4031 in
1022 3977 1218 4049 fugam
1277 3978 1462 4044 vertit,
1495 3977 1577 4032 ita
1608 3982 1672 4032 ut
1699 3978 1770 4034 de

111 4073 319 4121 cetero
351 4063 609 4120 revocari
676 4081 792 4121 non
850 4070 1065 4137 posset.
1116 4065 1342 4122 Accidit
1369 4066 1546 4122 etiam
1580 4065 1639 4121 in
1671 4082 1767 4122 eo·

113 4152 244 4210 dem
280 4151 485 4226 prelio
516 4152 796 4225 quiddam
828 4155 1106 4211 relatione
1155 4156 1416 4228 dignum.
1451 4154 1595 4212 Nam
1625 4156 1768 4211 dum

114 4242 330 4314 inipso
359 4243 665 4315 praeliandi
696 4259 902 4315 agone,
934 4243 1072 4299 hinc
1099 4245 1237 4301 inde
1268 4245 1583 4300 ferventius
1604 4246 1768 4301 desu-

114 4335 347 4400 darent,
377 4347 513 4389 ecce
531 4333 708 4388 turbo
741 4335 812 4389 ab
843 4334 1113 4405 aquilone
1160 4334 1430 4405 prodiens
1460 4334 1770 4391 immanis-

112 4424 325 4492 simus,
357 4423 418 4479 in
460 4422 653 4480 medio
694 4423 826 4480 belli
870 4440 1099 4496 campo,
1132 4425 1362 4481 cunctis
1392 4427 1768 4483 cernentibus

114 4512 284 4568 hnsit
302 4510 465 4569 humi
493 4512 936 4586 ;serpendoque
977 4513 1210 4585 longius
1250 4519 1474 4569 tantum
1504 4514 1767 4586 congesti
1796 4481 1844 4547 D

114 4599 371 4674 pulveris
408 4617 607 4658 secum
639 4601 867 4670 detulit,
907 4603 1063 4674 quod
1098 4603 1398 4676 utriusque
1428 4605 1607 4673 partis
1627 4621 1764 4660 ocu·

114 4692 195 4751 los
226 4691 490 4766 pulveris
522 4691 938 4760 immensitate,
971 4709 1042 4749 ne
1075 4710 1335 4766 pugnare
1356 4699 1614 4767 possent,
1639 4711 1767 4768 per-

114 4782 389 4850 strinxit3
421 4797 605 4854 seque
663 4799 762 4855 per
818 4798 1023 4857 gyrum
1057 4783 1405 4851 extollendo,
1431 4785 1487 4840 in
1523 4786 1760 4841 modum

116 4871 256 4929 dolii
287 4870 627 4944 sulphureis
677 4872 914 4944 ignibus
970 4873 1257 4929 combusti
1311 4872 1373 4930 in
1430 4873 1683 4932 sublime
1702 4890 1765 4933 se

115 4955 387 5016 contulit.
412 4957 567 5015 Facti
600 4962 741 5014 sunt
770 4959 967 5033 itaque
997 4958 1188 5015 hostes
1219 4975 1285 5016 eo
1318 4976 1458 5016 casu
1516 4961 1764 5032 superio·

115 5064 199 5105 res
224 5064 241 5117 ;
265 5049 329 5104 et
359 5061 491 5115 pers
546 5050 745 5104 nostra
798 5047 1039 5118 corruit,
1071 5048 1285 5104 nostris
1318 5063 1463 5120 pene
1490 5050 1762 5106 omnibus

112 5136 307 5209 gladio
332 5135 724 5210 interemptis.

771 5242 1003 5299 CAPUT
1032 5241 1098 5299 X.

109 5336 382 5406 Princeps
400 5335 639 5406 Roaerus
669 5331 937 5391 occumbit
964 5335 1025 5388 in
1053 5331 1211 5395 acie:
1234 5335 1284 5388 et
1311 5337 1501 5388 noster
1516 5339 1763 5405 proster-

711 5408 865 5462 nitur
881 5408 1177 5462 exercitus.

174 5497 464 5568 Princeps
496 5499 714 5565 autem,
745 5500 1022 5569 tanquam
1053 5496 1140 5551 vir
1169 5496 1229 5551 in
1253 5494 1434 5550 armis
1465 5497 1759 5565 strenuus,

122 5601 247 5646 eum
280 5584 497 5661 paneis
517 5585 576 5642 in
617 5585 811 5643 medic
867 5584 1127 5643 hostium
1179 5582 1419 5642 viriliter
1447 5582 1760 5657 dimicans,

1884 3167 2105 3224 ditione
2162 3168 2436 3225 dominus
2488 3170 2847 3238 Tancredus,
2881 3171 3041 3228 bonas
3075 3171 3382 3242 memoriae,
3416 3186 3532 3227 mo·

1875 3256 2031 3313 riens
2079 3258 2131 3313 ei
2193 3259 2583 3330 principatum
2643 3261 3038 3328 commiserat,
3082 3267 3146 3317 ut
3203 3260 3524 3334 reposcenti

1873 3345 2109 3402 domino
2141 3346 2498 3411 Boamundo.
2533 3349 2620 3406 vel
2653 3351 2780 3420 ejus
2816 3350 3157 3420 haeredibus,
3190 3367 3308 3408 non
3339 3366 3524 3424 nega-

1875 3441 1982 3493 ret.
2020 3436 2235 3492 Dicitur
2268 3445 2457 3494 tamen
2492 3440 2643 3509 quod
2678 3440 2735 3494 in
2767 3456 2833 3495 ea
2861 3442 3228 3512 expeditione
3256 3456 3373 3512 qua
3393 3455 3528 3496 con·

1873 3525 2067 3580 fossus
2097 3524 2332 3594 interiit,
2363 3527 2517 3598 apud
2534 3527 2839 3582 dominum
2855 3526 3520 3595 Petrum,venerabilem

1871 3613 2086 3684 virum,
2153 3615 2555 3686 Apamiensem
2613 3614 3136 3686 archiepiscopum,
3193 3616 3291 3686 qui
3336 3616 3520 3672 eidem

1875 3704 2234 3759 necessitatis
2267 3703 2515 3760 articulo
2538 3719 2789 3775 praesens
2813 3705 3176 3773 interfuerat,
3201 3705 3373 3761 corde
3395 3718 3524 3761 con·

1871 3791 2009 3848 trito
2038 3795 2096 3847 et
2127 3790 2435 3846 humiliato
2476 3790 2688 3848 delicta
2716 3808 2824 3847 sua
2853 3807 3044 3849 coram
3079 3794 3194 3849 Deo
3223 3791 3524 3850 confessus

1874 3881 2084 3951 ruerat,
2139 3879 2504 3951 promittens,
2563 3885 2796 3938 auctore
2852 3880 3115 3950 Domino,
3173 3879 3524 3954 poenitentin

1875 3970 2106 4027 tructus
2142 3970 2502 4041 condignos;
2538 3975 2597 4025 et
2653 3970 2736 4025 sie
2794 3986 2924 4026 vere
2974 3970 3283 4045 poenitens,
3343 3968 3528 4042 praelii

1874 4058 2193 4114 discrimen
2225 4058 2529 4131 ingressus
2559 4063 2668 4115 est.

2525 4168 2756 4225 CAPUT
2795 4169 2890 4225 xt.

1874 4259 1990 4314 Reoe
2012 4260 2064 4312 et
2094 4272 2266 4315 comes
2317 4257 2685 4327 Tripolitanus
2741 4258 3090 4315 Antiochiam
3114 4260 3432 4332 properant,
3465 4261 3532 4314 ut

2307 4330 2576 4402 praedicto
2605 4330 2778 4387 (lazzi
2806 4333 3083 4388 resistant.

1948 4421 2179 4478 Interea
2205 4436 2300 4477 rex
2330 4425 2385 4477 et
2414 4436 2610 4477 comes
2641 4422 3038 4494 Tripolitanos
3068 4421 3425 4488 accedentes,
3450 4421 3521 4476 ad

1876 4526 2011 4567 eum
2032 4511 2229 4567 locum
2259 4510 2360 4583 qui
2381 4512 2592 4567 dicitur
2624 4527 2792 4567 mous
2825 4512 3090 4584 Nigronis
3120 4516 3524 4583 pervener-anu

1875 4601 2028 4672 quod
2082 4601 2393 4671 pradictus
2440 4600 2606 4656 Gazzi
2648 4602 3035 4672 comperiens,
3095 4601 3296 4655 decem
3340 4597 3530 4655 millia

1874 4690 2140 4760 equitum
2153 4689 2470 4746 electorum
2502 4688 2586 4745 eis
2608 4689 2836 4745 obviam
2870 4688 3091 4760 dirigit,
3113 4687 3451 4759 quieorum,
3471 4684 3526 4742 si

1875 4782 2132 4851 possent,
2166 4778 2487 4850 impediant
2517 4793 2832 4834 accessum.
2863 4777 2930 4832 Hi
2961 4791 3095 4832 vero
3125 4774 3429 4841 abeuntes,
3462 4775 3523 4832 in

1874 4875 1989 4924 tres
2019 4876 2243 4924 turmas
2260 4883 2322 4923 se
2352 4867 2641 4932 dividunt,
2660 4882 2835 4922 unam
2850 4866 2920 4921 ad
2939 4864 3526 4922 mareversusSancti

1872 4957 2163 5013 Simeonis
2223 4960 2454 5028 portum
2515 4955 2852 5027 dirigentes,
2885 4955 3029 5011 alias
3087 4955 3234 5010 duas
3271 4954 3522 5013 diversis

1872 5045 2177 5101 itineribus
2207 5045 2324 5115 regi
2353 5044 2578 5101 obviam
2628 5044 3001 5101 destinantes.
3032 5043 3286 5116 Contigit
3315 5047 3513 5100 autem

1872 5135 2030 5208 quod
2060 5149 2245 5190 unum
2259 5150 2328 5191 ex
2358 5134 2582 5189 duabus
2610 5133 2825 5190 turmis
2855 5133 3080 5189 obviam
3094 5132 3510 5204 habuit,quam

1871 5226 2080 5298 praevia
2109 5223 2340 5280 Domini
2364 5222 2779 5291 misericordia,
2813 5222 3079 5295 pluribus
3109 5221 3427 5279 intersectis
3454 5224 3516 5277 et

1871 5316 2175 5389 captivatis
2233 5314 2554 5384 nonnullis,
2587 5314 2871 5372 violenter
2897 5314 3269 5380 dissolutam,
3301 5313 3362 5368 in
3420 5312 3514 5369 fu-

1870 5419 2004 5476 gam
2028 5404 2330 5461 convertit.
2356 5403 2498 5460 lude
2544 5419 2644 5474 per
2699 5404 2970 5460 Laterum
3003 5407 3061 5458 et
3089 5399 3510 5458 Casambellam

1871 5492 2234 5550 Antiochiam
2275 5494 2634 5563 perveniens,
2664 5509 2697 5547 a
2717 5493 2956 5549 domino
2985 5491 3337 5564 patriarcha,
3360 5488 3511 5547 clere

1838 5597 2104 5668 *quoque
2133 5590 2187 5640 et
2220 5582 2436 5657 populo
2467 5582 2732 5641 universo
2775 5597 2908 5639 cum
2939 5580 3184 5640 summis
3200 5578 3508 5639 desideriis
