3784 6000
306 216 443 276 ΒΗ

1732 218 1928 278 Lucu
1965 215 2046 277 m
2087 218 2297 276 PAPAE

301 341 614 414 largitione
642 357 849 416 regum
866 342 961 399 vel
976 344 1643 416 principum.oblatione
1664 345 1950 414 fidelium,
1984 346 2033 401 A
2061 343 2731 417 velsumptibuscolitis,
2746 345 2870 401 sive
2882 345 2959 402 de
2972 343 3718 403 nutrimentisauimalium

295 447 411 489 seu
437 432 568 489 aliis
593 432 771 504 J'ustis
818 432 1032 498 modis,
1065 439 1386 507 praestante
1434 437 1708 505 Domino,
1739 437 1954 509 poterit

303 521 580 594 adipisci,
608 521 784 577 firma
825 521 990 578 vobis
1037 524 1366 597 vestrisque
1406 525 1854 582 successoribus
1898 529 1953 583 et

301 608 533 666 illibata
553 616 961 682 permaneant.
994 611 1057 666 ln
1088 613 1314 685 quibus
1341 615 1466 671 baec
1497 614 1752 688 propriis
1780 613 1954 671 duxi·

306 715 442 756 mus
481 698 875 772 exprimenda
905 700 1241 763 vocabulis:

374 789 594 845 Locum
611 787 882 861 ipsumiu
902 806 1024 863 quo
1043 795 1471 853 monasterium
1485 799 1748 853 vestrum
1769 794 1952 853 situm

301 881 411 942 est,
438 891 510 933 ex
540 877 704 933 douo
736 878 1000 949 Hugonis
1034 880 1108 938 de
1135 884 1462 941 monteforti
1505 900 1644 941 cum
1669 883 1955 941 omnibus

300 965 675 1040 pertinentiis
700 968 842 1034 suis,
870 968 1241 1028 scilicetcum
1262 972 1493 1047 capella
1515 975 1742 1030 Sauctoe
1762 973 1955 1031 Maria!

300 1055 360 1111 in
388 1053 528 1111 villa
561 1056 749 1112 sancti
790 1058 1025 1126 Ymerii‚
1067 1065 1122 1116 et
1166 1077 1306 1117 cum
1346 1062 1576 1136 capella
1619 1063 1809 1120 sancti
1859 1062 1957 1119 ui-

302 1142 520 1200 chaelis
549 1143 714 1214 apud
736 1147 1299 1223 Pontem-episcopi,
1318 1155 1530 1207 etcum
1548 1150 1958 1209 decimationi-

303 1231 422 1288 bus
446 1231 931 1293 molendinorum
946 1236 1455 1305 deCornevilla,et
1475 1240 1730 1297 aliorum
1753 1256 1958 1297 nemo·

304 1336 461 1387 rum,
479 1326 535 1377 et
556 1320 936 1392 forestarum,
965 1331 1022 1381 et
1042 1327 1456 1399 piscariarum,
1480 1336 1535 1387 et
1563 1329 1953 1397 vivariorum,

304 1413 361 1466 et
391 1423 725 1476 caseorum,
759 1417 816 1469 et
842 1413 1250 1484 virgultorum,
1273 1419 1615 1475 etomnium
1633 1434 1770 1492 quoe
1790 1418 1956 1474 deci-

307 1497 459 1554 mari
488 1497 703 1555 debent
733 1499 805 1556 de
835 1502 1064 1560 honore
1089 1504 1162 1561 de
1188 1507 1514 1564 monteforti
1558 1509 1616 1564 in
1662 1507 1957 1564 Norman-

304 1585 428 1654 nia,
447 1590 503 1643 et
517 1588 753 1658 Anglia.
774 1592 839 1646 Et
857 1591 918 1647 in
932 1593 1143 1666 Anglia
1154 1595 1434 1652 ecclesias
1449 1597 1525 1652 de
1548 1596 1955 1665 Bradeburna,

2065 438 2395 491 vestrorum
2430 433 2630 490 nullus
2659 450 2697 490 a
2728 432 2897 491 vobis
2923 434 3193 492 decimas
3220 434 3480 505 exigere.
3514 433 3609 492 vel
3634 449 3722 492 ex-

2063 526 2342 595 torquere
2369 527 2712 596 praesumat.
2741 523 2939 581 Liceat
2964 538 3209 597 quoque
3238 521 3413 580 vobis
3453 523 3716 589 clericos.

2061 611 2155 669 vel
2181 611 2366 669 laicos
2395 628 2433 668 a
2461 611 2682 670 soeculo
2710 610 3003 682 fugientes
3047 612 3289 680 liberos,
3317 617 3379 669 et
3413 610 3721 670 absolutus

2063 702 2143 757 ad
2173 702 2631 759 conversionem
2658 707 3011 775 recipere,et
3036 716 3140 758 eos
3171 702 3406 776 absque
3425 701 3722 759 contradi-

2063 790 2258 847 ctione
2312 790 2518 864 aliqua
2569 791 2841 848 retinere.
2874 791 3269 848 prohibemus
3323 792 3604 864 iusuper,
3665 796 3720 848 ut

2061 877 2213 935 nulli
2234 878 2486 937 fratrum
2504 884 2859 946 vestrorum,
2881 879 3255 953 postfactam
3271 877 3333 936 iu
3349 880 3575 937 eodem
3597 878 3722 937 loco

2064 967 2520 1042 professionem,
2535 968 2624 1026 fas
2655 971 2728 1026 sit
2753 969 2989 1043 absque
3015 968 3233 1042 prioris
3257 968 3350 1026 sui
3378 966 3630 1025 licentia
3653 967 3722 1025 de

2065 1057 2280 1115 eodem
2308 1057 2441 1115 loco
2464 1100 2479 1126 ‚
2511 1058 2627 1115 nisi
2640 1059 2909 1116 arctioris
2932 1057 3239 1131 religionis
3263 1058 3522 1115 obtentu
3541 1057 3725 1114 diseo

2064 1146 2226 1214 dere,
2257 1147 2663 1205 discedentem
2696 1162 2859 1215 vero,
2883 1148 3010 1204 sine
3039 1148 3349 1205 communi
3395 1146 3722 1204 litterarum

2065 1237 2365 1305 cautione,
2399 1236 2553 1293 ullus
2602 1237 2823 1294 audeat
2861 1237 3133 1295 retinere.
3163 1237 3229 1294 ld
3269 1235 3724 1310 parochialibus

2066 1332 2266 1383 autem
2291 1325 2576 1398 ecclesiis,
2596 1342 2749 1401 quas
2779 1326 3034 1394 habetis,
3064 1325 3239 1383 liceat
3269 1325 3446 1383 vobis
3477 1325 3720 1382 elericos

2066 1414 2157 1472 vel
2187 1414 2527 1472 sacerdotes
2556 1416 2793 1487 eligere,
2825 1420 2883 1473 et
2906 1415 3248 1474 dioeeesano
3260 1414 3563 1488 episcopo
3588 1428 3722 1487 ρω-

2066 1508 2320 1576 seutare;
2352 1504 2575 1578 quibus
2601 1506 2648 1561 si
2676 1504 2875 1562 idonei
2905 1505 3140 1575 ruerint,
3162 1503 3494 1576 episcopus
3517 1518 3718 1560 curam

2068 1593 2405 1650 animarum
2437 1593 2789 1660 committat,
2815 1599 2877 1650 ut
2900 1594 2954 1650 ei
2984 1592 3060 1650 de
3081 1592 3525 1666 spiritualibus,
3558 1591 3716 1648 vobis

307 1678 366 1731 et
385 1674 742 1747 Tiltentona‚
769 1679 922 1736 etde
953 1680 1257 1756 Esbrugge
1279 1701 1417 1742 cum
1461 1686 1744 1744 omnibus
1780 1686 1961 1759 perti·
1993 1699 2037 1755 Β
2069 1688 2269 1739 autem
2290 1682 2364 1739 de
2394 1682 2826 1755 temporalibus
2853 1683 3113 1739 debeant
3142 1681 3542 1755 respondere.
3581 1680 3716 1737 Cum

294 1764 523 1820 ·nentiis
560 1764 705 1836 suis,
760 1772 816 1824 et
875 1770 1236 1830 nominatim
1274 1774 1524 1831 decimis
1578 1776 1836 1847 piscium
1883 1777 1959 1833 de

306 1854 482 1919 Heca,
512 1858 568 1910 et
594 1870 778 1914 unam
807 1856 1060 1916 domum
1085 1863 1247 1934 apud
1281 1865 1492 1932 lream,
1521 1866 1675 1922 sicut
1708 1866 1960 1924 donato·

304 1955 441 1998 rum
474 1942 542 2012 [f.
574 1942 999 2023 douatiouum]
1032 1950 1251 2009 chartas
1300 1958 1609 2012 testantur.
1667 1957 1747 2012 Ex
1794 1954 1959 2012 dono

308 2028 573 2101 Hugonis
603 2031 701 2088 filii
730 2032 1031 2095 Gilleberti
1051 2040 1126 2096 de
1164 2041 1321 2099 Gant
1352 2051 1582 2115 partem
1614 2044 1776 2102 illam
1798 2044 1961 2101 silvoe

304 2134 445 2191 quie
472 2126 717 2178 vocatur
740 2139 954 2183 nemus
981 2128 1235 2197 turoldi,
1262 2136 1316 2189 et
1341 2132 1708 2202 valliscorvi,
1755 2139 1814 2192 et
1842 2135 1961 2190 vir-

311 2208 544 2280 gultum
572 2212 736 2285 quod
789 2213 897 2271 fuit
943 2217 1194 2277 Ricardo
1239 2224 1418 2280 Poree
1468 2224 1525 2281 iu
1571 2224 1873 2294 Perrelita,
1907 2228 1964 2280 et

312 2296 581 2355 decimas
604 2301 674 2356 de
699 2302 930 2374 saliuis,
961 2312 1018 2364 et
1043 2310 1327 2367 nundinis
1353 2311 1428 2369 de
1461 2315 1954 2387 Ponte-episcopi.

315 2393 372 2443 et
413 2387 489 2443 de
521 2387 671 2446 valle
716 2392 931 2466 Ancre,
970 2396 1124 2454 sicut
1171 2401 1296 2472 ejus
1339 2401 1542 2460 charta
1590 2408 1853 2461 testatur.
1883 2405 1964 2461 Ex

312 2474 477 2534 dono
505 2475 744 2536 illustris
770 2484 1001 2541 Henrici
1032 2488 1357 2561 Anglorum
1389 2492 1545 2563 regis
1568 2493 1859 2566 cupellam
1889 2493 1964 2550 de

317 2564 634 2623 Bello-loco
667 2584 805 2627 cum
859 2573 1109 2631 decimis
1153 2583 1210 2634 et
1261 2581 1544 2637 omuibus
1597 2582 1966 2654 pertiuentiis

315 2652 461 2711 suis.
493 2655 573 2710 Ex
603 2654 766 2714 dono
795 2661 1067 2719 willelmi
1100 2665 1174 2721 de
1208 2670 1480 2728 Perretila
1507 2686 1785 2738 assensu,
1819 2687 1965 2727 uxo-

313 2740 395 2799 ris
431 2758 577 2814 suae,
599 2750 655 2801 et
679 2744 937 2805 filiorum
969 2767 1237 2825 suorum,
1264 2763 1322 2813 et
1349 2758 1614 2831 Hugonis
1647 2761 1721 2815 dc
1752 2761 1963 2818 Monte·

314 2828 449 2887 forti
480 2831 707 2891 domini
737 2838 849 2904 sui,
876 2839 1175 2899 decimam
1206 2844 1280 2901 de
1322 2853 1558 2904 mortua
1589 2864 1769 2921 aqua,
1802 2855 1858 2906 et
1890 2850 1966 2906 de

313 2921 598 2978 omnibus
615 2924 975 2984 molendinis
997 2931 1142 3003 suis,
1163 2935 1314 2990 sieut
1329 2935 1386 2992 in
1402 2938 1531 3008 ejus
1556 2938 1758 2995 charta
1782 2938 1967 2995 conti·

316 3016 510 3067 netur.
543 3016 625 3069 Ex
653 3014 815 3073 dono
840 3019 1076 3077 Roberti
1107 3025 1646 3096 Mauviel,asseusu
1676 3031 1968 3095 uxoris,et
2005 3058 2046 3115 C

316 3099 580 3159 filiorum
606 3120 876 3177 suorum,
904 3110 1249 3181 virgultum,
1282 3121 1339 3173 et
1368 3122 1604 3185 terram,
1633 3123 1691 3175 et
1719 3119 1967 3177 boscum

318 3205 455 3262 quoe
485 3191 639 3249 teuel
659 3199 716 3251 at
746 3194 821 3252 de
851 3212 922 3254 eo
939 3200 1226 3260 liebertus
1247 3204 1517 3275 clericus,
1543 3215 1599 3264 et
1617 3208 1865 3266 boscum
1895 3211 1969 3266 de

321 3278 656 3347 Quat-teria,
682 3290 739 3340 et
779 3283 1031 3344 hortum·
1052 3306 1239 3348 unum
1279 3294 1451 3365 juxta
1502 3296 1725 3354 fontem
1779 3299 1968 3355 sancti

323 3366 555 3425 Ymerii.
589 3371 656 3426 Et
680 3372 738 3428 iu
777 3373 1093 3435 Ferravilla
1132 3397 1361 3440 unuam
1413 3384 1653 3443 bortum
1683 3392 1740 3444 et
1785 3403 1968 3445 uuam

319 3470 522 3514 caram
550 3463 737 3517 terrae.
766 3462 847 3519 Ex
880 3465 1042 3525 dono
1073 3471 1337 3541 lingonis
1365 3477 1668 3547 praepositi
1696 3476 1771 3532 de
1799 3480 1971 3534 Torta

318 3560 545 3617 quercu
577 3556 689 3606 tres
720 3568 889 3611 acras
919 3560 1086 3615 terrae
1115 3560 1174 3616 in
1212 3561 1423 3619 eadem
1475 3565 1631 3622 villa.
1687 3567 1769 3622 Ex
1808 3565 1970 3623 dono

322 3633 615 3694 Willermi
644 3641 1009 3716 Furtelapud
1026 3649 1315 3722 Magnam·
1329 3651 1526 3710 villam
1550 3670 1737 3711 unum
1762 3671 1972 3713 vavas-

323 3739 522 3783 sorem
548 3727 901 3789 reddentem
930 3735 1137 3793 decem
1169 3740 1397 3797 solidos
1429 3758 1570 3799 cum
1598 3743 1969 3816 pertiuentiis

327 3812 470 3869 suis.
504 3815 585 3872 Ex
616 3818 779 3877 dono
812 3821 1045 3882 Roberti
1071 3825 1146 3883 de
1176 3829 1503 3889 monteforti
1541 3837 1873 3904 pasturam,
1917 3839 1971 3890 et

326 3904 547 3962 terram
570 3906 646 3962 de
666 3916 870 3968 monte
900 3930 1085 3987 supra
1104 3916 1356 3976 domum
1389 3921 1655 3993 lingonis
1697 3923 1969 3991 Peissuu,

323 3995 381 4049 et
410 4008 632 4065 aquam
661 4004 716 4053 et
746 4000 1063 4072 piscariam
1088 4005 1164 4062 de
1199 4007 1356 4076 lvea,
1380 4015 1438 4067 et
1455 4011 1776 4082 gardinum
1803 4011 1973 4085 quod

322 4078 431 4139 fuit
452 4083 729 4142 Willclmi
756 4092 1099 4164 presbyteri,
1134 4101 1190 4152 et
1225 4097 1527 4157 decimam
1571 4103 1711 4158 novi
1744 4100 1974 4159 molen-

322 4168 469 4239 dini,
500 4177 555 4230 et
595 4174 920 4235 molendini
963 4182 1270 4242 Fulleretii.
1323 4190 1398 4245 Ex
1449 4189 1612 4246 dono
1652 4190 1827 4247 Helioe
1866 4190 1974 4248 de·

322 4257 591 4317 Baillolio
618 4269 837 4323 terram
863 4270 1022 4341 apud
1049 4274 1284 4332 Tortam
1314 4278 1614 4344 Quercum
1640 4278 1700 4337 iu
1730 4280 1974 4338 essartis

322 4343 575 4416 forestae,
609 4357 664 4408 et
716 4370 899 4412 uuam
952 4360 1211 4420 saliuam
1257 4364 1337 4421 ad
1375 4366 1634 4436 Tolcam,
1682 4384 1976 4426 concessu

312 4433 552 4536 domini
579 4445 672 4501 sui
696 4447 930 4506 Roberti
949 4450 1024 4506 de
1044 4452 1421 4512 Monteeforti.
1449 4457 1529 4514 Ex
1555 4456 1718 4515 douo
1740 4453 1976 4515 walteri

322 4523 535 4602 Pipard
554 4538 772 4594 terram
797 4537 873 4596 de
897 4538 1233 4611 Guvifosse,
1261 4559 1448 4617 quam
1476 4549 1643 4619 llugo
1670 4546 1744 4603 de
1767 4550 1983 4608 Monte-

321 4613 457 4676 forti
482 4621 535 4678 ei
559 4622 802 4684 dederat
832 4643 942 4701 pro
980 4633 1219 4690 servitio
1248 4633 1301 4707 ej
1314 4651 1399 4691 us.
1434 4637 1516 4691 Ex
1541 4635 1705 4693 dono
1749 4637 1982 4695 oliverii

325 4707 401 4766 de
424 4711 676 4772 Albineo
709 4732 899 4775 unum
924 4735 1307 4780 vavassorem
1338 4723 1687 4783 reddentem
1712 4728 1982 4800 quinque

313 4798 551 4858 solidos
609 4820 749 4862 cum
800 4809 1112 4880 reguardis
1171 4815 1229 4868 et
1273 4813 1555 4871 omnibus
1614 4815 1983 4887 pertinentiis

332 4888 476 4945 suis.
516 4892 597 4949 Ex
647 4894 811 4953 dono
857 4897 1128 4957 Albredae
1178 4900 1254 4958 de
1301 4901 1467 4969 Tilio,
1498 4909 1573 4964 et.
1602 4905 1845 4962 Roberti
1879 4904 1984 4963 filii

322 4976 453 5049 ejus
487 4984 719 5040 tertiam
743 4991 974 5058 partem
995 4988 1245 5047 decimoe
1273 4992 1469 5050 molen
1494 4992 1576 5049 ini
1603 4993 1678 5051 de
1708 4994 1987 5053 perrefita

324 5083 463 5127 cum
489 5073 772 5131 omnibus
804 5077 1170 5149 pertiuentiis
1199 5082 1348 5137 suis.
1375 5083 1457 5138 Ex
1488 5083 1651 5140 dono
1692 5070 1986 5143 Willermi

323 5158 399 5216 de
426 5162 703 5221 Betevilla
715 5163 1016 5225 decimam
1044 5168 1368 5228 molendini
1392 5172 1482 5228 sui
1505 5172 1564 5229 in
1590 5172 1805 5230 eadem
1825 5173 1985 5247 villa,

325 5254 383 5308 et
415 5254 631 5308 terram
662 5268 851 5328 quam
877 5257 962 5313 eis
991 5257 1153 5315 dedit
1183 5259 1337 5333 apud
1364 5260 1652 5319 Sanctum
1684 5262 1988 5322 Ymerium

319 5338 493 5411 juxta
520 5339 827 5412 forestam,
873 5346 1025 5403 sicut
1068 5347 1130 5405 iu
1159 5349 1537 5408 'authenticis
1588 5349 1824 5426 scriptis
1870 5353 1991 5411 sin.

328 5427 608 5498 gulorum
642 5431 1007 5493 donatorum
1031 5438 1386 5497 continetur.

326 5553 331 5560 -
400 5517 554 5581 sano
574 5519 877 5583 novalium
899 5527 1217 5587 vestrorum
1236 5543 1394 5603 quos
1415 5530 1673 5606 propriis
1682 5530 1993 5595 manibus,

2013 4412 2060 4469 D

2068 1777 2268 1828 autem
2316 1772 2594 1844 generale
2650 1772 3029 1829 interdictum
3085 1771 3280 1838 fuerit,
3309 1770 3494 1828 liceat
3537 1770 3716 1835 vobis,

2068 1861 2289 1919 clausis
2318 1861 2544 1933 januis,
2577 1859 2833 1917 exclusis
2863 1859 3408 1918 excommunicatis
3458 1864 3521 1916 et
3555 1859 3721 1916 iuter·

2068 1950 2261 2014 dictis,
2277 1965 2398 2006 uon
2411 1949 2660 2023 pulsatis
2672 1950 3003 2022 campanis,
3018 1963 3346 2023 suppressa
3360 1962 3518 2005 voce
3533 1946 3589 2003 di
3597 1949 3722 2004 vina

2068 2038 2266 2098 officia
2293 2037 2615 2096 celebrare.
2638 2038 2930 2112 Antiquas
2957 2053 3200 2111 quoque
3224 2040 3281 2094 et
3289 2076 3426 2096 ......
3451 2037 3517 2094 iu
3546 2036 3719 2093 eecle-

2070 2129 2159 2185 sia
2183 2134 2380 2185 vestra
2408 2127 2843 2185 hacteuus......
2897 2126 3216 2193 habemus,
3243 2139 3477 2200 easque
3515 2125 3720 2181 futuri·

2060 2210 2237 2275 ²illiba
2250 2255 2387 2273 ......
2438 2216 2727 2273 Praeterea
2759 2217 3076 2273 statuimus
3130 2218 3194 2271 ut
3237 2252 3376 2272 ......
3417 2216 3721 2287 episcope.

2070 2307 2321 2372 decano,
2354 2304 2797 2373 archidIacono‚
2826 2306 2915 2363 vel
2952 2320 3161 2362 eorum
3187 2303 3529 2362 officiali....
3548 2305 3721 2361 eccls-

2072 2397 2194 2453 sias
2221 2401 2462 2462 vestras,
2491 2411 2594 2450 seu
2623 2393 2867 2452 clericos
2900 2393 3141 2451 familias
3181 2399 3398 2449 vestras
3437 2427 3578 2452 ......
3611 2406 3721 2448 ma·

2076 2485 2306 2551 nit'esta,
2336 2489 2392 2540 et
2419 2482 2758 2540 rationabili
2783 2498 2989 2548 causa,
3012 2481 3332 2548 interdicti,
3365 2496 3716 2539 excommu-

2073 2573 2385 2631 nicationis
2405 2577 2508 2629 aut
2531 2571 2940 2646 suspensionis
2984 2571 3340 2627 seutentiam
3391 2570 3574 2627 liceat
3604 2582 3718 2643 per·

2073 2662 2337 2734 vulgare.
2386 2660 2765 2733 sepulturam
2808 2675 3051 2734 quoque
3084 2659 3274 2732 ipsius
3312 2658 3434 2716 loci
3479 2658 3716 2717 liberam

2075 2767 2203 2808 essc
2231 2752 2627 2818 decernimus,
2657 2755 2719 2807 ut
2749 2765 2958 2807 eorum
2981 2749 3309 2815 devotioni,
3347 2754 3410 2806 et
3448 2753 3712 2806 extrema

2079 2840 2384 2908 voluntati,
2411 2841 2514 2913 qui
2553 2855 2615 2895 se
2652 2838 2770 2896 illic
2818 2838 3054 2912 sepeliri
3091 2836 3596 2907 desideraverint,
3620 2834 3719 2894 uisi

2077 2928 2224 2988 forte
2250 2928 2752 2987 excommunicati
2781 2927 2870 2985 vel
2891 2926 3187 2984 interdicti
3217 2926 3365 2993 siut,
3401 2925 3604 2983 nullus
3628 2924 3721 2981 ob·

2077 3023 2269 3079 sistat.
2299 3019 2466 3077 salva
2491 3025 2693 3076 tamen
2715 3018 2947 3092 justitia
2975 3017 3210 3074 illarum
3249 3017 3664 3082 ecclesiarum,
3689 3029 3724 3072 a

2077 3109 2295 3185 quibus
2316 3115 2681 3166 mortuorum
2721 3122 2977 3181 corpora
3005 3112 3427 3163 assumuntur.

2057 3201 2070 3212 ”
2142 3199 2525 3256 Decernimus
2542 3212 2685 3267 ergo
2704 3202 2764 3253 ut
2786 3195 3191 3253 nulliomuino
3217 3195 3546 3252 bominum
3569 3193 3726 3252 lloeat

2079 3287 2387 3361 praefatam
2431 3285 2744 3343 ecclesiam
2777 3290 2997 3342 temere
3041 3283 3422 3357 perturbare,
3454 3289 3562 3341 aut
3607 3282 3726 3355 ejus

2065 3377 2493 3451 ¹possessiones
2509 3374 2761 3442 auferre,
2778 3374 2869 3431 vel
2882 3374 3117 3432 ablatas
3140 3372 3419 3439 rstinere,
3443 3372 3727 3438 minuere,

2079 3472 2179 3526 aut
2205 3465 2578 3540 quibuslibet
2605 3462 3022 3521 vexationibus
3059 3459 3354 3534 fatigar-133
3386 3461 3498 3520 sed
3535 3461 3730 3520 omnia

2078 3557 2309 3628 integra
2322 3557 2771 3618 conserventur,
2785 3567 3018 3623 eorum,
3031 3565 3137 3625 pro
3147 3565 3414 3624 quorum
3440 3550 3734 3622 guberna·

2081 3646 2241 3703 tione
2270 3659 2342 3700 ac
2372 3641 2803 3699 sustentatione
2828 3653 3121 3699 concessa
3136 3637 3733 3706 suut,usibusomui·

2082 3734 2277 3791 modis
2300 3731 2798 3806 profutura,salva
2821 3729 2984 3788 sedis
3002 3728 3350 3803 apostolica
3363 3729 3728 3794 auctoritato.

2061 3828 2138 3881 'et
2156 3821 2480 3880 dioecesani
2502 3820 2767 3893 episcopi
2792 3818 3086 3877 cauouica
3096 3818 3351 3892 justitia.
3373 3816 3434 3876 Si
3455 3833 3590 3892 qua
3606 3829 3730 3888 ergo

2079 3912 2143 3969 in
2188 3911 2459 3968 futurum
2530 3908 2937 3967 ecclesiastica
3005 3905 3388 3965 soecularisve
3459 3921 3725 3980 persona,

2082 4006 2273 4162 &Ego
2302 4090 2518 4147 Lucius
2543 4087 2847 4146 catholica
2887 4085 3157 4145 Ecclesia
3184 4085 3542 4162 episeopus.

2157 4189 2281 4261 Ego
2329 4186 2670 4246 Theodinus
2724 4184 3062 4243 Portuensis
3107 4187 3168 4241 et
3207 4183 3268 4242 S.
3309 4181 3549 4243 Rufino
3595 4183 3732 4243 nodi·

2084 4279 2429 4354 episcopus.

2161 4370 2281 4440 Ego
2309 4366 2594 4424 Henricus
2617 4363 2977 4422 Albauensis
3006 4363 3352 4437 episcopus.

2158 4460 2281 4529 Ego
2307 4455 2529 4514 Paulus
2555 4454 2952 4511 l'roenestiuus
2985 4452 3331 4526 episcopus.

2161 4549 2285 4617 Ego
2327 4545 2528 4601 Petrus
2566 4543 2877 4617 presbyter
2923 4539 3247 4603 cardinali·
3303 4540 3488 4602 titulo
3527 4543 3734 4604 Sanet-

2091 4637 2405 4694 Suzanuae.

2164 4728 2287 4796 Ego
2323 4723 2602 4780 vivianus
2658 4720 2827 4778 titulo
2869 4720 3069 4779 Sancti
3115 4719 3412 4793 Stephani
3459 4721 3528 4780 in
3573 4719 3734 4780 Coelio

2095 4817 2286 4872 Monte
2318 4812 2621 4886 presbyter
2641 4807 2982 4869 cardinalis.

2165 4905 2283 4976 Ego
2308 4902 2613 4960 Laborans
2631 4895 3284 4975 praesbytercardinalis
3307 4899 3548 4960 Sancta
3571 4897 3734 4959 uaris

2091 4995 2278 5050 Trans
2299 4991 2553 5048 Tiberim
2585 4990 2752 5047 titulo
2781 4987 3006 5046 calixti.

2166 5081 2288 5155 Ego
2311 5080 2704 5153 pandulphus
2723 5076 3047 5136 cardinalis
3063 5075 3236 5136 titulo
3259 5075 3602 5138 duodecim
3623 5093 3738 5152 apo-

3749 40 3784 145 4

2096 5172 2374 5230 stolorum
2383 5210 2518 5229 ......
2545 5169 2841 5226 diaconus
2870 5165 3189 5225 cardinalis
3197 5208 3309 5224 .....
3343 5165 3566 5227 Sancti
3583 5167 3737 5226 Theo·
3781 5189 3784 5230 4

2096 5263 2290 5422 (1οέἓο
2331 5350 2449 5407 Gra
2484 5388 2594 5406 .....
2642 5349 2935 5406 diaconus
2979 5343 3310 5405 cardinalis
3353 5347 3535 5408 titulo
3567 5347 3730 5408 Sanefi

2100 5439 2387 5607 auggg-,m
2419 5526 2622 5588 oriani
2650 5525 2946 5588 diaeonus
2981 5521 3383 5588 mutuatu...

3761 5351 3784 5792 ἐ
