3784 6000
1255 217 1670 281 GUILLELMI
1716 216 2100 282 TYRENSlS
2141 214 2503 278 Ancum).

182 354 341 429 quod
368 354 426 411 in
462 360 799 414 nostrorum
834 355 1178 428 potestatem
1212 352 1353 409 urbs
1387 353 1679 425 praedicta,
1721 368 1819 409 aii·
1850 358 1902 424 Α
1936 352 2325 424 pervenerunt
2355 347 2714 420 prodictam,
2746 343 2963 417 quibus
2997 344 3070 403 de
3115 346 3394 404 mandato
3436 345 3581 405 Bil-

180 458 337 504 ctore
393 448 657 516 Domino,
705 452 1069 518 pervenerat,
1123 444 1321 500 missis
1370 445 1589 500 nuntiis
1637 443 1826 517 gratia

182 534 514 608 hospitandi
547 535 856 592 etemendi
889 537 1017 589 vitai
1069 535 1415 600 necessaria,
1465 533 1739 606 implorat
1790 549 1826 589 a

182 627 458 698 pra-dicto
489 624 722 681 domino
765 625 928 679 urbis
965 624 1189 679 aditum
1233 622 1340 679 sibi
1373 629 1432 679 et
1468 624 1640 679 sociis
1670 638 1823 678 rese-

184 714 324 769 rari:
358 713 574 786 quibus
603 712 896 777 admissis,
927 718 1139 769 cuncta
1177 714 1304 767 vitai
1345 715 1673 769 necessaria
1703 715 1823 767 tam

90 838 105 847 -
185 801 296 858 sini
316 818 492 874 quam
517 803 704 875 equis,
730 802 936 875 partim
955 804 1154 872 gratis,
1177 802 1388 874 partim
1410 801 1825 858 interveniente

185 892 391 962 pretio,
418 891 746 948 ministrata
776 898 916 947 sunt
936 891 1309 949 sutfleienier.
1337 891 1648 964 Repererat
1665 890 1821 947 enim

185 978 391 1036 Guell'o
425 979 754 1051 praediclus,
785 982 1051 1038 eamdem
1077 983 1272 1038 urbem
1298 998 1438 1037 auro
1468 986 1525 1038 et
1561 985 1823 1050 argento,

183 1070 466 1141 gregibus
491 1079 549 1126 et
579 1071 880 1140 armentis,
926 1072 1241 1140 frumento,
1290 1072 1424 1128 vino
1465 1077 1524 1128 et
1568 1070 1717 1137 oleo,
1765 1073 1825 1126 et

184 1160 342 1214 omni
373 1159 787 1217 commoditate
818 1160 1265 1217 redundantem.

794 1268 1028 1326 CAPUT
1066 1267 1206 1324 xxi.

182 1355 488 1414 Tenet-ediis
533 1356 874 1413 mamistram
924 1357 1004 1485 gn·
1047 1359 1238 1414 eadem
1294 1356 1518 1428 reqione
1561 1355 1827 1413 violenter

888 1446 919 1487 ο
957 1439 1120 1487 linet.

251 1520 328 1575 At
356 1534 489 1576 vero
517 1517 792 1575 dominus
820 1518 1160 1575 Teneredus
1191 1534 1422 1574 summo
1451 1515 1704 1573 dilucolo
1734 1529 1824 1570 ur·

180 1606 315 1664 hem
334 1609 654 1681 ingressus,
673 1608 824 1663 viam
844 1618 1083 1663 secutus
1107 1608 1345 1680 regiam,
1388 1614 1442 1663 et
1476 1610 1585 1662 iter
1611 1602 1823 1660 accele-

1937 440 2102 496 duini
2161 439 2321 494 urbis
2381 437 2725 493 interdictus
2769 442 2860 491 est
2906 437 3198 493 introitus.
3245 438 3336 494 Itli
3381 445 3581 497 auteni

1934 529 2109 602 longo
2168 529 2392 601 fatigati
2454 523 2678 593 itine're,
2740 528 2918 583 rebus
2971 528 3141 584 vacui
3202 529 3578 600 necessariis,

1936 618 2125 675 multa
2160 635 2392 689 precum
2417 616 2699 672 instantia
2723 616 2885 672 urhis
2908 617 3297 688 precabantur
3317 619 3586 690 hospite·

1934 711 2185 780 litatem,
2218 716 2275 766 et
2300 710 2711 766 alimentorum
2745 709 3202 766 commercium:
3236 726 3339 781 pro
3367 711 3584 782 quibus

1932 802 2111 856 etiam
2145 801 2244 872 qui
2279 799 2521 856 interius
2550 804 2741 868 erant,
2791 799 3086 857 inferioris
3128 816 3344 857 manue
3392 801 3583 859 homi-

1934 906 2063 957 nes,
2108 889 2526 960 compatientes
2572 889 2877 959 fratribus,
2919 905 3051 945 cum
3093 906 3291 960 preces
3323 893 3584 966 porrige-

1935 984 2087 1049 rent,
2129 995 2246 1035 non
2286 983 2428 1035 sunt
2472 978 2742 1048 admissi,
2775 995 2843 1034 eo
2872 979 3027 1051 qnod
3061 978 3134 1036 de
3160 980 3386 1037 familia
3416 981 3583 1039 dice-

1934 1077 2140 1126 rentur
2176 1084 2308 1125 esse
2347 1067 2693 1135 Boamundi,
2734 1073 2793 1125 et
2834 1070 2892 1125 in
2922 1068 3210 1127 Teneredi
3239 1070 3583 1129 festinarent

1934 1159 2242 1216 auxilium.
2292 1158 2544 1230 Populus
2586 1165 2778 1214 tamen
2822 1157 3062 1214 interior
3096 1174 3132 1214 a
3166 1163 3418 1217 l'ralerna
3460 1177 3580 1218 non

1933 1248 2209 1306 delicians
2248 1248 2677 1320 compassione,
2708 1263 2841 1303 cum
2873 1248 3069 1319 egredi
3100 1264 3217 1305 non
3250 1249 3485 1319 valeret,
3517 1251 3578 1309 in

1935 1338 2150 1407 sportis
2180 1353 2410 1409 panem,
2442 1338 2500 1393 in
2531 1335 2761 1392 utribus
2792 1335 2994 1393 vinum
3027 1351 3130 1409 per
3162 1354 3396 1394 murum
3426 1339 3583 1395 funi·

1933 1425 2047 1481 hus
2079 1425 2459 1496 porrigentes,
2510 1424 2872 1482 sufficienter
2917 1424 3387 1482 ministraverunt
3423 1427 3581 1486 unde

1936 1524 2162 1570 noctem
2194 1512 2372 1568 illiam
2411 1521 2638 1585 possent
2675 1514 3021 1584 transigere.
3046 1513 3126 1571 lbi
3156 1529 3296 1587 ergo
3326 1521 3462 1572 ante
3489 1515 3577 1572 cl·

1933 1600 2128 1658 vitatis
2151 1608 2375 1673 portam
2391 1604 2715 1658 secundum
2740 1604 2895 1674 quod
2914 1610 3257 1674 poterautse
3295 1604 3577 1675 locantes,

181 1711 343 1760 rans.
375 1715 509 1755 cum
534 1697 693 1754 omni
718 1715 825 1754 suo
847 1698 1125 1754 comitatu
1148 1696 1507 1753 Mamistram
1539 1694 1819 1767 pervenit.
1853 1727 1899 1794 B
1933 1691 2203 1762 quonlam
2238 1692 2456 1749 intrare
2499 1709 2612 1748 non
2656 1695 3157 1764 permittebantur,
3204 1694 3575 1767 quieverunt.

178 1782 314 1840 Erat
333 1794 527 1843 autem
557 1787 852 1843 mamistra
875 1803 991 1842 una
1011 1787 1083 1842 de
1101 1786 1396 1842 nobilibus
1415 1786 1674 1856 ejusdem
1697 1798 1818 1854 pro·

177 1871 382 1930 vinciae
411 1875 763 1931 civitatibus.
796 1874 1081 1943 turribus,
1113 1882 1171 1930 et
1196 1891 1378 1944 muro,
1409 1880 1467 1929 et
1506 1873 1815 1929 inultorum

177 1959 429 2017 incolatu
454 1961 734 2035 insignis;
759 1965 855 2020 sed
881 1971 939 2018 et
958 1963 1150 2034 opimo
1173 1978 1333 2035 agro,
1355 1969 1411 2018 et
1427 1959 1595 2033 gleba
1618 1960 1817 2030 ubere,

178 2055 236 2106 et
256 2052 591 2108 amoenitate
612 2052 898 2124 principue
922 2051 1422 2109 commendabilis.
1444 2050 1616 2106 Juxta
1639 2065 1816 2121 quani

176 2146 648 2209 castrametatus,
682 2143 834 2200 infra
863 2159 1077 2216 paucos
1102 2141 1227 2199 dies
1255 2141 1553 2199 continuis
1583 2141 1821 2198 assulti-

171 2231 286 2288 bus
309 2232 507 2304 etJugi
533 2235 945 2306 congressione
969 2233 1166 2290 urbem
1190 2233 1567 2304 impugnans,
1583 2237 1817 2287 auctore

174 2319 444 2392 Domino,
480 2323 846 2393 interemptis
877 2322 1234 2388 infidelibus,
1267 2323 1367 2394 qui
1403 2322 1462 2376 in
1496 2337 1562 2377 ea
1602 2319 1813 2392 reperti

170 2416 333 2479 sunt,
374 2411 682 2482 occupavit
709 2413 1010 2469 violenter.
1039 2411 1145 2468 Ubi
1176 2416 1352 2468 etiam
1381 2411 1646 2468 infinitas
1670 2410 1815 2464 divi-

168 2502 386 2555 tiarum
410 2502 629 2571 copias,
654 2507 712 2556 et
740 2501 1147 2557 alimentorum
1175 2504 1495 2557 ubertatem
1522 2501 1816 2571 reperiens

171 2589 595 2655 omnimodam,
632 2591 926 2661 portiones
957 2591 1078 2646 suis
1107 2607 1423 2658 congruasg
1460 2607 1558 2660 pro
1590 2590 1818 2644 merito·

172 2692 299 2732 ruin
335 2677 614 2749 qualitate
644 2679 1024 2747 distribuens,
1059 2679 1432 2751 locupletavit
1482 2682 1812 2734 universos:

171 2765 230 2822 in
253 2782 367 2835 qua
387 2768 649 2824 desectus
681 2770 1018 2825 victualium
1043 2786 1216 2841 quein
1246 2768 1621 2842 pertulerant.
1649 2773 1816 2839 grata

171 2857 525 2911 redimentes
554 2858 875 2929 opulentia,
923 2858 1056 2926 sibi,
1104 2861 1272 2930 equis
1329 2868 1385 2914 et
1413 2859 1817 2930 subjugalibus

176 2945 463 3003 universis
494 2955 723 3019 pastum
751 2949 1471 3018 bciiiiiniusindulserunt,
1497 2949 1616 3006 otio
1634 2947 1816 3006 simul

175 3038 236 3092 et
262 3036 562 3094 alimentis
599 3053 842 3110 corpora
873 3046 1226 3096 recreantes.

770 3145 1005 3202 CAPUT
1044 3145 1220 3203 xxti.

186 3230 497 3288 Balduiiius
527 3233 753 3289 Tarsum
798 3239 1048 3305 occupat.
1082 3234 1327 3291 Trecenti
1367 3234 1432 3291 de
1467 3236 1667 3290 nostris
1693 3250 1823 3291 casu

428 3308 761 3369 miserabili,
791 3313 918 3362 ante
936 3316 1152 3376 portam
1185 3310 1333 3362 urbis
1356 3316 1606 3378 pereunt.

249 3390 464 3448 Verum
496 3394 772 3450 dominus
807 3394 1144 3465 balduinus,
1183 3404 1314 3468 post
1351 3395 1667 3452 discessum
1717 3395 1823 3452 do·

181 3481 326 3538 mini
356 3481 661 3547 Tancredi,
696 3484 907 3539 iterum
942 3484 1260 3539 Tarsenses
1289 3484 1650 3556 frequentius
1671 3501 1828 3541 com·

183 3580 400 3638 monet,
416 3582 469 3628 et
487 3576 718 3629 inonitis
743 3581 1007 3646 potenter
1021 3576 1208 3630 iiiinas
1230 3577 1607 3645 permiscens,
1631 3576 1827 3631 urbem

181 3663 298 3718 sibi
322 3664 585 3736 precipit
603 3665 813 3733 aperiri
837 3671 895 3721 et
921 3683 1092 3722 suuni
1119 3666 1428 3722 intromitti
1454 3670 1820 3723 comitatum.

186 3750 313 3810 Non
338 3770 495 3810 enim
530 3754 842 3811 honestum
874 3756 926 3812 ei
975 3756 1280 3812 videbatur
1323 3758 1477 3828 quod
1532 3770 1721 3830 usque
1749 3756 1822 3813 ad

181 3844 496 3899 adventum
529 3847 818 3903 exercitus
853 3846 932 3901 ita
980 3851 1192 3902 tereret
1241 3846 1447 3917 otium,
1496 3850 1826 3914 etsederet

183 3931 473 3989 inutiliter
515 3943 855 4007 occupatus.
902 3935 1176 3993 videntes
1224 3944 1419 3993 autem
1469 3940 1621 3994 cives
1670 3939 1821 4006 quod

184 4020 512 4077 Tancredus
540 4025 588 4078 ei
624 4027 891 4081 resistere
940 4043 1050 4083 non
1086 4033 1372 4097 potuerat,
1418 4038 1468 4083 el
1501 4028 1655 4100 quod
1684 4027 1735 4085 si
1764 4028 1822 4084 id

177 4108 588 4177 detrectarent,
618 4114 887 4169 cominus
918 4116 1116 4171 urbem
1151 4124 1306 4172 esset
1350 4119 1825 4189 impugnaturus,

177 4199 440 4261 facientes
461 4199 527 4255 de
554 4204 880 4257 necessitate
910 4205 1186 4268 virtatem.
1214 4214 1272 4260 et
1301 4207 1373 4262 de
1414 4206 1661 4278 propriis
1685 4209 1824 4263 viri-

182 4284 296 4339 bus
325 4287 682 4351 diffidentes,
717 4300 908 4358 portas
949 4300 1236 4359 aperiunt.
1268 4294 1507 4349 domino
1547 4296 1825 4352 B.il·luino

183 4386 315 4427 cum
345 4375 613 4431 universo
642 4383 921 4433 eamitatu
954 4380 1083 4449 ejus
1113 4382 1464 4439 introducto.
1485 4383 1826 4452 Designave·

1929 1779 2108 1839 Nocte
2127 1798 2261 1838 vero
2283 1782 2507 1850 eadem,
2534 1798 2666 1839 cuin
2691 1790 2891 1839 setam
2914 1783 3009 1852 qui
3036 1784 3387 1840 intrinsecus
3407 1787 3572 1840 erant

1928 1887 2103 1942 quam
2135 1873 2447 1928 exteriores
2470 1874 2660 1942 sopori
2692 1872 3010 1941 dedissent,
3057 1878 3115 1928 et
3143 1872 3294 1929 circa
3346 1874 3569 1930 intem-

1928 1968 2159 2033 pestum
2191 1961 2491 2017 silentium
2523 1975 2689 2034 graia
2716 1965 3151 2032 pertruerentur
3180 1963 3399 2032 requie,
3423 1963 3574 2018 acci·

1926 2050 2013 2104 dit
2039 2049 2192 2120 quod
2222 2051 2416 2120 Turci,
2444 2051 2618 2105 etalii
2639 2051 2738 2123 qui
2772 2051 2831 2106 in
2854 2051 3080 2107 civitate
3108 2059 3277 2107 erant
3306 2050 3576 2108 infideles

1926 2154 2057 2194 cum
2093 2139 2372 2195 uxoribus
2401 2144 2459 2196 et
2487 2138 2708 2205 liberis,
2740 2139 2925 2196 servis
2953 2144 3013 2196 et
3040 2139 3292 2210 ancillis,
3324 2145 3384 2197 et
3401 2140 3566 2196 omni

1925 2228 2308 2301 supellectile,
2334 2230 2546 2298 apertis
2587 2228 2788 2298 portis,
2837 2229 2988 2285 clam
3041 2234 3098 2287 et
3145 2244 3282 2286 cum
3333 2229 3570 2287 silentio

1925 2317 2312 2390 egredientes,
2346 2320 2546 2374 urbem
2578 2318 2885 2374 deserunt:
2922 2335 3036 2375 non
3066 2317 3223 2374 enim
3256 2319 3402 2375 satis
3427 2319 3575 2378 bene

1924 2422 2059 2464 cum
2092 2408 2216 2464 suis
2242 2424 2390 2480 quoa
2422 2421 2752 2478 receperant
2777 2408 3126 2481 hospitibus,
3152 2413 3417 2480 poterant
3436 2424 3576 2467 con·

1924 2498 2140 2564 venire,
2162 2505 2490 2566 suspectam
2515 2497 2797 2554 habentes
2817 2515 3016 2555 eorum
3041 2498 3569 2569 cohabitationemg

1925 2589 2120 2658 egredi
2154 2599 2348 2643 autem
2379 2592 2465 2643 eis
2492 2598 2613 2642 erat
2647 2588 2928 2644 liberum:
2950 2605 3084 2645 nam
3108 2586 3367 2644 civitatis
3390 2605 3568 2646 unam

1924 2679 2010 2734 vel
2056 2680 2202 2734 duas
2263 2685 2458 2750 portae
2490 2679 2785 2735 habebant
2832 2679 2893 2736 in
2936 2696 3040 2735 sua
3098 2687 3409 2751 potestate;
3438 2681 3563 2750 sed,

1926 2774 1993 2823 ut
2024 2775 2324 2824 cruentam
2376 2768 2639 2824 hostibus
2672 2777 2801 2837 post
2830 2787 2891 2824 se
2940 2770 3339 2840 relinquerent
3388 2773 3574 2826 victo-

1927 2861 2097 2927 riam,
2132 2858 2448 2929 praemissis
2467 2860 2715 2914 sarcinis
2735 2865 2792 2913 et
2811 2859 3251 2929 impedimentis
3272 2860 3574 2929 omnihus,

1925 2963 2025 3005 eos
2056 2964 2203 3021 quos
2233 2954 2395 3007 extra
2427 2955 2646 3020 portani
2682 2959 3023 3023 repererunt
3044 2965 3251 3008 somno
3270 2956 3574 3023 gravatos,

1929 3054 2077 3112 pene
2104 3055 2312 3097 omnes
2339 3041 2717 3097 interficiunt.

2505 3145 2744 3203 CAPUT
2782 3146 2985 3205 xxm.

1932 3235 2181 3307 Populus
2235 3246 2424 3292 contro
2451 3238 2790 3293 halduinum
2843 3253 3004 3292 orma
3040 3234 3317 3301 cori-inin
3340 3233 3433 3293 sed
3460 3241 3585 3292 tan·

2002 3310 2123 3364 dem
2160 3310 2411 3366 sedatur.
2446 3311 2648 3364 classis
2684 3318 2941 3379 quoedam
2968 3311 3125 3381 apud
3155 3309 3383 3364 Tarsum
3403 3310 3587 3380 appli-

2004 3393 2092 3436 cat
2116 3396 2361 3436 virorum
2389 3381 2829 3436 occidentalium.

2009 3486 2172 3544 Mane
2206 3489 2376 3553 lacto,
2407 3504 2542 3544 cuin
2575 3488 2692 3559 iam
2726 3505 2789 3544 se
2820 3488 2920 3544 lux
2970 3486 3169 3543 adulta
3220 3486 3582 3559 infunderet,

1938 3587 2244 3650 surgentes
2274 3581 2372 3649 qui
2405 3579 2460 3633 in
2496 3579 2728 3635 civitate
2759 3580 3120 3649 quieverant,
3166 3577 3370 3632 urbem
3419 3592 3586 3645 repe·

1938 3671 2091 3722 riuni
2123 3682 2398 3722 vacuam:
2421 3675 2476 3721 et
2497 3666 2920 3723 clandestinam
2946 3670 3307 3721 admirantes
3331 3666 3586 3722 hostium

1940 3757 2162 3825 fugam,
2197 3755 2412 3812 moenia
2444 3759 2803 3825 perlustrant
2832 3765 2884 3811 et
2916 3753 3127 3824 aditus,
3150 3761 3479 3826 querentes
3500 3751 3588 3809 di·

1938 3843 2185 3917 ligenter
2213 3861 2331 3916 qua
2364 3852 2523 3916 parte
2548 3846 2760 3901 fuerint
2788 3846 3041 3917 egressi:
3074 3847 3332 3915 dumque
3350 3842 3588 3915 singula

1943 3935 2255 4006 diligenter
2284 3935 2633 4004 discutiunt,
2664 3947 2917 4007 stragem
2966 3937 3264 4006 reperiunt
3292 3949 3472 4006 quam
3521 3932 3585 3989 in

1934 4040 2131 4080 servos
2176 4022 2389 4079 Christi
2444 4022 2616 4080 Turci
2647 4024 2960 4080 raheuntes
2987 4032 3388 4080 exercuerant.
3418 4018 3588 4079 Unde

1935 4116 2096 4187 gravi
2130 4113 2332 4170 dolore
2365 4114 2649 4186 percussi,
2680 4122 2738 4170 et
2786 4129 3027 4169 nioerore
3072 4111 3427 4169 consternati
3482 4111 3584 4167 de·

1937 4206 2081 4267 bito.
2103 4204 2159 4259 iu
2195 4204 2446 4260 lainenta
2478 4221 2541 4260 se
2566 4205 2845 4259 dederunt
2871 4219 2887 4271 ;
2912 4203 3195 4274 divisique
3215 4202 3290 4258 ab
3312 4200 3586 4267 invicem.

1934 4296 2187 4352 secunda
2210 4294 2418 4352 classis
2447 4303 2643 4352 contra
2673 4295 2974 4349 dominum
3009 4293 3353 4349 Balduinum
3377 4298 3438 4348 et
3459 4308 3586 4348 ma·

1927 4386 2096 4455 ,iores
2111 4385 2631 4456 ermacorripiunt,
2649 4386 2890 4440 fratrum
2907 4387 2994 4439 eis
3009 4400 3208 4439 necem
3229 4383 3588 4453 imputantes

182 4466 329 4518 runt
356 4474 547 4520 autern
569 4468 757 4522 eidem
787 4474 976 4523 turres
995 4471 1259 4536 geminas
1280 4487 1422 4539 quas
1442 4472 1671 4527 interim
1700 4490 1831 4542 pns-
1857 4470 1905 4537 D
1939 4480 1996 4530 et
2028 4476 2354 4541 interitum,
2387 4490 2456 4531 eo
2487 4476 2638 4543 quod
2676 4473 3064 4543 hospitalitatis
3083 4486 3346 4542 praciam,
3367 4484 3491 4543 qun
3511 4469 3588 4526 od

187 4551 421 4621 siderei,
481 4554 722 4629 reliquis
779 4561 907 4628 ejus
966 4560 1338 4616 consortibus
1395 4578 1495 4631 per
1538 4563 1829 4622 civitatem
1938 4579 2124 4621 omnes
2153 4564 2348 4618 merito
2376 4579 2433 4618 st·
2461 4563 2698 4634 porriqit
2727 4565 3052 4635 indiqemes,
3084 4563 3186 4618 viai
3212 4561 3587 4618 consortibus

179 4643 510 4714 promiscue
544 4647 601 4703 in
642 4648 917 4704 domibus
942 4648 1197 4706 fidetium
1220 4650 1472 4722 hospitio
1509 4659 1823 4726 susceptis.

176 4731 350 4791 Turci
380 4752 512 4794 vero
541 4737 640 4810 qui
675 4750 955 4810 pra-erant
988 4739 1140 4805 urbi,
1186 4740 1334 4797 alias
1370 4741 1561 4799 adhuc
1607 4743 1669 4800 in
1717 4762 1826 4802 sua

176 4830 468 4896 potestate
500 4832 692 4886 turres
723 4830 1081 4893 detinebant.
1110 4830 1172 4887 Et
1199 4832 1331 4887 licet
1366 4831 1561 4903 plures
1599 4840 1819 4903 essent,

175 4918 233 4969 et
291 4916 511 4985 majora
565 4919 813 4976 civitatis
862 4921 1194 4977 munimina
1254 4922 1570 4992 tranquille
1629 4925 1825 4985 adbuc

179 5003 567 5077 possiderent,
599 5014 795 5067 tamen
831 5018 1157 5083 suspectam
1184 5011 1464 5070 habentes
1490 5020 1819 5076 nostrorum

176 5109 323 5164 quos
372 5094 812 5153 introduxerant
859 5101 1221 5169 societatem,
1281 5103 1533 5159 subsidii
1593 5122 1820 5176 quoque

175 5198 335 5254 spem
364 5184 586 5241 nullam
617 5188 918 5256 babentes,
957 5192 1447 5261 opportunitatem
1482 5198 1820 5264 quaerebant

174 5277 466 5344 quomodo
489 5290 620 5331 cum
650 5277 924 5333 uxoribus
944 5293 1001 5333 et
1027 5279 1223 5335 liberis
1242 5286 1297 5335 et
1318 5283 1658 5338 omniiiioda
1679 5285 1819 5341 sub·

172 5364 388 5418 stantia
428 5379 531 5420 sua
580 5368 727 5422 clam
783 5376 1017 5440 possent
1061 5369 1279 5442 egredi.
1344 5370 1578 5427 Accedit
1623 5384 1815 5433 autem

171 5452 324 5524 quod
353 5455 561 5512 eadem
595 5464 760 5513 nocte
796 5459 904 5514 viri
949 5459 1189 5516 trecenti
1221 5459 1291 5516 de
1318 5462 1685 5531 expeditione
1711 5467 1814 5523 do·

169 5539 305 5598 mlni
354 5540 680 5602 Boamundi
723 5544 1093 5607 Teneredum
1124 5555 1458 5621 sequentes,
1497 5552 1570 5609 ad
1603 5557 1815 5613 urbam

1936 4655 2348 4725 denegassent,
2380 4650 2546 4710 Unde
2572 4653 2723 4710 sacto
2753 4654 2996 4725 inipetu,
3028 4652 3086 4708 in
3131 4650 3414 4724 primates
3441 4666 3586 4708 suos

1928 4741 3587 4817 justaindignationecommoiuslrruitpopulusgetnicise

1933 4834 1991 4891 in
2011 4840 2203 4889 turres
2217 4832 2591 4890 sublimiores
2603 4833 3161 4905 contulissent,eatis
3175 4831 3584 4904 aequipollente

1933 4939 2178 4979 numero
2220 4928 2472 4994 stragem
2518 4926 2858 4981 exteriorem
2892 4925 2948 4980 in
2981 4923 3110 4980 suis
3139 4912 3461 4993 majoribus
3491 4934 3585 4977 re-

1931 5018 2434 5084 compensassent.
2483 5012 2739 5069 Tandem
2797 5014 2967 5070 turba
3030 5011 3285 5085 cognita,
3331 5015 3392 5066 et
3429 5009 3586 5067 schl-

1930 5114 2138 5170 smate,
2169 5103 2322 5174 quod
2358 5118 2426 5156 ex
2458 5101 2624 5171 justa
2653 5119 2828 5158 causa
2858 5108 3120 5158 exortum
3154 5105 3276 5157 erat
3301 5098 3362 5154 in
3397 5113 3582 5171 popu·

1930 5191 2009 5259 lo,
2047 5194 2170 5260 ,iam
2227 5193 2683 5262 ingravescente,
2733 5190 3021 5248 sollicitus
3058 5190 3356 5246 elaborare
3403 5188 3583 5258 coepit

1928 5280 2221 5354 quomodo
2253 5282 2554 5336 sedaretur
2593 5281 2905 5350 tumultus,
2939 5283 3037 5337 sed
3090 5279 3246 5350 apud
3298 5278 3581 5350 populum

1926 5372 2279 5428 excusando.
2314 5371 2625 5443 Postquam
2660 5373 2838 5445 igitur
2873 5387 3011 5444 pace
3039 5371 3107 5427 ad
3132 5377 3365 5442 tempus
3397 5369 3584 5438 impe·

1925 5467 2100 5534 trata,
2129 5474 2182 5520 et
2217 5461 2438 5518 indicto
2484 5462 2747 5531 silentio,
2792 5479 2957 5521 arma
2986 5462 3310 5531 sustinetis,
3360 5461 3584 5534 quievit

1925 5550 2366 5627 aliquantulum
2395 5552 2572 5613 turba
2598 5554 2905 5629 pedestris,
2946 5569 3050 5628 pro
3079 5568 3144 5612 se
3171 5553 3430 5626 allegare
3456 5564 3585 5612 co-
