3784 6000
126 193 267 253 1193

1120 192 1487 254 EPISTOLAE.
1531 194 1620 254 ET
1649 196 2084 257 PRIVlLEGIA.
2127 231 2197 244 —
2233 198 2349 259 AN.
2392 201 2552 260 1183.

3293 154 3299 163 ⁸
3411 184 3553 267 1194

128 338 230 381 ma
247 322 500 379 liberam
532 338 546 389 ;
588 320 929 388 ecclesiam,
959 336 1149 394 quam
1191 321 1306 378 sub
1344 337 1553 380 annuo
1600 338 1788 381 censu
1820 325 1868 379 A
1971 327 2123 383 Sane
2142 327 2446 384 novalium
2465 333 2800 385 vestrorum
2823 344 2960 402 quoe
2978 329 3237 404 propriis
3260 333 3550 391 manibus

126 418 367 469 centum
398 411 718 468 solidorum
740 409 1188 468 Cameracensis
1221 417 1478 468 monetae
1501 411 1581 468 ab
1605 412 1789 469 eccle-

127 505 217 559 sia
260 502 457 561 Sancti
502 501 811 571 Gangerici
842 500 1162 574 possidetis
1190 519 1209 573 ;
1242 500 1304 558 in
1340 500 1478 557 villa
1515 501 1786 558 Chavren

128 597 356 648 curtem
402 590 858 655 dominicatam,
911 605 1050 645 cum
1100 589 1299 656 terris,
1341 591 1548 662 pratis,
1597 590 1782 655 silvis,

129 680 322 754 aquis,
348 684 404 736 et
424 678 734 735 curtilibus
758 679 1103 752 etportione
1122 678 1372 734 decimas
1391 678 1471 735 ab
1493 680 1657 735 omni
1678 680 1785 737 do·

128 771 316 827 minio
337 769 544 835 libera,
563 774 621 824 et
635 767 713 824 ab
727 766 857 824 aliis
878 767 1358 840 partibusdivisa
1377 786 1390 836 ;
1406 768 1467 824 in
1487 767 1624 825 villa
1644 784 1783 841 quoe

126 858 341 915 dicitur
371 857 649 914 Harcheis
679 862 794 913 tres
810 855 1089 922 fertones,
1114 856 1193 912 ad
1215 856 1458 929 pondus
1472 857 1777 928 Flandriae,

125 963 281 1020 quos
311 947 489 1004 debet
512 946 699 1002 Alnen
709 947 788 1001 sis
807 945 1059 1002 ecclesia
1079 961 1191 1019 pro
1220 951 1372 1004 terra
1391 946 1653 1003 Heluidis
1678 963 1692 1014 ;
1720 947 1780 1004 in

125 1037 413 1104 Resbaco,
436 1042 662 1092 curtem
693 1035 1124 1092 dominicatam
1145 1039 1202 1092 et
1229 1040 1345 1092 tres
1378 1041 1576 1108 partes
1601 1036 1780 1093 totius

125 1126 352 1197 allodii,
368 1130 490 1182 tam
520 1126 578 1181 in
603 1125 773 1181 terris
790 1140 977 1197 quam
1000 1124 1063 1181 in
1087 1123 1268 1191 silvis,
1292 1125 1487 1197 aquis,
1517 1125 1702 1198 pratis
1724 1130 1782 1183 et

120 1214 451 1271 redditibus
467 1230 605 1270 cum
621 1213 884 1269 districto
907 1229 922 1280 ;
944 1213 1107 1285 apud
1123 1213 1486 1271 Roncherias
1507 1230 1611 1271 sex
1625 1230 1779 1272 mar-

124 1321 226 1362 cas
242 1305 467 1376 argenti
493 1304 568 1360 ad
588 1302 827 1374 pondus
849 1302 1121 1368 Coloniae,
1148 1317 1303 1376 quos
1327 1301 1506 1359 debet
1528 1303 1777 1361 Cambe-

120 1396 285 1452 ronis
331 1393 581 1450 ecclesia
625 1391 737 1448 sub
769 1407 971 1449 annuo
1005 1407 1191 1447 censu
1217 1406 1323 1465 pro
1357 1391 1629 1463 ejusdem
1659 1392 1773 1449 loci

124 1484 311 1549 terris,
340 1488 396 1540 et
413 1482 582 1540 altari
604 1498 743 1538 cum
769 1479 1001 1553 capella
1021 1481 1094 1537 de
1112 1481 1555 1554 Herieriponte3
1588 1481 1774 1540 altare

121 1575 196 1630 de
224 1572 401 1638 Cella,
438 1588 576 1628 cum
602 1570 976 1644 appendiciis
1007 1571 1132 1626 suis
1154 1570 1426 1627 Hornuth
1455 1574 1509 1626 et
1531 1571 1776 1638 Quater-

1897 414 1990 471 vel
2016 417 2355 489 sumptibus
2383 416 2593 482 colitis,
2636 416 2760 473 sive
2792 417 2867 473 de
2902 418 3283 478 nutrimentis
3314 423 3549 480 anima-

1893 502 2041 560 lium
2065 511 2419 574 vestrorum,
2441 505 2639 562 nullus
2656 522 2692 563 a
2710 506 2881 563 vobis
2904 508 3174 565 decimas
3194 511 3433 582 exigere
3456 512 3547 568 vel

1895 599 2245 667 extorquere
2265 600 2611 667 praesumat.
2633 595 3084 669 Liceatquoque
3107 598 3279 655 vobis
3297 600 3546 657 clericos

1893 682 1984 739 vel
2009 682 2215 752 laicos,
2248 699 2280 739 e
2318 683 2539 741 saeculo
2565 683 2859 756 fugientes
2886 685 3105 742 liberos
3131 692 3186 744 et
3212 688 3540 756 absolutos,

1891 773 1971 828 ad
1991 774 2445 830 conversionem
2473 780 2731 831 vestram
2758 775 3040 847 recipere,
3059 780 3119 833 et
3146 777 3377 850 absque
3401 794 3542 836 con-

1890 863 2241 919 tradictione
2280 862 2485 936 aliqua
2521 863 2798 923 retinere.
2842 866 2990 921 Cum
3023 871 3225 923 autem
3264 867 3541 938 generale

1889 950 2268 1007 interdictum
2297 957 2464 1008 terrae
2493 951 2687 1019 fuerit,
2714 952 2891 1010 liceat
2918 954 3109 1023 vobis,
3142 955 3343 1025 Januis
3381 955 3540 1012 clau·

1891 1041 1994 1109 sis,
2035 1040 2295 1096 exclusis
2340 1042 2874 1099 excommunicatis
2928 1047 2982 1100 et
3022 1044 3375 1112 interdictis,
3414 1059 3538 1102 non

1887 1129 2143 1202 pulsatis
2176 1131 2507 1201 campanis,
2537 1146 2864 1204 suppressa
2914 1147 3056 1188 voce
3092 1132 3295 1190 divina
3336 1133 3537 1191 officia

1887 1216 2206 1275 celebrare.
2240 1219 2618 1290 Sepulturam
2643 1235 2887 1292 quoque
2916 1221 3104 1294 ipsius
3140 1221 3255 1278 loci
3280 1221 3532 1279 liberam

1884 1323 2014 1364 esse
2035 1308 2413 1363 decernimus
2433 1313 2721 1364 uteorum
2736 1310 3033 1366 devotioni
3056 1316 3112 1366 et
3130 1317 3413 1368 extremae
3428 1327 3533 1370 vo-

1884 1396 2090 1454 luntati
2122 1396 2225 1470 qui
2258 1412 2320 1452 se
2349 1396 2465 1454 illic
2486 1397 2721 1470 sepeliri
2743 1397 3216 1465 deliberaverint,
3244 1400 3356 1456 nisi
3381 1400 3531 1460 forte

1882 1485 2386 1544 excommunicati
2416 1486 2506 1542 vel
2535 1486 2831 1544 interdicti
2859 1488 3000 1556 sint,
3032 1488 3231 1546 nullus
3261 1489 3530 1560 obsistat,

1882 1578 2049 1634 salva
2071 1581 2270 1633 tamen
2298 1575 2537 1632 illarum
2564 1576 2953 1634 ecclesiarum
2978 1579 3208 1650 justitia
3233 1595 3270 1636 a
3308 1579 3532 1652 quibus

118 1664 297 1719 nione
330 1677 344 1728 3
388 1660 701 1717 ecclesiam
740 1660 815 1715 de
848 1661 1049 1715 Durno
1079 1673 1218 1716 cum
1247 1659 1621 1732 appendiciis
1649 1661 1772 1717 suis
1802 1670 1849 1739 Β,
1881 1671 2256 1724 mortuorum
2298 1680 2552 1736 corpora
2576 1671 2983 1722 assumuntur.
3014 1667 3280 1725 obeunte
3312 1685 3453 1727 vero
3476 1676 3530 1728 te

121 1753 376 1823 Blelgiis,
407 1752 697 1815 Hercana,
739 1748 966 1805 Astices
997 1754 1054 1805 et
1081 1747 1322 1821 Slogio;
1353 1749 1665 1806 ecclesiam
1697 1750 1772 1807 de

119 1841 315 1898 Villari
339 1856 478 1897 cum
510 1837 885 1911 appendiciis
907 1837 1028 1893 suis
1053 1837 1435 1894 Harminiaco
1457 1843 1513 1894 et
1532 1838 1775 1894 Bevven-

118 1932 232 2004 giis
272 1946 287 1997 3
336 1927 650 1986 ecclesiam
681 1927 756 1983 de
796 1926 1019 1983 Wama
1057 1941 1194 1982 cum
1235 1925 1359 1982 suis
1405 1926 1773 1999 pertinentiis

116 2018 409 2076 wamiolo
457 2022 513 2073 et
562 2014 841 2085 Reseniis‚
872 2013 1171 2071 Bassecles
1217 2029 1357 2070 cum
1399 2015 1772 2087 appendiciis

117 2111 247 2166 suis
273 2106 652 2179 3Altregiam,
670 2120 808 2160 cum
826 2103 1057 2175 capella
1068 2103 1143 2159 de
1154 2102 1316 2168 villa,
1331 2119 1471 2161 cum
1485 2104 1772 2162 omnibus

115 2195 495 2271 appendiciis
510 2195 656 2260 suis,
672 2193 751 2250 ab
764 2192 929 2250 omni
942 2193 1253 2250 exactione
1268 2191 1543 2261 liberam,
1558 2199 1772 2266 praeter

117 2285 392 2359 episcopi
440 2283 766 2341 obsonium
801 2299 814 2348 ;
856 2281 1020 2355 apud
1047 2280 1413 2338 lmbrechies
1451 2287 1676 2339 curtem
1716 2288 1772 2339 et

115 2381 308 2433 terras
327 2373 724 2430 dominicatas
742 2387 877 2427 cum
902 2372 1089 2443 pratis
1111 2376 1165 2427 et
1182 2371 1372 2444 aquis,
1402 2371 1556 2428 duas
1572 2377 1770 2443 partes

114 2464 457 2523 communis
474 2461 675 2518 allodii
694 2460 771 2516 ab
792 2460 957 2516 omni
980 2459 1289 2516 exactione
1315 2459 1560 2527 liberas,
1588 2460 1771 2517 altare

113 2555 194 2612 de
216 2556 454 2618 Bosut,a
470 2556 797 2624 personatu
815 2548 962 2605 etab
981 2548 1146 2605 omni
1164 2549 1473 2605 exactione
1490 2548 1766 2618 liberum,

112 2648 332 2717 praeter
347 2656 615 2697 annuum
642 2654 743 2694 sex
767 2639 1152 2694 denariorum
1174 2637 1472 2694 redditum
1492 2653 1600 2710 pro
1612 2640 1765 2712 epis·

112 2731 254 2805 copi
285 2730 540 2786 obsonio
563 2744 578 2793 ;
605 2728 788 2784 altare
820 2727 896 2783 de
916 2726 1217 2784 Baldurno
1243 2741 1382 2783 cum
1409 2727 1769 2800 appendicio

113 2837 232 2878 suo
265 2817 590 2883 willeroth,
617 2816 694 2873 ab
721 2816 889 2874 omni
917 2816 1225 2872 exactione
1246 2814 1525 2881 liberum,
1555 2821 1771 2888 praeter

108 2924 386 2969 annuum
418 2908 596 2964 trium
639 2905 973 2962 solidorum
1018 2904 1320 2961 redditum
1351 2920 1462 2978 pro
1500 2904 1769 2978 episcopi

109 3000 408 3066 obsoni03
444 2996 626 3054 altare
658 2995 733 3051 de
764 2993 1027 3065 Lingniis
1047 3000 1103 3051 et
1122 2994 1197 3052 de
1216 2994 1503 3052 Tumaide
1528 3011 1547 3061 ;
1571 2994 1772 3067 capel-

109 3089 239 3147 lam
289 3088 362 3143 de
392 3084 726 3155 Rameniis,
755 3083 1006 3140 liberam
1055 3099 1092 3140 a
1135 3088 1468 3155 personatu
1506 3087 1564 3140 et
1601 3085 1769 3141 omni

113 3177 447 3243 exactione,
480 3180 692 3247 proeter
707 3172 964 3246 episcopi
997 3172 1254 3228 obsonia
1275 3187 1291 3238 ;
1314 3172 1604 3230 Abechias
1629 3188 1769 3230 cum

113 3266 497 3341 appendiciis
536 3265 659 3320 suis
705 3262 920 3328 Belchi,
957 3261 1326 3329 Molembois,
1373 3261 1637 3334 Popiola,
1671 3263 1774 3319 Pe-

113 3362 331 3415 trevvez
358 3361 414 3412 et
444 3355 575 3411 aliis
611 3351 983 3426 appendiciis
1013 3351 1137 3408 suis
1168 3366 1184 3417 ;
1221 3350 1431 3408 altaria
1462 3366 1708 3424 quoque
1734 3368 1770 3410 a

112 3446 288 3504 bonae
312 3445 618 3502 memoriae
636 3441 875 3498 Nicolao
891 3439 1202 3514 quondam
1220 3440 1635 3496 cameracensi
1649 3440 1771 3512 epi-

121 3551 307 3608 scopo
321 3533 493 3591 vobis
508 3531 722 3589 collata
736 3537 792 3587 et
803 3531 852 3601 ej
864 3529 1066 3585 usdem
1078 3527 1393 3600 privilegiis
1409 3527 1770 3597 confirmata;

129 3623 410 3680 llarchies
440 3638 578 3678 cum
611 3617 983 3692 appendiciis
1022 3618 1168 3683 suis,
1207 3616 1686 3675 Grandiecclesia
1716 3621 1775 3674 et

130 3711 528 3777 Stambrusia,
553 3714 608 3766 et
633 3707 927 3781 capellam
944 3707 1019 3763 de
1043 3706 1190 3779 Equi
1212 3721 1465 3778 camp03
1495 3706 1678 3764 altare
1697 3706 1775 3764 de

128 3802 425 3868 Blatbum‚
458 3799 713 3856 liberum
740 3802 797 3854 et
828 3798 954 3853 sine
987 3801 1310 3869 personatu
1341 3795 1676 3868 ;capellam
1700 3796 1776 3853 de

128 3890 358 3947 Wieres
385 3888 660 3953 liberam,
682 3890 896 3960 praeter
916 3886 1230 3956 sonegium
1250 3885 1574 3942 duodecim
1596 3884 1779 3943 dena·

129 3980 354 4036 riorum
384 3996 398 4046 ;
423 3978 606 4033 altare
631 3977 706 4032 de
734 3975 901 4032 Tulin
928 3990 1067 4031 cum
1097 3973 1476 4046 appendiciis
1497 3974 1622 4030 suis
1651 3975 1780 4032 Hai-

131 4069 256 4134 nin,
281 4067 468 4124 altare
488 4067 562 4122 de
576 4064 940 4121 Huncheniis
954 4079 973 4130 ,·
989 4062 1174 4120 altare
1191 4065 1266 4119 de
1289 4062 1570 4129 Hersella‚
1595 4062 1781 4121 altare

132 4159 204 4214 de
228 4157 616 4226 Rascengien,
639 4154 827 4211 altare
847 4153 921 4210 de
935 4153 1306 4224 Humberges
1333 4169 1347 4220 ;
1372 4150 1562 4209 altare
1582 4153 1656 4208 de
1678 4153 1782 4210 Goi

134 4263 274 4304 cum
299 4250 451 4302 terra
468 4250 525 4301 et
541 4242 911 4316 appendiciis
926 4242 1073 4310 suis,
1088 4244 1275 4298 altare
1289 4240 1365 4297 de
1387 4241 1625 4313 Longiis
1643 4257 1781 4298 cum

134 4332 507 4407 appendiciis
554 4333 678 4387 suis
733 4328 949 4387 Dolciis
975 4330 1294 4401 (Doulzies)
1334 4334 1389 4386 et
1438 4329 1667 4402 capella
1707 4329 1783 4387 de

135 4424 368 4497 Squeri,
385 4420 670 4495 capellam
687 4419 894 4476 Delrait
906 4419 1151 4491 (Defuit,
1165 4418 1410 4491 Defayt)
1421 4423 1478 4477 et
1489 4419 1784 4493 capellam

133 4514 208 4571 de
237 4512 663 4583 Herieriponte,
694 4507 916 4566 liberas
945 4508 1025 4565 ab
1053 4509 1220 4565 omni
1237 4509 1546 4566 exactione
1569 4515 1627 4566 et
1645 4524 1784 4583 per-

135 4606 350 4659 sonatu
379 4616 393 4668 ;
421 4601 481 4657 in
505 4599 639 4656 villa
664 4596 1007 4654 Alemannis
1028 4603 1254 4655 curtem
1274 4597 1701 4656 dominicatam
1731 4602 1789 4656 et

135 4691 433 4747 decimam
458 4689 647 4762 ipsius
678 4686 857 4743 curtis
897 4691 955 4742 et
975 4691 1145 4743 terroe
1175 4686 1252 4743 ad
1284 4686 1561 4743 eamdem
1581 4687 1786 4745 villam

135 4780 479 4852 pertinentis
517 4778 577 4834 in
619 4775 810 4847 terris,
841 4775 1052 4842 vineis,
1086 4776 1293 4847 pratis,
1327 4776 1511 4844 silvis,
1538 4783 1594 4833 et
1617 4791 1788 4850 quae·

135 4884 255 4941 que
307 4869 366 4925 in
397 4882 558 4941 pago
602 4864 1012 4921 Suessionensi
1042 4864 1206 4921 Beati
1256 4864 1473 4922 Gisleni
1512 4864 1674 4936 juste
1718 4879 1789 4922 ac

137 4958 383 5031 pacifice
414 4957 732 5030 possidetis
773 4972 789 5023 ;
832 4960 1060 5011 curtem
1090 4958 1148 5011 et
1177 4959 1364 5012 terras
1391 4954 1791 5012 dominicatas

140 5046 304 5120 apud
322 5046 669 5118 Altregium,
689 5050 746 5103 et
772 5050 975 5117 partes
1005 5043 1348 5101 communis
1374 5043 1575 5102 allodii
1596 5044 1656 5100 in
1685 5049 1794 5100 ter·

137 5137 245 5205 ris,
266 5137 458 5209 aquis,
484 5136 694 5208 pratis,
725 5134 886 5192 silvis
906 5139 963 5190 et
984 5132 1344 5200 redditibus,
1368 5133 1446 5190 ab
1466 5134 1632 5191 omni
1658 5149 1793 5191 exa·

140 5226 330 5284 ctione
345 5223 438 5280 vel
450 5224 842 5281 advocatione
860 5222 1080 5280 liberas
1099 5221 1320 5292 ;villam
1339 5221 1638 5280 Bassecles
1652 5237 1792 5279 cum

142 5312 429 5373 omnibus
457 5312 831 5386 appendiciis
847 5313 992 5379 suis,
1006 5316 1064 5369 et
1085 5310 1509 5369 villicationem
1519 5311 1572 5384 ej
1584 5312 1792 5369 usdem

139 5403 297 5463 villae
334 5402 396 5459 in
438 5401 886 5475 eleemosynam
914 5402 1283 5460 monasterio
1322 5404 1520 5459 vestro
1548 5415 1794 5460 conces·

143 5504 303 5555 nm.

435 5596 661 5655 Piraei.
679 5637 694 5654 .
749 5594 894 5655 ccl.

1879 1770 2043 1812 nunc
2064 1754 2334 1825 ejusdem
2352 1752 2461 1809 loci
2491 1752 2711 1810 abbate
2736 1754 2822 1811 vel
2850 1761 3086 1812 tuorum
3111 1757 3380 1829 quolibet
3398 1774 3530 1816 suc-

1880 1858 2209 1908 cessorum,
2243 1841 2443 1897 nullus
2463 1842 2546 1897 ibi
2575 1841 2845 1914 qualibet
2874 1845 3279 1916 subreptionis
3308 1848 3529 1906 astutia

1882 1949 1988 1989 seu
2021 1930 2300 1989 violentia
2335 1935 2742 2004 praeponatur,
2784 1932 2896 1987 nisi
2925 1948 3105 2005 quem
3134 1933 3343 1991 fratres
3368 1951 3529 1993 com-

1879 2021 2049 2079 muni
2066 2035 2367 2077 consensu
2400 2018 2492 2075 vel
2520 2018 2774 2077 fratrum
2816 2036 2955 2092 pars
2982 2021 3212 2078 consilii
3248 2024 3524 2094 sanioris,

1879 2111 2210 2167 secundum
2234 2109 2332 2165 Dei
2348 2110 2616 2165 timorem
2637 2115 2692 2166 et
2710 2109 2865 2167 beati
2892 2110 3186 2168 Benedicti
3210 2113 3526 2184 Regulam,

1879 2199 2248 2273 providerint
2269 2198 2635 2269 eligendum.
2664 2197 3138 2256 Consuetudines
3170 2200 3349 2258 etiam
3376 2204 3530 2261 anti-

1878 2306 1916 2361 q
1926 2287 2792 2356 uas,libertates,immunitates
2808 2288 3003 2345 eidem
3016 2291 3379 2349 monasterio
3390 2308 3529 2350 con·

1878 2394 2082 2434 cessas
2105 2377 2461 2434 etbactenus
2483 2377 2867 2444 obvervatas‚
2882 2384 3043 2435 ratas
3055 2379 3375 2447 habemus,
3396 2397 3530 2440 eas-

1875 2483 1996 2540 que
2025 2467 2238 2523 futuris
2264 2466 2637 2539 temporibus
2661 2483 2905 2525 manere
2930 2468 3313 2528 decernimus
3342 2471 3532 2529 illiba-

1876 2562 1992 2614 tas,
2023 2556 2370 2613 inhibemus
2387 2557 2632 2629 insuper
2649 2573 2723 2614 ne
2739 2558 2952 2630 quisin
2981 2575 3089 2615 vos
3123 2559 3215 2615 vel
3243 2560 3528 2620 ecclesias

1877 2651 2120 2712 vestras,
2144 2646 2272 2702 sine
2292 2645 2611 2704 manifesta
2630 2652 2687 2703 et
2705 2646 3043 2704 rationabili
3068 2664 3275 2716 causa,
3292 2666 3531 2709 excom-

1879 2735 2299 2792 municationis
2324 2734 2417 2791 vel
2448 2735 2746 2792 interdicti
2769 2738 3125 2795 sententiam
3151 2739 3373 2797 audeat
3393 2757 3534 2814 pro·

1878 2824 2169 2896 mulgare.

1953 2932 2336 2989 Decernimus
2353 2946 2497 3004 ergo
2512 2936 2576 2989 ut
2595 2931 2739 2989 nulli
2762 2933 3013 2991 omnino
3029 2934 3345 2992 hominum
3357 2935 3531 2995 liceat

1800 3026 1843 3084 C
1880 3020 2197 3095 proefatum
2216 3022 2643 3078 monasterium
2659 3028 2879 3080 temere
2899 3024 3263 3096 perturbare,
3279 3031 3382 3083 aut
3398 3026 3530 3099 ejus

1878 3111 2290 3185 possessiones
2310 3109 2543 3169 auterre
2566 3111 2658 3168 vel
2681 3111 2915 3169 ablatas
2942 3113 3214 3180 retinere,
3238 3116 3527 3185 minuere,

1880 3215 1990 3256 seu
2008 3199 2373 3272 quibuslibet
2385 3200 2802 3258 vexationibus
2823 3200 3089 3275 fatigare,
3106 3204 3210 3260 sed
3223 3205 3428 3263 omnia
3441 3206 3530 3263 in-

1879 3296 2044 3363 tegra
2057 3295 2835 3362 conserventur,eorum‚pro
2850 3307 3094 3363 quorum
3108 3292 3532 3364 gubernatione

1879 3384 1937 3436 et
1956 3378 2381 3435 sustentatione
2405 3392 2694 3435 concessa
2723 3384 2882 3446 sunt,
2916 3382 3125 3437 usibus
3160 3384 3530 3441 omnimodis

1879 3467 2214 3541 protutura,
2232 3466 2397 3525 salva
2409 3467 2568 3523 sedis
2582 3468 2927 3540 apostolicas
2947 3471 3298 3527 auctoritate
3311 3479 3367 3529 et
3383 3473 3531 3531 dioe-

1880 3572 2240 3613 cesanorum
2277 3557 2699 3630 episcoporum
2729 3557 3024 3614 canonica
3041 3559 3284 3630 justitia.
3316 3561 3374 3617 Si
3405 3577 3530 3633 qua

1883 3645 2130 3717 igiturin
2147 3644 2413 3703 futurum
2436 3645 2835 3702 ecclesiastica
2853 3645 3230 3704 saecularisve
3244 3663 3534 3722 persona,

1882 3735 2041 3792 banc
2069 3739 2286 3792 nostrae
2307 3734 2749 3792 constitutionis
2768 3736 3054 3808 paginam
3076 3736 3291 3804 sciens,
3322 3742 3535 3799 contra.

1885 3841 2020 3881 eam
2035 3829 2254 3881 temere
2266 3825 2465 3880 venire
2484 3824 2810 3893 tentaverit,
2824 3825 3092 3883 secundo
3106 3825 3347 3884 tertiove
3372 3844 3535 3887 com·

1886 3914 2137 3980 monita,
2169 3913 2281 3970 nisi
2319 3919 2550 3971 reatum
2584 3930 2758 3970 suum
2790 3914 3093 3986 condigna
3130 3914 3536 3977 satisfactione

1889 4003 2225 4069 correxerit,
2264 4002 2575 4075 potestatis
2597 4002 2958 4075 honorisque
2988 4005 3080 4061 sui
3118 4004 3405 4077 dignitate
3435 4024 3536 4068 ca-

1889 4098 2035 4160 reat,
2064 4107 2353 4164 reamque
2376 4108 2436 4147 se
2466 4091 2668 4149 divino
2688 4092 2915 4163 judicio
2945 4093 3196 4152 existere
3228 4097 3304 4154 de
3329 4112 3539 4172 perpe-

1891 4186 2047 4240 trata
2062 4182 2374 4254 iniquitate
2394 4185 2741 4252 cognoscat,
2754 4188 2856 4239 eta
2869 4184 3275 4242 sacratissimo
3288 4201 3539 4261 corpore

1893 4286 1964 4328 ac
1983 4271 2276 4342 sanguine
2306 4270 2404 4327 Dei
2421 4276 2478 4327 et
2504 4270 2735 4327 Domini
2758 4271 3169 4346 Redemptoris
3188 4275 3376 4332 nostri
3397 4276 3537 4334 Jesu

1813 4374 1860 4431 ι)
1895 4359 2109 4418 Christi
2128 4358 2324 4417 aliena
2345 4359 2470 4426 fiat,
2490 4366 2668 4433 atque
2689 4361 2748 4417 in
2770 4364 3320 4421 extremoexamine
3344 4365 3541 4423 distri-

1895 4456 2005 4506 ctae
2014 4448 2223 4506 ultioni
2244 4448 2572 4522 subiaceat.
2595 4449 2833 4507 Cunctis
2849 4457 3049 4508 autem
3065 4453 3255 4510 eidem
3275 4454 3409 4511 loco
3432 4471 3544 4513 sua

1890 4540 2030 4612 jura
2046 4538 2417 4595 servantibus
2442 4540 2651 4612 sitpax
2680 4539 2915 4596 Domini
2934 4541 3121 4599 nostri
3144 4541 3283 4599 Jesu
3310 4542 3546 4613 Christi,

1896 4632 2193 4700 quatenus
2221 4632 2280 4685 et
2299 4627 2395 4685 hic
2420 4627 2678 4685 fructum
2703 4628 2878 4685 bonoe
2909 4630 3161 4687 actionis
3191 4632 3545 4705 percipiant,

1897 4722 1954 4774 et
1993 4717 2157 4790 apud
2181 4716 2517 4774 districtum
2541 4716 2809 4774 Iudicem
2833 4720 3086 4791 praemia
3125 4723 3359 4777 aeternae
3386 4721 3550 4794 pacis

1899 4806 2222 4863 inveniant.
2254 4805 2464 4872 Amen,
2502 4820 2705 4863 amen.

1971 4905 2093 4973 Ego
2123 4902 2339 4959 Lucius
2366 4901 2669 4959 catholicae
2708 4903 2981 4961 Ecclesiae
3013 4905 3354 4979 episcopus.

1972 5011 2094 5080 Ego
2125 5012 2324 5066 Petrus
2349 5009 2659 5083 presbyter
2688 5010 3010 5068 cardinalis
3064 5011 3146 5069 tit.
3190 5014 3421 5070 Sanctae
3448 5013 3551 5070 Su-

1904 5114 2132 5157 sannoe.

1975 5208 2099 5277 Ego
2150 5206 2432 5264 vivianus
2473 5205 2620 5264 tituli
2662 5206 2862 5263 Sancti
2914 5207 3200 5281 Stephani
3259 5210 3320 5266 in
3370 5208 3559 5266 Coelio

1905 5297 2097 5353 Monte
2125 5295 2434 5369 presbyter
2461 5294 2810 5353 cardinalis.

1974 5403 2095 5475 Ego
2105 5404 2434 5469 Laborans,
2448 5403 2758 5477 presbyter
2769 5404 3093 5464 cardinalis
3110 5404 3345 5464 Sanctoe
3358 5406 3561 5466 litari&

1905 5495 2069 5552 trans
2092 5490 2370 5562 Tiberim,
2405 5491 2553 5551 tituli
2583 5491 2822 5555 calixti.

3222 5601 3294 5662 38
