3784 6000
97 185 242 245 1289
1098 173 1469 232 EPISTOLAE
1507 174 1595 231 ET
1637 172 2070 231 PRlVILEGIA.
2114 206 2181 217 —
2220 174 2336 232 AN.
2376 173 2537 233 1184.
3358 171 3500 229 1290

69 311 214 368 bata
230 311 646 382 permaneant,
678 320 789 362 nec
813 320 851 361 a
874 303 1142 361 dominio
1168 307 1228 360 et
1246 301 1608 375 proprietate
1633 301 1727 374 ip-
1756 303 1804 359 A
1906 304 2025 372 Ego
2108 302 2435 371 Laborans,
2514 300 2823 376 presbyter
2887 299 3210 360 cardinalis
3258 300 3492 358 Sanctae

69 391 1529 469 sinstemerariaqualibetmutabilitaterecedant.
1553 390 1725 456 Quod
1840 391 2036 448 Marias
2066 391 2495 449 Transtiberim
2525 395 2583 448 et
2612 390 2814 447 Sancti
2842 389 3072 448 calixti.

73 492 139 546 ut
161 490 390 545 cautius
417 485 627 541 tuturis
680 498 918 555 semper
940 480 1313 553 temporibus
1356 478 1728 544 observetur,
1914 482 2035 551 Ego
2072 480 2389 547 Hubertus,
2423 480 2738 553 presbyter
2767 479 3094 538 cardinalis
3126 480 3211 538 tit.
3244 481 3301 538 S.
3349 480 3501 537 Lau·

71 577 351 652 proesenti
396 572 813 632 constitutione
869 570 1270 639 decernimus,
1302 575 1366 625 ut
1387 570 1732 642 quicunque
1841 570 2013 626 rentii
2035 569 2095 625 in
2119 571 2401 627 Damaso.

76 668 182 725 tibi
221 662 714 736 archiepiscopali
742 661 1033 731 dignitate
1053 659 1473 724 successerint,
1503 659 1731 731 specia-
1918 661 2039 729 Ego
2068 659 2306 728 Paulus,
2325 658 2635 731 presbyter
2654 656 2983 715 cardinalis
3012 657 3101 718 tit.
3122 657 3391 716 Basilicae
3412 659 3504 716 xit

77 757 196 813 lem
248 754 568 811 exhibeant
631 752 693 807 in
726 751 1104 823 susceptione
1155 747 1318 821 pallii
1369 747 1734 812 cautionem,
1846 748 2287 820 Apostolorum.

82 846 243 918 quod
277 861 349 900 ea
388 859 424 899 a
483 846 534 898 te
577 841 802 906 relicta,
863 837 954 895 vel
984 839 1134 894 inter
1164 841 1428 893 vetustas
1468 836 1736 893 ecclesiae
1926 839 2045 907 Ego
2073 836 2404 904 conradus,
2428 835 2775 893 sabinensis
2796 837 3118 910 episcopus
3148 841 3205 894 et
3227 836 3512 908 ltogunti·

82 933 498 1008 possessiones
521 932 762 986 inventa
779 926 1253 999 receperintsine
1276 924 1626 997 apostolicae
1650 940 1744 980 se·-
1853 942 1947 982 nae
1972 925 2129 982 sedis
2160 926 2669 999 archiepiscopus.

84 1025 179 1080 dis
206 1022 446 1078 licentia
473 1025 531 1075 et
581 1018 834 1075 consilio
880 1016 1128 1088 majoris
1182 1020 1240 1072 et
1270 1015 1528 1071 sanioris
1557 1014 1742 1086 partis
1927 1017 2047 1084 Ego
2076 1015 2441 1086 Theodinus,
2463 1015 2801 1071 portuensis
2831 1019 2887 1072 et
2913 1016 3143 1072 Sanctae
3169 1015 3399 1072 Rutinae
3422 1029 3511 1072 se-

88 1112 350 1184 capituli,
381 1110 546 1165 titulo
571 1107 842 1180 quolibet
870 1105 1129 1162 alienare
1169 1120 1290 1161 non
1329 1104 1609 1170 debeant,
1641 1102 1747 1159 sed
1857 1104 1952 1159 dis
1973 1103 2316 1176 episcopus.

90 1219 160 1259 ea
187 1215 423 1271 semper
457 1198 534 1253 ad
576 1197 882 1252 utilitatem
914 1193 1445 1263 Magdeburgensis
1482 1191 1748 1249 ecclesias
1931 1196 2055 1259 Ego
2077 1193 2387 1259 Henricus,
2431 1192 2787 1250 Albanensis
2817 1195 3160 1266 episcopus.

92 1293 254 1347 bona
280 1289 396 1343 tide
409 1285 754 1343 custodiant
773 1283 1186 1340 etdefendant.
1215 1282 1596 1339 Decet-nimus
1608 1296 1750 1352 ergo
1934 1283 2055 1352 Ego
2075 1281 2475 1348 Theobaldus,
2500 1283 2782 1339 Ostiensis
2806 1288 2863 1339 et
2891 1284 3123 1340 Sanctae
3143 1282 3517 1340 velletrensis

96 1385 158 1436 ut
188 1376 330 1434 nulli
358 1375 606 1432 omnino
627 1373 943 1430 hominum
964 1371 1140 1429 liceat
1164 1372 1322 1428 hanc
1343 1373 1631 1443 paginam
1648 1385 1752 1426 no·
1862 1371 2133 1428 Ecclesia,
2154 1371 2498 1443 episcopus.

96 1477 231 1524 strae
245 1464 714 1522 confirmationis
738 1469 794 1518 et
813 1460 1258 1518 constitutionis
1288 1460 1629 1531 intringere,
1659 1458 1752 1515 vel
1937 1462 2058 1531 Ego
2087 1458 2343 1528 Ardicio,
2387 1460 2679 1517 diaconus
2725 1460 3046 1517 cardinalis
3107 1433 3308 1518 Sancti
3334 1462 3522 1519 Theo-

96 1559 146 1614 ei
175 1557 550 1628 aliquatenus
580 1550 896 1608 contraire.
931 1550 989 1606 Si
1028 1565 1151 1621 qua
1188 1548 1367 1621 igitur
1396 1550 1455 1604 in
1488 1547 1755 1605 futurum
1864 1550 2017 1608 dori.

97 1643 497 1702 ecclesiastica
517 1638 889 1695 saecularisve
904 1652 1177 1710 persona.
1202 1636 1595 1693 hancnostroe
1618 1651 1757 1693 con·
1788 1649 1836 1707 Β
1942 1641 2062 1711 Ego
2108 1639 2446 1703 Gratianus,
2478 1639 2830 1695 Sanctorum
2860 1638 3096 1696 Cosmae
3141 1644 3195 1696 et
3245 1638 3527 1697 Damiani

99 1731 419 1790 stitutionis
446 1729 730 1802 paginam
760 1727 973 1792 sciens,
1001 1731 1212 1782 contra
1251 1742 1386 1782 eam
1413 1729 1635 1782 temere
1666 1741 1759 1782 ve·
1868 1729 2161 1785 diaconus
2182 1728 2528 1784 cardinalis.

100 1825 229 1880 nire
262 1818 590 1883 tentaverit,
625 1815 892 1872 secundo
922 1815 1167 1871 tertiove
1223 1815 1616 1884 commonita,
1649 1813 1762 1870 nisi
1940 1817 2063 1888 Ego
2090 1815 2416 1880 Soffredus,
2446 1817 2675 1872 Sanctae
2714 1816 2904 1874 Mariae
2925 1817 2985 1873 in
3018 1817 3120 1874 Via
3150 1818 3294 1874 Lata
3324 1817 3524 1874 diaco·

103 1919 336 1969 reatum
361 1923 538 1964 suum
563 1919 830 1974 congrua
860 1903 1269 1963 satisfactione
1289 1904 1623 1968 correxerit,
1654 1919 1764 1975 po·-
1871 1923 1987 1964 nus
2018 1905 2360 1962 cardinalis.

104 2000 332 2057 testatis
380 1997 746 2067 honorisque
785 1993 872 2050 sui
903 1993 1189 2063 dignitate
1227 1998 1445 2061 careat,
1476 2006 1764 2065 reamque
1946 1995 2066 2065 Ego
2127 1994 2395 2061 Albinus,
2451 1995 2685 2052 Sanctae
2758 1993 2955 2051 Mariae
3009 1997 3182 2052 Novae
3234 1995 3529 2052 diaconus

107 2106 170 2145 se
201 2087 406 2143 divino
432 2083 659 2155 judicio
690 2082 939 2138 existere
966 2081 1041 2137 de
1080 2086 1426 2154 perpetrata
1451 2081 1765 2154 iniquitate
1874 2083 2223 2142 cardinaliS.

101 2179 451 2247 cognoscat,
483 2178 540 2229 et
563 2189 599 2229 a
638 2172 1046 2227 sacratissimo
1086 2186 1334 2243 corpore
1365 2187 1435 2227 ac
1475 2171 1766 2242 sauguine
1950 2173 2165 2229 Datum
2185 2172 2843 2244 Veronoe,permanum
2870 2171 3157 2243 Hugonis,
3181 2177 3406 2229 sanctae
3422 2174 3535 2229 Ro-

110 2267 272 2324 Deiei
291 2260 943 2332 DominiRedomptoris
965 2260 1149 2316 nostri
1178 2262 1315 2316 lesu
1343 2258 1556 2317 Christi
1573 2260 1771 2315 aliena
1881 2278 2078 2320 manoe
2109 2261 2382 2317 Ecclesiae
2412 2261 2647 2332 notarii,
2681 2275 2779 2317 vui
2821 2260 2947 2316 Kal.
2980 2261 3357 2329 Novembris,
3386 2260 3540 2317 indi-

109 2356 235 2419 fiat,
288 2359 465 2424 atque
494 2349 556 2406 in
584 2355 844 2406 extremo
903 2349 1174 2405 examine
1229 2349 1511 2405 districtae
1563 2339 1773 2404 ultioni
1881 2354 2076 2409 ctione
2105 2366 2185 2415 ιιι,
2241 2350 2674 2406 incarnationis
2733 2350 3054 2407 Dominicis
3116 2351 3271 2418 ¹184,
3306 2349 3544 2422 pontifi-

115 2444 446 2514 subjaceat.
1883 2447 2053 2500 catus
2077 2439 2443 2496 verodomni
2465 2439 2629 2495 Lucii
2664 2438 2732 2495 ΙΙΙ
2764 2455 2938 2512 papoe
2963 2454 3124 2496 anno
3157 2445 3395 2512 quarto.

191 2532 431 2589 Cunctis
464 2534 667 2585 autem
699 2542 834 2583 eam
870 2525 1253 2583 servantibus
1279 2527 1355 2582 sit
1391 2542 1508 2599 pax
1540 2525 1774 2583 Domini
2590 2544 2844 2601 Cvafl·

120 2622 304 2678 nostri
336 2619 476 2675 Jesu
507 2615 743 2683 Christi,
776 2620 1079 2688 quatenus
1109 2615 1287 2671 ethic
1315 2615 1572 2672 fructum
1603 2615 1778 2673 bonae
1888 2635 2268 2707 Privilefium
2346 2649 2454 2705 pro
2494 2633 2840 2691 monasterio
2896 2633 3004 2689 SS-
3061 2633 3226 2691 Petri
3273 2639 3328 2691 eg
3373 2633 3552 2692 Paul,

122 2709 375 2767 actionis
418 2706 767 2778 percipiant,
799 2708 856 2760 et
910 2704 1074 2775 apud
1126 2703 1460 2760 districtum
1511 2705 1779 2761 iudicem
2466 2704 2941 2761 Munsteriensis.

122 2798 371 2874 praemia
399 2801 634 2853 oeternae
664 2795 827 2867 pacis
856 2793 1182 2849 inveniant.
1214 2794 1425 2850 Amen.

200 2892 320 2957 Ego
360 2887 593 2950 Lucius,
629 2881 935 2940 catholicoe
970 2882 1241 2939 Ecclesia
1272 2885 1595 2955 episcopus
1628 2899 1709 2939 ss.

2411 2794 2707 2866 (veroum,
2742 2791 2867 2848 Oct.
2899 2793 3016 2863 28.)

2075 2882 2366 2958 muamus,
2387 2881 2696 2952 metropol.
2722 2882 3085 2953 saltzburq„
3116 2882 3186 2950 ΙΙ,
3217 2882 3368 2957 521.]

200 2981 320 3048 Ego
340 2976 622 3044 Joannes,
660 2973 744 3027 tit.
780 2971 977 3029 Sancti
996 2970 1295 3029 Laurentii
1327 2971 1643 3046 presbyter
1660 2986 1787 3028 car·
1817 3012 1859 3068 C
1969 2974 2167 3031 Lucius
2197 2973 2534 3045 episcopus,
2568 2986 2778 3028 servus
2808 2987 3121 3029 servorum
3156 2973 3274 3039 Dei,
3315 2971 3552 3030 dilectis

133 3066 349 3125 dinalis
382 3081 469 3120 ss.

181 3167 430 3233 raecepto
461 3159 908 3231 acquieverunt,
938 3162 1043 3214 aut
1072 3156 1346 3213 sufficere
1375 3157 1519 3215 illud
1567 3158 1646 3215 ad
1699 3174 1790 3215 ro·

178 3233 472 3292 orandam
522 3228 951 3300 archiepiscopi
1009 3228 1293 3298 injustam
1348 3231 1789 3301 possessionem

139 3306 538 3364 crediderunt.
574 3300 770 3356 Potius
821 3300 995 3355 sicuti
1037 3299 1189 3371 juris
1215 3301 1503 3356 naturalis
1527 3317 1657 3357 esse
1690 3316 1794 3358 no·

140 3382 368 3442 verant,
429 3379 491 3429 ut
538 3372 753 3442 injuste
807 3375 1005 3442 erepta
1056 3370 1134 3426 ab
1194 3369 1403 3443 iniquo
1452 3387 1794 3443 possessore

141 3450 354 3523 quovis
394 3453 663 3516 tempore
692 3444 901 3497 iterum
934 3441 1284 3497 revindicat-i
1310 3447 1554 3514 queant,
1584 3442 1670 3498 sic
1697 3458 1795 3499 ca-

142 3531 329 3578 strum
362 3514 859 3584 Summerseburg
889 3515 1133 3583 praecise
1155 3515 1234 3570 ab
1253 3513 1462 3568 iisdem
1488 3515 1638 3569 inter
1659 3529 1799 3586 pos·-

149 3592 442 3648 sessiones
523 3603 662 3642 suas
747 3591 1128 3640 numeratum
1211 3583 1388 3640 fuisse
1458 3585 1611 3642 inter
1678 3584 1799 3641 alia

148 3664 510 3719 documenta
567 3656 785 3714 evincit
844 3657 1049 3712 charta
1103 3656 1412 3712 divisionis
1461 3672 1597 3729 quae
1646 3655 1797 3712 alias

149 3734 461 3791 exhibetur
501 3746 514 3796 ;
591 3726 816 3800 quippe
891 3727 993 3799 qui
1070 3726 1213 3781 illud
1288 3728 1365 3783 ad
1441 3729 1666 3785 Ottonis
1738 3742 1801 3784 iv

195 3806 484 3861 ortionem
531 3799 971 3856 haereditariam
1032 3798 1385 3870 pertinuisse
1455 3799 1798 3856 edocemur.

204 3890 355 3948 eque
407 3877 518 3938 est,
593 3877 656 3927 ut
734 3871 829 3926 hic
905 3870 1139 3925 immori
1185 3885 1317 3925 eros
1385 3886 1489 3927 eos
1563 3876 1667 3927 aut
1717 3874 1803 3926 te-

153 3952 479 4004 meratores
513 3943 932 3999 mandatorum
970 3944 1136 4013 ponti
1184 3941 1413 3997 ciorum
1469 3941 1651 3998 fuisse
1680 3940 1804 3997 exi-

155 4021 357 4075 stimes
389 4035 402 4085 ;
438 4014 657 4072 etenim
687 4012 951 4069 clausula
978 4032 991 4071 :
1036 4011 1095 4068 Si
1117 4028 1318 4084 preces
1345 4013 1586 4069 veritate
1613 4012 1803 4069 nitan-

156 4095 274 4152 tur.
311 4103 444 4158 quae
484 4084 764 4140 omnibus
797 4083 1128 4154 pontificiis·
1152 4082 1460 4152 rescriptis
1490 4099 1565 4140 ex
1593 4088 1811 4140 natura

157 4163 237 4217 rei
274 4163 440 4216 inest.
478 4156 591 4212 has
642 4158 800 4227 ipsas
841 4153 1214 4210 wichmanni
1249 4153 1548 4212 technasa
1603 4154 1810 4227 primis

159 4232 280 4289 suis
313 4230 490 4285 initiis
536 4228 728 4282 irritas
774 4228 972 4282 statim
1019 4233 1197 4298 atque
1249 4225 1382 4295 ipso
1431 4225 1566 4296 jure
1616 4225 1812 4282 nullas

160 4303 522 4364 reddiderat,
579 4298 721 4369 quia
780 4314 888 4353 nec
937 4296 1179 4352 auditus
1231 4296 1518 4353 Henricus
1561 4297 1694 4363 Leo,
1736 4296 1813 4352 de

1899 3064 2036 3120 filiis
2066 3066 2392 3128 flammeo,
2413 3061 2619 3118 abbati
2632 3061 2833 3117 Sancti
2855 3060 3005 3117 Petri
3033 3059 3559 3120 monasteriisitiin

1901 3160 2109 3217 hulam
2157 3159 2522 3215 brevissimis
2548 3158 3003 3230 explicabimus.
3054 3164 3100 3215 A
3147 3158 3356 3216 dextro
3380 3158 3560 3229 igitur

1901 3233 2085 3289 latere
2110 3235 2435 3287 cernuntur
2468 3245 2603 3302 quaa
2662 3229 2776 3285 sibi
2810 3230 3186 3286 vindicarunt
3214 3232 3274 3286 1⁰
3314 3233 3562 3301 Mogun·

1905 3304 2062 3359 tinus
2112 3301 2485 3374 (quanquam
2565 3300 2717 3356 t'alsa
2760 3301 2834 3356 sit
2897 3301 3277 3373 Heuniugesii
3355 3301 3563 3374 opinio

1907 3373 2323 3430 Eischt'eldiam
2351 3387 2420 3427 ex
2475 3370 2680 3452 spoliis
2730 3370 2942 3427 Leonis
2993 3371 3072 3427 ab
3112 3372 3563 3447 archiepiscopo

1900 3446 2032 3518 jam
2056 3443 2411 3515 acquisitam
2434 3441 2636 3513 fuisse)
2672 3457 2685 3507 ;
2718 3440 2778 3494 2⁰
2811 3441 3181 3498 Coloniensis
3216 3444 3311 3510 33⁰
3341 3443 3562 3500 Pader-

1906 3513 2265 3580 bornensis;
2311 3513 2371 3568 4⁰
2429 3513 2760 3568 Bremensis
2816 3512 3256 3583 etVerdensis;
3323 3515 3381 3569 5⁰
3434 3514 3566 3570 Hal-

1907 3585 2312 3644 berstadensis
2339 3588 2396 3639 et
2422 3582 2948 3653 magdeburgensis
2975 3585 3102 3656 (qui
3129 3589 3328 3640 tamen
3362 3585 3564 3641 minus

1907 3662 2064 3717 recte
2087 3658 2149 3713 in
2180 3671 2298 3713 una
2329 3670 2591 3726 persona
2633 3654 3100 3725 conjunguntur,
3137 3670 3276 3711 cum
3319 3661 3570 3729 uterque

1912 3729 2215 3801 sigillatim
2260 3729 2522 3783 rationes
2554 3741 2693 3781 suas
2721 3742 2794 3781 ex
2849 3726 2961 3782 hac
2996 3725 3337 3783 calamitate
3390 3726 3570 3798 pluri·

1912 3817 2080 3858 mum
2111 3797 2395 3869 auxerint
2428 3798 2486 3853 6⁰
2509 3796 3031 3854 Hildesheimensis
3060 3816 3073 3867 ;
3107 3799 3169 3852 '20
3208 3796 3567 3868 Mimlensisg

1913 3875 1972 3929 8⁰
1995 3870 2355 3928 Lubecensis
2390 3868 2694 3941 (quamvis
2730 3882 2853 3924 non
2902 3873 3026 3925 tam
3075 3869 3153 3925 ad
3209 3869 3416 3942 episco
3468 3884 3570 3925 um

1962 3958 2101 4000 uam
2177 3942 2496 4009 civitatem,
2578 3955 2717 4011 quoe
2793 3954 2954 3995 nunc
3035 3941 3128 3996 sui
3207 3941 3360 4012 juris
3438 3946 3573 3997 acta

1915 3960 2135 4072 goesari
2178 4014 2299 4069 sive
2346 4011 2484 4067 duci
2514 4009 2867 4066 intermedio
2898 4009 3169 4082 subjecta
3210 4027 3343 4068 esse
3371 4011 3569 4084 coepit,

1919 4102 2059 4142 cum
2088 4099 2160 4141 ex
2199 4083 2630 4157 proscriptione
2682 4081 2911 4137 Henrici
2973 4083 3187 4139 Leonis
3247 4081 3574 4140 commoda

1920 4158 2022 4215 illa
2049 4155 2445 4228 provenerint,
2491 4153 2671 4225 huJus
2697 4153 2946 4224 ,iacturas
2995 4155 3144 4210 inter
3175 4154 3369 4228 spolia
3419 4152 3577 4211 sacri

1920 4227 2149 4286 ordinis
2181 4225 2514 4283 antistitum
2548 4226 2748 4281 minus
2785 4231 2940 4281 recte
2975 4226 3198 4282 mentio
3237 4225 3575 4298 injiciatur),

1923 4305 1969 4356 A
2012 4300 2164 4355 laevo
2198 4298 2382 4354 latere
2425 4301 2950 4368 reproesentantur,
3004 4313 3141 4369 quie
3189 4298 3266 4355 ad
3298 4311 3577 4370 proceres

161 4375 334 4445 cujus
363 4373 522 4427 corio
567 4367 768 4424 fabula
809 4367 1148 4435 ludebatur,
1199 4383 1307 4424 nec
1339 4369 1539 4439 justus
1588 4366 1813 4433 titulus,
1844 4371 1891 4429 D
1926 4368 2244 4427 saeculares
2307 4368 2590 4425 devoluta
2635 4374 2795 4424 sunt.
2857 4368 3025 4424 Unde
3080 4369 3178 4425 hic
3227 4372 3584 4442 comparent

163 4462 286 4519 quo
315 4459 460 4499 occu
511 4441 630 4495 atio
663 4439 760 4494 illa
789 4438 1277 4504 consolidaretur,
1326 4439 1386 4495 in
1412 4440 1640 4566 {udicio
1670 4438 1815 4495 alle-

166 4524 360 4588 gatur,
394 4529 455 4568 se
529 4512 734 4566 omnia
761 4525 796 4566 a
828 4510 1218 4566 wichmanno
1249 4517 1415 4565 tumu
1444 4512 1630 4567 tuarie
1660 4515 1813 4579 acta,

168 4595 353 4659 atque
410 4586 549 4640 hinc
604 4583 735 4653 ipsa
763 4581 1142 4637 confirmatio
1171 4582 1500 4652 pontificia,
1554 4587 1615 4639 ut
1640 4582 1818 4654 juris-

168 4658 418 4715 consulti
448 4655 794 4725 loquuntui·,
829 4652 943 4708 sub
968 4662 1023 4707 et
1045 4652 1356 4723 obreptitie
1386 4654 1631 4710 obtenta
1666 4656 1814 4710 crat.

169 4733 359 4787 Lusus
384 4726 623 4799 quidem
653 4730 743 4779 est
780 4740 854 4779 ex
878 4724 1116 4793 ingenio
1136 4724 1327 4794 magis
1356 4740 1541 4796 quam
1572 4726 1655 4780 rei
1673 4726 1820 4779 veri-

171 4810 285 4859 tate
318 4809 513 4860 natus,
544 4795 790 4868 quando
842 4796 1088 4867 direptas
1137 4800 1315 4877 atque
1373 4795 1640 4868 spoliatae
1677 4798 1821 4851 Hen-

1926 4440 2190 4511 inslgnia
2225 4441 2275 4497 t⁰
2312 4438 2631 4496 Anhaltina
2658 4439 2781 4496 sive
2804 4441 3083 4497 Ascaniae
3117 4442 3484 4513 principum,
3510 4453 3584 4496 ex

1925 4512 2146 4642 quibus
2192 4511 2494 4567 Benardus
2516 4511 2751 4617 primus
2807 4519 2941 4582 post
2979 4510 3292 4567 Heni-icum
3327 4512 3586 4567 Leonem

1970 4581 2204 4640 axonite
2252 4582 2377 4638 dux
2408 4603 2421 4647 ς
2479 4586 2514 4636 2
2597 4583 3048 4642 Brunsvicensia
3107 4582 3297 4655 (quod
3361 4589 3585 4638 tamem

1927 4655 2104 4712 valde
2135 4653 2471 4719 ridiculum,
2503 4669 2637 4709 cum
2676 4654 3136 4708 tirunsvicenses
3165 4668 3440 4726 propago
3471 4654 3590 4709 sint

1930 4726 2162 4783 Henrici
2206 4725 2443 4789 Leonis,
2469 4740 2580 4780 nec
2613 4739 2686 4779 ex
2729 4724 2859 4794 ejus
2890 4723 3209 4781 infortunio
3230 4724 3586 4797 creverint);

1932 4801 1990 4856 3⁰
2037 4796 2322 4853 Bavarica
2366 4797 2485 4851 sive
2536 4797 2750 4850 rectius
2790 4795 3160 4864 Schirensia;
3211 4796 3273 4851 4⁰
3321 4795 3590 4852 Palatina

169 4874 274 4932 rici
320 4869 527 4927 Leonis
553 4867 875 4940 provincias
929 4864 1046 4922 sub
1098 4881 1237 4937 equi
1263 4866 1502 4923 lacerati
1532 4873 1588 4923 et
1617 4881 1826 4923 excar-
1934 4871 2172 4940 (iterum
2209 4872 2405 4923 tamen
2449 4865 2625 4937 lapsu
2670 4865 3013 4931 manifesto,
3048 4882 3188 4922 cum
3233 4866 3595 4923 Palatinatus

173 4945 397 5002 niticati
495 4941 728 5012 pictura
826 4941 1369 5008 repraeaentantur3

179 5084 420 5149 siastici,
473 5083 551 5139 ab
631 5082 817 5137 altero
873 5080 1185 5137 saeculares
1303 5080 1503 5136 uidam

180 5160 272 5214 his
303 5154 532 5211 exuviis
582 5155 798 5210 mirum
853 5153 911 5208 in
968 5151 1217 5208 modum

1449 4939 1825 4994 verissimum
1938 4955 2059 4997 non
2113 4938 2359 4993 ilenrico
2410 4936 2589 4992 Leoni
2629 4937 2733 4992 sed
2777 4937 2897 4993 titio
2926 4939 3054 5007 ejus
3112 4937 3282 4994 fuerit
3312 4942 3591 5010 ereptas3

179 5023 376 5073 tamen
417 5010 826 5085 spectaculum
856 5009 1140 5065 exhibent
1167 5010 1247 5065 ab
1281 5025 1402 5066 uno
1427 5008 1610 5066 latere
1636 5008 1827 5066 eccle-

1586 5095 1831 5153 procere
1941 5083 2161 5138 doinus
2220 5086 2356 5134 tunc
2413 5080 2682 5135 nondum
2727 5087 2887 5145 nata,
2932 5080 3356 5151 superstitibus
3396 5079 3597 5135 adhuc

1315 5151 1457 5208 itati.
1508 5152 1655 5208 Cum
1710 5167 1831 5208 non
1943 5150 3600 5223 Landgraviis'l'huringioe);8⁰Goslariensia.Sedhoecde

1936 5008 2328 5073 5⁰llolsatica;
2347 5010 2404 5063 6⁰
2423 5009 2732 5064 misnensis
2761 5025 2775 5075 ;
2806 5010 2866 5063 7⁰
2897 5010 3175 5064 ita-„asiaca
3222 5010 3380 5081 (quie
3394 5015 3597 5066 tamen

182 5243 391 5286 recens
447 5227 518 5280 sit
569 5226 821 5295 pictura,
876 5238 996 5279 non
1076 5223 1465 5279 metuendum
1545 5223 1713 5291 toret,
1773 5227 1836 5279 ut
1947 5226 2262 5294 aenigmate
2288 5219 3598 5295 Henninyesianodictasufficiant,quodcum

187 5300 428 5356 satiram
486 5297 794 5365 scripsisse
848 5295 1168 5359 videretur,
1219 5295 1321 5367 qui
1379 5294 1838 5365 explicationem
1951 5296 2150 5352 minus
2174 5300 2449 5350 accurate
2470 5309 2594 5349 rem
2618 5293 2888 5364 explicet.
2923 5294 3108 5349 multa
3137 5294 3314 5349 etiam
3345 5292 3605 5349 dicenda

188 5368 733 5435 Henningesianam
764 5366 841 5421 ad
895 5382 1140 5422 sensum
1172 5369 1300 5436 ejus
1330 5366 1545 5422 rectius
1569 5366 1842 5424 divinan-

1952 5367 2130 5439 plane
2163 5366 2586 5438 praetermittat,
2638 5380 2758 5420 non
2790 5366 3151 5431 recitassem,
3192 5365 3304 5420 nisi
3343 5364 3603 5435 figuram

193 5444 340 5500 dum
371 5439 660 5495 recitaret.
691 5437 804 5495 Sed
829 5453 967 5495 eum
1000 5436 1162 5494 nullo
1191 5453 1434 5510 prorsus
1458 5442 1581 5494 sale
1605 5438 1846 5494 condita
1955 5440 2110 5496 intra
2140 5438 2299 5510 typis
2322 5437 2506 5492 aeneis
2531 5451 2877 5510 expressam
2917 5435 3157 5493 verbulo
3190 5435 3606 5496 illustranda-i

191 5516 310 5572 sint
351 5509 791 5584 epigrammata
826 5509 945 5579 illa,
978 5510 1195 5567 nostris
1250 5509 1447 5567 verbis
1488 5510 1713 5584 pictam
1756 5514 1842 5567 ta·

488 5618 722 5673 Parnoi..
762 5613 898 5677 CCI.

1962 5510 2350 5567 censuissem.
