3784 6000
110 266 237 329 669

114 404 331 479 querit
361 402 656 477 suspiriis,
687 407 745 461 et
789 402 986 462 dolore
1034 404 1421 476 multiplicato
1465 408 1775 479 quesitum
1809 406 1859 476 Α

112 512 236 552 non
258 494 502 561 invenit,
534 492 754 564 ejulatu
790 499 1063 552 resonant
1101 495 1336 569 agmina
1357 505 1412 553 et
1440 497 1662 570 gemitu
1689 514 1783 554 co-

112 585 322 642 hortes
354 590 753 651 macerantur3
787 600 899 640 non
931 589 1055 641 erat
1085 585 1143 642 in
1176 585 1382 644 castris
1410 585 1576 645 locus
1606 603 1778 659 quem

113 675 288 732 dolor
319 673 647 740 familiaris,
680 678 737 730 ct
780 673 1103 732 domestica
1143 675 1375 747 jactura
1398 692 1514 733 non
1549 692 1782 749 prcme-

118 767 209 819 ret
242 776 257 819 :
288 760 387 818 hic
448 765 693 832 patrem,
725 760 824 817 ille
883 762 1226 833 dominum;
1258 764 1359 821 illa
1415 765 1627 834 fllium,
1659 764 1780 822 haec

118 851 403 909 maritum
435 853 643 907 cuncta
675 849 979 907 lustrando
1012 853 1334 925 perquirit3
1368 855 1631 927 dumque
1662 870 1779 911 non

116 941 431 999 inveniunt
453 940 609 1012 quod
654 948 944 1011 quoerunt,
976 947 1206 998 noctem
1259 948 1606 1015 percurrunt
1637 960 1779 1016 pon·

116 1032 541 1087 derecurarum
561 1029 893 1102 pervigilem
909 1030 1215 1103 ,quidquid
1237 1032 1575 1090 absentibus
1592 1038 1783 1104 potest

116 1119 386 1177 accidere
406 1116 666 1175 deterius
712 1119 1104 1192 suspicantes.
1150 1121 1379 1178 Reversi
1412 1126 1552 1179 sunt
1580 1127 1780 1181 tamen

118 1207 418 1266 nocteilla
448 1208 518 1264 de
549 1218 797 1280 utraque
836 1211 1026 1264 classe
1075 1211 1367 1277 nonnulli,
1389 1213 1486 1284 qui
1519 1213 1783 1269 frutectis

118 1304 179 1355 et
206 1297 457 1371 rupibus
475 1300 807 1355 etcavernis
838 1300 1245 1368 terrae,mortis
1276 1302 1640 1359 declinantes
1663 1302 1785 1358 dis-

117 1388 366 1456 crimen,
390 1389 581 1443 noctis
613 1389 852 1459 protecti
878 1389 1183 1460 benosscio,
1207 1407 1346 1447 casu
1381 1390 1569 1462 magis
1602 1408 1780 1463 quam

118 1474 438 1547 prudentia
468 1488 530 1530 se
573 1473 987 1545 adjungebant,
1022 1477 1090 1532 ad
1125 1481 1321 1534 eastra
1352 1479 1778 1550 pervenientes.

118 1564 359 1620 Factum
385 1568 684 1620 astantem
710 1565 819 1621 hoc
842 1582 994 1622 anno
1010 1567 1082 1622 ab
1115 1567 1526 1625 Incarnatione
1546 1569 1779 1625 Domini

120 1654 281 1720 ¹146,
318 1667 520 1708 mense
573 1652 874 1711 Januario.
934 1654 1122 1728 Coepit
1186 1662 1381 1712 autem
1441 1657 1512 1713 ab
1577 1673 1646 1714 ea
1682 1658 1776 1715 die

580 268 783 331 nts'r.
832 268 1117 331 RERUM
1163 269 1703 335 TRANSMARlN.
1748 302 1827 317 --
1871 269 2020 332 LIB.
2069 268 2228 332 xvi.
2271 265 2717 331 BALDUINUS
2759 266 2846 330 111
2889 268 3070 330 REX.

3411 270 3534 334 670

2476 400 2711 460 CAPUT
2740 400 2963 458 xxvii.

1889 512 2246 588 Rcymundus
2284 510 2538 583 princeps
2567 509 2936 591 Antiochensis
2985 526 3170 581 recem
3201 514 3540 568 Francorum

1960 587 2106 655 apud
2133 589 2351 657 portum
2383 584 2576 637 Sancti
2603 582 2878 639 Simeoms
2918 582 3143 639 honeste
3172 585 3408 653 rec-ipim
3442 584 3540 638 da-

1961 660 2113 743 ducit
2142 655 2527 722 Antiochiam3
2558 655 2650 710 sed
2679 656 2910 711 eandem
2939 656 3086 709 neate
3115 654 3444 711 dividuntur
3472 655 3539 711 ab

1960 745 2216 787 invicem.

1959 854 2215 910 Audiens
2231 852 2404 923 igitur
2427 851 2692 923 princeps
2715 849 3113 907 Antiochenus
3135 850 3538 923 Raymundus,

1893 958 2085 1015 regem
2119 942 2475 999 Francorum
2504 941 2561 996 in
2597 940 2861 1012 partibus
2892 939 3016 995 suis
3044 939 3540 1012 applicuisse,cu·

1881 1035 1984 1106 jus
2010 1031 2317 1088 adventum
2337 1030 2757 1086 multisdiebus
2787 1033 2921 1086 ante
2951 1034 3538 1101 exspectaverat,cum

1891 1122 2179 1179 desiderio
2210 1122 2528 1190 sustinens,
2561 1120 2888 1177 convocatis
2918 1118 3215 1175 nobilibus
3246 1119 3423 1175 totius
3442 1135 3533 1175 re·

1891 1211 2105 1284 gionis‚
2137 1217 2195 1267 et
2225 1210 2424 1283 populi
2468 1210 2845 1282 primoribus,
2880 1225 3013 1264 cum
3046 1209 3226 1264 electo
3259 1208 3536 1264 comitatu

1891 1300 1943 1357 ei
1970 1316 2301 1368 occurrem,
2334 1301 2392 1356 in
2445 1299 2649 1354 urbem
2713 1298 3146 1367 Antiochenam,
3204 1312 3436 1353 omnem
3485 1296 3539 1353 ei

1891 1390 2174 1446 exhibens
2207 1388 2608 1456 reverentiam,
2641 1392 2980 1444 occurrente
3011 1387 3061 1441 ei
3088 1388 3353 1442 universo
3384 1383 3536 1443 clerc

1889 1485 1948 1536 et
1978 1478 2214 1552 populo,
2239 1478 2820 1549 magnificentissime
2864 1475 3207 1533 introduxit.
3245 1476 3537 1549 Concepe·

1891 1577 1978 1625 rat
2010 1572 2201 1625 autem
2233 1565 2418 1623 multo
2463 1571 2617 1636 ante,
2649 1566 2848 1621 audito
2898 1567 3025 1637 ejus
3075 1566 3346 1634 adventu,
3378 1562 3535 1636 quod

1891 1674 1993 1729 per
2021 1659 2148 1730 ejus
2166 1656 2451 1712 auxilium
2507 1655 2936 1712 Antiocbeuum
2982 1655 3374 1728 principatum
3404 1670 3538 1709 am-

118 1742 292 1815 panis
321 1745 379 1799 et
405 1741 849 1814 omnispenitus
878 1742 1158 1801 alimonia
1178 1745 1236 1801 in
1267 1746 1477 1802 castris
1499 1746 1772 1816 delicere3
1804 1747 1851 1814 Β
1884 1747 2064 1820 pltare
2122 1749 2359 1818 posset:
2393 1745 2547 1802 unde
2604 1751 2662 1800 et
2710 1744 2980 1800 eidemin
3016 1744 3340 1813 Franciam,
3369 1746 3537 1800 ante-

116 1832 220 1888 sed
253 1846 361 1888 nec
388 1830 633 1887 alterius
679 1833 910 1903 generis
952 1834 1227 1906 deinceps
1259 1851 1358 1906 per
1388 1835 1769 1904 multosdies,

114 1921 453 1978 babuerunt
499 1923 912 1978 commercium
954 1938 969 1991 ;
1021 1923 1121 1979 sed
1179 1924 1374 1992 etiam,
1443 1927 1596 1996 quod
1662 1926 1773 1981 de·

114 2008 304 2064 terius
351 2012 496 2078 crat,
556 2008 684 2064 sine
741 2010 902 2078 duce,
963 2010 1089 2067 sine
1142 2012 1521 2083 praeambulo,
1544 2013 1767 2083 passim

113 2113 274 2154 nnnc
305 2095 1383 2167 hac,nuncillacerrabundi,locorum
1399 2101 1621 2159 nullam
1636 2118 1765 2157 om·

112 2187 258 2244 nino
288 2186 575 2243 habentes
606 2187 893 2258 peritiam,
925 2190 1309 2260 vagabantur.
1341 2191 1600 2248 Tandem
1632 2208 1768 2248 vero

113 2274 503 2347 Pamphiliam
545 2275 815 2347 ingressi,
864 2293 989 2349 per,
1017 2277 1262 2349 abrupta
1319 2278 1626 2346 montium,
1667 2294 1768 2350 per

115 2368 335 2423 devexa
402 2366 670 2436 vallium,
740 2383 873 2423 cum
950 2368 1293 2427 difficultate
1368 2370 1572 2439 nimia,
1641 2371 1768 2427 sine

114 2458 314 2512 tamen
375 2454 632 2512 hostium
690 2457 992 2524 conflictu,
1041 2474 1230 2531 usque
1285 2459 1581 2528 Attalium,
1613 2462 1767 2531 ejus·

115 2544 254 2601 dem
285 2544 538 2618 regionis
584 2545 965 2616 metropolim,
998 2553 1403 2618 pervenerunt.
1438 2549 1537 2604 Est
1567 2552 1764 2605 autem

112 2634 336 2690 Attalis
376 2633 575 2690 civitas
606 2634 663 2688 in
690 2634 883 2691 littore
900 2636 1223 2705 marissita,
1241 2637 1603 2708 imperatoris
1615 2637 1764 2693 Con-

112 2722 624 2791 stantinopolitani
661 2721 964 2796 [subjecta]
989 2724 1255 2795 imperio,
1287 2742 1495 2798 agrum
1538 2725 1765 2782 habens

109 2812 409 2884 opimum,
439 2816 704 2869 ettamen
734 2814 961 2871 civibus
991 2816 1119 2871 suis
1157 2816 1424 2872 inutilem
1451 2834 1466 2884 ς
1500 2832 1634 2872 nam
1656 2833 1764 2872 an-

109 2901 513 2975 gustiantibus
542 2919 640 2961 eos
674 2904 930 2976 undique
962 2904 1249 2972 hostibus,
1283 2922 1387 2963 nec
1419 2908 1763 2979 permitten-

111 2991 279 3049 tibus
309 3007 580 3065 agrorum
621 2993 802 3051 cultui
829 3011 1054 3063 vacare,
1077 2996 1236 3068 jacet
1275 3013 1414 3071 ager
1440 2997 1763 3054 infructuo—

110 3098 240 3150 sus,
273 3083 412 3139 dum
446 3099 560 3140 non
593 3085 809 3156 estqui
842 3088 1162 3143 exercendo
1188 3088 1600 3146 secunditatem
1627 3105 1758 3161 pos-

113 3173 191 3228 sit
215 3187 564 3243 procurare;
600 3173 745 3231 alias
776 3179 971 3232 tamen
1005 3175 1220 3234 multas
1257 3176 1477 3235 habens
1502 3194 1761 3235 commo-

113 3258 354 3329 ditates,
384 3265 616 3333 gratum
641 3277 704 3318 se
743 3262 892 3319 solet
939 3263 1193 3336 praebere
1240 3265 1590 3339 hospitibus,
1625 3283 1757 3324 nam

112 3365 301 3421 aquas
339 3366 617 3409 emanans
670 3354 1005 3426 perspicuas
1056 3367 1113 3412 et
1151 3356 1456 3427 salutares,
1490 3360 1763 3429 pomeriis

116 3443 207 3495 est
234 3440 423 3497 obsita
481 3441 822 3513 fructileris,
853 3444 964 3501 situ
1026 3444 1262 3518 placens
1319 3448 1760 3520 amoenissim03

111 3529 704 3600 trajectarumtamen
718 3532 951 3605 frugum
979 3538 1036 3590 et
1059 3552 1158 3606 por
1188 3552 1349 3591 mare
1395 3537 1762 3595 devectarum

112 3617 264 3675 solet
292 3619 507 3676 habere
555 3621 773 3693 copias,
806 3627 863 3678 et
906 3625 1346 3680 transeuntibus
1378 3625 1762 3684 sufficientem

112 3708 379 3766 ciborum
396 3710 872 3768 commoditatem
896 3713 1401 3779 ministrare.Quia
1427 3731 1560 3772 vero
1584 3717 1768 3773 hosti-

114 3796 227 3853 bus
260 3797 433 3855 nimis
463 3807 551 3855 est
602 3801 980 3870 contermina,
1013 3818 1213 3859 eorum
1240 3819 1352 3859 non
1377 3804 1574 3861 valens
1597 3806 1768 3861 inde-

113 3887 379 3943 sinenter
417 3889 709 3945 sustinere
742 3889 1061 3957 molestias,
1093 3891 1246 3947 lacta
1275 3897 1365 3948 est
1395 3894 1480 3949 eis
1508 3895 1770 3950 tributa-

115 3973 228 4039 ria,
256 3989 361 4046 per
391 3972 500 4031 hoc
552 3976 1016 4033 necessariorum
1076 3993 1210 4033 cum
1246 3977 1511 4035 hostibus
1543 3980 1768 4037 babens

114 4062 564 4120 commercium.
598 4065 757 4119 Hanc
781 4066 956 4121 nostri
968 4065 1284 4132 ,idiomatis
1310 4067 1489 4124 Graeci
1523 4085 1637 4125 non
1663 4070 1769 4125 ha·

112 4151 325 4208 beatas
346 4152 635 4223 peritiam,
653 4158 919 4226 corrupto
942 4155 1225 4212 vocabulo
1246 4157 1528 4213 Sataliam
1561 4158 1766 4229 appel-

112 4241 283 4310 lant3
316 4242 549 4297 undeet
575 4245 735 4297 totus
776 4241 872 4299 ille
912 4245 1094 4299 maris
1141 4244 1329 4313 sinus,
1355 4261 1389 4302 a
1435 4255 1773 4319 promonto-

116 4329 209 4385 rio
240 4328 568 4400 Lissidona‚
602 4348 783 4402 nsque
812 4334 872 4389 in
892 4333 1143 4391 insulam
1176 4337 1450 4407 Cyprum,
1482 4336 1771 4394 Attalicos

112 4419 352 4489 dicitur,
386 4420 487 4492 qui
535 4421 764 4494 vulgari
806 4422 1194 4495 appellatione
1241 4423 1515 4496 Gulphus
1544 4425 1772 4483 Sataliae

113 4514 516 4582 nuncupatur.
549 4512 631 4566 Ad
693 4512 844 4567 banc
896 4514 1236 4585 perveniens
1284 4529 1383 4569 rex
1414 4514 1765 4572 Francorum
1798 4501 1854 4569 D

114 4613 256 4654 cum
289 4599 435 4668 suis,
459 4599 533 4656 ob
575 4601 1007 4659 multitudinem
1037 4603 1509 4660 concurrentium
1544 4610 1764 4663 tantam

114 4699 336 4757 passus
364 4691 454 4743 est
481 4685 897 4745 alimentorum
917 4691 1244 4761 penuriam,
1270 4692 1425 4763 quod
1459 4707 1605 4763 pene
1622 4693 1768 4748 resi-

114 4775 305 4830 duum
336 4777 646 4845 exercitus,
668 4782 724 4834 et
755 4779 1007 4836 maxime
1029 4796 1312 4852 pauperes
1345 4780 1425 4836 ibi
1457 4798 1769 4840 consume-

116 4867 329 4919 rentur
355 4865 570 4923 inedia.
614 4865 745 4938 lpse
771 4883 907 4924 vero
947 4883 1079 4924 cum
1110 4870 1235 4926 suis
1258 4870 1643 4943 principibus,
1674 4888 1770 4927 re-

115 4949 282 5006 lictis
309 4953 677 5022 pedestribus
735 4957 950 5013 turmis
991 4962 1283 5015 maturato
1315 4959 1566 5032 navigio,
1602 4961 1766 5017 lsau·

113 5040 271 5096 riam
302 5040 678 5117 Ciliciamque
708 5062 743 5103 a
773 5046 911 5102 laeva
958 5048 1252 5118 deserens,
1274 5063 1306 5103 a
1335 5049 1549 5105 dextris
1574 5054 1768 5106 autem

112 5130 304 5202 Cypro
331 5131 553 5202 relicta,
576 5137 871 5207 prosperis
892 5141 1058 5193 actus
1092 5137 1327 5193 flatibus
1357 5138 1552 5194 fauces
1581 5137 1769 5195 Oron-

115 5217 199 5275 tis
229 5217 519 5294 fluminis,
550 5226 704 5295 quod
764 5226 1132 5283 Antiochiam
1187 5226 1635 5299 praetcrlabitur,
1668 5227 1770 5299 qui

112 5308 285 5366 locus
340 5310 512 5369 hodic
555 5313 773 5371 dicitur
818 5316 1014 5372 Sancti
1043 5316 1329 5372 Simeonis
1353 5322 1577 5389 portus,
1602 5316 1774 5387 juxta

115 5400 423 5472 antiquam
437 5404 642 5461 urbem
674 5404 1023 5473 Seleuciam,
1054 5413 1109 5462 et
1136 5407 1208 5464 ab
1235 5405 1545 5463 Antiochia
1569 5406 1768 5464 decem

114 5489 299 5546 distat
327 5491 705 5565 milliaribus,
736 5495 1079 5569 ingreditur.

1876 1852 2057 1910 quam
2089 1835 2267 1892 etiam
2298 1835 2409 1890 iter
2437 1834 2748 1905 arriperet,
2781 1834 3025 1891 honesta
3058 1833 3413 1903 praemiserat
3437 1832 3537 1889 do·

1876 1925 2059 1993 naria,
2092 1928 2149 1980 et
2167 1923 2368 1980 exenia
2395 1921 2561 1979 multi
2587 1922 2776 1993 pretii,
2812 1927 2874 1976 ut
2904 1922 3028 1993 ejus
3050 1921 3161 1977 sibi
3195 1920 3540 1977 conciliaret

1873 2016 2147 2087 gratiam,
2179 2012 2423 2083 largitus
2455 2013 2666 2067 suerat.
2709 2009 3118 2067 Praesumebat
3150 2008 3536 2066 nihilominus

1874 2109 1932 2160 et
1960 2105 2031 2160 de
2060 2103 2274 2175 reginae
2295 2102 2447 2171 apud
2472 2100 2777 2158 dominum
2801 2116 2995 2173 regem
3021 2100 3379 2169 interventu,
3403 2115 3534 2171 quis

1873 2193 2137 2264 ejusdem
2161 2190 2641 2265 peregrinationis
2672 2189 2794 2261 regi
2816 2189 3349 2246 adhaeseratcomes
3374 2187 3534 2243 indi·

1873 2283 2036 2352 visa3
2068 2299 2197 2355 quoe
2254 2281 2518 2352 ejusdem
2568 2280 2790 2336 domini
2851 2278 3133 2350 principia
3165 2277 3356 2351 neptis
3386 2280 3534 2340 erat.

1874 2372 2097 2428 domini
2157 2368 2417 2425 videlicet
2464 2368 2736 2425 Willelmi
2797 2369 3246 2424 pictaviensium
3280 2367 3534 2434 comitis,

1874 2460 2071 2516 fratris
2101 2460 2229 2531 ejus
2268 2459 2659 2532 primogenita
2690 2456 2832 2513 fitia.
2863 2455 3211 2513 Advenienti
3244 2455 3447 2527 igitur,
3471 2459 3538 2511 ut

1872 2550 2151 2618 diximus,
2174 2564 2408 2605 omnem
2437 2548 2704 2604 exhibuit
2723 2545 3176 2614 humanitatem
3195 2546 3294 2600 sed
3316 2543 3536 2601 etcirca

1873 2640 2099 2698 nobiles
2130 2643 2189 2697 et
2219 2639 2532 2712 principes,
2562 2638 2666 2711 qui
2729 2640 2860 2709 ejus
2891 2636 3075 2694 secuti
3102 2640 3243 2693 sunt
3274 2635 3528 2692 comita-

1871 2730 2020 2798 tum,
2052 2731 2180 2800 ejus
2238 2727 2428 2784 simile
2485 2744 2600 2784 non
2633 2726 2819 2783 defuit
2846 2726 3138 2794 studium,
3171 2740 3278 2781 nec
3309 2722 3532 2781 eximite

1871 2798 2235 2877 liberalitatis
2264 2834 2435 2891 opera
2469 2838 2484 2887 3
2517 2818 2619 2874 sed
2664 2833 2867 2873 omnes
2893 2816 3115 2874 bonore
3146 2814 3534 2886 praeveniens,

1873 2917 2045 2982 prout
2093 2908 2381 2980 cujusque
2433 2907 2744 2979 exigebant
2787 2906 3013 2970 merita,
3048 2905 3219 2976 plena
3247 2903 3533 2960 tractabat

1872 2997 2298 3057 munificentia.
2327 2997 2464 3055 Erat
2483 2997 2536 3054 ei
2555 3012 2696 3054 saue
2722 3013 2856 3069 spes
2881 2994 3157 3060 maxima,
3181 2993 3337 3066 quod
3363 2993 3536 3050 urbes

1881 3091 2184 3157 finitimas,
2216 3088 2521 3160 Halapiam
2573 3087 2863 3156 videlicet,
2895 3091 2952 3143 et
3013 3087 3324 3153 Caesarem,
3356 3083 3537 3140 alias-

1877 3197 1990 3254 que
2025 3177 2481 3250 nonnullasejus
2505 3179 2689 3234 fretus
2710 3177 3021 3245 auxilio,ct
3049 3175 3237 3248 copiis
3270 3173 3538 3246 adjutus,

1877 3271 1990 3327 sibi
2025 3272 2219 3342 posset
2247 3268 2592 3340 subjugare.
2623 3271 2813 3323 Necea
2842 3282 2950 3338 spe
2994 3264 3235 3322 delusus
3271 3266 3451 3331 esset,
3483 3263 3538 3319 si

1875 3367 2077 3433 regem
2111 3374 2247 3415 cum
2282 3359 2406 3415 suis
2434 3358 2506 3414 ad
2535 3357 2643 3414 hoc
2676 3357 2962 3429 potuisset
3000 3354 3304 3411 induxisse
3334 3366 3540 3425 proce-

1876 3450 2078 3514 ¹'ibus3
2111 3464 2246 3506 nam
2305 3452 2508 3505 tantus
2556 3447 2627 3501 dc
2659 3445 2904 3502 adventu
2934 3445 3087 3514 regis
3118 3443 3388 3498 hostibus
3418 3457 3536 3496 no-

1874 3536 2013 3594 stris
2043 3537 2221 3593 timor
2277 3536 2650 3604 incubuerat,
2684 3539 2748 3588 ut
2790 3532 2909 3602 jam
2942 3546 3058 3586 non
3090 3529 3276 3585 solum
3307 3531 3377 3584 de
3406 3528 3539 3584 viri·

1874 3627 1985 3683 bus
2032 3625 2159 3681 suis
2219 3623 2571 3690 diffiderent,
2603 3622 2702 3676 sed
2750 3621 2818 3676 de
2845 3619 2966 3674 vita
3006 3617 3179 3673 etiam
3201 3618 3537 3673 viderentur

1876 3716 2206 3784 desperare.
2238 3712 2597 3769 Conveniens
2617 3710 2795 3783 igitur
2816 3706 3176 3770 solemniter,
3208 3713 3262 3762 ot
3295 3705 3354 3761 in
3387 3720 3532 3775 prai-

1878 3803 2065 3861 sentia
2096 3807 2213 3859 tam
2247 3801 2581 3874 principum
2630 3797 2856 3855 domini
2904 3796 3053 3868 regis
3085 3810 3261 3867 quarn
3294 3808 3534 3850 suorum

1877 3892 2151 3966 princeps
2182 3891 2487 3947 dominum
2520 3886 2903 3961 regcmjuxta
2923 3885 2978 3940 id
3003 3884 3155 3957 quod
3182 3886 3374 3938 mente
3394 3897 3531 3938 con·

1880 3985 2131 4053 ceperat,
2165 3986 2222 4036 et
2255 3979 2536 4035 secretius
2590 3990 3013 4047 nonnunquam
3069 3973 3438 4036 convenerat,
3474 3973 3533 4027 et

1879 4071 2187 4144 petitiones
2234 4085 2372 4124 suas
2430 4066 2659 4123 effectui
2700 4064 2825 4120 sine
2859 4063 3206 4119 difficultate
3239 4059 3533 4130 mancipa-

1883 4159 2047 4227 biles,
2112 4156 2513 4229 honestatique
2581 4153 2758 4212 simul
2817 4156 2874 4209 et
2927 4151 3167 4207 utilitati
3224 4148 3535 4205 convenire

1881 4249 2193 4305 ostendens
2219 4266 2233 4315 ;
2262 4245 2362 4302 ubi
2417 4246 2577 4302 videt
2633 4260 2697 4301 se
2754 4256 2871 4299 non
2912 4240 3215 4314 proficere,
3241 4254 3377 4294 cum
3435 4251 3533 4294 rex

1882 4337 2344 4409 Hierosolymam
2378 4334 2522 4392 votis
2580 4332 2921 4391 ardentibus
2962 4328 3420 4386 irrevocabiliter
3447 4325 3534 4385 ire

1883 4427 2303 4499 proposuisset,
2362 4441 2463 4497 spe
2509 4423 2841 4488 frustratus,
2875 4423 3100 4476 mutato
3142 4417 3356 4485 studio,
3380 4414 3533 4487 regis

1884 4518 2007 4572 vias
2037 4514 2520 4582 abominari,etei
2549 4517 2894 4585 praestruere
2926 4514 3190 4581 patenter
3217 4504 3535 4561 incidisset

1876 4611 1940 4666 in
1972 4607 2101 4678 ejus
2131 4606 2430 4662 laesionem
2453 4602 2877 4674 armaricpit.
2895 4601 3135 4655 Uxorem
3152 4597 3281 4665 ejus
3297 4592 3451 4649 enim
3471 4593 3532 4650 in

1888 4697 1949 4753 id
1983 4699 2168 4767 ipsum
2203 4694 2683 4760 consentientem,
2704 4688 3100 4761 quaeunaerat
3120 4686 3191 4739 de
3211 4681 3388 4737 fatuis
3403 4695 3530 4737 mu-

1877 4786 2250 4854 lieribus,aut
2278 4786 2555 4841 violenter
2576 4786 2678 4838 aut
2702 4778 2947 4836 occultis
2970 4769 3528 4839 machinationibus,

1877 4876 1949 4933 ab
1979 4892 2046 4932 eo
2078 4891 2281 4947 rapere
2311 4873 2635 4945 proposuit.
2658 4870 2819 4935 Erat,
2854 4871 2919 4923 ut
2947 4862 3358 4939 praemisimus,
3378 4866 3529 4923 sicut

1878 4970 1937 5022 et
1968 4966 2128 5038 prius
2149 4968 2206 5021 et
2238 4963 2609 5037 postmodum
2641 4958 2966 5016 manifestis
3013 4957 3237 5014 edocuit
3267 4956 3527 5028 indiciis,

1878 5054 2477 5128 mulierimprudens,
2508 5057 2567 5109 et
2597 5054 2798 5108 contra
2828 5048 3164 5119 dignitatem
3210 5048 3428 5122 regiam
3450 5048 3529 5106 ls-

1880 5162 2011 5218 gem
2048 5140 2755 5217 negligensmaritalem,
2797 5138 2906 5195 tori
2955 5137 3283 5209 conjugalis
3351 5137 3526 5193 fldem

1880 5234 2097 5304 oblita3
2124 5234 2276 5303 quod
2310 5237 2615 5304 postquam
2648 5229 2767 5301 regi
2828 5231 3192 5299 compertum
3227 5230 3339 5292 est,
3373 5226 3530 5297 prin-

1881 5324 2030 5395 cipis
2060 5322 2420 5395 praeveniens
2480 5319 2802 5385 molimina,
2825 5318 2949 5371 vitm
2999 5330 3230 5386 quoquc
3270 5318 3328 5370 et
3355 5314 3526 5370 saluti

1882 5412 2219 5478 consulens,
2243 5412 2316 5468 de
2346 5409 2590 5467 consilio
2618 5411 2956 5479 magnatum
2981 5420 3217 5460 suorum
3235 5403 3346 5460 lter
3368 5417 3528 5459 acce-

1878 5502 2094 5574 lerans,
2126 5500 2269 5558 urbe
2294 5499 2657 5558 Antiochena
2709 5512 2844 5553 cum
2893 5492 3017 5552 suis
3072 5492 3221 5550 clam
3251 5505 3524 5566 egressus

1874 5595 1986 5650 cst.
2016 5594 2265 5652 Mutatus
2292 5599 2382 5651 cst
2410 5591 2588 5664 igitur
2618 5587 2777 5648 color
2821 5588 3105 5661 optimus.
3135 5588 3194 5644 et
3219 5579 3550 5647 di*
