3784 6000
1506 207 1899 271 EPISTOLAE.
3174 178 3188 195 ⁸
3254 212 3396 273 iseo

137 338 199 406 it,
240 339 465 409 gestus,
505 336 776 395 incessus
821 338 901 395 ad
920 340 1205 395 terrorem
1235 324 1638 412 praetenderi't,
1669 336 1718 395 A
1749 336 1892 394 stitit
1912 335 2171 394 interme
2200 333 3063 395 etcomitemNivernensemin
3078 340 3398 412 prasentia

143 443 202 483 m
222 425 637 498 indignatione
656 427 988 493 recesserit,
1008 426 1296 484 dominus
1323 429 1638 484 Nivernen·
1747 426 1978 483 domini
2011 424 2392 484 senonensis.
2425 424 2515 480 Ad
2544 425 2743 499 ipsum
2763 441 2904 484 vero
2923 427 3083 485 diem
3112 428 3399 487 dominus

139 531 211 572 va
226 531 372 571 voce
387 514 552 573 vobis
567 514 800 588 plenius
821 514 1140 572 intimabit.
1156 516 1639 582 Caeterum,terra
1744 513 2073 581 Trecensis,
2112 514 2305 571 abbas
2332 514 2563 571 Sanctae
2593 514 2898 572 Columbae
2928 517 3309 584 senonensis,
3341 522 3400 575 et

137 610 395 661 ·avestra
414 603 658 670 est,etin
672 611 870 660 vestra
890 604 1258 676 protectione
1271 611 1328 661 et
1341 610 1637 679 potestate
1745 602 1918 661 multi
1946 603 2044 660 alii
2072 602 2395 675 prudentes
2423 603 2531 658 viri
2575 611 3003 672 convenerunt,
3034 607 3138 678 qui
3184 621 3393 664 eorum

137 693 262 759 istit,
284 698 345 749 et
357 694 679 750 servientes
699 692 876 750 vestri
896 693 1165 768 deputati
1188 693 1425 751 suntad
1442 699 1636 751 custo-
1741 707 1880 766 quas
1909 692 2216 750 tractanda
2242 697 2413 749 erant
2435 692 2793 751 mediatores
2821 695 3187 752 exstiterunt.
3216 698 3397 754 Porro

137 780 260 841 lam
280 787 520 840 terram.
549 784 850 854 Rogamus
861 782 1633 856 proindemagnificentiam
1740 781 2023 855 requisivi
2052 780 2132 839 ab
2161 796 2232 838 eo
2255 787 2318 837 ut
2347 779 2494 837 mibi
2515 780 2860 840 fidelitatem
2899 783 3118 841 faceret
3146 785 3299 842 sicut
3317 786 3399 843 Ie-

137 886 234 928 am
264 877 328 929 ut
360 872 640 929 comitem
684 870 1127 939 Nivernensem‚
1167 872 1318 930 sicut
1364 872 1547 938 scitis,
1576 876 1632 930 et
1738 875 1902 928 cerat
1926 874 2097 944 pater
2123 885 2269 925 suus
2299 888 2314 928 ε
2347 884 2535 942 quam
2565 885 2628 926 se
2669 869 2889 928 debere
2926 872 3104 945 plane
3130 874 3392 947 negavit,

150 960 409 1034 expedit,
449 959 837 1027 conveniatis,
868 976 943 1017 ne
973 961 1034 1017 in
1073 977 1167 1018 res
1209 967 1465 1028 nostras,
1505 960 1628 1018 imo
1736 975 1876 1016 cum
1903 957 2071 1015 multi
2092 957 2434 1015 assisterent
2460 959 2653 1031 parati
2670 959 2925 1032 probare
2954 967 3183 1034 patrem
3214 978 3394 1020 suum

137 1065 221 1114 as,
238 1049 525 1106 violenter
543 1049 763 1106 audeat
780 1065 1000 1107 manus
1022 1049 1360 1116 extendere,
1383 1056 1440 1107 et
1455 1050 1628 1107 dam·
1734 1046 2082 1106 fidelitatem
2105 1046 2251 1104 mihi
2274 1046 2508 1104 fecisse.
2537 1048 2805 1114 Quorum
2831 1049 3184 1122 probatione
3213 1067 3396 1125 repu-

144 1138 394 1213 aliquod
434 1138 669 1196 inferre.
701 1140 990 1197 Caeterum
1016 1141 1091 1197 de
1116 1140 1366 1197 domino
1413 1139 1626 1197 Bituri-
1733 1136 1921 1201 dieta,
1945 1137 2173 1209 judicio
2198 1142 2358 1194 stare
2386 1136 2577 1193 noluit
2607 1137 2658 1193 si
2681 1152 2893 1194 eorum
2922 1140 3196 1211 probatio
3235 1147 3393 1200 esset

139 1269 154 1295 ‚
181 1229 285 1300 qui
302 1228 559 1285 multum
580 1227 794 1295 fidelis.
827 1234 884 1284 et
906 1229 1100 1300 maior
1126 1228 1411 1287 columna
1434 1228 1627 1286 Eccle·
1733 1227 2097 1299 recipienda,
2123 1225 2231 1282 sed
2259 1241 2369 1283 nec
2396 1225 2624 1284 damna
2665 1226 2939 1285 Ecclesioe
2979 1233 3194 1286 nostrae
3248 1230 3393 1288 alia-

137 1332 162 1374 ι
198 1331 387 1389 regno
424 1323 642 1386 vestro,
685 1333 792 1374 vos
839 1316 1166 1390 plurimum
1206 1334 1511 1392 rogamus,
1565 1323 1628 1375 ut
1732 1330 1990 1390 rumque
2031 1314 2427 1372 Ecclesiarum
2457 1315 2786 1373 restituere.
2818 1317 2965 1376 Cum
2989 1323 3189 1375 autem
3228 1318 3388 1377 dice·

141 1405 984 1478 mvirumsicutdecetregiam
1000 1406 1352 1478 dignitatem
1366 1412 1626 1465 vestram
1731 1409 1821 1461 ret
1857 1404 1933 1461 de
1972 1405 2150 1461 rebus
2192 1402 2588 1461 Ecclesiarum
2636 1404 2783 1461 nihil
2842 1421 2906 1463 se
2950 1405 3194 1474 habere,
3231 1424 3385 1466 -cum

163 1494 334 1552 solito
357 1494 614 1565 benigne
644 1494 1032 1568 supportetis,
1054 1510 1130 1552 ne
1159 1496 1236 1553 de
1263 1497 1394 1568 ejus
1417 1512 1617 1570 grava·
1734 1491 1927 1560 multi,
1949 1492 2143 1567 parati
2161 1497 2360 1550 essent
2381 1492 2639 1565 probare
2672 1509 2813 1551 eum
2857 1493 3029 1567 plura
3076 1496 3385 1563 habuisse,

159 1583 428 1657 episcopi
457 1583 624 1654 regni
656 1584 830 1642 vestri
862 1584 1360 1653 scandalizentur,
1388 1584 1510 1643 imo
1548 1584 1624 1643 de
1732 1596 1943 1639 eorum
1971 1581 2393 1655 probationem
2415 1581 2715 1651 refutavit,
2729 1588 2784 1640 et
2799 1583 2876 1641 ad
2890 1584 3242 1658 quindecim
3256 1584 3387 1643 dies

137 1689 172 1730 e
195 1672 574 1744 benignitatis
602 1671 961 1731 exhibitione
989 1674 1050 1731 in
1081 1675 1281 1748 ipsum
1311 1675 1392 1732 ad
1430 1676 1624 1732 omni·
1651 1691 1697 1748 Β
1731 1676 1867 1745 post
1888 1670 2117 1730 Pascha
2156 1669 2501 1745 appellavit.

137 1761 268 1818 obis
293 1761 611 1833 condignas
628 1761 961 1833 gratiarum
980 1764 1246 1821 actiones
1267 1763 1618 1824 referantur.
2322 1761 2659 1818 EPISTOLA
2687 1763 2754 1821 V.

137 1850 181 1908 is
203 1855 405 1909 autem
436 1852 510 1908 de
539 1866 612 1909 eo
641 1851 879 1909 adversi
919 1851 1149 1925 aliquid
1204 1854 1614 1922 susurraverit,
1797 1847 2012 1907 Illustri
2039 1849 2291 1907 domino
2303 1865 2415 1906 ⁸110
2436 1849 2792 1908 charissssimo
2824 1853 3127 1918 L⁰D0V1002
3150 1852 3381 1924 magni·

139 1937 415 2011 eligionis
444 1955 568 1996 suas
599 1940 931 1998 reverentia
949 1955 1073 1998 non
1099 1941 1266 1998 omni
1286 1941 1472 1999 verbo
1495 1957 1618 1999 cre-
1725 1937 1838 1995 fico
1891 1939 2016 2010 regi
2069 1940 2453 2005 Francorum,
2498 1941 2569 1995 A.
2612 1938 3150 1997 Autissiodorensis
3181 1940 3379 1999 dictus

1726 2027 2066 2102 episcopus,
2092 2026 2178 2085 sic
2205 2042 2459 2100 regnare
2496 2032 2563 2084 ut
2590 2029 2734 2101 Regi
2768 2043 2979 2101 regum
3013 2028 3213 2088 valeat
3243 2029 3380 2103 pla-

137 2205 399 2264 irissimo
409 2118 1098 2275 dom?tffl{'lll’gffinglsl·co,
1115 2208 1614 2269 excellentissimo
1724 2132 2105 2264 cea-mimi
2133 2208 2341 2263 νοείτω
2369 2209 2427 2263 et
2448 2205 2628 2278 regim
2644 2206 3103 2277 magnificentias
3117 2212 3380 2281 quantas

137 2296 503 2367 s'rancorum,
537 2301 601 2353 A.
618 2297 1149 2353 Autissiodorensis
1171 2299 1363 2354 dictus
1388 2299 1616 2371 episco·
1724 2310 2047 2368 possumus
2072 2295 2294 2366 gratias
2320 2294 2658 2362 referimus,
2689 2311 2797 2367 pro
2825 2295 2987 2367 vigili
3009 2312 3153 2354 cura
3181 2300 3242 2353 et
3264 2298 3382 2355 sol·

137 2383 220 2439 sic
249 2398 501 2456 regnare
533 2389 595 2442 ut
614 2385 754 2456 Regi
782 2402 1024 2444 summo
1046 2386 1238 2444 valeat
1259 2386 1512 2459 placere.
1721 2382 2227 2457 licitudinequam
2242 2399 2386 2457 erga
2409 2390 2681 2442 nostram
2710 2384 3057 2453 Ecclesiam,
3083 2386 3205 2442 imo
3248 2401 3383 2443 ves-

137 2470 395 2530 >limitati
433 2478 643 2530 vestrae
682 2476 902 2547 gratias
941 2475 1181 2545 agimus
1220 2475 1295 2532 de
1320 2492 1391 2533 eo
1446 2476 1612 2551 quod
1720 2477 1898 2540 tram,
1929 2472 2281 2530 exhibuistis
2311 2473 2371 2530 in
2407 2473 2590 2530 rebus
2636 2472 2795 2530 illius
2841 2475 3271 2531 conservandis
3318 2478 3378 2532 et

137 2577 240 2621 um
253 2567 456 2619 nostru
466 2578 546 2630 m,
560 2562 666 2636 qui
688 2563 837 2619 ierat
859 2564 1127 2621 Senonas
1141 2564 1415 2622 nuntiare
1438 2565 1610 2624 vobis
1724 2562 2186 2620 manutenendis
2212 2577 2224 2617 :
2249 2566 2307 2619 et
2320 2577 2533 2619 omnes
2543 2562 2649 2635 qui
2669 2562 2990 2620 audierunt
3006 2563 3188 2620 ltetati
3210 2567 3373 2630 sunt,

151 2665 289 2724 quas
318 2649 602 2708 dominus
631 2650 708 2708 de
733 2652 1036 2710 Firmitate
1068 2658 1236 2711 terrai
1275 2660 1492 2712 nostras
1520 2655 1613 2713 in-
1720 2655 1780 2708 et.
1821 2654 2004 2708 Deum
2033 2651 2096 2708 in
2123 2649 2294 2707 vobis
2322 2655 2380 2706 et
2406 2648 2483 2706 de
2527 2649 2702 2707 vobis
2750 2650 3246 2721 glorificaverunt.
3274 2652 3377 2708 Ve-

138 2754 258 2796 non
281 2738 782 2812 desinit,benigne
799 2741 1481 2817 suscepistis,etpacem,
1505 2745 1614 2803 sic·
1719 2739 1893 2797 niens
1931 2737 2134 2813 itaque
2162 2739 2408 2796 nuntius
2447 2745 2640 2795 vester
2672 2738 2833 2794 diem
2874 2755 2969 2796 me
2995 2739 3376 2796 constituisse

137 2829 280 2898 giam
325 2827 576 2886 decebat
625 2830 1017 2903 majestatem,
1059 2832 1234 2889 nobis
1277 2832 1353 2890 de
1399 2841 1612 2892 caetero
1722 2829 1869 2888 mihi
1898 2832 1954 2886 et
1978 2828 2180 2885 comiti
2201 2828 2536 2898 assignavit
2562 2844 2577 2894 ;
2603 2842 2785 2900 quem
2815 2826 2987 2883 laetus
3017 2827 3374 2901 suscipiens,

139 2918 297 2974 rvari
325 2918 673 2975 mandastis.
704 2921 881 2976 Porro
899 2926 1142 2993 propter
1161 2921 1500 2997 frequentes
1526 2923 1615 2979 in·
1722 2918 1801 2975 ad
1833 2915 2002 2975 illum
2041 2916 2125 2974 ire
2163 2916 2330 2974 omni
2368 2917 2684 2974 occasione
2721 2922 2953 2974 remota
2990 2920 3237 2990 paratus
3267 2915 3373 2972 fui.

137 3022 264 3064 »nes
294 3021 668 3079 guerrarum,
686 3010 1072 3082 quaealongo
1090 3016 1358 3082 tempore
1390 3017 1610 3070 terram
1643 3050 1687 3107 C
1725 3010 1941 3065 Verum
1982 3007 2336 3081 priusquam
2375 3006 2472 3063 ille
2513 3006 2756 3073 veniret,
2778 3022 2981 3064 comes
3003 3006 3379 3064 Nivernensis

137 3111 228 3154 am
258 3112 473 3154 vexare
498 3102 962 3166 consueverunt,
999 3099 1082 3156 ita
1119 3114 1254 3157 eam
1276 3101 1612 3159 innumeris
1720 3096 1948 3154 litteras
1978 3112 2119 3154 suas
2148 3095 2227 3153 ad
2259 3095 2588 3170 capitulum
2615 3095 2998 3153 cisterciense
3036 3094 3375 3164 direxerat3

137 3184 604 3243 cutionibushue
621 3202 813 3260 usque
826 3188 1351 3261 constatopprimi‚
1371 3193 1434 3245 ut
1457 3206 1611 3261 pene
1721 3186 1945 3261 quibus
1970 3185 2311 3259 perspectis,
2338 3185 2622 3241 dominus
2652 3189 2710 3241 θῑ
2737 3182 3094 3242 venerabilis
3117 3182 3379 3242 Godeffl·

136 3273 193 3330 in
232 3289 305 3331 eo
330 3275 700 3341 remanserit,
732 3276 1048 3349 ipsamque
1091 3276 1170 3334 ad
1198 3281 1612 3350 paupertatem
1720 3273 2159 3348 dusquondam
2174 3273 3219 3347 Lingonensisepiscopus.dominus
3232 3276 3379 3330 Pon-

137 3363 312 3436 ·piam
341 3363 528 3435 redigi
558 3365 907 3422 constiterit.
938 3368 1105 3423 Nunc
1142 3381 1285 3423 vero
1314 3367 1612 3439 Apognia-
1721 3361 2067 3421 tiniacensis
2080 3366 2138 3419 et
2155 3361 2437 3417 dominus
2461 3359 2903 3418 clarevellensis
2923 3361 3195 3427 abbates,
3216 3360 3378 3417 diem

137 3455 193 3509 et
220 3457 437 3510 terram
457 3452 803 3526 contiguam
826 3454 1112 3512 dominus
1133 3456 1208 3512 de
1239 3456 1535 3514 Firmitate
1557 3462 1616 3515 et
1722 3452 2156 3510 constituerunt
2183 3449 2327 3507 mihi
2351 3458 2407 3507 et
2427 3451 2653 3515 comiti,
2681 3450 2988 3521 cupientes
3012 3449 3163 3505 inter
3192 3464 3302 3505 nos
3324 3451 3384 3504 et

137 3557 169 3599 a
205 3546 428 3598 vexant
451 3546 507 3599 et
530 3543 901 3615 opprimunt,
927 3549 991 3600 ut
1021 3544 1296 3602 homines
1323 3545 1510 3602 nostri
1536 3546 1615 3604 ad
1723 3541 2004 3600 comitem
2036 3554 2248 3612 pacem
2263 3538 2608 3596 reformare.
2638 3540 2780 3594 Cum
2804 3538 2981 3611 igitur
3000 3553 3111 3608 ego
3136 3543 3193 3593 et
3213 3537 3389 3594 turba

137 3646 261 3689 ram
276 3638 443 3688 terroe
459 3631 659 3703 egredi
674 3648 795 3690 non
814 3633 1097 3690 audeant.
1126 3637 1274 3693 Nam
1292 3641 1427 3708 post
1447 3652 1617 3694 man·
1725 3631 1989 3688 virorum
2021 3627 2424 3702 probabilium
2444 3633 2502 3684 et
2522 3627 2941 3698 religiosorum
2966 3627 3045 3683 ad
3060 3625 3223 3683 diem
3244 3640 3384 3683 con·

137 3734 178 3777 n
197 3724 484 3789 vestrum,
506 3720 672 3794 quod
693 3722 747 3778 ei
766 3721 842 3779 de
867 3724 1281 3781 conservanda
1301 3724 1618 3784 nobiscum
1727 3720 2129 3786 venissemus,
2153 3733 2356 3775 comes
2378 3732 2450 3773 ea
2472 3733 2609 3789 qum
2626 3718 2703 3772 ad
2726 3732 2938 3787 paoem
2962 3719 3103 3772 sunt
3121 3714 3266 3771 satis
3285 3714 3387 3771 be·

147 3807 387 3878 fecistis,
404 3816 671 3868 nostram
686 3814 1073 3886 praesumpsit
1093 3829 1302 3887 rapere
1326 3814 1618 3888 praedam.
1727 3810 1910 3881 nigne
1934 3825 1997 3865 se
2011 3807 2264 3863 libenter
2279 3806 2475 3863 tacere
2496 3804 2874 3877 significavit,
2899 3804 3132 3861 etdicto
3153 3803 3385 3861 domini

137 3894 275 3969 gitur
309 3898 624 3956 consilium
656 3903 963 3974 apponite.
997 3904 1147 3960 Nam
1177 3903 1224 3959 si
1255 3918 1466 3960 eorum
1495 3919 1623 3961 ma·
1730 3901 1795 3958 G.
1826 3897 2139 3973 quondam
2173 3895 2562 3967 Lingonensis
2591 3894 2879 3968 episcopi,
2909 3892 3139 3952 Pontin.
3180 3898 3238 3949 et
3267 3892 3392 3949 Cla-

137 4000 210 4044 as
238 3985 536 4060 impunita
557 3991 931 4057 remanserit,
953 3990 1100 4048 nihil
1128 3998 1341 4064 praeter
1360 3992 1625 4050 culturas
1731 3986 1938 4046 revall.
1969 3987 2262 4043 abbatum
2293 3989 2453 4042 stare
2483 4001 2548 4042 se
2580 3984 2926 4058 spopondit.
2971 3981 3388 4055 compellenti·

162 4080 219 4131 et
259 4075 464 4133 vineas
495 4076 743 4135 forsitan
771 4079 945 4136 nobis
983 4081 1337 4137 remanebit.
1734 4078 1848 4135 bus
1875 4092 2017 4134 vero
2037 4076 2289 4143 eunctis,
2321 4080 2378 4132 et
2405 4074 2795 4131 laudantibus
2829 4078 2891 4130 ut
2925 4076 3109 4130 totam
3138 4085 3388 4128 causam

560 4167 892 4226 EPISTOLA
920 4169 1009 4224 IV.
1733 4169 1795 4224 in
1849 4167 2009 4223 dicto
2063 4163 2301 4220 illorum
2358 4179 2740 4236 poneremus,
2782 4161 3152 4227 distulimus,
3193 4159 3389 4217 donec

137 4254 386 4312 verendo
414 4254 663 4312 domino
687 4273 799 4314 suo
832 4259 1132 4323 Lunovico,
1152 4257 1473 4328 magnifico
1501 4259 1625 4329 regi
1734 4256 1905 4331 prius
1931 4253 2252 4311 consilium
2277 4258 2544 4310 vestrum
2568 4257 2626 4309 et
2658 4251 3027 4310 voluntatem
3057 4265 3235 4324 super
3273 4249 3390 4307 hoc

137 4357 360 4410 eorum,
392 4348 456 4400 A.
492 4345 589 4401 Dei
616 4346 807 4417 gratia
834 4347 1367 4404 Antissiodorensis
1401 4347 1627 4420 episco·
1734 4344 2116 4403 haberemus.
2137 4341 2481 4413 Significate
2501 4342 2680 4412 igitur
2700 4340 2877 4399 nobis
2898 4342 3048 4415 quid
3072 4340 3245 4398 vobis
3265 4338 3393 4414 pla-

144 4432 396 4490 salutem
426 4438 483 4491 et
506 4435 827 4493 servitium.
1735 4432 1959 4491 tcuerit.
1984 4434 2132 4489 Nam
2150 4430 2478 4488 secundum
2498 4430 2815 4488 consilium
2837 4435 3103 4488 vestrum
3118 4428 3396 4487 etvolun-

137 4522 238 4581 rtia
259 4522 358 4580 die
380 4527 519 4581 ante
548 4524 1024 4584 purificationem
1043 4525 1172 4584 dies
1193 4526 1504 4598 assignata
1531 4541 1622 4584 ex·
1737 4528 1923 4582 tatem
1948 4520 2140 4596 parati
2167 4536 2380 4578 sumus
2408 4519 2470 4577 in
2498 4519 2616 4578 hoc
2651 4519 2892 4593 negotio
2931 4532 3129 4592 agere.

1159 4814 2062 4863 mew-
2103 4827 2153 4845 ι·
2171 4829 2248 4841 -··

137 5685 261 5728 ιοι..
299 5663 436 5725 CCI.
3066 5672 3137 5728 Η
