3784 6000
188 268 311 332 785

736 266 942 329 RIST.
995 266 1272 329 RERUM
1314 262 1851 327 TRANSMARIN.
1897 298 1969 309 —
2013 263 2163 326 LlB.
2207 264 2334 326 XX.
2383 266 2837 331 AMALRICUS
2885 270 3059 333 REX.

3482 270 3606 332 786

184 401 375 474 trapis
413 400 509 472 qui
543 403 765 473 partem
806 398 1221 456 sollicitudinis
1275 403 1586 470 portarent,
1620 397 1837 468 tradit3
1868 399 1924 468 A
1952 397 2233 456 violenter
2260 406 2582 473 occupant3
2608 420 2735 475 quae
2759 404 2956 460 statim
2987 403 3206 462 nostris
3236 404 3296 462 in
3328 404 3606 478 direptio·

184 491 567 563 sumptisque
601 489 898 546 alimentis
929 490 999 545 ad
1033 490 1142 545 iter
1171 489 1539 552 necessariis,
1560 495 1617 545 et
1643 504 1840 545 came-

182 581 264 638 lis
294 583 367 638 ad
402 582 737 638 devehenda
766 598 940 638 onera
968 580 1421 649 sufficientibus,
1453 597 1550 637 eos
1577 580 1637 636 in
1669 582 1837 653 AEgy·

184 678 357 744 ptum
392 671 609 744 dirigit.

824 779 1056 836 CAPUT
1099 779 1213 837 vlt.

192 871 311 926 Rex
338 874 470 924 onte
498 868 703 925 Cehere
724 872 921 936 foaslra
949 870 1117 939 local,
1148 871 1468 939 exspectans
1510 867 1837 939 promissam

711 957 746 997 α
766 941 990 996 soldano
1013 942 1332 1011 pecuniam.

262 1034 390 1086 Rex
419 1030 653 1086 interim
685 1029 1184 1100 eversa·Pelusio,
1233 1045 1361 1086 cum
1414 1028 1700 1085 universis
1743 1044 1839 1099 ag-

191 1118 459 1175 minibus
497 1134 700 1175 versus
747 1118 967 1175 Cabere
996 1118 1259 1175 cohortes
1300 1117 1514 1189 dirigit,
1551 1117 1654 1174 sed
1687 1117 1842 1173 lento

191 1209 375 1266 nimis
405 1209 613 1281 gradu,
641 1208 736 1264 vix
767 1208 941 1264 unius
970 1209 1082 1264 iter
1100 1208 1216 1264 diei
1248 1209 1446 1263 decem
1479 1206 1689 1264 diebus
1709 1222 1843 1263 con-

190 1298 433 1368 ficienst,
465 1298 816 1370 tandemque
848 1302 980 1353 ante
1003 1298 1206 1353 urbem
1232 1301 1693 1365 castrametatus,
1722 1312 1841 1351 ma-

190 1389 402 1444 chinas
433 1389 620 1458 parat,
651 1392 839 1443 crates
882 1388 1068 1459 erigit,
1102 1393 1157 1443 et
1190 1392 1395 1442 caetera
1422 1386 1494 1443 ad
1526 1386 1668 1443 tales
1700 1402 1842 1442 usus

187 1479 504 1553 profutura
552 1479 833 1549 disponit.
887 1479 1165 1535 Videntur
1194 1496 1318 1550 quae
1352 1478 1490 1534 foris
1534 1482 1845 1533 struuntur

187 1568 529 1640 promittere
576 1568 836 1638 impetus
887 1569 1140 1639 proxime
1187 1568 1433 1633 futuros,
1482 1573 1539 1623 et
1587 1566 1842 1622 obsessis

190 1656 452 1713 incutere
471 1656 872 1725 formidinem,
891 1662 946 1713 et
964 1658 1279 1728 quamdam
1302 1657 1507 1713 mortis
1527 1657 1839 1727 imaginem

189 1747 505 1803 intentare.
536 1745 643 1810 Qui
679 1750 873 1801 autem
900 1745 1027 1802 lacti
1061 1744 1219 1801 illius
1245 1762 1458 1801 arcana
1485 1753 1717 1812 norunt,
1741 1744 1840 1799 hu-

183 1836 291 1906 jus
320 1850 496 1890 mora·
547 1850 787 1891 causam
818 1834 1013 1907 fuisse
1045 1840 1336 1901 asserunt,
1385 1836 1539 1906 quod
1572 1834 1848 1889 soldanus

191 1926 421 1982 interea
467 1924 832 1980 advenientis
892 1924 1183 1980 exercitus
1238 1933 1450 1981 terrore
1499 1939 1847 1986 concussus,

195 2012 544 2085 prolixiores
587 2012 947 2068 deliberandi
1001 2013 1236 2068 haberet
1292 2012 1584 2081 inducias,
1632 2021 1687 2068 et
1744 2029 1848 2083 pru

191 2102 522 2159 amovendo
568 2101 824 2159 exercitu
891 2102 1195 2173 pecuniam
1247 2101 1636 2170 pacisceretur
1662 2118 1675 2157 :
1728 2106 1847 2156 tota

191 2192 353 2248 enim
386 2191 527 2246 illuc
558 2191 903 2263 properabat
948 2191 1102 2261 regis
1142 2192 1404 2259 intentio,
1448 2195 1509 2246 ut
1538 2207 1571 2246 a
1602 2189 1845 2247 soldano

190 2280 505 2353 pecuniam
527 2285 906 2353 emungeret3
940 2280 1195 2335 malebat
1224 2279 1378 2335 enim
1412 2280 1594 2352 pretio
1625 2279 1847 2335 redem-

191 2372 336 2441 ptus
365 2367 550 2435 abire,
582 2384 758 2439 quam
793 2369 966 2423 urbes
999 2368 1149 2431 illas.
1172 2370 1325 2424 sicut
1354 2369 1425 2424 de
1453 2366 1683 2424 Pelusio
1714 2383 1846 2424 con-

184 2459 425 2530 tigerat,
476 2456 858 2530 popularibus
907 2458 981 2514 ad
1032 2457 1296 2529 rapinam
1344 2474 1646 2528 exponere,
1689 2458 1847 2513 sicut

186 2546 567 2603 manifestius
613 2547 767 2604 infra
815 2547 1060 2602 dicetur.
1111 2546 1398 2603 Soldanus
1440 2562 1574 2602 vero
1621 2547 1842 2602 interea

186 2652 292 2710 per
321 2652 462 2693 suos
489 2640 546 2692 et
575 2636 731 2708 regis
779 2635 1090 2691 familiares
1113 2652 1348 2692 omnem
1382 2642 1687 2709 praetentat
1735 2634 1842 2691 ad·-

190 2726 371 2793 itum,
400 2740 633 2783 omnem
674 2726 935 2798 explorat
980 2726 1353 2781 subintrandi
1385 2728 1572 2792 viam;
1606 2726 1839 2781 tandem

193 2816 620 2890 regisanimum
638 2818 1022 2890 pecuniarum
1037 2818 1840 2889 cupidum,‘promissionibus

193 2910 453 2976 enervat,
474 2906 764 2962 infinitam
791 2908 1040 2978 spondet
1063 2908 1398 2978 pecuniam,
1421 2924 1600 2980 quam
1625 2907 1716 2962 vix
1739 2907 1837 2962 uni

192 3013 433 3053 versum
464 3013 725 3070 regnum,
758 2997 1008 3053 corrasis
1030 2997 1283 3071 undique
1305 2997 1486 3069 copiis
1516 2998 1839 3068 persolvere

195 3090 418 3158 posset.
449 3087 936 3154 Promittitenim‚
971 3086 1236 3147 utaiunt,
1271 3102 1575 3143 aureorum
1595 3086 1838 3156 vigesies

195 3181 445 3232 centena
475 3174 681 3243 millia,
714 3179 777 3231 ut
807 3175 1045 3231 redditis
1067 3175 1178 3231 sibi
1202 3176 1323 3231 filio
1343 3192 1409 3231 ac
1432 3185 1656 3248 nepote,
1679 3191 1837 3232 amo·
1868 3146 1920 3212 C·

191 3264 386 3336 tisqus
418 3264 899 3336 expeditionibus,
935 3265 1147 3320 rediret
1193 3267 1261 3320 ad
1305 3266 1552 3336 propria.
1585 3264 1703 3320 Hoc
1734 3281 1839 3319 au-

187 3360 335 3422 tem,
365 3361 423 3409 ut
455 3361 651 3425 postea
682 3355 893 3425 patuit,
937 3371 1051 3409 non
1102 3371 1168 3410 eo
1219 3355 1566 3410 moliebatur
1594 3354 1837 3421 intuitu,

184 3455 247 3503 ut
278 3445 698 3518 promissorum
734 3460 1023 3500 sumniam
1058 3461 1188 3514 spes
1220 3449 1372 3500 esset
1400 3444 1713 3516 aliquando
1746 3460 1839 3500 so-

180 3535 376 3592 lutum
407 3535 514 3602 iri;
546 3535 646 3589 sed
695 3549 765 3589 ne
795 3533 991 3589 subito
1023 3533 1260 3588 incursu
1307 3534 1588 3589 accedens
1618 3530 1692 3587 ad
1721 3534 1835 3588 Ga·-

181 3625 347 3691 bere,
375 3624 723 3695 imparatum
754 3622 1255 3693 immunitumque
1288 3622 1601 3692 reperiens,
1634 3636 1837 3691 repen·

180 3714 329 3770 tinis
358 3712 788 3784 irruptionibus
817 3717 1195 3784 expugnaret,
1220 3711 1373 3781 quod
1409 3708 1606 3779 procul
1635 3708 1833 3775 dubio,

183 3808 252 3859 ut
303 3807 639 3860 constanter
685 3806 952 3856 asserunt
982 3801 1079 3869 qui
1128 3800 1537 3868 interfuerunt,
1565 3799 1614 3855 si
1645 3799 1836 3856 citatis

176 3890 498 3950 itineribus
528 3894 697 3962 capta
725 3889 973 3956 Pelusi0,
1007 3888 1248 3959 deiectis
1278 3888 1470 3946 adhuc
1499 3893 1556 3944 et
1584 3887 1834 3958 stupidis

186 3999 222 4039 a
253 3980 466 4037 recenti
496 3979 664 4036 clade
685 3983 740 4034 et
761 3981 1054 4051 insperata
1079 3983 1255 4033 tantae
1286 3979 1445 4034 urbis
1475 3977 1828 4045 calamitate,

186 4067 586 4141 AEgyptiorum
629 4066 869 4135 animis,
900 4065 1039 4121 illuc
1071 4071 1266 4122 noster
1286 4064 1639 4136 pervenisset
1666 4079 1834 4120 exer·

186 4159 363 4228 citus,
388 4157 716 4214 accidisset.
741 4155 1069 4212 Verisimile
1089 4155 1245 4210 enim
1267 4154 1514 4221 videtur,
1539 4152 1694 4224 quod
1724 4152 1830 4210 viri

184 4247 394 4305 molles
428 4251 486 4303 ει
516 4246 854 4312 effeminati,
880 4244 1103 4302 deliciis
1126 4261 1159 4299 a
1181 4243 1362 4299 mullo
1388 4249 1541 4299 retro
1572 4247 1832 4315 tempore

182 4335 390 4403 dediti,
426 4351 621 4391 rernm
654 4333 996 4390 militarium
1029 4339 1313 4403 expertes,
1343 4331 1538 4389 adhuc
1568 4332 1830 4388 fumante

178 4424 387 4482 vicina
413 4423 574 4479 urbis
596 4422 886 4491 incendio,
915 4431 970 4478 et
992 4423 1298 4477 innumero
1319 4436 1557 4476 suorum
1593 4420 1826 4476 interitu

1950 506 2083 546 nem
2117 492 2253 547 data
2282 496 2372 548 εει
2401 496 2459 548 ει
2491 492 2766 564 praedam.
2800 494 2949 550 Dum
2982 510 3119 567 ergo
3145 494 3331 551 nostri
3363 510 3462 566 per
3481 494 3604 551 nu·-

1948 579 2129 636 minis
2160 580 2390 637 alveum
2419 581 2493 637 ad
2519 598 2704 656 regem
2728 583 3006 640 festinare
3035 584 3415 655 contendunt,
3439 582 3610 657 AEgy·

1950 669 2058 742 ptii
2083 670 2325 725 navibus
2345 670 2471 725 suis
2498 670 2723 726 alveum
2746 672 3011 728 fluminis
3032 672 3390 743 obsidentes,
3412 677 3606 729 trans·

1948 756 2095 813 itum
2124 757 2434 829 negabant.
2470 756 2630 813 Misit
2659 773 2796 831 ergo
2838 774 2932 814 rex
2981 757 3333 815 Henfredum
3379 759 3451 815 de
3480 758 3604 816 Το-

1947 863 2089 903 rono
2128 845 2623 904 constabularium
2655 863 2853 914 suum,
2887 853 2950 904 ut
2976 847 3114 903 illuc
3153 864 3287 905 cum
3320 847 3469 903 lecta
3495 864 3605 905 ve-

1950 934 2116 991 niens
2132 934 2364 1002 militia,
2380 934 2619 991 alteram
2652 935 2856 992 saltem
2891 936 3155 993 fluminis
3179 938 3389 1009 ripam,
3422 936 3600 993 uteie

1948 1040 2016 1081 ex
2058 1023 2152 1078 illa
2184 1023 2327 1079 liber
2367 1025 2529 1080 fleret
2574 1024 2880 1090 transitus,
2927 1024 3210 1081 violenter
3237 1028 3592 1096 occuparet3

1951 1113 2100 1185 quod
2130 1113 2275 1169 satis
2297 1114 2556 1181 expedite
2577 1115 2797 1169 factum
2818 1118 2992 1183 esset,
3026 1113 3140 1169 nisi
3172 1114 3328 1186 quod
3360 1114 3596 1173 interim

1952 1218 2153 1258 rumor
2168 1202 2238 1258 de
2263 1203 2506 1258 adventu
2521 1201 2782 1259 Siraconi
2795 1202 3108 1260 consilium
3125 1203 3333 1260 mutari
3349 1219 3594 1276 compu-

1948 1291 2035 1346 lit.
2068 1291 2402 1347 Mandatum
2435 1294 2523 1346 est
2552 1306 2684 1362 ergo
2714 1291 2820 1362 eis,
2855 1295 2919 1347 ut
2949 1293 3022 1348 ad
3053 1307 3213 1348 mare
3243 1291 3601 1349 descenden-

1952 1388 2054 1439 tes,
2084 1382 2334 1437 reditum
2358 1386 2716 1437 maturarent
2735 1383 2805 1438 ad
2831 1382 3064 1453 propria
3085 1398 3100 1450 3
3121 1382 3277 1455 quod
3299 1386 3359 1438 et
3381 1381 3599 1439 sactum

1952 1476 2042 1527 est
2075 1487 2088 1525 :
2126 1487 2299 1526 unam
2333 1475 2528 1526 tamen
2559 1470 2779 1543 galeam
2826 1472 3223 1542 imprudenter
3252 1470 3599 1528 amiserunt.

2593 1596 2828 1654 CAPUT
2858 1600 2959 1654 lX.

1954 1689 2067 1744 Rex
2096 1688 2313 1743 obsessa
2344 1686 2557 1743 Cehere
2606 1687 2760 1755 urbe,
2798 1686 3096 1757 pecuniam
3131 1704 3165 1743 o
3201 1687 3432 1746 soldano
3475 1702 3604 1760 pro·

2026 1757 2248 1814 missam
2294 1763 2592 1829 exspectat.
2648 1756 2920 1814 soldanus
2949 1775 3073 1815 vero
3114 1776 3148 1815 α
3182 1762 3358 1830 pactis
3385 1760 3606 1817 resilire

2030 1837 2226 1896 tentat,
2256 1839 2310 1885 et
2338 1830 2631 1885 Tur-corum
2661 1831 2925 1901 implorat
2952 1832 3252 1886 auxilium.

2029 1943 2098 1994 At
2145 1937 2416 1995 soldanus
2445 1939 2503 1993 et
2532 1935 2622 1992 sui
2668 1936 2890 1993 interea
2937 1937 3132 1995 moliri
3180 1954 3296 1994 non
3342 1941 3599 2010 cessant,

1956 2027 2246 2102 quomodo
2280 2043 2475 2101 regem
2504 2043 2538 2082 a
2566 2044 2628 2084 se
2648 2025 2955 2100 repellant,
2997 2026 3265 2101 dolisque
3294 2032 3600 2101 peragunt,

1956 2119 2109 2191 quod
2142 2116 2341 2173 virtuti
2384 2117 2644 2173 sentiunt
2674 2117 2874 2173 deesse
2903 2119 2961 2172 et
2990 2116 3214 2172 fraudis
3244 2120 3598 2177 commercio

1955 2208 2246 2265 redimunt
2273 2207 2486 2263 virium
2509 2207 2789 2264 defectus.
2809 2206 3103 2264 Promissa
3128 2206 3310 2281 igitur
3326 2207 3594 2280 pecunia,

1952 2298 2217 2354 inducias
2248 2314 2349 2369 pro
2381 2296 2669 2354 solutione
2700 2294 3036 2369 postulant;
3069 2294 3322 2368 allegant
3359 2296 3597 2370 quanti·

1951 2392 2129 2444 tatem
2157 2387 2403 2443 multam
2451 2386 2627 2442 nimis
2670 2401 2821 2454 esse,
2873 2402 2977 2441 nec
3024 2386 3083 2443 in
3128 2403 3243 2444 uno
3273 2385 3401 2444 loco
3431 2402 3600 2459 posse

1953 2483 2131 2534 totam
2161 2476 2396 2548 reperiri
2427 2493 2441 2544 ;
2482 2480 2718 2547 tempus
2766 2474 2997 2533 auctius
3033 2473 3486 2548 indulgendum,
3535 2480 3602 2536 ut

1954 2568 2140 2637 pactis
2172 2574 2483 2638 pareatum
2517 2565 2670 2621 datis
2693 2569 2887 2622 tamen
2918 2565 2978 2621 in
3010 2564 3334 2623 continenti
3363 2570 3600 2625 centum

1956 2654 2245 2725 millibus,
2279 2654 2462 2710 filium
2503 2653 2713 2725 recipit
2741 2657 2800 2710 et
2830 2657 3100 2726 nepotem
3136 2653 3461 2711 soldanus:
3494 2670 3598 2728 pro

1950 2763 2179 2804 summa
2228 2746 2452 2817 reliqua
2481 2745 2627 2801 duos
2659 2743 2965 2817 nepotulos
3004 2761 3144 2802 suos
3184 2745 3376 2802 adhuc
3403 2743 3600 2819 impu-

1949 2838 2132 2903 bereS‚
2163 2835 2390 2891 obsides
2419 2834 2674 2891 exhibet.
2715 2838 2830 2891 Rex
2862 2851 2999 2891 vero
3043 2834 3346 2892 obsidione
3376 2834 3597 2904 soluta,

1950 2925 2119 2996 quasi
2151 2941 2255 2997 per
2286 2923 2534 2980 milliare
2565 2925 2857 2992 recedens),
2889 2923 3047 2980 circa
3077 2923 3312 2980 hortum
3339 2922 3596 2982 Balsami

1950 3020 2141 3072 castra
2190 3014 2521 3086 componit;
2574 3013 2674 3071 ubi
2724 3031 2827 3087 per
2874 3012 2998 3071 dies
3046 3019 3199 3081 octo,
3247 3014 3594 3073 crebrissed

1949 3106 2259 3163 inutilibus
2308 3104 2538 3161 soldani
2581 3104 2973 3176 legationibus
3021 3121 3186 3173 usus,
3237 3104 3477 3162 tandem
3519 3105 3593 3164 ad

1951 3212 2082 3251 cum
2129 3196 2319 3252 locum
2361 3195 2461 3265 qui
2491 3193 2937 3265 cognominatur
2980 3193 3270 3264 Syriacus,
3320 3193 3596 3251 transfert

1948 3286 2249 3343 exercitus.
2293 3283 2587 3341 Soldanus
2636 3284 2865 3341 interim
2913 3283 3318 3356 frequentibus
3366 3281 3596 3343 nuntii·

1951 3376 2290 3432 universum
2341 3390 2584 3446 regnum
2612 3373 2907 3440 sollicitat,
2961 3372 3246 3446 quidquid
3292 3389 3593 3432 armorum

1947 3464 2164 3535 ubique
2192 3467 2282 3519 εει
2310 3462 2590 3534 congerit,
2613 3461 3004 3534 undecunque
3027 3461 3263 3528 jauxilia
3292 3466 3592 3530 convocat,

1948 3552 2220 3609 alimenta
2236 3551 2483 3617 inducit,
2508 3551 2741 3606 infirma
2761 3549 2924 3607 urbis
2941 3549 3153 3606 circuit
3166 3554 3223 3605 et
3240 3551 3590 3622 consolidat,

1947 3655 2178 3697 omnem
2211 3638 2523 3695 resistendi
2552 3639 2700 3693 viam
2737 3638 3153 3710 percurrit3ad
3183 3654 3442 3711 pugnam
3483 3655 3590 3711 pro

1944 3730 2290 3797 cervicibus,
2336 3745 2439 3799 pro
2489 3727 2776 3792 libertate,
2821 3744 2924 3800 pro
2974 3729 3250 3785 uxoribus
3276 3725 3588 3801 etliberis‚

1945 3816 2314 3873 sermonibus
2340 3815 2624 3871 suasoriis
2655 3813 2863 3870 invitat
2891 3833 2907 3883 ;
2941 3830 3143 3871 casum
3197 3814 3470 3888 proxima
3500 3815 3590 3872 ci-

1945 3906 2142 3962 vitatis
2173 3903 2605 3961 lamentabilem
2639 3908 2774 3960 ante
2812 3902 3007 3959 oculos
3034 3904 3237 3976 ponit:
3269 3903 3587 3977 captivita-

1945 3996 2015 4051 tis
2062 3994 2458 4062 acerbitatem,
2505 3994 2877 4049 dominorum
2929 3993 3140 4066 jugum
3191 3993 3583 4067 importabile,

1942 4083 2240 4141 servitutis
2270 4087 2586 4139 extremam
2619 4081 2884 4139 omnium
2908 4082 3299 4141 conditionem
3329 4083 3583 4156 exponit.

2588 4189 2822 4248 CAPUT
2860 4190 2928 4246 X.

1939 4282 2063 4338 Milo
2102 4280 2169 4337 de
2211 4281 2409 4337 Planci
2446 4279 2675 4336 sinistro
2714 4281 2947 4337 oonsilio
2991 4280 3146 4354 reqis
3189 4285 3426 4338 mentam
3453 4282 3588 4338 sub-

2008 4355 2195 4409 vertit.
2236 4352 2528 4409 Sir-aconas
2556 4354 2624 4407 ab
2653 4353 2931 4425 AEyyptiis
2959 4362 3173 4409 vocatus
3210 4354 3449 4418 accedit,-
3488 4367 3588 4411 rea:

2006 4428 2057 4481 εἰ
2093 4424 2330 4481 occurrit
2371 4426 2430 4479 in
2460 4423 2796 4491 solandum,-
2843 4423 2938 4481 sed
2967 4441 3028 4482 eo
3055 4441 3165 4482 non
3202 4427 3446 4494 invento,
3483 4424 3584 4482 in-

179 4516 562 4581 consternati,
595 4516 707 4572 sibi
757 4516 1032 4571 timentes
1082 4514 1232 4586 quod
1276 4513 1407 4569 aliis
1438 4512 1710 4569 videbant
1738 4530 1831 4570 ac·
1858 4491 1906 4556 D
2004 4497 2148 4567 [⁶⁶10
2175 4497 2392 4567 ”09022'0
2420 4495 2564 4553 ’'04²'‘
2594 4496 2666 4551 “d
2691 4495 2937 4569 ΡΥΟΡΓῘα·

178 4607 420 4672 cidisse,
454 4620 560 4662 nec
603 4605 740 4661 inde
777 4604 1005 4660 animos
1056 4602 1141 4657 vel
1191 4604 1341 4658 vires
1385 4601 1662 4658 babuisse
1692 4603 1834 4658 resi-

180 4695 402 4755 stendi.

727 4804 739 4873 ¹,
802 4798 1037 4856 CAPUT
1076 4798 1216 4854 vm.

188 4894 393 4949 Classis
423 4899 608 4949 nostro
628 4906 725 4962 per·
753 4889 943 4947 Nilum
989 4890 1252 4955 immissa,
1300 4895 1480 4943 nostro
1527 4903 1583 4944 so
1621 4887 1834 4960 adjun-

263 4980 391 5034 σενι
439 4964 709 5021 exercitui
753 4971 1021 5022 conatur:
1059 4963 1159 5017 aad
1213 4974 1272 5015 re
1330 4961 1554 5029 inlecto,
1610 4960 1834 5016 domum

259 5036 579 5094 revortitur.

254 5143 405 5201 Dum
427 5143 547 5199 brec
569 5144 725 5201 eirca
743 5140 962 5198 Cabere
984 5143 1259 5212 aguntur,
1282 5153 1411 5194 esse
1430 5142 1628 5195 nostra
1658 5154 1830 5210 quam

178 5249 282 5290 rex
328 5233 401 5289 de
451 5231 668 5289 nostris
716 5229 932 5286 finibus
979 5230 1176 5284 exiens
1219 5236 1511 5284 maturare
1559 5229 1832 5299 praecepit

174 5322 411 5388 classis,
443 5337 544 5393 per
574 5336 733 5377 mare
772 5317 961 5375 ventis
992 5334 1098 5374 usa
1126 5317 1444 5390 prosperis,
1477 5315 1827 5389 applicuisse

172 5412 410 5482 dicitur,
443 5428 543 5484 per
572 5409 735 5467 illius
758 5407 1026 5465 fluminis
1047 5406 1286 5476 ostium,
1310 5405 1465 5479 quod
1493 5405 1662 5477 vulgo
1683 5405 1827 5464 dioi-

171 5506 274 5560 tur
300 5502 567 5565 carabes,
595 5500 880 5574 ingressa.
906 5497 1205 5556 Civitatem
1229 5496 1701 5568 antiquissimam
1724 5514 1824 5554 su·

2013 4606 2149 4661 Erat
2175 4605 2237 4662 in
2268 4606 2467 4662 eodem
2501 4604 2727 4661 domini
2773 4604 2926 4677 regis
2946 4604 3197 4663 exercitu
3225 4604 3316 4661 vir
3343 4603 3582 4678 quidam

1939 4695 2264 4751 secundum
2295 4710 2529 4752 carnem
2568 4693 2807 4762 nobilis,
2850 4693 2952 4749 sed
3003 4692 3260 4750 moribus
3309 4694 3581 4767 degener,

1938 4799 2128 4856 neque
2170 4783 2353 4840 Deum
2401 4785 2643 4852 timens,
2668 4798 2884 4855 neque,
2916 4782 2990 4839 ad
3022 4783 3315 4841 bominem
3356 4782 3581 4842 habens

1940 4873 2342 4943 reverentiam,
2378 4872 2515 4928 Milo
2532 4872 2798 4929 videlicet
2815 4872 2886 4929 de
2907 4873 3124 4941 Planci,
3154 4872 3330 4929 bomo
3360 4872 3581 4931 invere-

1939 4964 2089 5020 eund
2100 4977 2189 5030 οε,
2220 4961 2533 5030 clamosus,
2555 4962 2864 5030 detractor,
2888 4960 3224 5018 seditiosus.
3249 4961 3351 5019 Hic
3373 4962 3580 5023 immo·

1938 5053 2200 5110 deratam
2223 5052 2446 5109 domini
2467 5053 2619 5124 regis
2648 5067 3003 5124 cognoscens
3024 5051 3354 5122 avaritiam,
3375 5053 3577 5114 volens

1937 5143 2126 5215 potius
2146 5142 2197 5200 ei
2225 5157 2443 5198 morem
2475 5156 2674 5215 gerere
2705 5157 2882 5213 quam
2911 5141 3272 5200 salutaribus
3290 5157 3427 5199 eum
3459 5160 3579 5202 mo·

1938 5248 2073 5290 nere
2102 5231 2383 5299 consiliis,
2434 5230 2743 5288 consilium
2776 5232 3015 5290 dederat
3051 5231 3122 5289 ab
3152 5231 3339 5301 initio,
3384 5235 3442 5289 ει
3470 5231 3578 5291 ob-

1936 5321 2148 5379 stinate
2193 5320 2516 5393 seduloque
2565 5321 2973 5394 persuadebat,
3005 5325 3070 5379 nt
3097 5322 3174 5379 ad
3206 5321 3310 5381 boo
3341 5322 3575 5395 potissi·
3647 5323 3668 5336 ’

1936 5427 2099 5467 mum
2124 5412 2287 5468 daret
2308 5426 2568 5483 operam,
2592 5414 2656 5468 ut
2679 5427 2856 5485 regno
2878 5411 2939 5468 in
2957 5410 3230 5485 pradicta
3246 5412 3580 5484 quantitate

1935 5499 2234 5570 mulctato,
2261 5515 2395 5558 cum
2427 5499 2660 5573 calipha
2688 5508 2742 5557 et
2782 5500 3026 5558 soldano
3055 5504 3308 5558 tentaret
3335 5515 3576 5575 compo·

172 5607 290 5667 pra
317 5590 483 5651 illam
514 5589 777 5651 fluminis
806 5588 1018 5662 ripam,
1047 5585 1293 5661 Tapuim
1334 5586 1596 5659 nomine,
1627 5586 1824 5660 sitam,
1932 5603 2070 5650 uere
2098 5606 2275 5663 quam
2304 5589 2524 5650 cahere
2550 5598 2606 5650 ει
2636 5590 3005 5664 babyloniam
3057 5589 3344 5651 violenter
3378 5591 3574 5651 effrin-
