3784 6000
204 204 322 266 2²7

1267 190 1695 255 GUILLan
1738 187 2154 254 TYRIENSIS
2191 190 2555 255 Asamus.

3491 197 3615 263 228

206 331 564 406 mancipium
580 333 853 399 tractum,
871 327 999 384 sine
1026 341 1206 383 causa
1230 325 1615 382 detrudebant
1633 323 1693 380 in
1716 339 1844 381 car·
1874 326 1931 392 A
1959 326 2091 382 tens
2121 341 2348 399 quoque
2374 326 2611 400 inopere
2648 328 2704 383 et
2734 339 3024 394 sermone,
3055 324 3409 385 familiarius
3440 327 3614 399 coepit

208 441 421 491 cerem,
455 427 520 479 ut
547 421 631 478 sic
663 417 941 492 populum
973 415 1299 487 affligerent
1321 413 1468 486 patri
1500 413 1853 484 compatien-

208 512 490 571 tem.Hoc
531 508 709 582 igitur
737 512 855 562 tam
891 503 1029 559 dirae
1079 501 1378 559 servitutis
1426 517 1634 574 genus,
1687 500 1853 572 plebs

116 630 121 635 ·
206 602 324 659 Deo
339 602 559 667 devota,
586 613 682 670 per
706 597 807 652 bos
826 593 1303 665 quadringentae,
1326 596 1391 646 ut
1408 591 1848 664 praemissimus‚

206 696 264 747 et
294 687 605 760 nonaginta
654 699 860 751 annos,
896 683 988 754 pia
1044 681 1482 751 longanimitate
1530 679 1846 752 perferens,

207 777 524 850 gemitibus
553 782 608 830 et
655 770 998 845 lacrymosis
1029 769 1320 843 suspiriis,
1351 774 1410 826 et
1432 767 1563 841 Jugi
1611 784 1850 841 precum

203 865 507 934 instantia,
539 862 831 920 clamabat
853 863 923 918 ad
951 861 1291 927 Dominum,
1321 866 1382 914 ut
1412 859 1685 916 correctis
1714 872 1851 929 par·

204 973 360 1026 cens,
391 956 464 1013 ab
493 955 580 1011 eis
604 953 920 1010 iracundiae
947 966 1068 1007 suae
1100 949 1329 1022 flagella
1349 947 1663 1004 clementer
1687 963 1851 1003 aver·

202 1052 345 1104 tere.
382 1045 447 1102 In
481 1042 839 1118 profundum
870 1040 1025 1096 enim
1077 1040 1364 1095 malorum
1394 1037 1849 1105 descenderant3

206 1138 361 1195 unde
415 1140 474 1193 et
524 1135 752 1208 abyssus
789 1131 1046 1204 abyssum
1091 1131 1351 1186 invocans
1398 1127 1572 1201 (Psal.
1626 1143 1737 1194 xm,
1768 1126 1850 1199 8),

203 1227 456 1300 abyssus
487 1224 858 1281 miseriarum
883 1221 1157 1294 abyssum
1189 1215 1746 1282 misericordiarum,
1779 1215 1853 1270 ab

202 1333 271 1373 eo
302 1315 403 1388 qui
435 1314 589 1372 Dens
617 1321 701 1370 est
732 1311 919 1368 totius
946 1308 1385 1378 consolationis,
1417 1305 1631 1362 meruit
1671 1321 1852 1361 exau-

202 1405 336 1462 diri.
370 1404 487 1461 llos
506 1403 663 1460 enim
684 1401 918 1459 tandem
940 1401 1013 1457 de
1033 1399 1171 1458 sede
1189 1396 1390 1471 gloriis
1407 1411 1527 1451 suin
1562 1394 1853 1452 Dominus

203 1493 661 1552 misericorditer
719 1488 1056 1562 respiciens,
1099 1488 1277 1544 finem
1325 1484 1501 1541 tantis
1551 1483 1850 1541 laboribus

201 1582 402 1640 volens
455 1580 776 1654 imponere,
827 1574 1280 1635 consolationem
1311 1574 1398 1630 eis
1442 1572 1605 1643 iuxta
1643 1587 1849 1628 eorum

200 1670 514 1737 desideria,
553 1677 792 1742 paterna
813 1664 1159 1736 provisione,
1191 1674 1502 1734 procurare
1531 1659 1842 1732 disposuit.

198 1760 377 1831 Cuius
398 1759 636 1817 modum
659 1761 717 1815 et
733 1755 941 1812 divinoe
967 1750 1371 1824 dispositionis
1391 1749 1844 1820 ordinationem,

198 1865 310 1922 qua
332 1848 615 1905 diutinam
639 1844 791 1919 plebi
815 1859 935 1900 suae
963 1841 1216 1898 relevare
1236 1838 1416 1894 voluit
1437 1836 1842 1907 afflictionem,

195 1940 309 1996 boc
339 1937 613 2012 praesenti
643 1951 840 2008 opere,
863 1934 933 1988 ad
964 1930 1181 1988 Christi
1212 1929 1471 1985 fidelium
1504 1933 1844 2000 perpetuam

197 2029 569 2097 memoriam,
597 2025 852 2083 scribere
883 2021 1307 2095 proposuimus.

831 2128 1062 2187 CAPUT
1099 2128 1202 2183 xl.

193 2234 274 2289 De
291 2228 532 2286 adventu
549 2226 656 2284 viri
672 2225 788 2288 Dei,
816 2221 967 2278 Petri
990 2220 1259 2276 Eremilae
1274 2234 1299 2287 ,·
1318 2221 1370 2274 et
1388 2216 1690 2273 collatione
1700 2217 1840 2287 eius,

263 2306 316 2358 et
344 2298 674 2357 venerabilis
702 2296 819 2353 viri
869 2293 1136 2349 Simeonis
1162 2288 1494 2363 patriarchae
1525 2288 1840 2358 Hierosoly-

262 2388 501 2429 morum.

267 2476 375 2533 Per
402 2476 555 2532 idem
588 2473 770 2547 igitur
789 2475 1045 2542 tempus,
1070 2484 1201 2526 cum
1229 2468 1344 2523 Deo
1376 2465 1610 2537 placens
1639 2465 1842 2536 praedi-

196 2569 286 2624 cta
316 2564 521 2620 civitas
550 2562 753 2630 tantis,
799 2563 864 2616 ut
911 2557 1322 2630 praemisimus,
1370 2554 1631 2625 subjecta
1687 2559 1841 2612 esset

198 2653 506 2719 molestiis,
537 2651 692 2709 inter
738 2666 837 2707 eos
889 2647 991 2720 qui
1029 2644 1306 2704 orationis
1336 2643 1543 2716 gratia,
1573 2648 1631 2699 et
1660 2657 1839 2700 cauea

195 2743 520 2802 devotionis
539 2744 611 2800 sd
639 2741 764 2797 loca
792 2735 1145 2797 accedebant
1171 2732 1544 2799 venerabilis,
1568 2733 1838 2789 sacerdos

197 2834 459 2906 quidam,
491 2833 699 2889 Petrus
738 2830 994 2894 nornine,
1033 2826 1105 2882 de
1155 2840 1332 2896 regno
1362 2821 1738 2888 Francorum,
1768 2822 1838 2878 de

196 2923 532 2996 episcopatu
563 2917 961 2984 Ambianensi,
990 2915 1169 2988 quiet
1200 2929 1261 2969 re
1290 2916 1347 2969 et
1363 2912 1599 2968 nomine
1627 2927 1839 2983 cogno-

196 3013 532 3071 minabatur
562 3011 830 3078 Eremia,
858 3006 1059 3063 eodem
1106 3004 1326 3061 fervore
1363 3004 1608 3067 tractus,
1640 2999 1836 3056 Hiero·

193 3103 475 3178 solymam
496 3100 776 3173 pervenit.
798 3097 937 3153 Erat
967 3098 1164 3152 sutem
1186 3092 1282 3149 bic
1312 3091 1464 3147 idem
1489 3094 1714 3146 statura
1736 3107 1835 3161 pu·

189 3192 383 3264 sillus,
412 3195 468 3247 et
490 3193 773 3263 quantum
789 3186 860 3243 ad
883 3183 1223 3241 exteriorem
1247 3180 1566 3244 bominem,
1582 3194 1831 3251 persona

185 3278 665 3353 contemptibilis.
696 3276 804 3334 Sed

254 3372 430 3445 Major
455 3370 519 3427 iu
545 3370 745 3438 miquo
770 3364 1032 3437 reynabat
1055 3376 1279 3433 corpore
1308 3362 1504 3416 virtus.

182 3461 410 3519 Vivaeis
439 3461 597 3518 enim
626 3456 847 3531 ingenii
874 3459 997 3512 erat
1031 3478 1046 3523 ς
1078 3456 1135 3511 et
1161 3450 1397 3509 oculum
1441 3450 1662 3506 babens
1694 3465 1825 3523 per-

182 3552 494 3624 spicacem,
510 3552 877 3623 gratumque,
893 3547 949 3602 et
972 3545 1180 3617 sponte
1209 3541 1396 3597 fluens
1417 3540 1468 3595 ei
1492 3555 1603 3595 non
1628 3539 1826 3596 deerat

177 3639 493 3713 eloquium.
527 3638 652 3706 Hic,
684 3637 807 3708 lege
835 3631 1130 3692 communi
1182 3628 1481 3701 semelque
1524 3627 1824 3700 proposita

176 3728 526 3787 Christianis
559 3725 800 3783 introire
826 3721 1324 3787 volentibus‚dato
1346 3720 1582 3785 tributo,
1615 3718 1820 3775 urbem

176 3822 494 3894 ingressus,
529 3815 780 3890 bospitio
828 3817 1140 3884 susceptus
1170 3817 1257 3867 est
1305 3809 1459 3881 apud
1500 3808 1819 3881 quemdam

176 3909 429 3978 fidelem,
462 3907 558 3979 qui
591 3911 649 3964 et
676 3906 802 3977 ipse
821 3904 893 3961 de
922 3918 1162 3960 numero
1194 3903 1317 3958 erat
1350 3898 1563 3955 Christi
1593 3896 1820 3954 confes·

173 4015 400 4056 sorum.
429 3997 476 4053 A
506 4012 622 4067 quo
652 3996 720 4052 de
749 4009 951 4051 sorum
983 3990 1318 4049 conditione
1349 3988 1659 4061 diligenter
1688 4003 1818 4060 per·

172 4090 457 4146 cunctans
491 4084 683 4154 (sicuti
714 4084 803 4139 vir
832 4081 1160 4139 industrius
1191 4078 1336 4151 erat)
1366 4078 1438 4135 ab
1468 4094 1535 4135 eo
1564 4094 1680 4134 non
1720 4094 1818 4134 so-

170 4177 294 4233 lum
329 4175 400 4232 de
430 4173 701 4246 proesenti
733 4170 989 4244 periculo
1019 4169 1312 4240 temporis,
1333 4183 1534 4223 verum
1566 4166 1737 4223 eliam
1760 4171 1819 4224 et

171 4268 244 4324 de
267 4264 687 4338 persecutione,
720 4278 894 4334 quam
931 4260 1080 4332 passi
1123 4260 1354 4315 l'uerant
1395 4258 1816 4330 progenitores,

171 4371 205 4410 ι
234 4351 440 4409 multis
462 4358 611 4409 retro
643 4350 1029 4421 temporibus.
1063 4345 1292 4421 plenius
1320 4346 1562 4402 edoctus
1593 4350 1683 4403 est
1713 4364 1727 4407 ;
1761 4351 1821 4404 et

1959 429 2243 485 exponere
2275 416 2565 484 universa,
2598 432 2726 488 quoe
2776 414 3058 488 populum
3109 415 3209 473 Dei
3262 416 3321 473 in
3376 415 3616 475 civitate

1961 509 2410 561 commorantem
2445 505 2638 563 acrius
2681 505 3033 576 affligebant.
3066 505 3338 578 Dumque
3389 506 3613 564 Petrus,

1959 591 2217 650 fraterno
2284 595 2643 667 compatiens
2691 595 2911 661 dolore,
2982 594 3267 668 lacrymas
3313 595 3613 654 continere

1962 697 2076 738 non
2113 687 2328 754 posset,
2354 689 2754 756 quaereretque
2782 684 3155 756 dilegentius,
3189 689 3386 741 utrum
3416 684 3617 758 aliqua

1961 773 2170 831 salutis
2230 776 2320 831 via
2358 780 2561 831 contra
2599 774 2723 831 haec
2782 776 2939 832 mala
2976 775 3313 847 ingruentia
3369 777 3610 849 reperiri

1961 862 2147 932 possit
2180 880 2193 930 ;
2227 865 2524 934 respondit
2553 864 2637 919 vir
2675 864 2917 936 justus:
2959 866 3142 932 Petre,
3183 866 3455 937 lacrymas
3514 883 3615 921 no·

1960 960 2122 1019 stras,
2152 957 2388 1023 oemitus
2418 959 2469 1008 et
2500 955 2745 1025 suspiria
2772 957 3009 1026 peccatis
3041 955 3245 1011 nostris
3270 955 3616 1026 praepedien-

1962 1039 2130 1103 tibus,
2160 1042 2430 1098 exaudire
2467 1043 2803 1112 dediqnatur
2831 1045 3018 1114 justus
3046 1048 3097 1100 et
3150 1048 3460 1103 misericors
3503 1047 3611 1101 Do·

1959 1134 2145 1187 minus
2164 1149 2185 1192 .·
2215 1133 2457 1188 nondum
2485 1134 2631 1188 enim
2671 1132 2742 1187 ad
2767 1133 3000 1205 plenum
3039 1143 3272 1207 purqata
3302 1142 3384 1192 cst
3414 1139 3614 1191 nostra

1960 1222 2249 1294 iniquitas,
2304 1223 2446 1279 unde
2484 1222 2715 1280 necdum
2769 1222 2992 1294 βαρεῖαι
3046 1227 3349 1298 quiescunt.
3413 1226 3517 1282 Sed
3564 1224 3617 1280 si

1960 1316 2134 1367 vester
2154 1326 2310 1367 verus
2343 1311 2450 1369 Dei
2467 1313 2651 1368 cultor
2674 1314 2909 1384 populus
2940 1313 3119 1386 (cujus
3138 1330 3240 1377 ver
3266 1314 3611 1387 superabun-

1958 1400 2181 1457 dantem
2202 1399 2424 1457 Domini
2451 1400 2895 1459 misericordiam
2934 1404 3078 1460 vires
3104 1411 3233 1460 sunt
3262 1402 3441 1459 adhuc
3469 1404 3608 1460 inte-

1956 1506 2070 1562 prae
2100 1510 2120 1558 ,-
2148 1495 2205 1546 et
2233 1489 2436 1548 nostris
2487 1490 2733 1548 hostibus
2779 1492 3155 1561 formidabile,
3192 1493 3353 1565 lonae
3397 1493 3614 1566 lateque

1957 1581 2113 1651 floret
2135 1579 2455 1654 imperium)
2481 1582 2846 1652 praesentibus
2873 1584 3128 1652 fraterna
3153 1584 3353 1654 pietate
3370 1584 3616 1654 compati

1959 1669 2150 1732 vallet.
2172 1674 2224 1726 et
2271 1669 2572 1726 remedium
2599 1687 2897 1742 procurare
2936 1670 3022 1727 his
3052 1686 3177 1744 quae
3205 1687 3303 1727 nos
3351 1680 3609 1744 premunt

1957 1758 2371 1815 calamitatibus
2390 1776 2412 1822 ,·
2451 1766 2548 1816 aut
2578 1761 2770 1817 saltem
2799 1777 2900 1832 pro
2933 1760 3083 1817 nobis
3134 1761 3279 1831 apud
3327 1762 3609 1818 Christum

1954 1849 2116 1904 vellet
2145 1849 2486 1905 intercedere
2505 1865 2526 1909 .·
2564 1864 2684 1920 spes
2714 1856 2851 1905 esset
2897 1850 3076 1916 nobis,
3106 1849 3468 1919 afflictionem
3497 1864 3607 1906 no-

1953 1946 2133 1994 stram
2164 1939 2220 1994 in
2251 1940 2501 2011 proximo
2529 1937 2706 2008 finiri.
2739 1939 2885 1994 Nam
2913 1938 2977 1994 de
3010 1938 3314 1996 Graecorum
3347 1938 3607 2011 imperio,

1955 2026 2080 2083 ticet
2130 2037 2210 2084 est
2248 2029 2733 2100 consenquinitale
2776 2034 2832 2083 et
2864 2028 2976 2084 loco
3032 2028 3187 2085 uobis
3231 2031 3343 2085 sint
3376 2031 3608 2101 propin·

1950 2116 2185 2189 quiores,
2200 2121 2249 2173 el
2278 2116 2492 2174 divitiis
2528 2117 2807 2173 abundent
2833 2118 3081 2189 amplius,
3110 2118 3268 2173 nulla
3302 2117 3458 2174 nobis
3486 2133 3607 2191 spes

1951 2213 2004 2263 et
2031 2208 2098 2264 de
2145 2215 2361 2276 caetero,
2395 2214 2455 2264 ut
2484 2208 2614 2264 inde
2665 2208 2820 2265 nobis
2850 2208 3096 2279 aliquam
3138 2207 3435 2264 habeamus
3465 2224 3603 2266 con-

1947 2298 2283 2355 solationem.
2324 2299 2423 2353 l'ia:
2461 2299 2608 2354 enim
2645 2298 2755 2354 sibi
2799 2297 3089 2367 sufficiunt
3125 2314 3145 2351 .·
3177 2314 3461 2370 omnisque
3506 2312 3604 2354 eo·

1951 2403 2095 2455 rum,
2143 2396 2202 2443 ut
2257 2386 2533 2442 audivisse
2588 2390 2761 2458 potest
2810 2393 2989 2443 vestra
3040 2389 3386 2458 trater-nitas,
3430 2389 3607 2444 virtus

1948 2478 2237 2543 emarcuit,
2261 2478 2339 2530 ita
2369 2484 2429 2532 ut
2461 2474 2614 2545 infra
2639 2490 2837 2545 paucos
2865 2492 3043 2532 annos
3069 2475 3195 2547 plus
3231 2491 3404 2546 quam
3425 2476 3597 2532 dimi·

1947 2565 2101 2620 dium
2130 2564 2421 2621 amiserint
2471 2566 2711 2635 imperii.
2744 2564 2848 2620 Cui
2880 2564 3125 2621 Petrus:
3158 2567 3403 2632 noveris,
3439 2566 3604 2622 Pater

1946 2660 2142 2711 sancte
2165 2674 2183 2709 .·
2210 2653 2351 2725 quod
2378 2656 2428 2710 si
2456 2652 2698 2710 Ecclesia
2729 2654 2971 2709 Romana
2999 2658 3054 2709 et
3102 2653 3404 2711 Occidentis
3434 2656 3601 2725 prin-

1946 2741 2289 2813 cipes,hujus
2316 2742 2655 2798 calamitatis
2685 2756 2851 2811 quam
2878 2740 3163 2811 patimini,
3192 2741 3517 2813 diliqentem
3545 2752 3598 2800 et

1944 2829 2053 2901 fide
2080 2831 2306 2898 diqnum
2339 2827 2637 2885 habuerint
2673 2831 3084 2896 instructorem,
3103 2830 3298 2901 procul
3326 2832 3479 2887 omni
3495 2829 3599 2886 du-

1947 2920 2051 2987 bio,
2082 2925 2137 2975 el
2169 2918 2323 2975 verbo
2349 2919 2671 2990 quantocius
2696 2927 2747 2974 et
2768 2934 2929 2990 opere
2956 2919 3042 2974 his
3070 2919 3231 2975 malis
3251 2921 3441 2976 vestris
3468 2925 3593 2976 ten·

1946 3015 2126 3066 tarent
2155 3009 2399 3065 remedia
2416 3023 2733 3080 procurare.
2770 3007 2953 3065 Scribe
2981 3009 3455 3082 eryodiliyenlius
3476 3015 3595 3067 lam

1943 3098 2165 3155 domino
2208 3112 2363 3170 papae
2408 3104 2459 3153 et
2523 3098 2776 3154 Ecclesiae
2822 3097 3093 3166 Romanae,
3152 3114 3316 3169 quam
3371 3098 3592 3169 reqibus

1937 3195 1989 3243 et
2010 3186 2355 3259 principibus
2410 3185 2735 3253 Occidentis,
2767 3195 2819 3243 et
2862 3189 3128 3258 scriptum
3173 3186 3348 3259 siqilli
3375 3189 3459 3243 tui
3484 3204 3591 3243 au·

1935 3279 2193 3334 ctoritate
2246 3274 2553 3332 corrobora.
2594 3277 2701 3347 Eoo
2752 3291 2897 3344 vero,
2935 3292 3037 3347 pro
3093 3275 3330 3332 remedio
3384 3280 3589 3334 animae

1936 3381 2095 3437 meae‚
2126 3366 2276 3422 hunc.
2300 3365 2551 3421 laborem
2579 3365 2719 3421 mihi
2748 3381 3021 3423 assumere
3040 3382 3147 3423 nou
3181 3366 3433 3437 reluqitu
3459 3368 3586 3435 sed,

1933 3465 2155 3512 auctore
2182 3455 2429 3526 Domino,
2453 3460 2683 3526 paratus
2727 3470 2849 3510 sum
2881 3470 3064 3511 omnes
3099 3457 3411 3523 convenire,
3460 3470 3587 3513 om-

1932 3560 2028 3602 nes
2058 3544 2378 3611 sollicitare,
2419 3545 2709 3600 instantius
2738 3558 3120 3600 aerumnarum
3149 3550 3454 3601 vestrarum
3484 3546 3583 3601 im·

1931 3634 2278 3690 mensitalem
2296 3630 2617 3704 protestari,
2645 3643 2696 3688 et
2742 3632 2813 3688 ad
2839 3632 3241 3704 prorerandum
3281 3634 3584 3690 remedium

1932 3721 2225 3793 diliyenter
2255 3721 2508 3792 sinqulas
2536 3720 2799 3778 invitare.
2834 3720 3060 3779 Placuit
3090 3737 3303 3792 sermo,
3335 3726 3394 3778 et
3420 3722 3582 3779 visus

1931 3816 2022 3871 est
2049 3812 2239 3870 bonus
2268 3812 2328 3868 in
2368 3812 2551 3869 oculis
2582 3818 2699 3870 tam
2742 3811 2960 3869 domini
2999 3812 3364 3885 patriarchae,
3397 3829 3576 3885 quam

1929 3918 2134 3962 corum
2166 3901 2268 3973 qui
2290 3901 2637 3959 assistebant
2660 3902 2917 3958 fidelium
2941 3928 2956 3972 ς
2980 3910 3030 3961 et
3070 3901 3343 3975 depensis
3374 3902 3579 3975 ingen-

1931 3992 2092 4049 tibus
2122 3990 2443 4064 gratiarum
2480 3991 2808 4047 artionibus
2840 3992 2958 4048 viro
2990 3991 3111 4057 Dei,
3145 4008 3247 4064 pro
3275 4008 3384 4049 sua
3415 4006 3580 4048 com-

1935 4079 2227 4155 passione,
2263 4080 2501 4137 tradunt
2529 4080 2814 4153 scriptum
2849 4079 3232 4152 postulatum.

2550 4167 2781 4226 CAPUT
2820 4170 2947 4225 Xll.

1929 4261 2202 4319 Revelatio
2219 4277 2335 4332 quae
2362 4262 2512 4332 lacta
2533 4262 2610 4315 est
2630 4258 2803 4316 eidem
2827 4259 3002 4327 Petro,
3027 4261 3080 4315 in
3112 4259 3331 4317 ecclesia
3353 4260 3578 4321 Sauctae

2524 4347 2965 4405 Resurrectionis.

169 4443 221 4500 si
240 4441 382 4515 quid
409 4440 592 4497 detuit
615 4440 687 4497 ad
714 4441 944 4513 plenam
964 4437 1140 4495 verbo
1163 4436 1375 4492 factam
1401 4435 1811 4507 eruditionem,
1843 4441 1892 4505 1)
1993 4439 2137 4496 Vere
2178 4453 2428 4510 magnus
2456 4454 2540 4509 es,
2563 4437 2808 4495 Domine
2830 4439 2983 4494 Deus
3015 4440 3229 4506 noster,
3254 4442 3307 4494 et
3346 4438 3574 4496 miseri-

166 4532 228 4589 id
258 4535 461 4604 postes
489 4529 635 4587 fides
679 4527 909 4588 oculata
939 4525 1269 4599 complevit.
1304 4523 1449 4580 Nam
1478 4540 1698 4581 moram
1732 4525 1814 4582 ta-

168 4621 331 4679 ciens
360 4619 421 4677 in
451 4618 707 4688 civitate,
739 4623 796 4673 et
826 4614 1097 4672 ecclesias
1123 4613 1436 4682 circuiens,
1459 4611 1662 4669 didicit
1692 4612 1818 4684 ipse

167 4709 421 4784 plenius,
454 4708 610 4783 quod
642 4707 806 4781 prius
847 4706 1020 4762 verbo
1051 4702 1439 4760 referentibus
1485 4700 1618 4757 aliis
1647 4718 1816 4759 com·

168 4799 572 4870 prebenderst.
609 4797 867 4854 Audiens
896 4809 1031 4851 vero
1082 4792 1230 4863 quod
1276 4791 1534 4863 ejusdem
1565 4791 1813 4849 civitatis

170 4886 496 4960 patriarcha
542 4887 630 4941 vir
675 4889 832 4944 esset
879 4883 1184 4956 religiosus
1238 4883 1296 4937 et
1341 4880 1556 4936 timens
1602 4881 1808 4952 Deum,

166 4976 368 5033 volens
396 4991 530 5031 cum
553 4991 620 5033 eo
648 4976 909 5033 conferre
939 4976 1009 5030 de
1039 4971 1309 5046 praesenti
1343 4986 1538 5027 rerum
1561 4974 1812 5042 statu,et

167 5066 240 5122 de
267 5064 617 5138 quibusdam
678 5065 805 5120 aliis
838 5064 909 5119 ab
964 5064 1169 5119 eodem
1218 5060 1533 5133 perfectius
1562 5061 1807 5130 edoceri,

167 5152 408 5214 accessit
436 5152 505 5209 ad
538 5167 690 5221 eum,
731 5166 1099 5225 praesensque
1130 5148 1487 5206 constitutus
1517 5165 1620 5221 per
1666 5149 1812 5207 fide-

165 5242 285 5302 lem
312 5244 689 5315 interpretem
709 5239 932 5298 mutuis
954 5243 1094 5297 sunt
1123 5237 1696 5295 confabulationibus
1724 5254 1810 5295 re·

167 5334 366 5393 creati.
402 5334 533 5391 Erat
561 5340 753 5390 autem
787 5347 999 5388 nomen
1032 5328 1370 5402 patriarchas
1403 5328 1637 5386 Simeon
1665 5354 1679 5398 ;
1710 5330 1809 5403 qui

165 5439 236 5481 ex
261 5426 434 5482 verbo
460 5423 614 5481 Petri
643 5419 942 5496 colligens,
972 5418 1128 5494 quod
1158 5417 1244 5474 vir
1280 5422 1435 5475 esset
1465 5418 1811 5492 circumspe-

166 5518 297 5576 ctus
324 5516 381 5571 ct
404 5527 600 5570 rerum
634 5511 951 5569 multarum
982 5509 1204 5566 babens
1231 5505 1671 5580 experientiam,
1716 5525 1809 5582 po-

1916 4528 2245 4586 cordiarum
2277 4532 2506 4583 tuarum
2559 4544 2672 4584 non
2704 4530 2793 4584 est
2824 4527 2977 4584 linis.
3012 4526 3180 4596 Vere,
3209 4530 3347 4584 Jesu
3395 4528 3569 4601 bone,

1914 4635 2033 4676 non
2063 4617 2169 4674 erit
2200 4618 2259 4672 in
2290 4621 2345 4672 te
2369 4617 2746 4687 sperantibus
2770 4616 3053 4673 confusio.
3080 4616 3224 4674 Nam
3256 4617 3411 4674 unde
3431 4617 3573 4676 huic

1915 4724 2100 4782 egeno
2133 4711 2192 4763 et
2220 4706 2400 4777 inopi,
2428 4711 2487 4763 et
2518 4723 2715 4763 rerum
2761 4707 3222 4764 necessariarum
3268 4708 3569 4780 suffragiis

1912 4797 2189 4856 destituto
2213 4794 2624 4868 peregrinanti,
2651 4803 2705 4851 et
2735 4812 2769 4852 a
2798 4796 3004 4867 patriis
3027 4795 3243 4852 finibus
3276 4794 3444 4867 longe
3464 4813 3567 4868 po·

1911 4887 2048 4953 sito,
2078 4888 2242 4941 tanta
2272 4885 2501 4950 fiducia,
2527 4889 2591 4940 ut
2619 4901 2793 4957 supra
2824 4884 2973 4941 vires
2996 4885 3293 4957 negotium
3325 4886 3437 4941 sibi
3457 4903 3570 4942 au-

1910 4976 2044 5031 deat
2093 4989 2393 5030 assumere
2422 4976 2480 5029 et
2535 4974 2750 5030 devoti
2799 4974 3303 5031 consummatione
3350 4973 3565 5032 habeat

1911 5062 2187 5121 fiduciam
2209 5062 2359 5119 ‘taisi
2385 5062 2612 5135 quodie
2637 5068 2712 5133 te,
2745 5068 3126 5137 protectorem
3160 5080 3354 5133 suum,
3382 5064 3564 5134 Jacta-

1908 5156 2071 5210 verat
2095 5153 2417 5224 cogitatum
2453 5169 2468 5220 ;
2501 5150 2611 5207 nisi
2654 5152 2806 5223 quod
2840 5151 3135 5208 charitatis
3181 5152 3389 5209 ardore
3417 5168 3565 5211 suc-

1909 5258 2144 5311 census,
2177 5240 2458 5296 fratribus
2501 5240 2880 5311 compatiens,
2915 5240 3243 5313 proximum
3278 5244 3561 5312 tanquam

1909 5347 1972 5388 se
2000 5332 2193 5403 ipsum
2228 5328 2502 5403 diligens,
2532 5327 2719 5401 legem
2754 5330 2997 5402 implere
3027 5327 3363 5401 satagebat?
3393 5328 3559 5388 Vires

1910 5436 2027 5478 non
2059 5423 2395 5492 suppetunt,
2429 5418 2629 5476 suadet
2658 5424 2846 5476 tamen
2879 5419 3152 5478 charitas.
3185 5419 3255 5475 Et
3281 5418 3417 5476 licet
3444 5421 3557 5478 du-

1908 5524 2041 5568 rum
2083 5512 2142 5564 et
2188 5507 2547 5581 impossibile
2594 5508 2901 5582 videretur,
2933 5512 3089 5582 quod
3121 5510 3330 5566 fratres
3356 5507 3557 5582 injun-
