3784 6000
198 190 301 252 ιιι

1695 198 1821 261 EPI
1829 196 2120 260 STOLAE.

3493 205 3608 268 142

194 327 276 383 vel
317 344 554 401 equum
605 335 920 392 ascendere
949 336 1036 394 vel
1088 337 1452 406 descendere,
1486 338 1598 395 nisi
1644 336 1851 394 alienis
1880 338 1934 403 Α
1965 334 2269 404 sententia,
2297 351 2585 410 nusquam
2620 340 2890 398 inventus
2910 344 3020 406 est,
3053 338 3339 412 latuitque
3360 358 3476 414 quo
3509 360 3611 415 po-

193 417 478 477 manibus
507 420 872 481 sublevatus.

898 513 1140 575 cxvm.

562 618 639 659 sn
677 619 1070 663 razonwmun
1110 622 1492 666 mauritanea.

255 687 512 752 Quando
539 689 601 747 in
627 694 895 765 partibus
917 695 1133 755 nostris
1150 696 1458 771 legationis
1477 695 1848 754 administra·

194 779 290 835 stis
343 777 646 852 officium,
677 782 739 839 in
797 801 1013 860 magna
1068 804 1163 845 me
1218 789 1403 862 gratis
1459 787 1850 846 familiaritate

73 931 76 938 Ι
190 868 550 942 suscepistis
580 876 638 928 et
655 873 868 945 gratia,
898 879 955 933 et
982 875 1042 933 in
1071 876 1232 935 omni
1262 878 1696 951 opportunitate
1717 892 1848 934 mea

184 955 410 1013 liberali
445 975 680 1033 semper
709 965 955 1022 consitio
986 968 1043 1022 et
1070 965 1284 1024 auxilio
1335 966 1689 1025 confovistis.
1725 971 1849 1024 Ma-

184 1061 361 1119 gnum
389 1047 697 1121 siquidem
725 1056 811 1110 est
838 1053 971 1125 hoc,
991 1057 1091 1113 sed
1124 1055 1313 1113 multo
1336 1057 1552 1128 majus,
1579 1072 1714 1114 cum
1739 1072 1845 1113 nos

183 1132 249 1191 ab
293 1134 568 1195 invicem
613 1140 801 1198 multa
851 1143 1111 1202 locorum
1161 1145 1437 1203 distantia
1481 1146 1842 1214 dimovisset,

181 1226 582 1295 perseverarit
622 1230 872 1302 affectio,
902 1236 960 1290 et
1004 1234 1160 1308 apud
1211 1234 1593 1307 apostolicam
1645 1237 1840 1292 sedem

73 1385 78 1410 Ι
179 1314 555 1388 negotiorum
587 1324 917 1379 nostrorum
950 1324 1259 1382 studuistis
1305 1340 1534 1397 semper
1562 1332 1839 1398 tanquam

177 1404 456 1476 specialis
484 1413 833 1481 procurator
859 1412 1126 1477 existere,
1159 1429 1230 1472 ne
1263 1430 1518 1487 unquam
1567 1414 1839 1488 postula-

177 1496 246 1551 tio
295 1499 508 1554 vestra
571 1498 952 1560 frustraretur
1010 1503 1341 1562 desiderato
1390 1506 1621 1562 effectu.
1674 1503 1841 1560 Unde

177 1584 605 1645 beneficientia
650 1600 856 1648 vestris
887 1609 1001 1651 non
1049 1595 1229 1652 debeo
1261 1594 1569 1652 immemor
1611 1609 1717 1652 nec
1743 1594 1837 1651 in-

172 1854 317 1911 diam
351 1855 536 1913 vobis
556 1861 615 1914 et
642 1874 876 1918 omnem
902 1861 1241 1935 impendere
1269 1862 1602 1922 facultatem
1636 1864 1782 1922 facio
1808 1881 1822 1921 ε

73 1999 76 2010 ,
172 1945 397 2003 interim
423 1947 586 2020 quod
617 1965 882 2023 possum,
903 1954 973 2010 ad
997 1969 1171 2011 omne
1190 1954 1538 2027 obsequium
1560 1958 1821 2012 vestrum

73 2089 78 2094 .
171 2040 268 2093 toto
297 2042 680 2112 preparatus
709 2040 942 2111 affectu,
976 2044 1024 2100 si
1057 2042 1292 2116 quando
1340 2044 1485 2101 mibi
1514 2042 1822 2101 desiderati

73 2139 76 2146 ·
170 2125 351 2198 operis
385 2127 594 2185 divina
643 2129 878 2189 bonitas
907 2131 1186 2206 largiatur
1226 2134 1521 2193 effectum.
1556 2135 1632 2191 Ad
1669 2151 1825 2207 prae—

73 2221 76 2230 '
169 2231 288 2272 sens
335 2223 550 2274 autem
617 2219 833 2278 latores
881 2223 1277 2295 praesentium,
1329 2225 1566 2282 nuntios
1637 2238 1821 2292 meos,

170 2305 318 2363 vobis
350 2305 538 2364 solita
555 2311 897 2368 commendo
920 2312 1155 2383 fiducia,
1179 2317 1243 2371 ut
1273 2314 1506 2387 negotia
1534 2330 1658 2387 quae
1690 2329 1825 2387 por-

73 2411 80 2476 3
171 2396 304 2461 tant,
336 2399 548 2452 vestro
571 2396 791 2455 utiliter
816 2400 1017 2457 studio
1037 2401 1457 2474 compleantur.
1482 2402 1667 2460 Multa
1683 2407 1823 2461 sunt

172 2500 291 2555 quae
321 2487 596 2575 portant,
630 2486 732 2544 sed
780 2489 944 2546 omni
991 2490 1242 2549 subnixa
1282 2492 1545 2563 veritate,
1577 2496 1631 2550 et
1663 2494 1824 2550 omni

173 2573 517 2648 acceptione
537 2574 905 2648 dignissima.
920 2577 1243 2638 Praesertim
1267 2582 1418 2654 apud
1442 2586 1674 2640 sanctos
1698 2599 1826 2640 cen·

172 2678 320 2719 sores
373 2678 618 2721 morum
665 2670 722 2722 et
750 2667 1158 2727 ecclesiasticas
1186 2670 1447 2730 vindices
1478 2672 1823 2731 honestatis.

73 2771 76 2820 fi
176 2751 445 2809 Poteritis
465 2757 666 2813 autem
696 2772 762 2813 ex
784 2758 1152 2830 transcriptis
1174 2760 1520 2831 litterarum,
1544 2780 1670 2837 quae
1694 2779 1826 2836 por·

177 2846 289 2899 tant
314 2842 574 2902 domino
608 2862 792 2920 papae,
817 2853 1026 2906 cuncta
1054 2865 1425 2925 cognoscere,
1458 2856 1516 2910 et
1545 2870 1660 2926 quo
1689 2853 1824 2913 affe-

181 2940 257 2988 etu
292 2933 601 3009 dicantur,
631 2937 954 2998 certissime
976 2939 1262 3014 judicare.

910 3028 1097 3088 CXIX.

470 3130 545 3171 an
585 3131 864 3174 nonium«
902 3135 1090 3176 earm
1124 3136 1532 3180 antumpnum.

245 3203 516 3262 Latorem
534 3206 915 3277 presentium
934 3207 1247 3268 Fulconem
1262 3212 1581 3284 plurimum
1605 3230 1708 3270 sua
1728 3230 1828 3271 vo-

73 3307 82 3363 j
190 3289 266 3349 bis
281 3297 610 3366 paupertas
622 3299 682 3352 et
701 3296 1497 3372 innocentiacommendabit,
1518 3304 1569 3360 si
1590 3303 1828 3376 quidem

187 3379 418 3440 fortuna
439 3383 572 3455 ejus
585 3387 641 3441 et
664 3400 903 3443 causam
918 3393 1123 3449 vestrae
1141 3389 1451 3464 contigerit
1468 3392 1831 3451 innotescere

189 3471 509 3529 sanctitati.
523 3472 627 3529 Est
642 3473 704 3531 in
726 3475 1190 3550 episcopatu,cui
1211 3480 1326 3538 Deo
1347 3482 1717 3552 permittente
1737 3481 1835 3540 de-

73 3618 76 3643 Ι
188 3560 394 3630 servio,
410 3560 764 3634 parochialis
787 3567 1051 3639 quaedam
1070 3566 1332 3639 ecclesis,
1349 3570 1670 3628 mediocres
1692 3588 1834 3629 sane

187 3647 406 3706 reditus
427 3649 679 3723 habens,
692 3669 842 3725 quos
856 3665 1053 3713 tamen
1073 3671 1275 3715 omues
1295 3658 1522 3732 integre
1537 3661 1831 3731 sacerdos,

184 3738 279 3810 qui
303 3754 412 3812 pro
434 3741 701 3815 tempore
721 3743 1114 3814 ministrabat,
1128 3746 1366 3806 nomine
1386 3750 1583 3822 etjure
1606 3751 1833 3824 presby·

181 3827 310 3884 terii
333 3835 721 3888 consueverat
739 3832 1023 3893 obtinere.
1050 3835 1166 3911 Ego
1186 3852 1319 3897 vero
1341 3843 1715 3911 personatum
1742 3857 1836 3898 ec·

180 3917 368 3976 clesioe
388 3917 556 3977 illins
573 3923 853 3981 canonico
873 3929 1097 3996 nostro,
1118 3927 1390 3986 Gervasio
1423 3929 1680 4000 nomine,
1703 3947 1834 4004 pro·

179 4006 1342 4094 fusaliberalitatedonavi,distributione
1353 4021 1547 4076 tamen
1562 4020 1845 4077 bonorum

180 4098 334 4155 inter
352 4114 669 4171 personam
691 4106 749 4159 et
770 4102 1074 4174 vicarium,
1096 4106 1197 4179 qui
1226 4106 1482 4165 ecelesias
1503 4109 1835 4181 deserviret,

177 4203 308 4247 meo
337 4187 628 4246 nimirum
660 4192 902 4250 arbitrio
952 4200 1264 4253 reservata.
1287 4196 1672 4255 Postmodum
1705 4215 1838 4257 vero

177 4278 250 4333 ad
283 4277 609 4349 gerendam
633 4296 833 4339 curam
856 4282 1133 4354 ecclesias,
1155 4285 1434 4345 vicarium
1458 4288 1603 4345 mibi
1624 4289 1835 4346 Gerva·

179 4367 304 4423 sius
331 4365 593 4424 obtulit:
626 4369 730 4442 qui
750 4371 1087 4443 aliquandiu
1119 4374 1459 4432 demoratus
1480 4375 1540 4432 iu
1571 4376 1836 4450 ecclesia,

1961 423 2070 480 tuit
2102 426 2383 497 incestus,
2416 427 2557 484 furti
2586 433 2643 485 et
2670 430 2956 503 sacrilegii
3004 430 3349 487 criminibus
3378 432 3610 492 involu-

1960 516 2078 569 tus.
2128 514 2435 573 Gervasius
2484 517 2681 590 itaque
2727 519 3007 575 vicarium
3059 535 3335 590 quaerere,
3383 519 3610 593 ipsum-

1960 618 2074 675 que
2105 605 2245 661 mibi
2278 604 2481 664 offerre
2513 609 2857 666 necessitate
2904 607 3262 680 compulsus,
3291 609 3437 666 mibi
3466 608 3611 667 lato·

1959 709 2080 749 rem
2110 696 2488 766 praesentium
2537 696 2838 757 diaconem
2884 698 2945 756 in
2993 700 3356 755 sacerdotem
3402 699 3613 757 obtulit

1957 785 2376 858 ordinandum,
2412 793 2471 845 ut
2518 790 2734 848 vicaria
2763 790 2983 849 scilicet
3024 790 3281 847 ecclesie
3328 796 3608 864 perpetuo

1959 874 2265 949 fungeretu
2276 894 2322 948 r,
2346 878 2642 951 assignata
2665 879 2944 937 nimirum
2969 879 3021 936 ei
3044 878 3457 937 beneficiorum
3477 896 3613 937 con-

1955 980 2103 1037 grua
2133 967 2416 1040 portione,
2450 970 2688 1027 arbitrio
2737 987 2879 1028 sane
2923 986 3075 1042 meo,
3109 969 3251 1043 quia
3291 973 3427 1027 ante
3472 986 3609 1028 oon-

1955 1059 2221 1111 sueverat
2267 1056 2417 1125 aliis,
2448 1060 2602 1131 quod
2649 1075 2886 1116 necesse
2935 1062 3078 1129 erat,
3101 1074 3232 1116 cum
3278 1059 3461 1116 nimia
3502 1060 3606 1116 tri-

1953 1142 2127 1201 buere
2175 1147 2476 1216 parcitate.
2510 1146 2819 1220 Assignato
2867 1148 3069 1221 itaque
3110 1149 3404 1205 moderate
3451 1149 3606 1223 quod

1953 1239 2218 1306 oportere
2267 1237 2649 1308 credidimus,
2682 1238 2992 1297 Gervasius
3021 1238 3080 1295 in
3113 1255 3287 1296 manu
3339 1253 3462 1297 mea
3492 1239 3607 1297 tide

1951 1322 2328 1394 corporaliter
2354 1323 2778 1383 interveniente
2814 1327 3084 1397 firmavit,
3115 1342 3178 1383 se
3201 1326 3348 1383 illud
3381 1327 3605 1400 absque

1950 1412 2106 1467 omni
2139 1412 2524 1472 diminutione
2551 1414 2794 1487 pacifice
2826 1419 3216 1473 servaturum.
3242 1416 3428 1489 Igitur
3455 1416 3604 1474 ordi-

1950 1502 2078 1557 navi
2112 1518 2268 1573 eum,
2300 1503 2531 1577 ipsique
2562 1520 2759 1563 curam
2813 1506 3012 1579 populi
3045 1506 3466 1573 commendavi,
3503 1521 3603 1563 se·

1949 1591 2151 1663 ditque
2180 1609 2281 1665 per
2310 1593 2530 1666 aliquot
2553 1611 2737 1652 annos
2769 1599 2827 1652 et
2858 1610 3116 1664 menses,
3141 1594 3447 1651 ecclesiam
3469 1610 3600 1652 cum

73 1739 76 1746 ¹
173 1680 363 1748 gratus
395 1678 675 1748 existere,
707 1682 807 1738 sed
849 1685 899 1739 si
931 1682 1236 1757 aliquoties
1288 1685 1538 1759 benigna
1584 1684 1833 1759 refulget
1865 1706 1917 1771 B
1948 1681 2318 1752 pertinentiis
2340 1684 2458 1740 suis
2479 1684 2672 1741 debita
2693 1683 3002 1741 sedulitate
3027 1699 3372 1757 procurans.
3387 1684 3598 1741 Verum

73 1829 76 1854 Ι
174 1766 418 1834 occasio,
453 1768 530 1823 ad
564 1769 789 1827 debitas
831 1772 1150 1844 gratiarum
1200 1774 1458 1833 actiones
1508 1790 1678 1832 omne
1708 1780 1828 1832 stu-

1947 1787 2076 1826 cum
2111 1770 2293 1828 silium
2339 1773 2700 1845 concubinae,
2731 1789 2978 1846 puerum
3027 1774 3097 1829 de
3130 1790 3247 1847 quo
3277 1773 3395 1830 dixi
3433 1773 3600 1830 nobi-

1934 1859 2226 1927 lem,'casu
2249 1861 2526 1919 decedere
2549 1862 2911 1936 contigisset,
2925 1863 3026 1919 ilie
3042 1863 3305 1920 securior
3322 1863 3600 1920 audacter

1933 1951 2001 2006 ad
2041 1958 2227 2007 torum
2261 1951 2525 2024 pristinas
2547 1952 2840 2026 spurcitias
2871 1955 2927 2010 et
2957 1951 3290 2026 iniquitatis
3323 1967 3594 2009 reversus

1933 2043 2044 2107 est,
2080 2039 2529 2113 ecclesiamque,
2552 2041 2702 2098 sicut
2729 2042 2894 2114 prius
2926 2041 3282 2103 obtinuerat.
3308 2041 3475 2098 nisus
3506 2045 3598 2099 est

1935 2128 2192 2187 obtinere
2219 2129 2533 2199 ;Gervasi0
2554 2130 2792 2203 quidem
2818 2129 3123 2188 manifeste
3145 2130 3437 2204 praebente
3459 2131 3594 2186 sub-

1935 2219 2178 2287 sidium,
2196 2219 2334 2291 quia
2355 2220 2451 2276 bic
2473 2221 2524 2276 ei
2548 2221 2822 2292 maiorem
2841 2220 3094 2293 singulis
3117 2220 3290 2278 annis
3302 2222 3578 2294 promitte

1932 2308 2032 2364 bat
2064 2308 2286 2366 solvere
2319 2309 2681 2381 pensionem.
2716 2310 2959 2367 Tractus
2989 2310 3188 2381 itaque
3218 2309 3591 2382 praeentiam

1936 2398 2083 2455 lator
2112 2398 2173 2455 in
2206 2415 2461 2469 causam,
2497 2416 2692 2456 coram
2746 2399 3171 2458 archidiaconis
3220 2401 3455 2471 nostris,
3486 2416 3594 2476 ego

1937 2488 2096 2544 enim
2127 2503 2245 2544 non
2279 2488 2535 2560 aderam,
2570 2488 2664 2544 ubi
2697 2505 2832 2545 cum
2874 2488 2987 2546 iste
3015 2489 3271 2546 Gervasii
3303 2494 3360 2547 et
3381 2505 3590 2548 conca·

1938 2578 2283 2634 nonicorum
2307 2577 2436 2649 ejus
2467 2594 2525 2634 se
2557 2576 2794 2634 sentiret
2814 2576 3096 2636 instantia
3126 2580 3496 2651 praegravari,
3516 2579 3590 2637 sd

1934 2675 2182 2723 vestram
2234 2667 2591 2724 audientiam
2633 2666 2966 2740 appellavit,
3002 2673 3055 2724 et
3079 2684 3110 2724 a
3140 2668 3589 2741 quadragesima

1939 2762 2149 2830 postea
2170 2771 2356 2828 usque
2385 2758 2455 2812 ad
2486 2757 2694 2813 festum
2726 2755 3124 2829 apostolorum
3144 2758 3309 2813 ,Petri
3341 2762 3398 2814 et
3427 2756 3591 2815 Pauli

1936 2848 2126 2918 quiete
2157 2845 2217 2902 in
2249 2845 2495 2903 ecclesia
2527 2846 2902 2903 ministravit.
2937 2848 3071 2920 Ipsa
3101 2851 3296 2904 autem
3329 2847 3423 2903 die
3452 2863 3593 2920 pra·-

1935 2934 2130 2992 dictus
2179 2933 2411 2993 invasor
2450 2934 2730 2992 violenter
2777 2935 2989 3007 irrupit
3036 2937 3096 2992 in
3136 2935 3464 3005 ecclesiam,
3494 2951 3592 2993 ar-

1857 3062 1903 3130 c
1939 3023 2233 3097 reptisque
2253 3025 2611 3082 vestimentis
2634 3024 3094 3082 sacerdotalibus
3116 3024 3378 3095 indutus,
3399 3030 3582 3082 totum

1940 3114 2272 3187 parochiale
2322 3114 2641 3172 celebravit
2688 3114 2968 3184 officium,
3001 3118 3058 3171 et
3085 3113 3269 3171 altare
3316 3122 3583 3172 sanctum

1941 3203 2313 3274 usurpatione
2359 3203 2640 3277 sacrilega
2688 3203 3011 3276 profanavit
3044 3220 3057 3260 :
3089 3220 3266 3277 super
3308 3220 3421 3277 quo
3449 3220 3581 3262 cum

1941 3293 2010 3350 ad
2037 3298 2290 3351 nostram
2314 3297 2551 3349 vocatus
2573 3293 2937 3367 praesentiam
2958 3293 3151 3351 venire
3169 3297 3588 3362 contemneret,

1943 3390 1998 3439 et
2029 3382 2236 3439 devina
2267 3399 2384 3439 non
2438 3382 2745 3440 desisteret
2773 3382 2966 3440 officia
3013 3381 3326 3453 celebrare,
3356 3400 3389 3439 a
3420 3383 3591 3440 nobis

1943 3472 2225 3529 nimirum
2258 3471 2490 3545 publice
2519 3472 3058 3530 excommunicatus
3088 3477 3200 3542 est,
3222 3480 3276 3529 et
3305 3473 3378 3529 ab
3407 3471 3595 3530 omni-

1943 3562 2055 3619 bus
2088 3566 2306 3619 sanctae
2355 3561 2619 3618 Ecclesiae
2650 3566 3067 3635 sequestratus.
3097 3566 3220 3618 Non
3248 3562 3472 3619 destitit
3500 3567 3591 3619 ts-

1944 3669 2074 3710 men
2122 3651 2251 3709 ideo
2301 3666 2404 3707 nec
2454 3651 2697 3722 desistit,
2741 3652 2840 3708 sed
2891 3652 3242 3721 suffragante
3288 3651 3586 3719 Gervasio,

1945 3743 2189 3819 quaesito
2212 3741 2479 3816 praesidio
2502 3741 2659 3798 laicae
2682 3741 2984 3814 potestatis
3015 3740 3248 3805 insistit,
3270 3743 3327 3797 et
3356 3738 3584 3811 plebem

1947 3852 2015 3892 cu
2017 3834 2257 3905 jusdam
2283 3847 2504 3904 magnae
2521 3830 2807 3904 parocbiae
2829 3845 3026 3887 secum
3049 3835 3206 3886 reatu
3230 3828 3447 3885 meritae
3470 3843 3590 3884 ma-

1947 3922 2273 3980 ledictionis
2323 3921 2580 3977 involvit.
2613 3919 2843 3976 Dictum
2894 3923 2983 3975 est
3010 3925 3199 3975 autem
3248 3917 3585 3990 aliquando,

1947 4013 2083 4086 quia
2104 4028 2167 4069 se
2190 4011 2242 4066 id
2271 4009 2453 4067 facere
2484 4008 2897 4081 archiepiscopi
2920 4007 3261 4066 auctoritate
3292 4004 3588 4076 mentitur,

1945 4117 2078 4162 cum
2109 4101 2236 4174 ipse
2265 4115 2564 4172 nunquam
2589 4097 3024 4170 praesumpserit
3052 4113 3349 4171 apparere,
3370 4112 3474 4154 nec
3503 4113 3591 4153 ar·

1949 4191 2355 4264 chiepiscopus
2388 4187 2533 4244 mibi
2557 4188 2795 4245 verbum
2827 4186 2963 4245 inde
2983 4187 3218 4261 aliquod
3246 4186 3463 4254 feeerit,
3487 4200 3591 4242 nec

1948 4283 2019 4340 ad
2044 4281 2238 4355 ipsum
2264 4278 2516 4352 pertinet
2534 4278 2933 4351 episcopatum
2958 4281 3220 4335 nostrum
3243 4276 3588 4349 irrumpere,

1947 4372 2036 4429 vel
2069 4371 2195 4427 sine
2227 4368 2557 4442 cognitione
2587 4384 2777 4427 causae
2805 4377 3032 4427 nostros
3062 4367 3244 4440 ligare
3282 4365 3364 4424 vel
3397 4363 3591 4422 absol·-

180 4457 432 4513 matrem
463 4454 690 4515 domini
722 4458 932 4531 Fundi,
956 4463 1118 4535 pueri
1150 4463 1387 4537 quidem
1410 4465 1645 4535 nobilis,
1669 4467 1837 4525 duxit
1867 4441 1914 4507 D
1944 4477 2078 4519 vere
2108 4461 2457 4518 sacerdotes·

180 4543 422 4614 publice
449 4547 866 4621 concubinam,
889 4556 1282 4626 susceptaque
1311 4567 1380 4610 ex
1407 4570 1474 4612 eo
1492 4555 1708 4626 sobole,
1730 4557 1839 4615 im-

177 4634 509 4708 pudentem
534 4636 638 4695 toti
658 4639 879 4713 populo
901 4640 1171 4699 revelavit
1191 4658 1519 4714 excessum,
1540 4646 1841 4705 exsultans

177 4723 336 4797 quod
359 4724 531 4797 quasi
553 4741 683 4785 eam
708 4728 782 4786 de
805 4728 1066 4804 legitimo
1088 4732 1459 4790 matrimonio
1480 4735 1837 4807 sustulisset,

177 4810 522 4884 caeterisque
534 4815 963 4875 concubinariis
974 4820 1842 4897 sacertodibusinsultans,quia

179 4900 455 4959 nobiliori
477 4900 616 4976 plus
644 4906 869 4965 ceteris
890 4908 1271 4967 contubernio
1295 4909 1469 4968 fuerit
1492 4911 1837 4973 illustratus.

178 4989 324 5044 Cum
356 4991 561 5046 sutem
607 5007 754 5065 puer
782 4991 902 5065 ille,
928 4993 1118 5051 Fundi
1151 4994 1375 5052 scilicet
1410 4995 1710 5066 dominus,
1739 5015 1843 5057 ex-

178 5076 479 5148 crevisset,
503 5081 562 5136 et
587 5079 661 5137 ad
691 5081 1013 5155 legitimam
1049 5085 1407 5157 pervenisset
1436 5089 1688 5157 estatem,
1706 5104 1839 5147 eum

178 5166 342 5224 nullo
364 5170 567 5224 tamen
590 5168 661 5226 ab
683 5185 750 5228 eo
771 5172 1053 5231 sacerdoti
1080 5174 1322 5246 quaestio
1344 5178 1842 5252 moveretur,suga

179 5254 551 5315 clandestina
571 5258 838 5317 discessit
858 5261 929 5318 ab
959 5261 1228 5333 ecclesia,
1252 5264 1421 5321 bonis
1443 5264 1701 5322 ecelesiae
1724 5267 1780 5321 t'u
1791 5285 1845 5324 r·

179 5344 286 5401 tim
305 5360 446 5418 qnae
457 5344 645 5421 voluit
662 5350 994 5421 asportatis.
1008 5352 1191 5409 Porro
1211 5367 1346 5410 eum
1361 5351 1700 5426 aliquandiu
1715 5356 1844 5413 sins

181 5434 486 5492 acerdote
499 5436 763 5496 stetisset
773 5437 1101 5511 ecclesis,et
1114 5440 1337 5513 absque
1349 5445 1578 5514 pastore
1591 5444 1844 5517 populus

182 5520 502 5598 aberraret,
519 5524 847 5601 requisitus
865 5528 1057 5589 edicto
1077 5529 1316 5605 publico
1337 5529 1843 5611 anathematisque

2102 4654 2177 4697 An
2216 4654 2693 4696 smarnonowsum
2722 4653 3068 4696 exoniensem
3098 4647 3438 4694 episcorum.

2021 4731 2166 4799 Quid
2199 4746 2304 4803 ego
2335 4729 2569 4787 fecerim
2612 4728 2795 4798 vobis,
2820 4736 2914 4785 aut
2943 4727 3085 4800 quid
3134 4725 3412 4782 sanctitas
3443 4718 3589 4778 mibi

1948 4824 2141 4880 vestra
2170 4816 2525 4892 promiserit,
2560 4835 2595 4874 a
2620 4821 2805 4876 vestra
2837 4833 2951 4873 non
2984 4816 3156 4873 credo
3185 4811 3462 4869 memoria
3491 4809 3591 4867 de·

1949 4910 2174 4968 cidisse.
2214 4907 2348 4965 Dedi
2384 4907 2538 4963 enim
2572 4907 2793 4963 litteras
2824 4905 2987 4962 vobis
3020 4905 3089 4960 ad
3131 4918 3346 4977 regem,
3381 4900 3593 4974 quibus

1948 5000 2074 5073 ipse
2096 5001 2289 5054 motus
2319 5000 2409 5052 est
2433 4996 2747 5052 adversum
2777 5011 2892 5064 me,
2912 4993 3188 5066 vobisque
3208 4994 3442 5065 sumpta
3460 4991 3598 5047 inde

1951 5085 2253 5146 occasione
2284 5082 2667 5155 capellaniam
2717 5084 2984 5157 contulit,
3016 5083 3156 5157 quia
3201 5083 3395 5140 visum
3427 5083 3515 5137 est
3545 5078 3595 5135 ei

1952 5194 2046 5234 me
2086 5173 2249 5234 vobis
2299 5189 2425 5229 eam
2473 5172 2703 5245 penitus
2755 5175 3098 5248 resignasse.
3125 5173 3373 5230 Litteras
3415 5170 3592 5225 etiam

1949 5263 2263 5325 transcribi
2296 5262 2428 5318 fecit
2458 5265 2515 5318 et
2544 5263 2956 5336 transcriptum
2980 5264 3036 5320 in
3069 5258 3484 5319 Normanniam
3516 5262 3596 5312 at-

1949 5355 2110 5414 tulit.
2132 5354 2395 5425 Cumque
2419 5368 2525 5425 ego
2556 5353 2627 5409 ab
2652 5370 2718 5410 ea
2739 5370 2979 5412 causam
3012 5365 3329 5426 quaererem
3348 5346 3593 5404 subtatae

1952 5442 2098 5502 mibi
2129 5440 2485 5515 capellanias,
2509 5445 2810 5515 respondit
2839 5459 2899 5501 se
2927 5458 3046 5500 non
3076 5438 3393 5499 abstulisse
3423 5435 3589 5506 mihi,

1952 5534 2053 5595 sed
2085 5548 2179 5590 me
2204 5530 2372 5591 vobis
2401 5547 2531 5592 eam
2557 5531 2903 5604 litterarum,
2937 5547 3085 5607 quas
3131 5524 3392 5604 protulit,
3424 5523 3591 5584 testi-
