3784 6000
265 217 371 275 883

1391 216 1782 279 GUILLELMI
1821 210 2182 270 TYRENSIS
2223 209 2557 269 ARCHIEP.

266 342 540 416 dispersi,
580 343 916 401 volentibus
947 343 1027 400 ad
1052 348 1288 402 nostras
1318 346 1602 403 accedere
1641 343 1910 413 legiones
1947 343 1992 396 Α
2021 337 2225 394 derate
2250 336 2433 396 nimis
2462 337 2752 395 transisse
2775 339 3124 407 Jordanem,
3152 341 3678 403 etnostrisflnibns

266 434 420 491 dura
444 434 866 505 etgravissima
885 433 1221 490 inferebant
1236 436 1516 507 pericula:
1533 450 1655 506 quo
1671 438 1908 496 terrore,

258 523 392 595 jam
405 538 581 578 nemo
595 521 684 577 vel
697 523 1195 579 commerciorum
1211 523 1519 593 gratia,vel
1532 521 1912 580 auxiliarium

265 627 432 668 more
461 610 744 666 adcastra
757 614 1100 668 nostrorum
1115 613 1378 669 audebat
1399 613 1684 670 accedere
1708 628 1723 678 ;
1758 609 1916 665 unde

268 700 468 755 subito
496 699 685 754 fames
716 706 919 756 exorta
942 701 1107 756 estin
1135 703 1418 758 exercitu.
1442 703 1613 767 Nam,
1649 706 1712 756 ut
1736 713 1919 770 expe-

267 788 445 844 ditius
458 786 730 843 hostibus
744 794 1144 855 occurrerent,
1165 791 1397 863 absque
1418 790 1704 848 oneribus
1726 794 1783 844 et
1809 787 1917 842 im-

267 875 647 949 pedimentis,
677 878 1751 943 nostraeillucsetranstulerantacies,
1781 891 1919 948 spe-

267 969 466 1021 rantes
489 965 655 1037 quod
687 966 838 1023 infra
857 967 1128 1035 biduum,
1165 975 1267 1025 aut
1293 970 1560 1025 triduum
1585 967 1796 1024 saltem
1828 980 1921 1021 res

265 1059 427 1111 esset
454 1053 635 1111 finem
672 1055 974 1113 habitura.
1021 1058 1376 1128 Indigebant
1411 1064 1609 1114 autem
1655 1056 1920 1113 maxime

268 1143 520 1216 pedites,
542 1149 597 1200 et
628 1146 961 1216 praesertim
987 1148 1089 1219 qui
1122 1148 1200 1204 ab
1221 1164 1328 1204 ora
1357 1148 1663 1204 maritima
1696 1147 1923 1201 instan-

266 1233 491 1290 tissime
521 1235 715 1291 vocati
747 1233 1002 1304 fuerant,
1037 1236 1254 1306 Pisani,
1310 1239 1666 1301 Januenses,
1694 1233 1917 1299 Veneti,

263 1322 666 1393 Longobardi,
701 1324 801 1396 qui
834 1323 1049 1382 relictis
1082 1326 1344 1382 navibus
1377 1330 1436 1382 et
1488 1322 1919 1382 transfretandi

270 1415 562 1484 apparatu
581 1411 862 1483 (instabat
877 1412 1036 1469 enim
1054 1413 1356 1481 transitus,
1371 1413 1621 1472 octobre
1628 1413 1756 1486 jam
1769 1427 1922 1485 pene

268 1500 595 1570 mediante)
626 1500 800 1558 slmul
833 1518 970 1558 cum
1011 1503 1338 1574 peregrinis
1382 1519 1538 1576 quos
1577 1501 1923 1559 referendos

267 1597 672 1663 susceperant,
705 1591 923 1646 nostris
955 1607 1017 1647 se
1048 1592 1449 1663 adjunxerant
1470 1591 1700 1648 castris.
1729 1590 1792 1646 Hi
1827 1605 1924 1646 ac-

2023 427 2317 483 insedisse
2351 446 2364 496 ;
2407 426 2517 484 scd
2576 429 2835 500 peccatis
2895 430 3114 487 nostris
3170 430 3232 488 id
3284 433 3677 504 merentibus,

2023 516 2211 586 effusa
2242 522 2325 574 est
2346 519 2643 575 contentio
2672 532 2851 587 super
2876 519 3183 591 principes
3209 519 3402 595 (Psal.
3434 537 3548 591 cvi,
3572 526 3676 597 40),

2024 605 2106 662 ita
2156 610 2218 661 ut
2246 606 2304 661 in
2345 605 2601 678 publicis
2645 606 2916 678 negotiis,
2943 624 3083 681 quae
3132 614 3360 668 tantam
3393 611 3678 671 videban-

2026 699 2119 750 tur
2157 695 2391 765 exigere
2433 694 2829 766 diligentiam,
2882 712 3003 754 non
3033 698 3231 755 solum
3290 700 3679 775 negligenter,

2029 799 2233 840 verum
2259 785 2438 841 etiam
2468 785 2761 842 malitiose
2786 784 3126 844 dicerentur
3144 789 3381 846 versati.
3416 792 3568 848 Nam
3584 790 3682 866 qui

2028 873 2268 943 negotia
2302 875 2620 946 praesentia
2650 873 3005 932 videbantur
3033 877 3296 935 maxime
3329 894 3682 951 promovere

2028 962 2317 1034 potuisse,
2343 961 2426 1029 hi,
2462 963 2771 1031 utdicitur,
2804 964 3038 1022 comitis
3056 966 3375 1040 Joppensis
3401 967 3566 1036 odio,
3591 971 3684 1026 cui

2030 1052 2198 1121 regni
2223 1068 2431 1107 curam
2473 1051 2695 1108 nudius
2725 1053 2931 1109 tertius
2953 1069 3057 1110 rex
3087 1057 3495 1123 commiserat,
3536 1058 3686 1115 indi-

2031 1154 2147 1212 gne
2176 1139 2448 1208 fferentes,
2477 1141 2639 1214 quod
2671 1141 2901 1199 homini
2922 1143 3250 1215 incognito,
3286 1145 3617 1205 indiscreto
3636 1153 3691 1206 et

2032 1230 2269 1302 penitus
2310 1229 2498 1286 inutili
2531 1236 2833 1288 tantorum
2868 1234 3246 1303 negotiorum
3281 1251 3592 1294 summam
3628 1238 3686 1294 in

2031 1319 2209 1375 tantis
2235 1319 2535 1391 periculis,
2569 1325 2624 1376 et
2650 1324 2830 1377 tantoe
2850 1322 3223 1379 necessitatis
3253 1324 3508 1383 articulo
3534 1341 3692 1384 eom·

2035 1407 2307 1464 misisset.
2329 1408 2494 1465 Unde
2521 1407 2744 1466 lactum
2773 1414 2862 1466 est
2894 1410 3063 1483 quod
3092 1426 3198 1484 per
3224 1416 3365 1471 octo
3395 1414 3528 1473 dies
3557 1429 3692 1472 con·

2033 1499 2256 1563 tinuos,
2312 1503 2507 1554 castra
2536 1497 2798 1554 hostium
2843 1499 3002 1556 circa
3036 1516 3101 1556 se
3154 1501 3372 1574 posita,
3427 1509 3486 1561 et
3513 1503 3619 1562 vix
3661 1519 3694 1562 a

2033 1586 2251 1645 nostris
2278 1586 2567 1644 distantia
2615 1588 2804 1661 spatio
2836 1588 3015 1645 unius
3067 1589 3345 1663 milliarii,
3405 1592 3695 1666 patienter

269 1684 388 1734 tem
418 1694 648 1746 omnes,
683 1679 781 1736 vix
804 1679 882 1736 ad
911 1696 1084 1737 arma
1100 1681 1342 1738 ferenda
1371 1680 1753 1747 sufficientes,
1779 1679 1923 1752 quia
1957 1689 2000 1745 Β
2032 1676 2232 1743 nimis,
2254 1676 2377 1732 imo
2401 1675 2706 1748 probrose,
2727 1677 2893 1750 quod
2924 1694 3229 1751 nusquam
3249 1679 3393 1737 alibi
3427 1680 3489 1737 in
3513 1696 3696 1752 regno

271 1773 602 1824 castrorum
628 1768 797 1825 locus
830 1785 865 1825 a
898 1772 1046 1826 mari
1078 1771 1250 1842 quasi
1275 1769 1764 1840 vigintidistabat
1796 1769 1924 1825 mil-

270 1854 539 1922 liaribus,
563 1857 984 1915 nihilomnino
1014 1859 1356 1915 victualium
1410 1858 1749 1915 intulerant.
1800 1859 1925 1915 Mit-

274 1949 480 2000 tuntur
507 1946 688 2016 igitur
711 1947 894 2016 legati
930 1948 1008 2004 ad
1032 1949 1211 2004 urbes
1239 1948 1547 2014 finitimas,
1578 1948 1683 2020 qui
1714 1962 1924 2003 earum

273 2034 604 2106 praefectos,
628 2051 735 2108 pro
751 2036 1052 2093 mittendis
1067 2037 1307 2094 cibariis
1321 2038 1434 2093 sub
1448 2038 1613 2093 omni
1629 2035 1926 2092 celeritate

272 2123 586 2182 sollicitent
619 2143 632 2192 ;
665 2126 772 2198 qui
803 2125 1004 2182 debita
1030 2126 1364 2195 diligentia,
1410 2127 1595 2199 regioe
1648 2130 1926 2196 parentes

270 2212 556 2285 jussioni,
600 2216 872 2272 certatim
902 2219 961 2271 et
999 2217 1128 2272 sine
1155 2217 1466 2284 dilatione,
1519 2220 1753 2288 quanta
1786 2231 1930 2287 pos-

275 2307 437 2369 sunt,
459 2303 596 2359 illuc
610 2305 871 2374 dirigunt
891 2305 1191 2361 victualia.
1211 2307 1478 2371 Quorum
1504 2319 1642 2375 pars
1663 2304 1931 2360 maxima

278 2392 358 2449 ad
379 2398 573 2449 castra
585 2394 959 2465 perveniens,
975 2394 1349 2465 opulentiam
1364 2393 1558 2449 intulit
1585 2408 1692 2465 pro
1720 2391 1853 2450 loco
1875 2397 1933 2448 et

279 2486 546 2553 tempore
572 2481 965 2538 sufficientem
997 2503 1009 2547 ;
1034 2499 1170 2554 pars
1183 2498 1322 2538 vero
1335 2481 1931 2555 quaedamincautius

279 2570 499 2634 delata,
528 2570 603 2626 ad
637 2586 856 2627 manus
883 2571 1150 2627 hostium
1178 2570 1466 2643 pervenit,
1501 2571 1755 2628 multam
1779 2560 1932 2626 infe-

282 2674 420 2715 rens
476 2660 970 2716 commoditatem
1006 2677 1020 2727 3
1063 2677 1207 2717 nam
1270 2666 1324 2717 et
1370 2660 1487 2733 ipsi
1539 2660 1934 2717 nihilominus

282 2748 951 2820 inopiapremebantur.
969 2750 1270 2806 Praemissi
1288 2749 1521 2806 ruerant
1549 2765 1697 2806 sane
1726 2749 1800 2805 de
1833 2765 1936 2807 no-

285 2837 419 2894 stris
449 2837 676 2910 equites
705 2839 999 2904 nonnulli,
1020 2841 1244 2913 quibus
1276 2839 1337 2895 id
1358 2844 1485 2897 erat
1514 2838 1777 2894 muneris
1809 2854 1938 2910 spe-

286 2926 509 2983 cialiter
540 2928 898 2998 injunctum,
929 2935 989 2984 ut
1018 2930 1086 2985 iis
1112 2928 1217 3002 qui
1248 2945 1384 2985 cum
1418 2928 1716 2984 alimentis
1741 2929 1818 2984 ad
1842 2944 1938 2983 ex-

288 3017 537 3073 ercitum
569 3018 955 3084 accedebant,
978 3025 1169 3076 tutum
1187 3023 1577 3091 procurarent
1596 3034 1936 3084 accessum,

289 3105 393 3179 qui
418 3122 572 3179 quos
593 3113 938 3179 repererunt
954 3108 1062 3164 sibi
1089 3108 1356 3174 obviam,
1379 3124 1517 3164 cum
1534 3107 1940 3164 incolumitate

288 3196 692 3269 perduxerunt
712 3197 789 3252 ad
815 3201 1015 3252 castra
1048 3213 1062 3263 ;
1094 3196 1315 3270 quibus
1340 3201 1542 3253 autem
1565 3196 1788 3252 hitales
1819 3212 1941 3252 non

291 3286 532 3342 fuerunt
565 3284 863 3355 praesidio,
893 3301 1110 3341 manus
1138 3285 1403 3341 hostium
1425 3286 1812 3350 incurrentes,
1840 3290 1944 3342 aut

292 3372 491 3445 gladio
513 3373 851 3447 interempti
879 3379 1039 3442 sunt,
1069 3381 1172 3431 aut
1198 3374 1473 3431 hostibus
1514 3379 1800 3445 perpetuo
1828 3390 1946 3430 ser·

293 3463 417 3519 vire
469 3463 779 3534 compulsi.
821 3464 923 3520 Hic
975 3479 1120 3520 sane
1170 3464 1221 3520 si
1274 3469 1478 3520 nostra
1522 3468 1789 3535 peccata,
1836 3478 1939 3519 no·

294 3551 389 3608 bis
421 3551 609 3607 Deum
656 3568 841 3625 passa
867 3551 1118 3608 fuissent
1150 3568 1278 3609 esse
1310 3551 1657 3624 propitium,
1700 3552 1945 3608 videba-

297 3645 390 3697 tur
417 3640 602 3697 robur
631 3641 896 3698 hostium
927 3642 1098 3698 facile
1130 3642 1189 3698 in
1218 3641 1456 3698 ruinam
1498 3641 1645 3697 verti
1674 3642 1943 3712 potuisse

293 3734 350 3785 et
362 3730 793 3787 intolerabilem
807 3730 1141 3803 superbiam
1155 3730 1537 3787 descendisse
1549 3732 1606 3785 in
1620 3729 1942 3787 lubricum.

297 3820 615 3891 Nunquam
638 3820 795 3875 enim
827 3819 1042 3891 legitur
1071 3824 1301 3875 tantam
1333 3835 1404 3875 ex
1436 3820 1713 3875 universo
1737 3818 1946 3877 Orien-

297 3907 396 3963 tali
422 3911 606 3964 tractu
629 3909 1008 3975 convenisse,
1031 3912 1154 3965 tam
1173 3908 1445 3981 equitum
1465 3923 1648 3980 quam
1674 3908 1942 3979 peditum

296 3996 738 4054 multitudinem
767 4016 780 4066 ;
811 4014 920 4055 nec
951 3998 1029 4054 ab
1055 3997 1361 4071 aliquibus
1402 3998 1655 4053 traditur
1695 3997 1945 4053 seniori-

297 4084 413 4142 bus
444 4087 596 4143 adeo
621 4093 916 4143 armatam
942 4088 999 4142 in
1015 4103 1204 4142 unum
1217 4088 1425 4143 coiisse
1441 4102 1714 4151 manum,
1743 4102 1813 4142 ex
1833 4086 1947 4158 pri·

298 4175 415 4231 vati
447 4176 612 4244 regni
637 4175 881 4231 viribus.
916 4176 1097 4230 Erant
1124 4177 1282 4232 enim
1316 4176 1398 4231 eis
1422 4175 1654 4249 equites
1682 4174 1760 4230 ad
1785 4174 1947 4231 mille

299 4269 622 4328 trecentos3
645 4264 914 4333 peditum
939 4279 1078 4319 vero
1102 4272 1471 4321 armatorum
1492 4263 1749 4333 egregie,
1773 4263 1944 4336 quin·

297 4350 493 4407 decim
524 4351 776 4408 millium
802 4367 1106 4408 summam
1137 4352 1446 4408 dicebatur
1469 4367 1758 4408 numerus
1782 4368 1949 4408 exce-

299 4439 458 4496 dere.
519 4443 798 4497 Praeterea
847 4440 1051 4513 magni
1109 4447 1165 4496 et
1208 4440 1594 4497 admirabiles
1650 4446 1951 4513 praeerant

298 4530 579 4586 exercitui
610 4530 814 4598 duceS,
846 4530 1104 4586 illustres
1119 4545 1334 4601 genere
1352 4536 1408 4586 et
1432 4545 1737 4586 armorum
1769 4546 1952 4601 expe-

297 4619 508 4676 rientia
540 4619 803 4692 praeclari
831 4637 846 4676 ε
879 4619 1163 4677 dominus
1202 4618 1575 4676 Raimundus
1609 4635 1812 4675 comes
1832 4620 1952 4675 Tri·

297 4709 628 4782 politanus;
656 4709 940 4766 dominus
965 4709 1247 4766 llenricus
1271 4714 1394 4766 dux
1418 4709 1714 4775 Lovanioe,
1740 4708 1952 4765 nobilis

299 4798 374 4855 de
402 4798 1126 4870 imperioTeutonicorum
1145 4799 1426 4870 princeps
1461 4815 1476 4863 ;
1504 4797 1855 4870 Radulphus
1875 4796 1950 4852 de

300 4888 563 4954 Maleine,
597 4888 854 4960 inclytus
881 4889 956 4944 de
994 4888 1311 4961 Aquitania
1347 4888 1448 4952 vir,
1493 4888 1754 4958 exceptis
1784 4886 1952 4956 regni

298 4977 687 5047 principibus,
724 4978 827 5049 qui
873 4982 1062 5040 erant,
1115 4976 1305 5033 Guido
1361 4991 1564 5032 comes
1610 4975 1949 5046 Joppensis,

300 5064 625 5121 Rainaldus
649 5065 723 5121 de
755 5064 1130 5130 castellione,
1150 5064 1431 5120 dominus
1456 5070 1621 5120 terroe
1647 5063 1803 5120 ultra
1821 5063 1955 5119 Jor-

299 5154 543 5218 danem,
574 5153 681 5226 qni
711 5153 1036 5225 aliquando
1062 5154 1166 5210 suit
1196 5155 1475 5226 princeps
1524 5153 1950 5216 Antiocherius,

299 5243 626 5300 Balduinus
656 5243 729 5298 de
760 5244 981 5310 Ramis,
1014 5243 1287 5299 Balianus
1315 5242 1739 5312 Neapolitanus
1771 5241 1955 5297 frater

299 5333 452 5405 ejus,
469 5331 793 5390 Rainaldus
809 5332 1198 5398 Sidoniensis‚
1219 5331 1533 5388 Galtherue
1551 5330 1950 5395 Caesariensis,

293 5421 626 5478 Joscelinus
658 5423 858 5493 regius
889 5421 1284 5477 senescalcus.
1318 5421 1399 5476 Ex
1430 5420 1520 5476 his
1547 5419 1831 5477 omnibus
1862 5418 1955 5474 vi-

299 5507 559 5566 debatur
598 5511 740 5569 satis
791 5509 1122 5583 probabile,
1155 5510 1356 5568 hostes
1401 5515 1661 5575 nostros,
1694 5506 1953 5566 inconsi-

2035 1764 2322 1823 accidisse
2350 1764 2582 1835 legitur,
2607 1767 2768 1838 passi
2782 1771 2920 1823 sunt
2945 1783 3179 1824 moram
3204 1767 3422 1838 facere,
3443 1775 3503 1827 et
3527 1770 3592 1827 in
3610 1786 3696 1828 re·

2036 1856 2276 1926 gionem
2309 1870 2418 1928 pro
2444 1854 2633 1911 libero
2684 1855 2935 1913 arbitrio
2988 1856 3276 1916 desaevire
3325 1862 3693 1918 universam.

2034 1944 2412 2003 Mittebantur
2441 1945 2545 2017 qui
2575 1944 2829 2001 aderant
2858 1945 2968 2001 viri
3010 1946 3338 2020 simplices,
3368 1953 3428 2005 et
3457 1948 3698 2007 malitias

2035 2033 2375 2107 principum
2391 2037 2735 2090 nostrorum
2749 2036 3337 2108 expertes,quidnam
3348 2037 3700 2112 esset‚quod

2037 2127 2202 2180 tanta
2216 2123 2660 2194 opportunitate
2690 2123 3026 2181 oblatanon
3053 2124 3219 2183 fieret
3247 2142 3388 2184 cum
3419 2127 3698 2186 hostibus

2038 2211 2403 2284 congressio,
2421 2228 2616 2285 neque
2638 2212 2711 2269 de
2737 2212 3019 2270 conflictu
3041 2214 3379 2290 quidquam
3392 2217 3701 2274 ordinare·

2040 2306 2153 2359 tur.
2182 2302 2842 2358 Praetendebanttamen
2862 2304 3265 2372 occasionem,
3294 2305 3400 2363 ubi
3420 2306 3499 2363 de
3519 2306 3699 2364 bisin

2040 2390 2281 2464 publico
2306 2389 2692 2461 tractabatur,
2726 2392 2889 2464 quod
2938 2392 3341 2451 salahadinus
3389 2394 3699 2454 hostilium

2043 2482 2320 2553 princeps
2386 2480 2710 2552 legionum,
2763 2481 2824 2536 in
2878 2480 3010 2539 loco
3065 2482 3355 2540 resideret
3432 2486 3697 2558 scopulis

2041 2570 2257 2636 obsito,
2287 2570 2366 2626 ita
2412 2569 2577 2642 quod
2630 2568 2711 2626 ad
2754 2585 2914 2638 eum,
2956 2586 3079 2627 non
3110 2572 3237 2628 sine
3268 2572 3541 2645 periculo
3573 2588 3701 2645 gra·

2043 2659 2121 2723 vi,
2170 2663 2394 2714 nostroe
2441 2663 2695 2730 possent
2748 2659 2906 2715 acies
2952 2659 3238 2717 accedere
3269 2679 3283 2731 ;
3314 2667 3611 2734 praeterea
3648 2668 3700 2719 et

2043 2746 2317 2803 cohortes
2355 2747 2603 2803 haberet
2626 2747 2880 2816 validaS,
2911 2750 3086 2822 quasi
3115 2750 3178 2805 in
3200 2749 3457 2807 circuitu
3496 2750 3699 2825 dispo-

2048 2836 2214 2901 sitas,
2248 2852 2384 2908 quae
2408 2837 2468 2891 in
2507 2841 2742 2893 nostros
2774 2838 3146 2909 propositum
3204 2838 3501 2897 baberent
3542 2840 3699 2898 undi-

2048 2942 2163 2998 que
2201 2925 2449 2992 irruere,
2480 2926 2529 2980 si
2568 2941 2703 2981 cum
2747 2925 3117 2984 Salahadino
3156 2935 3383 2986 nostrae
3415 2933 3703 2987 tentarent

1981 3050 2020 3105 C
2051 3017 2208 3073 acies
2238 3014 2542 3086 congredi.
2573 3015 2947 3073 Dicebatura
2972 3017 3368 3089 quibusdam,
3395 3019 3546 3093 quia
3575 3033 3701 3077 vere

2052 3106 2135 3161 sic
2161 3109 2305 3173 erat,
2337 3109 2392 3159 et
2411 3104 2568 3175 juste
2587 3120 2624 3161 a
2648 3105 3025 3177 principibus
3057 3106 3140 3163 sic
3168 3106 3554 3178 allegabatur
3576 3125 3593 3176 ;
3615 3107 3704 3164 alii

2052 3209 2193 3249 vero
2232 3193 2600 3260 asserebant,
2634 3193 2779 3267 quia
2808 3194 2971 3250 color
2996 3196 3285 3267 quaesitus
3315 3200 3448 3254 erat
3468 3201 3528 3254 et
3552 3197 3705 3254 frau-

2052 3283 2326 3339 dulenter
2355 3281 2759 3339 fabricabatur
2799 3282 2937 3340 belli
2970 3283 3132 3356 fuga,
3161 3299 3236 3341 ne
3286 3285 3500 3344 comiti
3530 3286 3700 3345 ascri·

2053 3373 2289 3429 beretur
2319 3372 2363 3428 si
2391 3372 2536 3444 quid
2558 3388 2915 3445 prosperum
2944 3374 3002 3429 in
3030 3389 3101 3430 eo
3121 3373 3283 3431 facto
3313 3375 3635 3447 accideret,
3653 3379 3704 3433 et

2054 3461 2166 3517 sub
2196 3461 2327 3532 ejus
2344 3460 2566 3517 ducatu
2588 3477 2715 3517 rem
2728 3461 2880 3518 bene
2903 3463 3155 3532 gessisse
3179 3462 3551 3521 viderentur.
3580 3467 3703 3522 Haec

2055 3555 2175 3607 tam
2209 3549 2609 3621 multipliciter
2645 3565 2682 3606 a
2709 3549 2983 3623 pluribus
3021 3550 3200 3617 dicta,
3233 3551 3316 3609 ita
3344 3554 3704 3627 conscripsi-

2054 3655 2208 3706 mus,
2236 3638 2380 3695 nihil
2413 3640 2699 3695 assertive
2722 3645 3030 3711 ponentes,
3063 3644 3357 3714 tanquam
3375 3643 3483 3715 qui
3505 3643 3593 3700 rei
3616 3657 3704 3699 ve·

2053 3729 2285 3784 ritatem
2313 3743 2434 3783 nou
2464 3743 2675 3783 sumus
2722 3728 2957 3801 plenius
3012 3731 3297 3786 assecuti.
3353 3731 3599 3790 Certum
3625 3736 3704 3790 est

2056 3822 2275 3885 tamen,
2307 3816 2473 3889 quod
2503 3823 2732 3890 septem
2772 3824 2876 3873 aut
2935 3820 3071 3875 octo
3102 3817 3320 3877 diebus
3386 3821 3703 3886 continuis,

2056 3906 2213 3962 circa
2241 3904 2565 3962 Jordanem
2600 3907 2660 3962 in
2691 3905 2910 3963 finibus
2939 3908 3159 3963 nostris
3213 3907 3420 3965 hostes
3477 3925 3705 3968 moram

2056 3994 2587 4064 egeruntliberam,
2614 3996 3379 4070 nostrisquotidieimpune
3393 3997 3625 4057 damna
3644 4000 3709 4055 ir-

2057 4089 2335 4153 rogantes
2351 4083 2718 4157 multiplicia.
2753 4086 2972 4143 Octava
2994 4085 3233 4142 tandem
3252 4086 3372 4153 die,
3402 4088 3532 4145 sive
3554 4104 3709 4145 nona

2058 4172 2276 4243 potius,
2304 4173 2594 4230 revocatis
2624 4173 3104 4245 expeditionibus
3135 4175 3284 4241 suis,
3335 4175 3419 4232 ad
3473 4177 3712 4251 propria

2057 4276 2329 4316 reversus
2360 4267 2447 4317 est
2486 4261 2811 4317 indemnis.
2855 4262 3042 4318 Nostri
3074 4277 3213 4319 vero
3243 4262 3322 4320 ad
3354 4262 3589 4322 fontem
3616 4267 3713 4321 ite-

2058 4365 2191 4404 rum
2236 4365 2299 4404 se
2337 4350 2721 4406 contulerunt
2751 4350 3239 4422 sephoritanum,
3274 4366 3401 4409 non
3450 4354 3712 4425 penitus,

2058 4438 2203 4511 quin
2236 4439 2433 4494 adhuc
2457 4439 2694 4504 rediret,
2723 4441 2936 4497 securi.
2966 4440 3191 4497 Accidit
3220 4445 3424 4497 autem
3455 4457 3574 4516 per
3590 4458 3713 4501 eos·

2057 4528 2195 4586 dem
2215 4529 2360 4594 dies,
2377 4528 2599 4601 quibus
2625 4528 2702 4584 ad
2730 4528 2957 4585 fontem
2977 4530 3307 4587 Tubaniam
3331 4536 3541 4588 noster
3561 4546 3714 4589 exer·

2059 4618 2209 4674 citus
2222 4617 2913 4691 detinebatur,qniddam
2929 4619 3226 4676 memoria
3243 4619 3535 4692 dignum.
3549 4623 3712 4688 Nam,

2060 4724 2194 4763 cum
2227 4709 2518 4764 hactenus
2536 4712 2662 4763 tam
2680 4706 3014 4780 tonssupra
3029 4708 3382 4765 nominatus
3405 4725 3601 4783 quam
3618 4708 3714 4784 qui

2060 4813 2130 4853 ex
2162 4811 2232 4852 eo
2262 4797 2420 4851 rivus
2451 4794 2713 4868 profluit,
2750 4795 2941 4867 pisces
2977 4802 3081 4854 aut
3126 4797 3348 4864 nulloS,
3408 4802 3520 4855 aut
3547 4799 3714 4857 raris·

2063 4886 2250 4941 simos
2280 4884 2500 4941 habere
2522 4887 2878 4951 crederetur,
2912 4885 3025 4942 illis
3074 4886 3290 4943 diebus
3320 4891 3557 4946 tantam
3584 4887 3716 4945 dici·

2062 4980 2155 5029 tur
2175 4973 2412 5046 copiam
2431 4974 2819 5040 ministrasse,
2835 4989 2969 5048 quae
2989 4975 3268 5033 universo
3289 4977 3588 5035 exercitui
3607 4974 3718 5034 suf-

2063 5063 2239 5119 ficere
2268 5069 2492 5136 posset.

2644 5172 2870 5228 CAPUT
2916 5170 3143 5227 xxvm.

2063 5258 2470 5316 salahadinus
2499 5259 2700 5316 arbem
2746 5261 3149 5317 Petrae-ensem
3178 5267 3347 5318 trans
3391 5261 3716 5322 Iordanem

2193 5331 2417 5388 obsidet
2447 5347 2463 5397 ,·
2494 5339 2549 5389 et
2579 5332 2871 5389 obsessam
2905 5331 3225 5403 impuonat
3254 5332 3587 5393 hostiliter.

2136 5419 2357 5476 Accidit
2405 5435 2585 5493 porro
2614 5436 2735 5477 non
2770 5420 3024 5477 multum
3056 5420 3134 5477 ab
3172 5435 3383 5478 eornm
3429 5423 3716 5497 opinione

2062 5523 2234 5566 secus
2257 5524 2272 5576 3
2294 5523 2439 5566 nam
2469 5510 2568 5567 vix
2596 5508 2834 5567 evoluto
2857 5509 3034 5567 unius
3046 5509 3273 5569 mensis
3297 5509 3524 5584 spatio.
3547 5525 3717 5572 reno-
