3784 6000
181 238 289 301 117

1685 236 2107 300 EPISTOLAE.

3476 247 3596 310 118

179 378 454 431 naturam
468 373 623 431 idem
641 371 1061 443 redemptionis
1078 369 1330 443 pretium
1347 369 1615 427 omnium
1628 371 1831 426 eadem
1869 374 1923 439 Α
1955 370 2259 428 inhaesisse
2274 373 2570 429 memoria!
2582 390 2668 438 ea,
2692 375 2749 430 in
2776 376 2992 447 quibus
3024 377 3188 435 nullo
3211 380 3384 436 modo
3411 379 3599 451 decipi

176 464 617 520 consummatio
638 471 690 519 et
717 476 939 519 merces
974 467 1099 517 est:
1147 476 1265 518 non
1313 464 1405 517 est
1449 459 1521 516 de
1568 475 1684 531 quo
1731 459 1829 516 alii

186 555 478 610 adversus
507 553 655 610 alios
688 552 918 624 possint
941 549 1240 623 privilegio
1269 548 1527 621 gloriari,
1559 548 1671 606 nisi
1695 549 1833 622 quia

178 643 271 714 qui
304 646 571 715 presunt
599 641 850 716 graviori
882 639 1061 697 ruinis
1081 644 1138 695 et
1169 637 1380 712 majori
1412 636 1663 709 periculo
1693 640 1834 694 sunt

180 731 411 804 objecti.
437 731 663 804 Scripsi
684 729 982 800 diffusius,
1003 728 1142 800 quia
1163 727 1467 784 verborum
1483 727 1709 799 copiam
1731 726 1830 782 de·

181 820 330 878 vetto
352 820 755 887 ministrabat,
780 817 1131 891 singulaque
1156 816 1300 873 mihi
1330 816 1484 872 dicta
1500 814 1832 872 necessaria

178 909 536 967 videbantur
568 915 634 965 ut
661 908 847 965 fidelis
894 907 1214 964 admonitio
1261 909 1472 961 νοείτω
1516 921 1619 961 vos
1657 903 1832 961 faciat

178 998 373 1072 glorio
406 997 733 1056 reminisci.
766 996 998 1054 Utinam
1030 997 1184 1053 viros
1222 994 1452 1051 virtutis
1487 999 1541 1050 et
1588 992 1832 1051 consilia

181 1088 421 1145 fortium
448 1088 614 1160 regia
636 1088 917 1159 majestas
937 1086 1186 1143 aestimet
1205 1088 1263 1143 et
1291 1090 1591 1156 agnoscat,
1618 1098 1690 1139 nc
1711 1083 1832 1155 spi—

177 1177 327 1234 ritus
356 1175 698 1249 iniqnitatis
726 1180 786 1233 et
816 1175 1123 1243 mendacii,
1176 1173 1485 1231 fallacibus
1533 1170 1832 1229 blanditiis

181 1266 357 1323 robur
380 1265 604 1338 regalis
625 1265 927 1338 potestatis
956 1268 1209 1332 enervet,
1231 1267 1291 1320 et
1312 1263 1379 1319 ad
1403 1277 1575 1333 opera
1597 1260 1830 1318 malitis.-

179 1355 263 1411 τοι
301 1356 575 1412 derectus
604 1354 915 1412 contrahat
943 1357 1002 1410 et
1022 1350 1279 1410 inclinet.

375 1549 455 1590 an
495 1548 786 1590 samareus
825 1547 1019 1588 uenat
1056 1547 1283 1588 aucam
1319 1547 1621 1588 samonem.

244 1625 413 1680 Sicut
444 1622 691 1678 vobisin
714 1620 1136 1679 Nortbmannia
1154 1621 1439 1688 dixeram,
1472 1619 1598 1677 veni
1622 1620 1679 1676 in
1713 1621 1829 1674 An-

183 1712 349 1787 gliam
371 1712 447 1767 ad
474 1715 610 1767 vota
638 1710 972 1767 orationum
997 1709 1244 1767 Domino
1266 1708 1829 1781 persolvenda.Cum
1863 1733 1911 1799 B

186 1801 439 1874 quoinde
451 1799 527 1854 ad
542 1798 915 1871 presentiam
934 1796 1164 1853 Domini
1180 1797 1295 1854 mei
1316 1812 1528 1869 magno
1542 1796 1830 1852 desiderio

186 1890 462 1958 traherer,
497 1888 697 1947 audivi
729 1903 830 1944 vos
864 1889 1187 1945 Eboracum
1210 1890 1270 1945 et
1300 1887 1375 1944 ad
1407 1891 1658 1944 remotas
1693 1884 1835 1941 illuc

186 1980 409 2037 tendere
442 1978 734 2047 regiones,
790 1977 1053 2047 mihique
1092 1976 1258 2034 nulla
1303 1992 1440 2049 spes
1495 1975 1700 2034 relicta
1746 1982 1835 2031 est

190 2068 463 2142 nullaque
492 2067 710 2124 flducia
753 2066 1172 2139 consequendi.
1223 2065 1562 2122 Proficiscor
1608 2069 1831 2133 tamen,

190 2157 331 2215 lento
357 2157 501 2215 licet
531 2158 766 2226 itinere,
798 2157 941 2228 quia
977 2155 1328 2214 celeritatem
1374 2155 1518 2211 mibi
1568 2157 1834 2211 wnectus

189 2246 525 2304 etdebilitas
540 2262 658 2303 non
678 2243 1013 2317 indulgent,
1044 2244 1146 2301 sed
1179 2243 1726 2317 quasiquibusdam
1749 2258 1834 2298 re·

191 2336 491 2410 primentis
520 2337 881 2409 impotentiae
911 2335 1158 2392 nexibus
1188 2335 1455 2391 detinent
1497 2333 1831 2406 alligatum.

194 2427 416 2483 Placeat
433 2424 617 2499 igitur
641 2426 884 2482 domino
916 2439 1044 2481 meo
1077 2425 1392 2497 precipere
1422 2423 1590 2491 mihi,
1628 2423 1727 2479 ubi
1777 2430 1833 2479 et

191 2516 412 2588 quaudo
442 2522 651 2572 vestro
672 2514 893 2586 possim
916 2528 1218 2570 occurrere
1247 2510 1556 2583 majestati,
1580 2527 1654 2567 ne
1674 2513 1829 2582 quod

190 2604 446 2676 potentio
476 2603 625 2658 mihi
678 2603 983 2660 residuum
1003 2607 1094 2658 est
1142 2602 1360 2657 incerto
1406 2601 1650 2673 ideoque
1692 2616 1830 2669 vago

188 2692 423 2750 circuitu
468 2696 872 2749 consumatur.
905 2690 1176 2748 Desidere
1215 2690 1432 2747 etenim
1491 2705 1662 2761 quam
1707 2689 1834 2760 pri-

190 2797 331 2839 num
346 2781 550 2838 videre
566 2779 772 2837 faciem
795 2779 1019 2837 domini
1034 2780 1147 2836 mei
1163 2789 1224 2836 ut
1244 2777 1430 2835 oculis
1449 2778 1595 2835 meis
1605 2779 1630 2851 j
1643 2793 1834 2834 ucun-

188 2870 254 2928 da
266 2870 409 2944 regii
432 2869 630 2926 vultus
644 2871 925 2926 serenitas
943 2867 1266 2937 illucescat,
1291 2874 1350 2924 et
1368 2867 1441 2925 ab
1464 2867 1697 2940 injuriis
1712 2866 1833 2924 diu·

188 2958 434 3033 tinisqne
464 2957 768 3016 laboribus
796 2957 1055 3017 exhibita
1085 2956 1233 3015 mihi
1266 2955 1442 3014 solita
1468 2955 1833 3029 benignitate

188 3050 488 3121 respirem.
522 3046 745 3104 valete.

924 3136 1116 3194 xc111.

367 3245 449 3286 an
486 3243 784 3285 amicus
821 3242 1017 3284 uorat
1054 3241 1282 3284 atroam
1318 3242 1626 3284 santonus.

244 3317 549 3375 Orationis
576 3333 759 3374 cauea
788 3317 1080 3390 proiectus
1108 3316 1167 3372 in
1216 3315 1510 3388 Angliam,
1535 3314 1733 3372 statim
1757 3314 1829 3370 ad

186 3407 490 3464 videndam
524 3405 751 3463 domini
773 3405 888 3462 mei
919 3404 1125 3463 {aciem
1155 3405 1445 3474 festinavi,
1469 3404 1610 3477 quia
1638 3419 1734 3460 me
1756 3404 1826 3459 ad

188 3495 283 3553 boc
312 3502 437 3552 tam
456 3496 685 3553 devotio
714 3509 892 3567 quam
915 3495 1229 3552 necessitas
1258 3494 1541 3550 invitavit.
1566 3492 1827 3549 Audistis

190 3584 409 3643 nectiu
422 3582 1107 3657 aliquibusexaudistis,s
1123 3583 1193 3640 sd
1209 3583 1399 3640 adhue
1414 3582 1582 3640 nobis
1602 3583 1825 3653 majora

185 3673 409 3732 differre
436 3675 499 3731 in
535 3675 825 3743 futurum,
846 3672 1072 3744 adjecta
1100 3680 1293 3730 tamen
1325 3672 1738 3745 promissione,
1767 3671 1828 3727 in

187 3779 293 3837 qua
319 3765 396 3821 de
412 3764 681 3834 iucunda
701 3762 843 3820 mihi
865 3762 1086 3819 collate
1108 3763 1231 3834 spei
1249 3761 1566 3818 securitate
1581 3761 1828 3832 respiro.

183 3852 545 3911 Promisietis
570 3852 866 3924 siquidem
893 3854 1043 3925 quod
1074 3851 1279 3909 exinde
1305 3867 1429 3907 mea
1450 3848 1718 3921 diligenti
1742 3850 1829 3904 in·

182 3944 478 4015 spectione
500 3957 680 4014 opera
695 3941 1019 4014 probaretis
1051 3945 1109 3998 et
1139 3941 1460 3998 secundum
1487 3939 1826 3998 meritorum

179 4031 518 4103 qualitatem
546 4047 649 4088 suo
679 4034 938 4101 tempore
964 4030 1116 4102 apud
1150 4047 1250 4086 vos
1280 4045 1409 4086 mea
1440 4026 1829 4101 mihijustitia

182 4118 580 4191 responderet.
615 4116 855 4174 Gavisus
885 4132 1018 4173 sum
1050 4117 1122 4174 de
1150 4117 1378 4173 sincera
1409 4117 1571 4172 bcnae
1597 4115 1826 4172 consci-

181 4209 343 4264 entia
374 4221 525 4264 mete
554 4207 792 4264 veritate
817 4206 1069 4263 confisus
1092 4207 1244 4278 quod
1264 4205 1423 4262 nulla
1450 4206 1625 4277 culpa
1647 4204 1829 4262 excel·

182 4293 415 4353 lantiam
448 4300 700 4352 vestram
723 4295 1055 4368 exasperari
1074 4293 1350 4367 patietur,
1367 4294 1451 4351 vel
1486 4293 1829 4352 benevolen-

182 4383 315 4440 tiam
367 4382 708 4454 denigrari;
756 4398 944 4455 neque
990 4398 1061 4439 ex
1103 4382 1214 4440 hoc
1262 4398 1417 4439 nunc
1459 4381 1822 4454 prudentiam

181 4476 430 4529 vestram
451 4471 875 4528 circumveniet
894 4475 1088 4529 astuta
1107 4470 1441 4545 malignitas
1470 4472 1827 4538 invidorum,
1859 4455 1906 4519 D

180 4561 270 4617 sed
284 4559 627 4617 secundum
639 4560 967 4618 doctrinam
978 4559 1270 4632 Evangelii
1285 4559 1428 4632 ipsis
1439 4560 1687 4618 credetis
1698 4574 1834 4631 ope·

177 4650 362 4717 ribus,
394 4653 455 4706 et
512 4654 703 4706 vestra
743 4650 816 4705 de
862 4649 1176 4706 manifestis
1223 4665 1418 4707 rerum
1468 4650 1828 4721 argumentis

175 4753 431 4797 mesura
461 4739 753 4810 procedet.
783 4740 972 4811 Atque
1020 4739 1241 4796 utinam
1293 4753 1426 4795 cum
1473 4738 1833 4810 inspectione

177 4827 553 4900 presentium
567 4826 708 4884 velit
727 4826 1041 4897 aliquando
1054 4832 1344 4899 perpetuis
1361 4828 1495 4885 fidei
1509 4826 1832 4885 devotionis

174 4925 226 4975 ct
242 4915 529 4990 obsequii
556 4916 668 4973 mei
687 4920 875 4973 vestra
894 4916 1153 4989 dignatio
1185 4916 1503 4987 reminisci,
1527 4922 1586 4974 et
1605 4932 1731 4988 quie
1752 4916 1833 4972 in-

1945 460 2237 532 notuistis,
2269 462 2369 518 sed
2383 462 2612 520 oculata
2633 465 2743 521 side
2762 469 2820 521 et
2837 464 3142 540 multiplici
3167 485 3400 541 semper
3422 487 3598 543 agno-

1942 549 2106 606 vistis
2132 551 2358 608 effectu.
2392 554 2460 607 Et
2490 569 2592 625 ego
2618 553 2846 625 quidem
2880 572 2914 610 a
2952 557 3208 614 secundo
3239 575 3395 616 anno
3426 559 3590 632 regni

1940 638 2112 694 vestri
2137 639 2382 711 gratiam
2406 646 2679 710 vestram,
2702 658 2815 712 qua
2834 660 2926 701 me
2942 660 3173 718 semper
3194 648 3438 706 fueratis
3456 665 3592 707 exu-

1939 726 2211 784 beranter
2231 728 2558 801 amplexus,
2576 731 2731 787 sensi
2751 732 2892 788 mibi
2925 737 3317 804 quorumdam
3350 736 3602 795 delatio·

1943 814 2113 871 nibus
2135 816 2506 873 imminutam
2519 863 2532 884 ,
2551 835 2700 890 quos
2718 835 2824 893 ego
2841 828 2995 878 certe
3007 821 3160 879 bona
3182 824 3316 894 fide,
3340 825 3596 883 familia·

1943 904 2095 959 ritati
2109 905 2437 962 etoonsiliis
2450 908 2820 965 admoveram
2837 911 2976 983 quia
2998 913 3368 984 prudentiam
3387 932 3591 974 eorum

1940 996 1997 1048 et
2021 992 2373 1051 industriam
2405 995 2567 1052 vobis
2598 996 2799 1054 utilem
2825 998 2946 1056 fore
2962 1001 3292 1071 credebam,
3318 1007 3489 1062 etms
3517 1006 3594 1062 ab

1939 1081 2025 1139 eis
2054 1084 2208 1156 apud
2242 1101 2342 1140 vos
2365 1084 2425 1140 iu
2455 1101 2542 1151 ea,
2576 1101 2755 1157 quam
2792 1102 3136 1159 merueram,
3183 1089 3588 1151 benevolentia

1941 1172 2426 1232 conservandum.
2453 1173 2624 1230 Porro
2646 1175 2836 1231 evenit
2854 1176 3000 1233 mibi
3021 1179 3176 1249 quod
3201 1179 3419 1237 infelici
3440 1182 3592 1237 mul-

1939 1263 2014 1317 tis
2050 1262 2445 1334 experimento
2475 1272 2696 1321 certum
2722 1272 2802 1321 est
2828 1266 3111 1332 evenisse,
3128 1268 3294 1327 abiis
3317 1285 3408 1326 me
3428 1270 3590 1327 scili-

1941 1354 2035 1408 cet
2059 1351 2492 1424 aliquantulum
2525 1354 2822 1426 repulsum
2843 1371 2991 1424 ease,
3035 1357 3133 1427 qui
3168 1372 3294 1414 mea
3342 1358 3593 1416 luissent

1939 1439 2248 1498 sedulitate
2280 1442 2548 1513 promoti.
2576 1442 2669 1499 Sic
2690 1443 2848 1500 enim
2874 1449 2993 1513 est;
3010 1445 3162 1504 inter
3181 1462 3304 1518 eos,
3324 1448 3427 1520 qui
3448 1448 3593 1506 viris

1940 1528 2296 1586 sublimibus
2318 1536 2460 1587 sunt
2482 1533 2833 1602 acceptiores
2854 1539 2908 1588 et
2938 1532 3156 1602 intimi,
3200 1536 3411 1609 saepius
3456 1553 3589 1594 rara

1942 1619 2083 1676 fides
2111 1621 2358 1677 vertitur
2384 1625 2442 1677 et
2470 1639 2603 1678 rara
2632 1622 2885 1691 dilectio,
2909 1639 3090 1696 seque
3121 1625 3362 1682 student
3381 1625 3588 1685 multis

1941 1709 2164 1766 artibus
2194 1711 2531 1782 praevenire‚
2557 1713 2697 1783 quia
2719 1712 2970 1784 quisque
2996 1713 3110 1770 sibi
3131 1714 3317 1772 credit
3345 1717 3591 1775 attribu·

1942 1800 2185 1869 endum,
2216 1799 2505 1872 quidquid
2536 1800 2718 1858 fuerit
2744 1801 2838 1857 alii
2886 1802 3243 1874 derogatum.
3277 1807 3402 1872 Quo
3452 1822 3592 1864 eane

1942 1887 2257 1954 intellecto,
2291 1888 2490 1945 censui
2524 1888 2725 1946 honori
2758 1894 2951 1947 vestro
2971 1898 3027 1948 et
3069 1892 3421 1950 utilitatibus
3471 1895 3591 1953 lor·

1942 1975 2062 2032 tius
2091 1976 2503 2044 insistendum,
2536 1981 2602 2035 ut
2633 1979 2899 2035 studium
2929 1987 2985 2036 et
3006 1982 3441 2052 perseverantia
3461 2000 3590 2041 mea

1941 2064 2343 2123 contusionem
2367 2066 2792 2138 possetinrerre
2821 2067 3153 2139 fallacibus,
3201 2074 3260 2126 et
3295 2070 3436 2127 mihi
3465 2071 3589 2143 ple·

1943 2154 2273 2211 nitudiuem
2304 2154 2504 2227 gratiae
2542 2163 2766 2216 vestris.
2818 2157 2990 2228 cujus
3036 2157 3413 2215 manifestum
3464 2163 3589 2217 erat

1942 2242 2167 2315 aliquot
2193 2244 2387 2301 adhuc
2420 2248 2633 2300 restare
2674 2244 2965 2316 reliquias,
3018 2263 3309 2313 reparare.
3362 2246 3585 2305 Proieci

1943 2331 2283 2404 aliquando,
2309 2334 2410 2389 sed
2435 2334 2506 2388 ad
2524 2333 2826 2406 antiquam
2850 2332 3270 2404 plenitudinem
3293 2335 3593 2407 pervenire

1942 2436 2059 2478 non
2082 2423 2277 2495 potui;
2310 2422 2408 2479 sed
2444 2423 2500 2477 in
2534 2422 2871 2480 novissimis
2900 2423 3298 2481 vehementius
3340 2439 3587 2497 exaspe-

1943 2515 2136 2567 ratum
2160 2511 2368 2579 sentio,
2401 2527 2574 2584 quem
2614 2527 2719 2584 ego
2770 2513 2828 2568 in
2870 2511 3226 2570 novissimis.
3259 2512 3377 2569 Deo
3417 2517 3588 2582 teste,

1946 2604 2131 2656 totum
2182 2616 2549 2673 speraveram
2591 2601 2816 2657 sincera
2864 2601 2979 2658 tide
3025 2608 3081 2657 et
3131 2601 3591 2673 promptissimis

1942 2688 2240 2761 obsequiis
2287 2690 2626 2746 redemisse.
2677 2689 3017 2747 Revertatur
3068 2689 3270 2762 utiquc
3317 2690 3588 2747 dominus

1944 2794 2113 2835 meus
2145 2779 2215 2835 ad
2248 2795 2367 2847 cor,
2401 2779 2681 2852 quoniam
2714 2779 3028 2838 miserendi
3058 2785 3289 2852 tempus
3331 2780 3587 2848 advenit,

1943 2883 2049 2924 nec
2069 2883 2175 2940 ego
2206 2884 2466 2940 propono
2505 2870 2658 2941 apud
2682 2885 2785 2926 vos
2817 2868 3060 2927 ulterius
3089 2871 3159 2926 de
3191 2873 3335 2927 meis
3364 2869 3588 2942 aliquid

1944 2955 2169 3015 meritis
2222 2955 2503 3031 allegare3
2554 2958 2657 3015 sed
2706 2958 2892 3015 solam
2935 2957 3238 3016 humiliter
3271 2958 3588 3033 implorare

1941 3045 2329 3117 clementiam,
2362 3063 2487 3119 quae
2520 3050 2737 3119 quanto
2788 3047 3229 3104 desiderabilior
3262 3052 3375 3116 est,
3424 3052 3586 3106 tanto

1860 3107 1905 3175 c
1945 3135 2185 3205 majoris
2239 3135 2412 3192 debet
2458 3135 2518 3192 in
2567 3134 2929 3207 principibus
2972 3137 3272 3207 aestimari,
3310 3153 3489 3211 quam
3538 3135 3588 3194 si
3631 3171 3640 3179 -

1945 3222 2294 3296 poenitentias
2323 3223 2794 3298 delinquentium
2826 3225 3084 3298 impendi
3116 3228 3440 3300 gloriosum
3475 3232 3590 3294 est,

1940 3314 2191 3386 profecto
2225 3330 2338 3370 non
2370 3312 2603 3369 debebit
2633 3314 2977 3370 innocentiae
3026 3315 3320 3387 denegari.
3368 3315 3582 3373 Notum

1941 3419 2035 3460 me
2058 3401 2312 3459 totiorbi
2351 3400 2581 3475 longior
2627 3406 2772 3458 oetas
2822 3408 2880 3460 et
2918 3403 3224 3461 discursus
3272 3403 3583 3477 multiplex

1940 3493 2191 3548 reddidit
2214 3495 2271 3548 et
2313 3496 2644 3563 acceptum,
2686 3495 2861 3564 atque
2904 3491 3295 3550 inhumanum
3342 3494 3588 3552 tortasse

1940 3579 2360 3649 reputabitura
2397 3577 2686 3650 pluribus,
2735 3580 2787 3635 si
2839 3579 3234 3637 innocentiam
3285 3596 3480 3637 meam
3526 3584 3586 3638 et

1942 3666 2271 3725 novissima
2317 3668 2629 3725 senectutis
2667 3670 2902 3740 tempus
2958 3672 3148 3724 vestra
3196 3669 3461 3727 severius
3498 3668 3593 3725 di-

1937 3757 2138 3828 gnatio
2172 3759 2586 3828 prosequatur;
2623 3755 2673 3811 si
2705 3755 2995 3812 duriorem
3044 3755 3295 3813 tuleritis
3340 3756 3413 3812 de
3460 3772 3593 3814 am·

1936 3844 2114 3918 bigua
2146 3846 2506 3918 suspicione.
2538 3845 2737 3916 potius
2768 3861 2945 3917 quam
2988 3846 3060 3901 de
3105 3860 3299 3901 rerum
3349 3845 3593 3902 veritate

1938 3934 2336 4004 sententiam3
2394 3935 2443 3991 si
2497 3934 2860 3989 imminentis
2902 3932 3214 4006 sepulturis
3263 3933 3590 3992 claustrum

1940 4038 2075 4079 cum
2111 4023 2379 4096 lacrymis
2410 4027 2469 4079 et
2499 4038 2741 4079 moerore
2771 4023 3016 4080 feceritis
3057 4023 3335 4093 introire;
3377 4023 3429 4081 si
3469 4028 3591 4082 sta·

1936 4115 2059 4167 tum
2083 4110 2343 4169 eeclesiae
2372 4111 2709 4168 labefactari
2741 4113 3160 4181 sustinueritis,
3183 4129 3364 4185 quam
3383 4113 3446 4170 in
3473 4114 3594 4171 die·

1936 4200 2046 4257 bus
2078 4201 2225 4257 meis
2248 4203 2318 4258 de
2347 4217 2600 4275 paupere
2627 4201 2894 4271 divitem,
2918 4202 3224 4259 sublimem
3249 4203 3321 4259 de
3352 4203 3593 4271 humili,

1937 4291 2367 4365 praedicabilem
2400 4293 2470 4348 de
2500 4293 2753 4349 obscura
2783 4297 2986 4351 vestris
3019 4293 3351 4351 serenitatis
3378 4293 3567 4352 heneti

1935 4381 2022 4437 cia
2042 4380 2434 4437 reddiderunt.

2647 4470 2846 4528 XCIV.

2150 4576 2224 4615 an
2272 4574 2627 4616 wican-‚musi
2666 4574 2931 4617 usuarium
2972 4576 3340 4617 enecassem.

2012 4647 2178 4705 Sicut
2198 4648 2352 4705 novit
2385 4649 2688 4721 prudentia
2735 4655 2921 4706 vestra
2968 4666 3224 4714 causam,
3249 4664 3381 4720 quae
3423 4648 3573 4704 inter

1939 4739 2479 4796 cenomannensem
2508 4739 2848 4812 episcopum
2869 4746 2923 4794 et
2953 4738 3309 4795 Clementem
3329 4737 3573 4794 vertitur

1941 4828 2053 4887 sub
2081 4845 2147 4885 eo
2180 4828 2351 4885 modo
2375 4828 2541 4887 nobis
2563 4832 2620 4885 et
2649 4829 2811 4884 vobis
2861 4826 3109 4883 Romani
3153 4826 3448 4896 pontificis
3490 4827 3592 4884 de·

1945 4920 2159 4993 legavit
2185 4920 2519 4988 auctoritas,
2555 4925 2618 4975 ut
2676 4920 2724 4976 si
2775 4919 2922 4975 alter
2959 4922 3218 4977 nostrum
3269 4935 3384 4975 non
3424 4917 3593 4976 vellet

177 5006 431 5064 teralios
444 5020 577 5062 meo
589 5005 964 5076 singulariter
975 5006 1220 5063 consilio
1243 5012 1299 5063 et
1318 5006 1612 5063 industria
1629 5006 1833 5062 honori
1946 5008 2038 5066 vel
2064 5025 2180 5064 non
2213 5013 2408 5081 posset
2430 5009 2731 5077 interesse,
2760 5005 2907 5063 alter
2939 5005 3328 5065 nibilominus
3349 5008 3478 5066 sine
3499 5024 3597 5081 ap-

180 5100 457 5154 vostrost
480 5091 1081 5166 utilitatiquandoque
1102 5094 1490 5166 provenerint,
1507 5109 1651 5166 quos
1672 5093 1836 5150 deni·
1948 5097 2281 5171 pellationis
2323 5096 2623 5155 obstaculo
2662 5097 2954 5155 definiret.
3005 5099 3069 5153 In
3129 5114 3246 5171 quo
3289 5098 3596 5155 manileate

180 5183 612 5258 qnelaboreset
633 5185 909 5255 sumptus
938 5183 1244 5240 vobiscum
1259 5198 1390 5240 cum
1423 5183 1584 5240 omni
1606 5198 1840 5256 semper
1951 5188 2124 5243 datur
2171 5185 2417 5259 intelligi
2463 5185 2523 5242 in
2564 5186 2832 5243 absentia
2878 5186 3141 5253 alterius,
3189 5190 3375 5243 totam
3428 5185 3595 5242 alteri

184 5272 480 5330 hilaritate
503 5272 864 5344 pertulerim,
888 5272 1105 5345 quibus
1124 5273 1275 5329 vires
1299 5272 1559 5346 corporis
1578 5280 1841 5330 etrerum
1953 5275 2284 5349 consignari
2316 5273 2669 5348 cognitionis
2690 5281 2748 5333 ct
2769 5277 2976 5347 judicii
3014 5281 3378 5350 potestatem,
3412 5290 3518 5332 nec
3550 5275 3599 5333 is

182 5361 502 5418 facilitates
531 5377 635 5434 per
649 5361 891 5434 triginta
912 5378 1100 5419 annos
1129 5362 1449 5419 continuos
1478 5364 1686 5419 attritis
1706 5366 1846 5419 sunt
1955 5362 2054 5434 qui
2084 5365 2296 5420 absens
2317 5368 2426 5434 est,
2451 5364 2555 5436 jus
2574 5364 2746 5422 babet
2799 5365 2952 5421 vices
2996 5381 3136 5421 suas
3184 5364 3282 5419 alii
3332 5364 3606 5421 commit-

184 5457 239 5508 et
258 5449 1039 5523 consumpto.8uccessisse
1060 5451 1204 5507 mihi
1225 5451 1499 5519 dicerem,
1523 5452 1640 5507 imo
1663 5450 1846 5507 animi
1958 5451 2137 5514 tendi.
2170 5453 2305 5524 quia
2332 5452 2391 5508 in
2422 5452 2672 5511 alterum
2700 5458 2817 5511 tota
2848 5454 3060 5525 negotii
3109 5452 3417 5510 decidendi
3465 5470 3605 5512 con-

189 5541 399 5599 lntitia
416 5541 729 5616 gloriarer,
758 5539 807 5599 si
836 5540 925 5600 vel
953 5539 1014 5599 in
1045 5541 1274 5600 modico
1304 5546 1505 5600 vestro
1536 5542 1848 5601 sensissem
1959 5540 2110 5598 cedit
2138 5541 2460 5602 auctoritas
2497 5557 2511 5599 ε
2545 5542 2700 5601 sicut
2723 5543 2851 5614 ejus
2882 5542 2981 5615 qui
3013 5540 3303 5615 delegavit
3342 5542 3606 5616 superior
