3784 6000
98 234 223 295 717

542 229 740 292 ms'r.
789 230 1064 294 RERUM
1110 231 1671 296 TRANSMARIN.
1719 270 1797 281 -
1838 239 1993 300 LIB.
2041 228 2252 302 xvul.
2300 241 2746 305 BALDUINUS
2788 243 2872 306 111
2917 246 3086 307 REX.

3394 251 3515 313 '118

98 370 306 424 tamen
339 367 734 440 quorumdam
769 366 1124 439 prudentum
1164 366 1484 425 amicorum
1519 385 1755 427 suorum
1787 373 1840 442 Α
1864 373 2111 446 jamjam
2134 376 2490 433 transiturus
2508 381 2886 451 exspectaret,
2910 385 3112 454 captus
3129 387 3221 441 est
3242 399 3259 453 3
3280 388 3339 442 et
3361 385 3517 458 regis

100 455 294 513 fretus
325 455 594 524 consilio,
626 461 810 511 totum
843 454 951 511 hoc
982 455 1382 528 dissimulans,
1407 458 1555 515 sicut
1583 458 1759 517 homo

103 561 350 602 severus
381 550 527 611 erat,
552 543 856 602 dominum
881 560 1093 616 papam
1117 545 1538 617 frequentabat,
1562 548 1764 607 diebus

98 632 264 691 festis
313 634 589 692 assiduus
653 637 779 689 erat
821 633 882 689 in
929 633 1290 703 consistorio,
1358 634 1763 707 episcoporum

96 739 348 780 suorum
375 730 523 780 coetu
545 721 953 781 venerabiliter
970 720 1397 796 circumseptus
1420 743 1434 794 ;
1469 725 1560 781 cui
1583 727 1762 784 etiam

95 813 517 871 advocatorum
550 812 747 880 turba,
780 811 1006 885 quoties
1034 828 1184 884 opus
1232 820 1375 882 erat,
1417 815 1580 888 Jugis
1611 817 1763 872 assi-

95 902 317 972 stebat,
349 900 608 959 officium
630 899 956 973 adimplere
979 905 1199 974 parata.
1227 900 1372 959 Data
1393 903 1572 976 igitur
1593 906 1764 961 utris-

96 1005 213 1060 que
263 987 529 1062 partibus
553 986 850 1056 audiente,
892 1003 1026 1045 cum
1066 990 1193 1061 jam
1243 1006 1345 1060 per
1396 992 1518 1048 dies
1550 994 1759 1050 multos

98 1079 386 1152 utrinque
399 1078 687 1136 inutiliter
700 1083 857 1136 esset
871 1079 1255 1151 decertatum,
1268 1081 1471 1138 videns
1488 1083 1763 1142 dominus

103 1167 464 1241 patriarcha,
493 1172 554 1225 et
580 1184 685 1240 per
715 1167 1003 1241 quosdam
1031 1167 1349 1226 familiares
1379 1171 1594 1229 amicos
1624 1189 1763 1230 suos

99 1255 469 1331 intelligens,
517 1258 672 1330 quod
718 1274 833 1313 non
868 1257 1195 1329 proficeret,
1230 1264 1465 1332 sumpta
1502 1260 1758 1333 licentia,

97 1345 504 1404 conditionem
555 1345 810 1402 referens
861 1346 1230 1416 deteriorem,
1280 1349 1621 1407 confusione
1668 1351 1762 1406 in-

100 1437 289 1493 dutus
308 1440 366 1492 et
389 1434 733 1503 reverentia,
759 1450 1074 1507 aggressus
1095 1443 1184 1492 est
1203 1439 1272 1493 ad
1298 1438 1531 1509 propria
1553 1440 1758 1497 redire.

100 1531 180 1582 De
209 1530 380 1582 tanta
408 1530 605 1581 autem
645 1524 1029 1581 cardinalium
1053 1528 1243 1594 turba,
1267 1527 1359 1582 vix
1380 1529 1591 1600 reperti
1622 1533 1763 1587 sunt

100 1615 216 1671 duo
239 1613 330 1671 vel
355 1622 493 1682 tres,
516 1613 794 1670 dominus
808 1613 1461 1686 videlicetOctavianus,
1485 1617 1761 1675 dominus

98 1705 365 1762 Joannes
393 1704 463 1760 de
493 1704 706 1760 Sancto
757 1703 1027 1773 Martino,
1074 1708 1174 1776 qui
1222 1706 1486 1775 eJusdem
1538 1707 1761 1763 domini

102 1793 482 1867 patriarchae,
531 1792 671 1849 dum
740 1799 897 1850 esset
943 1794 1216 1867 Tyrensis
1264 1796 1758 1869 archiepiscopus,

103 1881 566 1940 archidiaconus
596 1880 797 1951 fuerat,
834 1883 931 1953 qui
955 1881 1251 1938 Christum
1285 1889 1615 1954 sequentes,
1637 1886 1766 1955 ejus

104 1973 449 2028 ministrum
487 1971 548 2027 in
596 1985 776 2026 causa
824 1987 935 2026 sua
982 1971 1074 2042 pie
1122 1971 1335 2027 vellent
1381 1989 1603 2029 vovere.
1654 1974 1767 2030 Alii

110 2075 324 2118 omnes
352 2059 630 2115 abeuntes
662 2063 786 2130 post
833 2075 1099 2128 munera,
1132 2062 1312 2116 secuti
1343 2067 1482 2117 sunt
1509 2063 1628 2118 vias
1658 2064 1768 2119 Ba-

110 2151 299 2215 laam,
331 2147 438 2203 fllii
479 2151 677 2205 Bosor.
726 2147 1008 2204 Dominus
1056 2165 1186 2205 vero
1237 2166 1388 2222 papa
1420 2152 1767 2224 urgentibus

107 2259 245 2300 eum
277 2240 437 2297 curis
467 2238 826 2308 domesticis,
868 2245 1208 2296 transcursa
1241 2243 1560 2314 Campania
1590 2248 1768 2300 Bene-

104 2339 345 2386 ventum
382 2328 666 2403 pervenit.
691 2329 919 2385 Interea
942 2346 1038 2385 rex
1062 2329 1295 2400 Siciliae,
1320 2332 1590 2388 dominus
1619 2332 1766 2387 Wil-

106 2418 339 2487 lelmus,
389 2418 630 2475 audiens
676 2426 731 2472 et
781 2417 999 2474 crebris
1055 2419 1298 2475 edoctus
1350 2419 1763 2493 legationibus,

108 2508 268 2582 quod
300 2507 361 2564 in
384 2507 649 2580 partibus
669 2507 913 2578 Apuliae,
936 2525 1131 2564 comes
1153 2509 1438 2565 Robertus
1463 2511 1532 2566 de
1556 2511 1769 2566 Bassa-

109 2598 273 2665 villa,
307 2613 427 2652 una
473 2612 604 2652 cum
640 2595 855 2652 Graecis
907 2597 1199 2670 regionem
1232 2607 1618 2669 occupassent
1648 2600 1769 2656 vio-

110 2688 346 2753 lenter;
374 2685 434 2741 in
480 2684 794 2758 Campania
840 2702 974 2742 vero
1026 2687 1289 2758 princeps
1335 2689 1667 2761 Capuanus,
1709 2696 1767 2746 et

110 2791 323 2833 comes
356 2775 604 2831 Andreas
634 2773 747 2831 late
776 2791 877 2831 sua
908 2775 1301 2833 diffunderent
1346 2777 1610 2850 imperia,
1662 2779 1764 2834 do-

112 2865 323 2922 minus
352 2878 581 2937 quoque
628 2880 779 2936 papa
809 2866 867 2919 in
901 2865 1295 2924 Beneventum
1340 2883 1402 2923 se
1452 2873 1762 2939 receperat,

113 2957 271 3013 unde
297 2957 571 3013 omnihus
601 2955 890 3028 praedictis
930 2957 1080 3013 vires
1112 2960 1168 3012 et
1198 2956 1426 3013 animos
1458 2957 1760 3014 ministra-

114 3047 241 3112 bat,
273 3046 645 3117 congregatis
676 3060 742 3101 ex
778 3045 1047 3101 universa
1079 3046 1274 3101 Sicilia
1294 3052 1350 3101 et
1370 3046 1635 3102 Calabria
1658 3048 1761 3102 mi·

1873 460 2142 518 fidelibus
2171 462 2440 535 traditus,
2466 465 2520 521 in
2545 466 2803 523 Siciliam
2826 467 3113 527 deductus
3131 476 3243 539 est,
3263 472 3361 528 ubi
3383 489 3518 529 con·

1873 549 2036 608 tinuo
2076 568 2303 609 carcere
2332 559 2390 611 et
2417 556 2669 612 caecitate
2716 556 2993 615 violenter
3041 558 3302 629 inducta,
3334 562 3519 620 misc-

1874 639 2127 700 rabiliter
2156 643 2332 699 vitam
2363 643 2569 702 finivit.

2499 750 2735 808 CAPUT
2779 752 2880 809 IX.

1870 839 1938 893 In
1967 840 2201 909 AEqypto
2234 841 2499 896 tumultus
2529 842 2807 898 excitatw·
2834 845 3053 901 civilis:
3082 849 3227 918 sapit
3251 848 3518 906 soldanus

1942 911 2011 964 ab
2040 910 2141 971 eis.
2181 916 2233 966 et
2281 912 2554 968 occiditur
2597 930 2636 969 a
2680 917 2922 980 nostris;
2957 922 3172 989 capitur
3211 919 3330 991 ejus
3357 919 3518 991 filius

1942 981 2360 1039 Noscerodinus.

1941 1086 2049 1141 Per
2076 1087 2233 1142 idem
2264 1093 2521 1162 tempus,
2573 1107 2746 1163 regno
2796 1092 3327 1169 Hierosolymorum
3377 1097 3519 1156 satia

1870 1190 2141 1248 prospere
2163 1193 2266 1249 per
2293 1177 2396 1233 Dei
2423 1179 2881 1238 misericordiam
2900 1198 2962 1239 se
2986 1183 3256 1256 habente,
3275 1186 3520 1258 contigit

1870 1265 2137 1337 regiones
2185 1266 2236 1323 ei
2285 1267 2617 1340 adjacentes
2663 1287 2732 1327 ex
2780 1276 3022 1343 utroque
3088 1274 3288 1344 latere,
3350 1276 3520 1348 quasi

1871 1352 2171 1425 inopinato
2201 1356 2614 1415 miserabiliter
2641 1361 2896 1416 concuti.
2943 1361 3089 1419 Nam
3127 1364 3521 1438 AEgyptiorum

1871 1442 2111 1513 quidam
2135 1446 2600 1516 potentissimus,
2633 1447 2979 1507 soldanatus
3010 1468 3189 1524 agens
3240 1453 3519 1523 officium,

1870 1533 2176 1589 deminum
2191 1535 2466 1606 regionis,
2480 1536 2770 1609 calipham
2788 1538 3256 1613 videlicet,quem
3270 1541 3522 1617 AEgyptii

1871 1637 1975 1692 pro
2004 1638 2232 1678 summo
2265 1625 2506 1680 numine
2536 1625 2722 1681 colere
2751 1627 2942 1685 solent
2970 1632 3028 1684 et
3055 1616 3346 1698 venerari,
3365 1646 3526 1689 acce·

1869 1709 2016 1765 dens
2036 1711 2110 1766 ad
2129 1727 2262 1767 eum
2290 1711 2670 1784 familiariter,
2700 1719 2980 1787 tanquam
3000 1719 3366 1789 negotiorum
3396 1720 3523 1792 ejus

1873 1799 2231 1857 domesticus
2263 1808 2622 1873 procurator,
2672 1804 2730 1859 in
2781 1807 3092 1863 secretiore
3124 1807 3323 1879 palatii
3353 1807 3527 1865 cubi-

1872 1888 2001 1946 culo
2030 1889 2432 1948 fraudulenter
2450 1892 2703 1949 occidit:
2741 1893 2850 1950 hoc
2880 1900 3073 1952 autem
3106 1911 3172 1951 ea
3202 1896 3525 1953 intentione

1872 1977 2090 2034 dicitur
2129 1980 2358 2049 fecisse,
2390 1986 2457 2037 ut
2491 1981 2680 2038 fllium
2703 1998 2876 2039 suum
2898 1983 3323 2041 Noseredinum
3345 1986 3405 2041 in
3427 2001 3521 2043 ca-

1872 2065 2096 2138 lipham
2148 2069 2418 2141 erigeret,
2450 2075 2509 2126 et
2538 2071 2597 2125 in
2631 2073 2793 2144 regni
2843 2073 3373 2144 administratione,
3404 2074 3525 2132 filio

1875 2157 2238 2228 praesidente,
2270 2159 2397 2215 sine
2425 2175 2566 2215 cura
2595 2168 2648 2216 et
2687 2159 3078 2218 sollicitudine
3107 2167 3519 2235 perseveraret.

1876 2246 2209 2301 Arbitratus
2239 2252 2330 2303 est
2358 2253 2552 2303 autem
2604 2265 2706 2320 per
2754 2250 2878 2306 dies
2927 2249 3149 2321 aliquot
3179 2267 3301 2308 rem
3351 2266 3522 2324 posse

1875 2334 2175 2404 occultari,
2206 2351 2511 2407 quousque
2542 2342 2772 2410 recepto
2803 2340 3016 2410 palatio
3043 2340 3261 2410 majore
3300 2346 3359 2398 et
3389 2342 3523 2399 the-

1875 2423 2068 2479 sauris
2098 2425 2402 2496 occupatis
2431 2442 2501 2481 ex
2530 2427 2777 2498 integro.
2816 2433 3089 2499 coetuque
3118 2429 3436 2486 amicorum
3468 2433 3528 2487 et

1876 2512 2229 2569 familiarum
2291 2524 2628 2583 convocato,
2705 2516 3031 2573 volentibus
3096 2517 3150 2573 ei
3200 2519 3306 2576 hoc
3367 2518 3525 2591 quod

1873 2608 2073 2674 egerat
2100 2603 2170 2657 ad
2211 2608 2454 2659 mortem
2497 2605 2810 2676 imputare,
2857 2606 3128 2663 resistere
3159 2611 3378 2679 posset.
3410 2607 3523 2665 Sed

1871 2705 1966 2745 res
2016 2690 2185 2761 longe
2236 2690 2402 2747 aliter
2449 2693 2683 2749 accidit.
2735 2693 2880 2749 Nam
2931 2695 3158 2751 modico
3219 2695 3524 2768 interjecto

1873 2782 2152 2849 tempore,
2184 2779 2375 2835 scelus
2396 2779 2780 2838 commissum
2804 2782 3081 2851 innotuit,
3114 2793 3168 2840 et
3197 2785 3389 2841 omnis
3417 2801 3524 2857 po·-

1872 2867 2047 2939 pulus
2078 2885 2111 2923 a
2152 2869 2407 2925 maximo
2439 2887 2627 2942 usque
2654 2871 2727 2928 ad
2762 2871 3102 2939 minimum,
3132 2877 3419 2944 tanquam
3439 2874 3526 2931 vir

1873 2973 2049 3026 unus,
2082 2958 2451 3024 conveniens,
2483 2960 2726 3016 domum
2757 2959 2941 3024 illiue.
2974 2961 3032 3017 in
3065 2979 3241 3035 quam
3273 2978 3357 3034 se,
3391 2979 3523 3037 per-

1873 3051 2096 3116 petrato
2118 3047 2456 3115 homicidio,
2480 3050 2821 3120 contulerat,
2844 3052 3102 3123 undique
3121 3052 3422 3120 vallantes,
3446 3054 3520 3109 ad

114 3134 390 3191 litaribus
416 3134 618 3205 copiis,
650 3151 783 3191 cum
827 3135 1185 3207 ingentibus'
1209 3136 1673 3207 expeditionibus
1702 3135 1763 3192 in
1795 3130 1839 3196 C
1881 3151 2082 3206 poenas
2132 3152 2246 3191 una
2293 3154 2430 3194 voce
2472 3138 2659 3194 virum
2708 3142 3065 3212 sanguinum
3114 3142 3373 3214 exigunt,
3421 3142 3522 3215 qui

114 3223 383 3296 Apuliam
430 3224 707 3296 pervenit.
754 3224 855 3281 ubi
896 3224 1095 3280 statim
1145 3224 1297 3280 circa
1343 3223 1768 3293 Brundusium,

115 3311 379 3385 fugiente
423 3312 636 3369 comite
682 3312 950 3379 Roberto,
1004 3313 1184 3385 primo
1232 3317 1410 3370 Marte
1440 3312 1767 3373 Graecorum

113 3402 266 3460 fudit
332 3402 565 3473 copias;
618 3406 673 3458 et
714 3403 906 3458 attrito
964 3403 1199 3476 penitus
1244 3419 1443 3459 eorum
1492 3405 1768 3473 exercitu,

115 3494 295 3549 duces
341 3506 544 3549 eorum
590 3495 809 3564 captos,
859 3491 1108 3548 vinculis
1151 3493 1525 3564 mancipavit.
1591 3492 1769 3549 Casas

116 3595 376 3653 quoque,
407 3595 558 3652 quas
590 3580 925 3649 intulerant,
946 3580 1113 3638 valde
1132 3580 1506 3653 multiplices,
1539 3581 1660 3638 suis
1682 3583 1769 3638 in-

118 3671 254 3727 tulit
293 3672 416 3728 tam
451 3672 715 3740 potenter
758 3684 928 3739 quam
982 3669 1230 3724 feliciter
1275 3669 1603 3725 vestiariis:
1638 3670 1771 3728 inde

116 3761 355 3831 recepta
390 3759 661 3815 universa
714 3758 971 3829 regione,
1019 3774 1145 3829 quae
1190 3759 1263 3813 ab
1293 3774 1360 3814 eo
1391 3759 1675 3814 defecerat
1716 3762 1771 3814 et

118 3848 357 3922 populis
387 3848 577 3921 gratia
623 3848 914 3915 restituta,
948 3847 1341 3903 Beneventum
1373 3847 1636 3917 obsidet;
1670 3847 1769 3904 ubi

116 3939 300 3996 tantis
328 3942 446 3994 tarn
483 3937 785 3994 dominum
814 3954 1024 4009 papam
1059 3953 1188 3992 cum
1208 3938 1332 3993 suis
1354 3938 1770 4008 cardinalibus,

118 4043 306 4101 quam
340 4027 496 4083 cives
530 4026 824 4082 universos
860 4026 1049 4081 ass'ecit
1078 4027 1382 4095 molestiis,
1412 4035 1472 4082 ut
1501 4032 1560 4084 et
1587 4027 1772 4083 victus

117 4116 396 4174 deficeret
426 4118 484 4171 et
514 4116 585 4171 de
606 4114 798 4171 salute
831 4115 1094 4170 redderet
1122 4114 1290 4170 valde
1321 4114 1641 4172 sollicitos:
1673 4114 1774 4171 ubi

117 4205 350 4263 nuntiis
379 4203 925 4274 intercurrentibus,
973 4203 1331 4275 quibusdam
1364 4201 1608 4260 occultis
1637 4219 1774 4260 con-

116 4293 465 4364 ditionibus,
515 4294 824 4350 reformata
871 4297 961 4349 est
1013 4309 1124 4365 pax
1169 4293 1317 4349 inter
1364 4311 1484 4366 eoa,
1527 4293 1778 4352 exclusis

118 4383 398 4442 omnibus
426 4381 547 4440 illis
578 4399 611 4438 a
643 4383 876 4451 foedere,
910 4383 1009 4454 qui
1043 4382 1265 4438 domini
1298 4400 1457 4456 papae
1483 4384 1778 4441 suasioni-

1877 3225 2112 3281 domino
2162 3226 2417 3298 regionis
2462 3244 2609 3284 ausu
2662 3230 2880 3287 nefario
2932 3238 3175 3288 mortem
3226 3231 3521 3288 intulerat.

1876 3311 2140 3384 Dumque
2163 3314 2387 3371 instant
2402 3318 2748 3388 proterviuS,
2773 3318 3164 3376 vidensaliam
3182 3319 3389 3377 salutis
3407 3336 3522 3376 non

1879 3418 2182 3473 superesse
2212 3406 2389 3472 viam,
2421 3406 2729 3463 thesauros
2772 3410 3054 3479 aperiens,
3104 3425 3334 3477 aurum,
3359 3424 3527 3482 gem-

1883 3509 2033 3560 mae,
2065 3497 2121 3547 et
2150 3508 2515 3566 quaecunque
2536 3494 2784 3551 habebet
2820 3498 3228 3554 desiderabilia
3250 3514 3354 3571 per
3376 3500 3530 3556 lene-

1879 3584 2028 3636 stras
2050 3580 2387 3638 vociferanti
2423 3584 2654 3654 projicit
2696 3584 2933 3656 populo,
2983 3590 3069 3654 ut,
3102 3587 3241 3642 dum
3275 3589 3333 3642 in
3364 3586 3527 3644 colli·

1877 3669 2067 3742 gendo
2115 3674 2270 3724 esset
2315 3669 2637 3741 sollicitior,
2680 3672 2806 3744 ipse
2853 3688 3203 3746 quocunque
3249 3676 3423 3731 modo
3452 3675 3526 3731 ad

1882 3758 1997 3813 iter
2024 3773 2087 3813 se
2107 3765 2477 3830 praepararet.
2519 3761 2665 3827 Quid
2709 3761 2879 3834 plura
2898 3762 2925 3817 ?
2948 3763 3230 3835 Egressus
3260 3779 3392 3820 cum
3422 3763 3531 3820 ho·

1883 3852 2049 3904 nesto
2084 3847 2336 3904 filiorum
2370 3866 2435 3905 ac
2465 3856 2727 3921 nepotum
2759 3852 3055 3919 comitatu,
3087 3851 3285 3908 invitis
3314 3852 3399 3908 eis
3427 3849 3530 3924 qui

1882 3950 2014 3993 cum
2048 3936 2417 4008 obsederant,
2468 3937 2576 3994 iter
2624 3940 2831 4012 arripit
2876 3956 3081 3997 versus
3126 3941 3528 3998 solitudinem.

1884 4026 2259 4096 Damascum,
2293 4032 2353 4083 ut
2381 4027 2706 4097 dicebatur,
2753 4029 3155 4101 profecturus;
3206 4029 3290 4085 illi
3332 4035 3524 4087 autem

1883 4113 2067 4170 nihilo
2081 4114 2466 4187 segniuseum
2491 4117 3530 4191 insectantes,impedirelaborabant.

1883 4205 1965 4259 At
1994 4220 2124 4261 vero
2155 4203 2313 4261 filius
2344 4206 2473 4276 ejus
2502 4207 2946 4281 primogenitus,
2977 4213 3034 4264 et
3063 4207 3161 4265 alii
3200 4210 3271 4266 de
3311 4207 3534 4267 familia

1885 4293 1995 4349 viri
2026 4293 2347 4367 prudentes
2380 4300 2436 4351 et
2465 4294 2524 4351 in
2553 4299 2732 4353 armis
2760 4297 3006 4367 strenui,
3031 4314 3130 4354 eos
3156 4316 3190 4355 a
3212 4313 3276 4355 se
3303 4296 3532 4372 longius

1885 4387 2178 4455 arcentes,
2212 4384 2582 4441 sustinebant
2606 4385 2856 4457 impetas
2900 4390 2960 4442 at
3006 4386 3080 4443 ad
3123 4404 3263 4444 suos
3292 4386 3534 4460 propius

121 4476 258 4541 bus,
289 4474 472 4528 tantis
501 4486 565 4528 se
595 4471 897 4528 laboribus
943 4473 1357 4528 immerserunt
1387 4478 1445 4529 et
1477 4473 1775 4547 periculis.
1808 4503 1857 4570 D
1889 4473 2162 4531 accedere
2192 4489 2307 4529 non
2340 4474 2774 4547 permittebant.
2798 4475 3101 4533 Interdum
3120 4476 3292 4534 etiam
3316 4480 3375 4533 et
3398 4492 3537 4533 vasa

120 4561 404 4618 videntes
448 4576 584 4634 ergo
616 4560 873 4633 praedicti
923 4560 1151 4617 nobiles
1197 4560 1328 4628 viri,
1378 4563 1530 4633 quod
1574 4567 1778 4620 contra
1891 4580 2068 4620 aurea
2116 4563 2236 4619 sive
2260 4567 2550 4635 argentea,
2588 4568 2891 4635 vestesque
2913 4562 3540 4636 pretiosas,etholose-

121 4666 292 4722 spem
324 4649 636 4707 accidisset
665 4651 771 4717 eis,
794 4657 846 4706 et
872 4650 1025 4722 quod
1047 4650 1324 4706 dominus
1353 4667 1519 4723 papa,
1545 4667 1656 4707 non
1680 4650 1780 4708 ob·
1892 4653 2015 4708 rica
2045 4650 2445 4708 aestimationis
2470 4668 2582 4708 non
2607 4653 2867 4723 modicis,
2893 4656 3024 4723 post
3043 4668 3106 4707 se
3130 4650 3537 4723 relinquebant

120 4744 285 4797 tenta
305 4738 392 4795 eis
416 4738 639 4795 domini
661 4739 815 4811 regis
839 4740 1046 4811 gratia,
1068 4754 1269 4811 pacem
1291 4739 1404 4795 sibi
1425 4744 1484 4796 et
1505 4741 1779 4797 Romanae
1892 4756 1963 4797 ex
1991 4740 2301 4811 industria,
2336 4745 2396 4795 ut
2426 4739 2509 4797 eis
2540 4740 2984 4813 properantibus
3031 4755 3225 4796 moras
3272 4738 3539 4796 innecte-

122 4826 415 4896 Eeclesioe‚
462 4825 581 4883 illis
642 4826 888 4885 exclusis
956 4829 1187 4895 fecerat,
1258 4826 1495 4884 solliciti
1542 4845 1647 4901 pro
1695 4846 1780 4900 se,
1892 4836 2043 4896 rent,
2075 4834 2133 4886 et
2162 4844 2266 4901 pro
2296 4828 2625 4884 dividendis
2665 4845 2793 4901 quae
2824 4828 3193 4900 colligebant,
3228 4829 3535 4885 materiam

121 4916 299 4974 anxie
326 4919 621 4987 coeperunt
650 4916 992 4987 disquirere,
1035 4933 1288 4989 quonam
1322 4925 1487 4989 pacto
1519 4922 1778 4991 possent,

122 5005 256 5063 sani
291 5008 349 5060 et
371 5005 716 5074 incolumes,
748 5013 909 5062 extra
939 5023 1187 5080 regnum
1229 5024 1291 5063 se
1336 5008 1540 5065 facere.
1571 5008 1776 5065 Comes

122 5098 319 5166 itaque
348 5094 637 5152 Robertus
663 5100 720 5151 et
751 5097 1033 5164 Andreas,
1081 5113 1213 5151 cum
1258 5096 1613 5168 quibusdam
1646 5094 1777 5152 aliis

121 5182 430 5241 nobilibus
461 5184 606 5241 viris
638 5186 697 5241 in
730 5186 1137 5243 Lombardiam
1163 5191 1563 5257 properantes,
1587 5184 1661 5240 ad
1681 5185 1782 5241 do-

122 5273 355 5330 minum
384 5273 793 5347 imperatorem
821 5293 885 5333 se
914 5274 1307 5333 contulerunt.
1342 5272 1618 5345 Princeps
1649 5289 1780 5330 vero

118 5365 461 5437 Capuanus,
493 5365 716 5423 cateris
743 5367 1046 5435 infelicior,
1097 5366 1237 5421 dum
1284 5361 1642 5418 Garilianum
1673 5379 1782 5420 na·

116 5454 276 5526 vigia
303 5453 563 5510 transire
593 5460 779 5527 parat,
811 5473 845 5512 a
898 5457 1024 5512 suis
1054 5451 1408 5518 vectoribus,
1457 5467 1591 5507 cum
1642 5468 1782 5511 suos

1888 4917 2172 4974 inferrent
2221 4917 2630 4973 contentionis.
2680 4918 2939 4973 Tandem
2990 4917 3255 4974 vidantee
3283 4916 3539 4991 AEgyptii

1882 5022 1943 5063 se
1992 5021 2108 5062 non
2156 5020 2329 5078 posse
2377 5006 2677 5077 proficere,
2726 5006 2942 5063 infecto
2994 5007 3246 5079 negotio,
3299 5007 3538 5064 domum

1887 5100 2026 5152 sunt
2055 5095 2308 5165 reversi;
2340 5094 2438 5150 ille
2469 5112 2599 5151 vero
2649 5096 2967 5168 profectus,
3019 5097 3155 5152 dum
3189 5097 3442 5153 fatorum
3475 5110 3538 5151 ss

1889 5188 2058 5258 putat
2077 5184 2428 5241 subductum
2450 5200 2578 5241 esse
2599 5185 2851 5254 insidiis,
2876 5186 3018 5241 dum
3050 5200 3253 5242 securo
3273 5184 3542 5257 graditur

1889 5274 2119 5341 itinere,
2153 5273 2298 5329 nihil
2323 5289 2627 5345 superesse
2658 5274 3020 5331 difficultatis
3050 5274 3366 5341 arbitrans,
3396 5272 3540 5331 dum

1889 5363 2142 5436 Scyllam
2166 5361 2554 5435 fugit,decidit
2571 5365 2630 5420 in
2653 5363 3025 5437 Charybdim.
3047 5364 3239 5420 Nostri
3252 5362 3547 5434 enim,au-

1892 5452 2015 5509 dito
2046 5454 2174 5525 ejus
2194 5449 2470 5521 transitu,
2490 5469 2630 5509 casu
2651 5457 3066 5527 praestruentea
3086 5452 3360 5524 insidias,
3379 5452 3441 5509 in
3461 5452 3547 5511 eis

108 5540 240 5614 jam
272 5542 661 5616 pramiaisaet
685 5549 743 5602 et
762 5545 885 5618 ipae
904 5561 1041 5603 eum
1065 5542 1264 5616 paucis
1288 5541 1348 5598 in
1369 5539 1499 5612 ripa
1516 5540 1785 5601 citeriore
1893 5557 2054 5601 more
2086 5556 2292 5600 nocere
2319 5540 2664 5612 volentium,
2709 5543 2931 5618 absque
2958 5542 3207 5618 strepitu
3233 5540 3499 5602 latebant
3525 5583 3554 5646 ι
