<?xml version="1.0" encoding="UTF-8"?>
<!DOCTYPE html PUBLIC "-//W3C//DTD XHTML 1.0 Transitional//EN"
    "http://www.w3.org/TR/xhtml1/DTD/xhtml1-transitional.dtd">
<html xmlns="http://www.w3.org/1999/xhtml" xml:lang="en" lang="en">
 <head>
  <title>
</title>
<meta http-equiv="Content-Type" content="text/html;charset=utf-8" />
  <meta name='ocr-system' content='tesseract 3.04.00' />
  <meta name='ocr-capabilities' content='ocr_page ocr_carea ocr_par ocr_line ocrx_word'/>
</head>
<body>
  <div class='ocr_page' id='page_1' title='image "./patrologiaecurs32goog_0067.png"; bbox 0 0 3784 6000; ppageno 0'>
   <div class='ocr_carea' id='block_1_1' title="bbox 254 278 373 341">
    <p class='ocr_par' dir='ltr' id='par_1_1' title="bbox 254 278 373 341">
     <span class='ocr_line' id='line_1_1' title="bbox 254 278 373 341; baseline 0.008 -1"><span class='ocrx_word' id='word_1_1' title='bbox 254 278 373 341; x_wconf 74' lang='lat'><strong>¹25</strong></span> 
     </span>
    </p>
   </div>
   <div class='ocr_carea' id='block_1_2' title="bbox 1751 269 2181 334">
    <p class='ocr_par' dir='ltr' id='par_1_2' title="bbox 1751 269 2181 334">
     <span class='ocr_line' id='line_1_2' title="bbox 1751 269 2181 334; baseline -0.005 -1"><span class='ocrx_word' id='word_1_2' title='bbox 1751 269 2181 334; x_wconf 78' lang='lat' dir='ltr'><strong>EPISTOLAE.</strong></span> 
     </span>
    </p>
   </div>
   <div class='ocr_carea' id='block_1_3' title="bbox 3559 278 3674 338">
    <p class='ocr_par' dir='ltr' id='par_1_3' title="bbox 3559 278 3674 338">
     <span class='ocr_line' id='line_1_3' title="bbox 3559 278 3674 338; baseline 0.035 -4"><span class='ocrx_word' id='word_1_3' title='bbox 3559 278 3674 338; x_wconf 74' lang='lat'><strong>126</strong></span> 
     </span>
    </p>
   </div>
   <div class='ocr_carea' id='block_1_4' title="bbox 252 402 3674 482">
    <p class='ocr_par' dir='ltr' id='par_1_4' title="bbox 252 402 3674 482">
     <span class='ocr_line' id='line_1_4' title="bbox 252 402 3674 482; baseline -0.001 -12"><span class='ocrx_word' id='word_1_4' title='bbox 252 414 539 470; x_wconf 91' lang='lat' dir='ltr'><strong>niendum</strong></span> <span class='ocrx_word' id='word_1_5' title='bbox 574 413 718 470; x_wconf 89' lang='lat' dir='ltr'><strong>mibi</strong></span> <span class='ocrx_word' id='word_1_6' title='bbox 754 411 1071 468; x_wconf 72' lang='lat' dir='ltr'>necessitas</span> <span class='ocrx_word' id='word_1_7' title='bbox 1091 411 1385 478; x_wconf 77' lang='lat' dir='ltr'><strong>offerebat,</strong></span> <span class='ocrx_word' id='word_1_8' title='bbox 1409 425 1552 482; x_wconf 89' lang='lat' dir='ltr'><strong>quas</strong></span> <span class='ocrx_word' id='word_1_9' title='bbox 1585 405 1908 479; x_wconf 75' lang='lat' dir='ltr'><strong>presterisse</strong></span> <span class='ocrx_word' id='word_1_10' title='bbox 1934 404 1990 472; x_wconf 76' lang='lat' dir='ltr'>A</span> <span class='ocrx_word' id='word_1_11' title='bbox 2018 402 2432 461; x_wconf 75' lang='lat' dir='ltr'><strong>familiaritatis</strong></span> <span class='ocrx_word' id='word_1_12' title='bbox 2461 408 2518 460; x_wconf 87' lang='lat' dir='ltr'><strong>et</strong></span> <span class='ocrx_word' id='word_1_13' title='bbox 2546 405 2811 461; x_wconf 61' lang='lat' dir='ltr'><strong>amicitiae</strong></span> <span class='ocrx_word' id='word_1_14' title='bbox 2830 405 3017 477; x_wconf 83' lang='lat' dir='ltr'><strong>gratia</strong></span> <span class='ocrx_word' id='word_1_15' title='bbox 3044 405 3305 479; x_wconf 88' lang='lat' dir='ltr'><strong>gloriari,</strong></span> <span class='ocrx_word' id='word_1_16' title='bbox 3332 423 3535 480; x_wconf 86' lang='lat' dir='ltr'><strong>quam,</strong></span> <span class='ocrx_word' id='word_1_17' title='bbox 3558 409 3674 466; x_wconf 85' lang='lat' dir='ltr'><strong>etsi</strong></span> 
     </span>
    </p>
   </div>
   <div class='ocr_carea' id='block_1_5' title="bbox 247 494 1909 751">
    <p class='ocr_par' dir='ltr' id='par_1_5' title="bbox 247 494 1909 751">
     <span class='ocr_line' id='line_1_5' title="bbox 252 494 1909 568; baseline -0.004 -10"><span class='ocrx_word' id='word_1_18' title='bbox 252 503 501 560; x_wconf 74' lang='lat' dir='ltr'><strong>fortasse</strong></span> <span class='ocrx_word' id='word_1_19' title='bbox 527 504 883 559; x_wconf 88' lang='lat' dir='ltr'><strong>damnosum</strong></span> <span class='ocrx_word' id='word_1_20' title='bbox 913 508 1023 566; x_wconf 86' lang='lat' dir='ltr'><strong>est,</strong></span> <span class='ocrx_word' id='word_1_21' title='bbox 1053 504 1111 557; x_wconf 88' lang='lat' dir='ltr'><strong>et</strong></span> <span class='ocrx_word' id='word_1_22' title='bbox 1128 503 1217 556; x_wconf 89' lang='lat' dir='ltr'><strong>tot</strong></span> <span class='ocrx_word' id='word_1_23' title='bbox 1245 503 1347 555; x_wconf 91' lang='lat' dir='ltr'><strong>aut</strong></span> <span class='ocrx_word' id='word_1_24' title='bbox 1371 497 1554 555; x_wconf 87' lang='lat' dir='ltr'><strong>tantis</strong></span> <span class='ocrx_word' id='word_1_25' title='bbox 1582 494 1909 568; x_wconf 89' lang='lat' dir='ltr'><strong>occupatio·</strong></span> 
     </span>
     <span class='ocr_line' id='line_1_6' title="bbox 253 585 1905 661; baseline -0.004 -14"><span class='ocrx_word' id='word_1_26' title='bbox 253 593 437 647; x_wconf 88' lang='lat' dir='ltr'><strong>nibus</strong></span> <span class='ocrx_word' id='word_1_27' title='bbox 456 591 667 647; x_wconf 83' lang='lat' dir='ltr'><strong>vestris</strong></span> <span class='ocrx_word' id='word_1_28' title='bbox 690 591 954 661; x_wconf 74' lang='lat' dir='ltr'>ingerere</span> <span class='ocrx_word' id='word_1_29' title='bbox 986 590 1317 657; x_wconf 69' lang='lat' dir='ltr'><strong>taediosum,</strong></span> <span class='ocrx_word' id='word_1_30' title='bbox 1337 587 1475 659; x_wconf 87' lang='lat' dir='ltr'><strong>quia</strong></span> <span class='ocrx_word' id='word_1_31' title='bbox 1507 585 1905 658; x_wconf 89' lang='lat' dir='ltr'><strong>postmodum,</strong></span> 
     </span>
     <span class='ocr_line' id='line_1_7' title="bbox 247 672 1909 751; baseline -0.005 -14"><span class='ocrx_word' id='word_1_32' title='bbox 247 686 365 737; x_wconf 80' lang='lat' dir='ltr'><strong>Deo</strong></span> <span class='ocrx_word' id='word_1_33' title='bbox 393 679 650 745; x_wconf 76' lang='lat' dir='ltr'><strong>volente,</strong></span> <span class='ocrx_word' id='word_1_34' title='bbox 683 679 1042 751; x_wconf 85' lang='lat' dir='ltr'><strong>pergratiam</strong></span> <span class='ocrx_word' id='word_1_35' title='bbox 1070 683 1323 735; x_wconf 85' lang='lat' dir='ltr'><strong>vestram</strong></span> <span class='ocrx_word' id='word_1_36' title='bbox 1355 674 1676 749; x_wconf 74' lang='lat' dir='ltr'><strong>spatiosius</strong></span> <span class='ocrx_word' id='word_1_37' title='bbox 1699 672 1909 745; x_wconf 85' lang='lat' dir='ltr'><strong>poterit</strong></span> 
     </span>
    </p>
   </div>
   <div class='ocr_carea' id='block_1_6' title="bbox 244 766 1184 911">
    <p class='ocr_par' dir='ltr' id='par_1_6' title="bbox 244 766 1184 911">
     <span class='ocr_line' id='line_1_8' title="bbox 244 766 1160 910; baseline -0.002 -86"><span class='ocrx_word' id='word_1_38' title='bbox 244 775 300 824; x_wconf 92' lang='lat' dir='ltr'><strong>et</strong></span> <span class='ocrx_word' id='word_1_39' title='bbox 329 766 709 824; x_wconf 88' lang='lat' dir='ltr'><strong>commodius</strong></span> <span class='ocrx_word' id='word_1_40' title='bbox 737 766 1015 838; x_wconf 90' lang='lat' dir='ltr'><strong>expediri.</strong></span> <span class='ocrx_word' id='word_1_41' title='bbox 1080 854 1160 910; x_wconf 73' lang='lat' dir='ltr'><strong>m</strong></span> 
     </span>
     <span class='ocr_line' id='line_1_9' title="bbox 1034 855 1184 911; baseline -0.02 0"><span class='ocrx_word' id='word_1_42' title='bbox 1034 855 1076 911; x_wconf 90' lang='lat' dir='ltr'>C</span> <span class='ocrx_word' id='word_1_43' title='bbox 1170 894 1184 908; x_wconf 88' lang='lat'><strong>.</strong></span> 
     </span>
    </p>
   </div>
   <div class='ocr_carea' id='block_1_7' title="bbox 243 956 1907 1733">
    <p class='ocr_par' dir='ltr' id='par_1_7' title="bbox 243 956 1907 1733">
     <span class='ocr_line' id='line_1_10' title="bbox 538 956 1615 1002; baseline -0.005 -1"><span class='ocrx_word' id='word_1_44' title='bbox 538 960 612 1001; x_wconf 74' lang='lat' dir='ltr'><strong>an</strong></span> <span class='ocrx_word' id='word_1_45' title='bbox 650 959 929 1002; x_wconf 67' lang='lat' dir='ltr'><strong>conruunt</strong></span> <span class='ocrx_word' id='word_1_46' title='bbox 975 960 1167 1000; x_wconf 67' lang='lat' dir='ltr'><strong>raram</strong></span> <span class='ocrx_word' id='word_1_47' title='bbox 1203 956 1615 999; x_wconf 63' lang='lat' dir='ltr'><strong>amaxonum.</strong></span> 
     </span>
     <span class='ocr_line' id='line_1_11' title="bbox 315 1030 1903 1105; baseline -0.003 -14"><span class='ocrx_word' id='word_1_48' title='bbox 315 1034 593 1098; x_wconf 81' lang='lat' dir='ltr'><strong>Quandiu</strong></span> <span class='ocrx_word' id='word_1_49' title='bbox 639 1032 906 1103; x_wconf 81' lang='lat' dir='ltr'><strong>ecclesia,</strong></span> <span class='ocrx_word' id='word_1_50' title='bbox 936 1033 1031 1089; x_wconf 91' lang='lat' dir='ltr'><strong>cui</strong></span> <span class='ocrx_word' id='word_1_51' title='bbox 1074 1032 1190 1090; x_wconf 91' lang='lat' dir='ltr'><strong>Deo</strong></span> <span class='ocrx_word' id='word_1_52' title='bbox 1217 1031 1588 1105; x_wconf 89' lang='lat' dir='ltr'><strong>permittente</strong></span> <span class='ocrx_word' id='word_1_53' title='bbox 1617 1030 1903 1096; x_wconf 83' lang='lat' dir='ltr'><strong>deservio,</strong></span> 
     </span>
     <span class='ocr_line' id='line_1_12' title="bbox 246 1120 1905 1195; baseline -0.003 -14"><span class='ocrx_word' id='word_1_54' title='bbox 246 1140 338 1181; x_wconf 90' lang='lat' dir='ltr'><strong>me</strong></span> <span class='ocrx_word' id='word_1_55' title='bbox 368 1123 634 1180; x_wconf 89' lang='lat' dir='ltr'><strong>tenuerit</strong></span> <span class='ocrx_word' id='word_1_56' title='bbox 673 1122 1000 1195; x_wconf 86' lang='lat' dir='ltr'><strong>alligatum,</strong></span> <span class='ocrx_word' id='word_1_57' title='bbox 1030 1124 1256 1195; x_wconf 85' lang='lat' dir='ltr'><strong>oportet</strong></span> <span class='ocrx_word' id='word_1_58' title='bbox 1287 1138 1377 1179; x_wconf 91' lang='lat' dir='ltr'><strong>me</strong></span> <span class='ocrx_word' id='word_1_59' title='bbox 1426 1120 1748 1193; x_wconf 87' lang='lat' dir='ltr'><strong>aliquando</strong></span> <span class='ocrx_word' id='word_1_60' title='bbox 1804 1135 1905 1176; x_wconf 88' lang='lat' dir='ltr'><strong>ec-</strong></span> 
     </span>
     <span class='ocr_line' id='line_1_13' title="bbox 245 1209 1907 1287; baseline -0.002 -17"><span class='ocrx_word' id='word_1_61' title='bbox 245 1230 402 1283; x_wconf 89' lang='lat' dir='ltr'><strong>rum,</strong></span> <span class='ocrx_word' id='word_1_62' title='bbox 445 1213 553 1287; x_wconf 88' lang='lat' dir='ltr'><strong>qui</strong></span> <span class='ocrx_word' id='word_1_63' title='bbox 582 1212 728 1270; x_wconf 87' lang='lat' dir='ltr'><strong>mibi</strong></span> <span class='ocrx_word' id='word_1_64' title='bbox 756 1211 1058 1270; x_wconf 80' lang='lat' dir='ltr'><strong>commissi</strong></span> <span class='ocrx_word' id='word_1_65' title='bbox 1089 1220 1229 1268; x_wconf 90' lang='lat' dir='ltr'><strong>sunt</strong></span> <span class='ocrx_word' id='word_1_66' title='bbox 1256 1209 1794 1284; x_wconf 75' lang='lat' dir='ltr'><strong>opportunitatibus</strong></span> <span class='ocrx_word' id='word_1_67' title='bbox 1814 1209 1907 1266; x_wconf 87' lang='lat' dir='ltr'><strong>in·</strong></span> 
     </span>
     <span class='ocr_line' id='line_1_14' title="bbox 243 1298 1900 1373; baseline -0.004 -13"><span class='ocrx_word' id='word_1_68' title='bbox 243 1301 487 1360; x_wconf 87' lang='lat' dir='ltr'><strong>tendere</strong></span> <span class='ocrx_word' id='word_1_69' title='bbox 513 1306 577 1359; x_wconf 85' lang='lat' dir='ltr'><strong>et</strong></span> <span class='ocrx_word' id='word_1_70' title='bbox 605 1301 800 1359; x_wconf 87' lang='lat' dir='ltr'><strong>debita</strong></span> <span class='ocrx_word' id='word_1_71' title='bbox 820 1308 1106 1373; x_wconf 88' lang='lat' dir='ltr'><strong>quantum</strong></span> <span class='ocrx_word' id='word_1_72' title='bbox 1140 1305 1339 1372; x_wconf 90' lang='lat' dir='ltr'><strong>potero</strong></span> <span class='ocrx_word' id='word_1_73' title='bbox 1361 1298 1666 1372; x_wconf 77' lang='lat' dir='ltr'><strong>diligentia</strong></span> <span class='ocrx_word' id='word_1_74' title='bbox 1686 1299 1900 1355; x_wconf 88' lang='lat' dir='ltr'><strong>subve-</strong></span> 
     </span>
     <span class='ocr_line' id='line_1_15' title="bbox 247 1389 1900 1464; baseline -0.002 -15"><span class='ocrx_word' id='word_1_75' title='bbox 247 1393 389 1449; x_wconf 86' lang='lat' dir='ltr'><strong>nire.</strong></span> <span class='ocrx_word' id='word_1_76' title='bbox 428 1391 592 1463; x_wconf 80' lang='lat' dir='ltr'><strong>Rogo</strong></span> <span class='ocrx_word' id='word_1_77' title='bbox 623 1391 825 1464; x_wconf 85' lang='lat' dir='ltr'><strong>itaque</strong></span> <span class='ocrx_word' id='word_1_78' title='bbox 867 1393 932 1446; x_wconf 92' lang='lat' dir='ltr'><strong>ut</strong></span> <span class='ocrx_word' id='word_1_79' title='bbox 960 1406 1170 1448; x_wconf 84' lang='lat' dir='ltr'><strong>causas</strong></span> <span class='ocrx_word' id='word_1_80' title='bbox 1199 1389 1246 1446; x_wconf 89' lang='lat' dir='ltr'><strong>si</strong></span> <span class='ocrx_word' id='word_1_81' title='bbox 1282 1405 1412 1462; x_wconf 76' lang='lat' dir='ltr'><strong>quoe</strong></span> <span class='ocrx_word' id='word_1_82' title='bbox 1441 1389 1514 1446; x_wconf 88' lang='lat' dir='ltr'><strong>de</strong></span> <span class='ocrx_word' id='word_1_83' title='bbox 1561 1389 1900 1462; x_wconf 88' lang='lat' dir='ltr'><strong>episcopatu</strong></span> 
     </span>
     <span class='ocr_line' id='line_1_16' title="bbox 247 1477 1900 1552; baseline -0.002 -16"><span class='ocrx_word' id='word_1_84' title='bbox 247 1485 450 1537; x_wconf 79' lang='lat' dir='ltr'><strong>nostm</strong></span> <span class='ocrx_word' id='word_1_85' title='bbox 481 1480 677 1538; x_wconf 82' lang='lat' dir='ltr'><strong>advos</strong></span> <span class='ocrx_word' id='word_1_86' title='bbox 697 1479 1085 1552; x_wconf 82' lang='lat' dir='ltr'><strong>pervenerint,</strong></span> <span class='ocrx_word' id='word_1_87' title='bbox 1119 1480 1382 1550; x_wconf 86' lang='lat' dir='ltr'><strong>personis</strong></span> <span class='ocrx_word' id='word_1_88' title='bbox 1415 1477 1739 1550; x_wconf 84' lang='lat' dir='ltr'><strong>injungatis</strong></span> <span class='ocrx_word' id='word_1_89' title='bbox 1770 1493 1900 1550; x_wconf 69' lang='lat' dir='ltr'><strong>quo</strong></span> 
     </span>
     <span class='ocr_line' id='line_1_17' title="bbox 246 1568 1900 1642; baseline -0.002 -15"><span class='ocrx_word' id='word_1_90' title='bbox 246 1571 438 1627; x_wconf 75' lang='lat' dir='ltr'><strong>zelum</strong></span> <span class='ocrx_word' id='word_1_91' title='bbox 471 1570 577 1628; x_wconf 89' lang='lat' dir='ltr'><strong>Dei</strong></span> <span class='ocrx_word' id='word_1_92' title='bbox 604 1571 878 1637; x_wconf 87' lang='lat' dir='ltr'><strong>habeant,</strong></span> <span class='ocrx_word' id='word_1_93' title='bbox 910 1573 968 1627; x_wconf 82' lang='lat' dir='ltr'><strong>et</strong></span> <span class='ocrx_word' id='word_1_94' title='bbox 998 1569 1267 1642; x_wconf 88' lang='lat' dir='ltr'><strong>peritiam</strong></span> <span class='ocrx_word' id='word_1_95' title='bbox 1293 1568 1624 1640; x_wconf 78' lang='lat' dir='ltr'><strong>judicandi.</strong></span> <span class='ocrx_word' id='word_1_96' title='bbox 1658 1568 1900 1624; x_wconf 73' lang='lat' dir='ltr'><strong>infestat</strong></span> 
     </span>
     <span class='ocr_line' id='line_1_18' title="bbox 245 1656 1897 1733; baseline -0.001 -18"><span class='ocrx_word' id='word_1_97' title='bbox 245 1660 543 1733; x_wconf 84' lang='lat' dir='ltr'><strong>siquidem</strong></span> <span class='ocrx_word' id='word_1_98' title='bbox 567 1660 659 1716; x_wconf 89' lang='lat' dir='ltr'><strong>bis</strong></span> <span class='ocrx_word' id='word_1_99' title='bbox 680 1660 889 1717; x_wconf 89' lang='lat' dir='ltr'><strong>diebus</strong></span> <span class='ocrx_word' id='word_1_100' title='bbox 904 1659 1222 1715; x_wconf 73' lang='lat' dir='ltr'><strong>Ecclesiam</strong></span> <span class='ocrx_word' id='word_1_101' title='bbox 1247 1657 1348 1714; x_wconf 90' lang='lat' dir='ltr'><strong>Dei</strong></span> <span class='ocrx_word' id='word_1_102' title='bbox 1373 1673 1519 1714; x_wconf 82' lang='lat' dir='ltr'><strong>nova</strong></span> <span class='ocrx_word' id='word_1_103' title='bbox 1540 1656 1897 1726; x_wconf 88' lang='lat' dir='ltr'><strong>malignitas,</strong></span> 
     </span>
    </p>
   </div>
   <div class='ocr_carea' id='block_1_8' title="bbox 248 1744 1977 1842">
    <p class='ocr_par' dir='ltr' id='par_1_8' title="bbox 248 1744 1977 1842">
     <span class='ocr_line' id='line_1_19' title="bbox 248 1744 1977 1842; baseline -0.002 -38"><span class='ocrx_word' id='word_1_104' title='bbox 248 1765 370 1822; x_wconf 70' lang='lat' dir='ltr'><strong>quie</strong></span> <span class='ocrx_word' id='word_1_105' title='bbox 401 1749 477 1805; x_wconf 88' lang='lat' dir='ltr'><strong>de</strong></span> <span class='ocrx_word' id='word_1_106' title='bbox 522 1749 837 1821; x_wconf 71' lang='lat' dir='ltr'><strong>rapacitate</strong></span> <span class='ocrx_word' id='word_1_107' title='bbox 883 1747 1300 1804; x_wconf 87' lang='lat' dir='ltr'><strong>monachorum</strong></span> <span class='ocrx_word' id='word_1_108' title='bbox 1331 1750 1389 1803; x_wconf 87' lang='lat' dir='ltr'><strong>et</strong></span> <span class='ocrx_word' id='word_1_109' title='bbox 1431 1746 1504 1803; x_wconf 91' lang='lat' dir='ltr'><strong>de</strong></span> <span class='ocrx_word' id='word_1_110' title='bbox 1550 1744 1895 1803; x_wconf 80' lang='lat' dir='ltr'><strong>olorinorum</strong></span> <span class='ocrx_word' id='word_1_111' title='bbox 1931 1777 1977 1842; x_wconf 78' lang='lat' dir='ltr'><strong>B</strong></span> 
     </span>
    </p>
   </div>
   <div class='ocr_carea' id='block_1_9' title="bbox 242 1834 1904 3334">
    <p class='ocr_par' dir='ltr' id='par_1_9' title="bbox 242 1834 1904 3334">
     <span class='ocr_line' id='line_1_20' title="bbox 250 1834 1897 1910; baseline -0.004 -14"><span class='ocrx_word' id='word_1_112' title='bbox 250 1839 509 1910; x_wconf 83' lang='lat' dir='ltr'><strong>procedit</strong></span> <span class='ocrx_word' id='word_1_113' title='bbox 538 1838 801 1907; x_wconf 85' lang='lat' dir='ltr'><strong>audacia,</strong></span> <span class='ocrx_word' id='word_1_114' title='bbox 817 1837 917 1910; x_wconf 91' lang='lat' dir='ltr'><strong>qui</strong></span> <span class='ocrx_word' id='word_1_115' title='bbox 948 1837 1152 1895; x_wconf 90' lang='lat' dir='ltr'><strong>dolose</strong></span> <span class='ocrx_word' id='word_1_116' title='bbox 1180 1841 1281 1893; x_wconf 88' lang='lat' dir='ltr'><strong>aut</strong></span> <span class='ocrx_word' id='word_1_117' title='bbox 1310 1834 1596 1892; x_wconf 80' lang='lat' dir='ltr'><strong>violenter</strong></span> <span class='ocrx_word' id='word_1_118' title='bbox 1623 1835 1777 1907; x_wconf 93' lang='lat' dir='ltr'><strong>quod</strong></span> <span class='ocrx_word' id='word_1_119' title='bbox 1811 1834 1897 1891; x_wconf 78' lang='lat' dir='ltr'><strong>af-</strong></span> 
     </span>
     <span class='ocr_line' id='line_1_21' title="bbox 251 1923 1892 1997; baseline -0.001 -15"><span class='ocrx_word' id='word_1_120' title='bbox 251 1926 590 1984; x_wconf 75' lang='lat' dir='ltr'><strong>fectaverint</strong></span> <span class='ocrx_word' id='word_1_121' title='bbox 608 1929 1122 1997; x_wconf 80' lang='lat' dir='ltr'><strong>occupantes,post</strong></span> <span class='ocrx_word' id='word_1_122' title='bbox 1143 1923 1588 1996; x_wconf 88' lang='lat' dir='ltr'><strong>appellationem</strong></span> <span class='ocrx_word' id='word_1_123' title='bbox 1612 1939 1672 1981; x_wconf 86' lang='lat' dir='ltr'><strong>se</strong></span> <span class='ocrx_word' id='word_1_124' title='bbox 1693 1940 1892 1997; x_wconf 85' lang='lat' dir='ltr'><strong>exspo-</strong></span> 
     </span>
     <span class='ocr_line' id='line_1_22' title="bbox 252 2012 1898 2084; baseline -0.002 -14"><span class='ocrx_word' id='word_1_125' title='bbox 252 2014 415 2072; x_wconf 82' lang='lat' dir='ltr'><strong>liatos</strong></span> <span class='ocrx_word' id='word_1_126' title='bbox 443 2020 721 2072; x_wconf 85' lang='lat' dir='ltr'><strong>asserunt</strong></span> <span class='ocrx_word' id='word_1_127' title='bbox 756 2020 819 2071; x_wconf 87' lang='lat' dir='ltr'><strong>ut</strong></span> <span class='ocrx_word' id='word_1_128' title='bbox 840 2015 1014 2072; x_wconf 89' lang='lat' dir='ltr'><strong>trium</strong></span> <span class='ocrx_word' id='word_1_129' title='bbox 1056 2014 1506 2071; x_wconf 72' lang='lat' dir='ltr'><strong>subornatorum</strong></span> <span class='ocrx_word' id='word_1_130' title='bbox 1541 2012 1776 2069; x_wconf 83' lang='lat' dir='ltr'><strong>testium</strong></span> <span class='ocrx_word' id='word_1_131' title='bbox 1799 2014 1898 2084; x_wconf 73' lang='lat' dir='ltr'><strong>Ju-</strong></span> 
     </span>
     <span class='ocr_line' id='line_1_23' title="bbox 251 2102 1896 2177; baseline -0.002 -15"><span class='ocrx_word' id='word_1_132' title='bbox 251 2106 531 2162; x_wconf 85' lang='lat' dir='ltr'><strong>ramentis</strong></span> <span class='ocrx_word' id='word_1_133' title='bbox 551 2120 901 2177; x_wconf 89' lang='lat' dir='ltr'><strong>quocunque</strong></span> <span class='ocrx_word' id='word_1_134' title='bbox 932 2108 1097 2176; x_wconf 89' lang='lat' dir='ltr'><strong>pacto</strong></span> <span class='ocrx_word' id='word_1_135' title='bbox 1125 2103 1356 2160; x_wconf 82' lang='lat' dir='ltr'><strong>valeant</strong></span> <span class='ocrx_word' id='word_1_136' title='bbox 1384 2102 1667 2161; x_wconf 89' lang='lat' dir='ltr'><strong>obtinere.</strong></span> <span class='ocrx_word' id='word_1_137' title='bbox 1696 2102 1896 2175; x_wconf 84' lang='lat' dir='ltr'><strong>Siqui-</strong></span> 
     </span>
     <span class='ocr_line' id='line_1_24' title="bbox 251 2192 1896 2266; baseline -0.002 -15"><span class='ocrx_word' id='word_1_138' title='bbox 251 2195 373 2252; x_wconf 86' lang='lat' dir='ltr'><strong>dem</strong></span> <span class='ocrx_word' id='word_1_139' title='bbox 395 2194 449 2251; x_wconf 89' lang='lat' dir='ltr'><strong>is</strong></span> <span class='ocrx_word' id='word_1_140' title='bbox 467 2195 543 2250; x_wconf 86' lang='lat' dir='ltr'><strong>ad</strong></span> <span class='ocrx_word' id='word_1_141' title='bbox 560 2210 736 2265; x_wconf 90' lang='lat' dir='ltr'><strong>quem</strong></span> <span class='ocrx_word' id='word_1_142' title='bbox 763 2192 1120 2266; x_wconf 84' lang='lat' dir='ltr'><strong>appellatum</strong></span> <span class='ocrx_word' id='word_1_143' title='bbox 1146 2196 1252 2258; x_wconf 87' lang='lat' dir='ltr'><strong>ost,</strong></span> <span class='ocrx_word' id='word_1_144' title='bbox 1270 2209 1402 2249; x_wconf 90' lang='lat' dir='ltr'><strong>cum</strong></span> <span class='ocrx_word' id='word_1_145' title='bbox 1426 2192 1773 2264; x_wconf 88' lang='lat' dir='ltr'><strong>quandoque</strong></span> <span class='ocrx_word' id='word_1_146' title='bbox 1794 2193 1896 2265; x_wconf 93' lang='lat' dir='ltr'><strong>qui</strong></span> 
     </span>
     <span class='ocr_line' id='line_1_25' title="bbox 250 2281 1895 2356; baseline -0.001 -18"><span class='ocrx_word' id='word_1_147' title='bbox 250 2282 501 2356; x_wconf 83' lang='lat' dir='ltr'><strong>appellat</strong></span> <span class='ocrx_word' id='word_1_148' title='bbox 557 2283 807 2354; x_wconf 91' lang='lat' dir='ltr'><strong>quodam</strong></span> <span class='ocrx_word' id='word_1_149' title='bbox 862 2284 1053 2339; x_wconf 78' lang='lat' dir='ltr'><strong>favore</strong></span> <span class='ocrx_word' id='word_1_150' title='bbox 1101 2281 1500 2353; x_wconf 88' lang='lat' dir='ltr'><strong>complectitur</strong></span> <span class='ocrx_word' id='word_1_151' title='bbox 1545 2285 1601 2337; x_wconf 91' lang='lat' dir='ltr'><strong>et</strong></span> <span class='ocrx_word' id='word_1_152' title='bbox 1631 2285 1696 2337; x_wconf 89' lang='lat' dir='ltr'><strong>ut</strong></span> <span class='ocrx_word' id='word_1_153' title='bbox 1723 2296 1895 2337; x_wconf 86' lang='lat' dir='ltr'><strong>suam</strong></span> 
     </span>
     <span class='ocr_line' id='line_1_26' title="bbox 252 2371 1898 2444; baseline -0.001 -16"><span class='ocrx_word' id='word_1_154' title='bbox 252 2372 565 2430; x_wconf 84' lang='lat' dir='ltr'><strong>ulciscatur</strong></span> <span class='ocrx_word' id='word_1_155' title='bbox 584 2373 859 2444; x_wconf 79' lang='lat' dir='ltr'><strong>injuriam</strong></span> <span class='ocrx_word' id='word_1_156' title='bbox 881 2388 1123 2428; x_wconf 88' lang='lat' dir='ltr'><strong>causam</strong></span> <span class='ocrx_word' id='word_1_157' title='bbox 1153 2373 1423 2444; x_wconf 87' lang='lat' dir='ltr'><strong>quandoq</strong></span> <span class='ocrx_word' id='word_1_158' title='bbox 1435 2386 1504 2427; x_wconf 92' lang='lat' dir='ltr'><strong>ue</strong></span> <span class='ocrx_word' id='word_1_159' title='bbox 1524 2371 1792 2428; x_wconf 81' lang='lat' dir='ltr'><strong>vulnerat</strong></span> <span class='ocrx_word' id='word_1_160' title='bbox 1814 2371 1898 2427; x_wconf 92' lang='lat' dir='ltr'><strong>in-</strong></span> 
     </span>
     <span class='ocr_line' id='line_1_27' title="bbox 250 2460 1899 2534; baseline -0.001 -16"><span class='ocrx_word' id='word_1_161' title='bbox 250 2462 531 2520; x_wconf 90' lang='lat' dir='ltr'><strong>nocentis.</strong></span> <span class='ocrx_word' id='word_1_162' title='bbox 565 2462 753 2533; x_wconf 80' lang='lat' dir='ltr'><strong>Super</strong></span> <span class='ocrx_word' id='word_1_163' title='bbox 782 2477 898 2534; x_wconf 92' lang='lat' dir='ltr'><strong>quo</strong></span> <span class='ocrx_word' id='word_1_164' title='bbox 945 2460 1370 2533; x_wconf 75' lang='lat' dir='ltr'><strong>benignitatem</strong></span> <span class='ocrx_word' id='word_1_165' title='bbox 1400 2464 1650 2517; x_wconf 82' lang='lat' dir='ltr'><strong>vestram</strong></span> <span class='ocrx_word' id='word_1_166' title='bbox 1683 2460 1899 2517; x_wconf 86' lang='lat' dir='ltr'><strong>babere</strong></span> 
     </span>
     <span class='ocr_line' id='line_1_28' title="bbox 247 2549 1898 2623; baseline -0.001 -15"><span class='ocrx_word' id='word_1_167' title='bbox 247 2551 513 2608; x_wconf 79' lang='lat' dir='ltr'><strong>volumus</strong></span> <span class='ocrx_word' id='word_1_168' title='bbox 533 2555 855 2620; x_wconf 85' lang='lat' dir='ltr'><strong>exoratam,</strong></span> <span class='ocrx_word' id='word_1_169' title='bbox 874 2551 1014 2607; x_wconf 90' lang='lat' dir='ltr'><strong>utin</strong></span> <span class='ocrx_word' id='word_1_170' title='bbox 1027 2549 1670 2623; x_wconf 84' lang='lat' dir='ltr'><strong>delegandisjudicibus</strong></span> <span class='ocrx_word' id='word_1_171' title='bbox 1684 2549 1898 2606; x_wconf 81' lang='lat' dir='ltr'><strong>discre-</strong></span> 
     </span>
     <span class='ocr_line' id='line_1_29' title="bbox 250 2636 1899 2711; baseline -0.001 -17"><span class='ocrx_word' id='word_1_172' title='bbox 250 2638 321 2695; x_wconf 89' lang='lat' dir='ltr'><strong>tio</strong></span> <span class='ocrx_word' id='word_1_173' title='bbox 349 2643 544 2696; x_wconf 77' lang='lat' dir='ltr'><strong>vestra</strong></span> <span class='ocrx_word' id='word_1_174' title='bbox 573 2638 896 2711; x_wconf 84' lang='lat' dir='ltr'><strong>provideat,</strong></span> <span class='ocrx_word' id='word_1_175' title='bbox 929 2653 1000 2695; x_wconf 92' lang='lat' dir='ltr'><strong>ne</strong></span> <span class='ocrx_word' id='word_1_176' title='bbox 1029 2636 1146 2708; x_wconf 87' lang='lat' dir='ltr'><strong>bis,</strong></span> <span class='ocrx_word' id='word_1_177' title='bbox 1181 2637 1283 2710; x_wconf 88' lang='lat' dir='ltr'><strong>qui</strong></span> <span class='ocrx_word' id='word_1_178' title='bbox 1314 2637 1483 2694; x_wconf 88' lang='lat' dir='ltr'><strong>nobis</strong></span> <span class='ocrx_word' id='word_1_179' title='bbox 1518 2636 1899 2694; x_wconf 81' lang='lat' dir='ltr'><strong>inimicantur</strong></span> 
     </span>
     <span class='ocr_line' id='line_1_30' title="bbox 249 2724 1895 2797; baseline -0.001 -14"><span class='ocrx_word' id='word_1_180' title='bbox 249 2732 302 2783; x_wconf 81' lang='lat' dir='ltr'><strong>et</strong></span> <span class='ocrx_word' id='word_1_181' title='bbox 326 2727 618 2789; x_wconf 81' lang='lat' dir='ltr'><strong>invident,</strong></span> <span class='ocrx_word' id='word_1_182' title='bbox 635 2734 822 2783; x_wconf 83' lang='lat' dir='ltr'><strong>vestra</strong></span> <span class='ocrx_word' id='word_1_183' title='bbox 850 2726 939 2783; x_wconf 91' lang='lat' dir='ltr'><strong>vel</strong></span> <span class='ocrx_word' id='word_1_184' title='bbox 970 2731 1294 2783; x_wconf 83' lang='lat' dir='ltr'><strong>vestrorum</strong></span> <span class='ocrx_word' id='word_1_185' title='bbox 1316 2724 1542 2797; x_wconf 76' lang='lat' dir='ltr'><strong>Judicia</strong></span> <span class='ocrx_word' id='word_1_186' title='bbox 1560 2725 1895 2782; x_wconf 88' lang='lat' dir='ltr'><strong>committa-</strong></span> 
     </span>
     <span class='ocr_line' id='line_1_31' title="bbox 250 2814 1898 2887; baseline -0.001 -13"><span class='ocrx_word' id='word_1_187' title='bbox 250 2818 607 2887; x_wconf 84' lang='lat' dir='ltr'><strong>tis,quorum</strong></span> <span class='ocrx_word' id='word_1_188' title='bbox 634 2817 867 2873; x_wconf 91' lang='lat' dir='ltr'><strong>nomina</strong></span> <span class='ocrx_word' id='word_1_189' title='bbox 899 2814 1052 2872; x_wconf 85' lang='lat' dir='ltr'><strong>lator</strong></span> <span class='ocrx_word' id='word_1_190' title='bbox 1072 2815 1449 2886; x_wconf 65' lang='lat' dir='ltr'><strong>presentium</strong></span> <span class='ocrx_word' id='word_1_191' title='bbox 1480 2814 1644 2872; x_wconf 83' lang='lat' dir='ltr'><strong>vobis</strong></span> <span class='ocrx_word' id='word_1_192' title='bbox 1665 2814 1898 2887; x_wconf 89' lang='lat' dir='ltr'><strong>plenius</strong></span> 
     </span>
     <span class='ocr_line' id='line_1_32' title="bbox 247 2902 1891 2977; baseline -0.001 -15"><span class='ocrx_word' id='word_1_193' title='bbox 247 2905 532 2962; x_wconf 86' lang='lat' dir='ltr'><strong>indicabit</strong></span> <span class='ocrx_word' id='word_1_194' title='bbox 578 2922 595 2973; x_wconf 72' lang='grc' dir='ltr'>ς</span> <span class='ocrx_word' id='word_1_195' title='bbox 657 2905 758 2977; x_wconf 90' lang='lat' dir='ltr'><strong>qui</strong></span> <span class='ocrx_word' id='word_1_196' title='bbox 808 2919 944 2961; x_wconf 87' lang='lat' dir='ltr'><strong>cnm</strong></span> <span class='ocrx_word' id='word_1_197' title='bbox 1002 2903 1232 2977; x_wconf 91' lang='lat' dir='ltr'><strong>publice</strong></span> <span class='ocrx_word' id='word_1_198' title='bbox 1302 2903 1473 2960; x_wconf 90' lang='lat' dir='ltr'><strong>nobis</strong></span> <span class='ocrx_word' id='word_1_199' title='bbox 1533 2902 1680 2958; x_wconf 89' lang='lat' dir='ltr'><strong>nibil</strong></span> <span class='ocrx_word' id='word_1_200' title='bbox 1734 2903 1891 2960; x_wconf 84' lang='lat' dir='ltr'><strong>aliud</strong></span> 
     </span>
     <span class='ocr_line' id='line_1_33' title="bbox 245 2992 1896 3068; baseline -0.001 -16"><span class='ocrx_word' id='word_1_201' title='bbox 245 3011 418 3068; x_wconf 82' lang='lat' dir='ltr'><strong>quam</strong></span> <span class='ocrx_word' id='word_1_202' title='bbox 451 2994 838 3053; x_wconf 84' lang='lat' dir='ltr'><strong>reverentiam</strong></span> <span class='ocrx_word' id='word_1_203' title='bbox 861 2994 1110 3051; x_wconf 74' lang='lat' dir='ltr'><strong>offerant</strong></span> <span class='ocrx_word' id='word_1_204' title='bbox 1147 2995 1219 3050; x_wconf 90' lang='lat' dir='ltr'><strong>ad</strong></span> <span class='ocrx_word' id='word_1_205' title='bbox 1251 2992 1528 3065; x_wconf 82' lang='lat' dir='ltr'><strong>injuriam</strong></span> <span class='ocrx_word' id='word_1_206' title='bbox 1562 2999 1756 3050; x_wconf 89' lang='lat' dir='ltr'><strong>tamen</strong></span> <span class='ocrx_word' id='word_1_207' title='bbox 1790 3011 1896 3051; x_wconf 88' lang='lat' dir='ltr'><strong>no·</strong></span> 
     </span>
     <span class='ocr_line' id='line_1_34' title="bbox 244 3084 1897 3158; baseline 0 -16"><span class='ocrx_word' id='word_1_208' title='bbox 244 3092 422 3142; x_wconf 86' lang='lat' dir='ltr'><strong>stram</strong></span> <span class='ocrx_word' id='word_1_209' title='bbox 445 3090 594 3141; x_wconf 90' lang='lat' dir='ltr'><strong>sunt</strong></span> <span class='ocrx_word' id='word_1_210' title='bbox 614 3085 868 3142; x_wconf 92' lang='lat' dir='ltr'><strong>obducto</strong></span> <span class='ocrx_word' id='word_1_211' title='bbox 890 3084 1149 3158; x_wconf 89' lang='lat' dir='ltr'><strong>quolibet</strong></span> <span class='ocrx_word' id='word_1_212' title='bbox 1168 3084 1252 3141; x_wconf 83' lang='lat' dir='ltr'><strong>vel</strong></span> <span class='ocrx_word' id='word_1_213' title='bbox 1276 3085 1439 3141; x_wconf 87' lang='lat' dir='ltr'><strong>tenui</strong></span> <span class='ocrx_word' id='word_1_214' title='bbox 1459 3084 1744 3141; x_wconf 74' lang='lat' dir='ltr'><strong>velamine</strong></span> <span class='ocrx_word' id='word_1_215' title='bbox 1764 3102 1897 3158; x_wconf 90' lang='lat' dir='ltr'><strong>prc-</strong></span> 
     </span>
     <span class='ocr_line' id='line_1_35' title="bbox 243 3172 1897 3230; baseline -0.001 -1"><span class='ocrx_word' id='word_1_216' title='bbox 243 3174 459 3230; x_wconf 82' lang='lat' dir='ltr'><strong>niores.</strong></span> <span class='ocrx_word' id='word_1_217' title='bbox 494 3172 729 3228; x_wconf 66' lang='lat' dir='ltr'><strong>Ceteris</strong></span> <span class='ocrx_word' id='word_1_218' title='bbox 776 3176 973 3228; x_wconf 88' lang='lat' dir='ltr'><strong>autem</strong></span> <span class='ocrx_word' id='word_1_219' title='bbox 1004 3172 1063 3228; x_wconf 91' lang='lat' dir='ltr'><strong>in</strong></span> <span class='ocrx_word' id='word_1_220' title='bbox 1095 3175 1216 3228; x_wconf 87' lang='lat' dir='ltr'><strong>toto</strong></span> <span class='ocrx_word' id='word_1_221' title='bbox 1245 3172 1385 3228; x_wconf 93' lang='lat' dir='ltr'><strong>orbe</strong></span> <span class='ocrx_word' id='word_1_222' title='bbox 1415 3175 1702 3228; x_wconf 88' lang='lat' dir='ltr'><strong>terrarum</strong></span> <span class='ocrx_word' id='word_1_223' title='bbox 1735 3187 1897 3228; x_wconf 75' lang='lat' dir='ltr'><strong>com-</strong></span> 
     </span>
     <span class='ocr_line' id='line_1_36' title="bbox 242 3261 1904 3334; baseline -0.001 -13"><span class='ocrx_word' id='word_1_224' title='bbox 242 3262 456 3321; x_wconf 86' lang='lat' dir='ltr'><strong>mittite</strong></span> <span class='ocrx_word' id='word_1_225' title='bbox 503 3263 658 3319; x_wconf 86' lang='lat' dir='ltr'><strong>sicut</strong></span> <span class='ocrx_word' id='word_1_226' title='bbox 715 3261 1000 3334; x_wconf 80' lang='lat' dir='ltr'><strong>placuerit</strong></span> <span class='ocrx_word' id='word_1_227' title='bbox 1047 3262 1233 3330; x_wconf 81' lang='lat' dir='ltr'><strong>vobis,</strong></span> <span class='ocrx_word' id='word_1_228' title='bbox 1292 3263 1512 3334; x_wconf 78' lang='lat' dir='ltr'><strong>absque</strong></span> <span class='ocrx_word' id='word_1_229' title='bbox 1550 3262 1904 3319; x_wconf 79' lang='lat' dir='ltr'><strong>discretione</strong></span> 
     </span>
    </p>
   </div>
   <div class='ocr_carea' id='block_1_10' title="bbox 230 3350 1899 4496">
    <p class='ocr_par' dir='ltr' id='par_1_10' title="bbox 242 3350 1611 3588">
     <span class='ocr_line' id='line_1_37' title="bbox 242 3350 797 3408; baseline 0 -1"><span class='ocrx_word' id='word_1_230' title='bbox 242 3351 468 3408; x_wconf 79' lang='lat' dir='ltr'><strong>ordinis</strong></span> <span class='ocrx_word' id='word_1_231' title='bbox 499 3359 556 3407; x_wconf 82' lang='lat' dir='ltr'><strong>et</strong></span> <span class='ocrx_word' id='word_1_232' title='bbox 585 3350 797 3407; x_wconf 73' lang='lat' dir='ltr'><strong>aetatis.</strong></span> 
     </span>
     <span class='ocr_line' id='line_1_38' title="bbox 1012 3439 1154 3498; baseline 0.014 -2"><span class='ocrx_word' id='word_1_233' title='bbox 1012 3439 1154 3498; x_wconf 82' lang='lat' dir='ltr'>CIV.</span> 
     </span>
     <span class='ocr_line' id='line_1_39' title="bbox 531 3545 1611 3588; baseline -0.003 -1"><span class='ocrx_word' id='word_1_234' title='bbox 531 3546 605 3587; x_wconf 67' lang='lat' dir='ltr'><strong>ab</strong></span> <span class='ocrx_word' id='word_1_235' title='bbox 644 3545 917 3588; x_wconf 68' lang='lat' dir='ltr'><strong>conruunt</strong></span> <span class='ocrx_word' id='word_1_236' title='bbox 956 3546 1188 3587; x_wconf 73' lang='grc' dir='ltr'><strong>Ριτειωι</strong></span> <span class='ocrx_word' id='word_1_237' title='bbox 1225 3545 1611 3587; x_wconf 70' lang='lat' dir='ltr'><strong>mantuam.</strong></span> 
     </span>
    </p>

    <p class='ocr_par' dir='ltr' id='par_1_11' title="bbox 230 3618 1899 4496">
     <span class='ocr_line' id='line_1_40' title="bbox 309 3618 1899 3693; baseline 0.003 -19"><span class='ocrx_word' id='word_1_238' title='bbox 309 3620 601 3687; x_wconf 84' lang='lat' dir='ltr'><strong>Verbum,</strong></span> <span class='ocrx_word' id='word_1_239' title='bbox 643 3635 822 3691; x_wconf 83' lang='lat' dir='ltr'><strong>anper</strong></span> <span class='ocrx_word' id='word_1_240' title='bbox 851 3636 968 3692; x_wconf 93' lang='lat' dir='ltr'><strong>quo</strong></span> <span class='ocrx_word' id='word_1_241' title='bbox 1016 3618 1249 3676; x_wconf 89' lang='lat' dir='ltr'><strong>domino</strong></span> <span class='ocrx_word' id='word_1_242' title='bbox 1281 3620 1396 3693; x_wconf 87' lang='lat' dir='ltr'><strong>regi</strong></span> <span class='ocrx_word' id='word_1_243' title='bbox 1429 3619 1650 3692; x_wconf 76' lang='lat' dir='ltr'><strong>Angliae</strong></span> <span class='ocrx_word' id='word_1_244' title='bbox 1706 3629 1899 3678; x_wconf 79' lang='lat' dir='ltr'><strong>vestra</strong></span> 
     </span>
     <span class='ocr_line' id='line_1_41' title="bbox 241 3707 1895 3781; baseline 0 -15"><span class='ocrx_word' id='word_1_245' title='bbox 241 3725 346 3781; x_wconf 87' lang='lat' dir='ltr'><strong>pro</strong></span> <span class='ocrx_word' id='word_1_246' title='bbox 378 3724 472 3766; x_wconf 88' lang='lat' dir='ltr'><strong>me</strong></span> <span class='ocrx_word' id='word_1_247' title='bbox 493 3708 678 3779; x_wconf 87' lang='lat' dir='ltr'><strong>gratia</strong></span> <span class='ocrx_word' id='word_1_248' title='bbox 697 3707 1064 3780; x_wconf 74' lang='lat' dir='ltr'><strong>supplicavit,</strong></span> <span class='ocrx_word' id='word_1_249' title='bbox 1087 3724 1326 3781; x_wconf 86' lang='lat' dir='ltr'><strong>prorsus</strong></span> <span class='ocrx_word' id='word_1_250' title='bbox 1347 3709 1518 3764; x_wconf 87' lang='lat' dir='ltr'><strong>inane</strong></span> <span class='ocrx_word' id='word_1_251' title='bbox 1547 3709 1762 3766; x_wconf 76' lang='lat' dir='ltr'><strong>tactum</strong></span> <span class='ocrx_word' id='word_1_252' title='bbox 1784 3716 1895 3779; x_wconf 84' lang='lat' dir='ltr'><strong>est,</strong></span> 
     </span>
     <span class='ocr_line' id='line_1_42' title="bbox 236 3794 1896 3871; baseline 0.001 -18"><span class='ocrx_word' id='word_1_253' title='bbox 236 3798 523 3870; x_wconf 88' lang='lat' dir='ltr'><strong>quoniam</strong></span> <span class='ocrx_word' id='word_1_254' title='bbox 555 3796 819 3853; x_wconf 84' lang='lat' dir='ltr'><strong>intelices</strong></span> <span class='ocrx_word' id='word_1_255' title='bbox 847 3794 1072 3868; x_wconf 86' lang='lat' dir='ltr'><strong>aliquos</strong></span> <span class='ocrx_word' id='word_1_256' title='bbox 1099 3796 1410 3852; x_wconf 83' lang='lat' dir='ltr'><strong>adversum</strong></span> <span class='ocrx_word' id='word_1_257' title='bbox 1446 3813 1535 3853; x_wconf 85' lang='lat' dir='ltr'><strong>me</strong></span> <span class='ocrx_word' id='word_1_258' title='bbox 1563 3803 1896 3871; x_wconf 83' lang='lat' dir='ltr'><strong>exspectare</strong></span> 
     </span>
     <span class='ocr_line' id='line_1_43' title="bbox 237 3887 1897 3960; baseline 0 -17"><span class='ocrx_word' id='word_1_259' title='bbox 237 3887 533 3959; x_wconf 67' lang='lat' dir='ltr'><strong>preelegit</strong></span> <span class='ocrx_word' id='word_1_260' title='bbox 578 3895 837 3953; x_wconf 83' lang='lat' dir='ltr'><strong>eventus,</strong></span> <span class='ocrx_word' id='word_1_261' title='bbox 866 3902 1040 3956; x_wconf 86' lang='lat' dir='ltr'><strong>quam</strong></span> <span class='ocrx_word' id='word_1_262' title='bbox 1089 3902 1248 3942; x_wconf 90' lang='lat' dir='ltr'><strong>mero</strong></span> <span class='ocrx_word' id='word_1_263' title='bbox 1301 3887 1583 3943; x_wconf 82' lang='lat' dir='ltr'><strong>beneflcio</strong></span> <span class='ocrx_word' id='word_1_264' title='bbox 1638 3887 1897 3960; x_wconf 85' lang='lat' dir='ltr'><strong>quolibet</strong></span> 
     </span>
     <span class='ocr_line' id='line_1_44' title="bbox 234 3975 1896 4049; baseline 0 -16"><span class='ocrx_word' id='word_1_265' title='bbox 234 3976 544 4048; x_wconf 75' lang='lat' dir='ltr'><strong>adjuvare.</strong></span> <span class='ocrx_word' id='word_1_266' title='bbox 574 3978 646 4032; x_wconf 81' lang='lat' dir='ltr'><strong>Et</strong></span> <span class='ocrx_word' id='word_1_267' title='bbox 674 3975 808 4048; x_wconf 86' lang='lat' dir='ltr'><strong>quia</strong></span> <span class='ocrx_word' id='word_1_268' title='bbox 839 3976 1191 4032; x_wconf 85' lang='lat' dir='ltr'><strong>beneficium</strong></span> <span class='ocrx_word' id='word_1_269' title='bbox 1234 3991 1349 4031; x_wconf 90' lang='lat' dir='ltr'><strong>non</strong></span> <span class='ocrx_word' id='word_1_270' title='bbox 1405 3975 1587 4031; x_wconf 87' lang='lat' dir='ltr'><strong>merui</strong></span> <span class='ocrx_word' id='word_1_271' title='bbox 1631 3977 1896 4049; x_wconf 88' lang='lat' dir='ltr'><strong>accipere</strong></span> 
     </span>
     <span class='ocr_line' id='line_1_45' title="bbox 232 4066 1890 4139; baseline 0.001 -19"><span class='ocrx_word' id='word_1_272' title='bbox 232 4066 393 4137; x_wconf 90' lang='lat' dir='ltr'><strong>quod</strong></span> <span class='ocrx_word' id='word_1_273' title='bbox 423 4066 677 4139; x_wconf 85' lang='lat' dir='ltr'><strong>speravi,</strong></span> <span class='ocrx_word' id='word_1_274' title='bbox 707 4066 778 4121; x_wconf 90' lang='lat' dir='ltr'><strong>de</strong></span> <span class='ocrx_word' id='word_1_275' title='bbox 817 4081 948 4122; x_wconf 91' lang='lat' dir='ltr'><strong>meo</strong></span> <span class='ocrx_word' id='word_1_276' title='bbox 979 4079 1213 4121; x_wconf 82' lang='lat' dir='ltr'><strong>necesse</strong></span> <span class='ocrx_word' id='word_1_277' title='bbox 1243 4069 1332 4122; x_wconf 89' lang='lat' dir='ltr'><strong>est</strong></span> <span class='ocrx_word' id='word_1_278' title='bbox 1382 4081 1475 4121; x_wconf 89' lang='lat' dir='ltr'><strong>me</strong></span> <span class='ocrx_word' id='word_1_279' title='bbox 1522 4067 1708 4122; x_wconf 82' lang='lat' dir='ltr'><strong>facere</strong></span> <span class='ocrx_word' id='word_1_280' title='bbox 1739 4067 1890 4139; x_wconf 90' lang='lat' dir='ltr'><strong>quod</strong></span> 
     </span>
     <span class='ocr_line' id='line_1_46' title="bbox 231 4152 1888 4226; baseline 0.002 -18"><span class='ocrx_word' id='word_1_281' title='bbox 231 4157 483 4224; x_wconf 85' lang='lat' dir='ltr'><strong>oportet.</strong></span> <span class='ocrx_word' id='word_1_282' title='bbox 517 4154 773 4226; x_wconf 87' lang='lat' dir='ltr'><strong>Ideoque</strong></span> <span class='ocrx_word' id='word_1_283' title='bbox 804 4152 1098 4226; x_wconf 88' lang='lat' dir='ltr'><strong>proposui,</strong></span> <span class='ocrx_word' id='word_1_284' title='bbox 1122 4169 1266 4210; x_wconf 86' lang='lat' dir='ltr'><strong>cura</strong></span> <span class='ocrx_word' id='word_1_285' title='bbox 1293 4154 1610 4226; x_wconf 86' lang='lat' dir='ltr'><strong>episcopait</strong></span> <span class='ocrx_word' id='word_1_286' title='bbox 1640 4154 1778 4211; x_wconf 85' lang='lat' dir='ltr'><strong>viris</strong></span> <span class='ocrx_word' id='word_1_287' title='bbox 1799 4155 1888 4211; x_wconf 92' lang='lat' dir='ltr'><strong>in-</strong></span> 
     </span>
     <span class='ocr_line' id='line_1_47' title="bbox 233 4243 1888 4316; baseline 0.002 -17"><span class='ocrx_word' id='word_1_288' title='bbox 233 4243 403 4300; x_wconf 84' lang='lat' dir='ltr'><strong>terim</strong></span> <span class='ocrx_word' id='word_1_289' title='bbox 436 4244 751 4301; x_wconf 81' lang='lat' dir='ltr'><strong>commiasa</strong></span> <span class='ocrx_word' id='word_1_290' title='bbox 795 4244 1094 4311; x_wconf 84' lang='lat' dir='ltr'><strong>fidelibus,</strong></span> <span class='ocrx_word' id='word_1_291' title='bbox 1145 4252 1307 4301; x_wconf 87' lang='lat' dir='ltr'><strong>extra</strong></span> <span class='ocrx_word' id='word_1_292' title='bbox 1359 4244 1737 4316; x_wconf 82' lang='lat' dir='ltr'><strong>provinciam,</strong></span> <span class='ocrx_word' id='word_1_293' title='bbox 1789 4246 1888 4302; x_wconf 91' lang='lat' dir='ltr'><strong>ubi</strong></span> 
     </span>
     <span class='ocr_line' id='line_1_48' title="bbox 230 4331 1886 4406; baseline 0.001 -16"><span class='ocrx_word' id='word_1_294' title='bbox 230 4333 395 4391; x_wconf 85' lang='lat' dir='ltr'><strong>nulla</strong></span> <span class='ocrx_word' id='word_1_295' title='bbox 422 4334 621 4406; x_wconf 88' lang='lat' dir='ltr'><strong>quies,</strong></span> <span class='ocrx_word' id='word_1_296' title='bbox 653 4331 816 4390; x_wconf 88' lang='lat' dir='ltr'><strong>nulla</strong></span> <span class='ocrx_word' id='word_1_297' title='bbox 844 4332 1047 4389; x_wconf 64' lang='lat' dir='ltr'><strong>letitia</strong></span> <span class='ocrx_word' id='word_1_298' title='bbox 1077 4337 1185 4404; x_wconf 83' lang='lat' dir='ltr'><strong>est,</strong></span> <span class='ocrx_word' id='word_1_299' title='bbox 1213 4333 1412 4405; x_wconf 87' lang='lat' dir='ltr'><strong>aliquo</strong></span> <span class='ocrx_word' id='word_1_300' title='bbox 1464 4348 1557 4389; x_wconf 90' lang='lat' dir='ltr'><strong>me</strong></span> <span class='ocrx_word' id='word_1_301' title='bbox 1605 4335 1886 4403; x_wconf 79' lang='lat' dir='ltr'><strong>conterre,</strong></span> 
     </span>
     <span class='ocr_line' id='line_1_49' title="bbox 233 4422 1885 4496; baseline 0.002 -17"><span class='ocrx_word' id='word_1_302' title='bbox 233 4423 331 4480; x_wconf 83' lang='lat' dir='ltr'><strong>ubi</strong></span> <span class='ocrx_word' id='word_1_303' title='bbox 361 4424 538 4495; x_wconf 90' lang='lat' dir='ltr'><strong>quies</strong></span> <span class='ocrx_word' id='word_1_304' title='bbox 566 4429 626 4479; x_wconf 88' lang='lat' dir='ltr'><strong>et</strong></span> <span class='ocrx_word' id='word_1_305' title='bbox 650 4422 846 4479; x_wconf 92' lang='lat' dir='ltr'><strong>animo</strong></span> <span class='ocrx_word' id='word_1_306' title='bbox 870 4424 1146 4496; x_wconf 73' lang='lat' dir='ltr'><strong>prodesse</strong></span> <span class='ocrx_word' id='word_1_307' title='bbox 1178 4424 1361 4494; x_wconf 84' lang='lat' dir='ltr'><strong>possit</strong></span> <span class='ocrx_word' id='word_1_308' title='bbox 1393 4426 1450 4479; x_wconf 89' lang='lat' dir='ltr'><strong>et</strong></span> <span class='ocrx_word' id='word_1_309' title='bbox 1471 4424 1700 4494; x_wconf 83' lang='lat' dir='ltr'><strong>corpori</strong></span> <span class='ocrx_word' id='word_1_310' title='bbox 1728 4430 1785 4481; x_wconf 89' lang='lat' dir='ltr'><strong>et</strong></span> <span class='ocrx_word' id='word_1_311' title='bbox 1813 4426 1885 4482; x_wconf 89' lang='lat' dir='ltr'><strong>ad</strong></span> 
     </span>
    </p>
   </div>
   <div class='ocr_carea' id='block_1_11' title="bbox 2007 494 3671 1908">
    <p class='ocr_par' dir='ltr' id='par_1_12' title="bbox 2015 494 3671 822">
     <span class='ocr_line' id='line_1_50' title="bbox 2016 494 3671 566; baseline 0.003 -16"><span class='ocrx_word' id='word_1_312' title='bbox 2016 494 2308 566; x_wconf 89' lang='lat' dir='ltr'><strong>condigna</strong></span> <span class='ocrx_word' id='word_1_313' title='bbox 2334 510 2576 566; x_wconf 89' lang='lat' dir='ltr'><strong>operum</strong></span> <span class='ocrx_word' id='word_1_314' title='bbox 2622 494 2978 552; x_wconf 84' lang='lat' dir='ltr'><strong>exhibitione</strong></span> <span class='ocrx_word' id='word_1_315' title='bbox 3030 512 3145 553; x_wconf 94' lang='lat' dir='ltr'><strong>non</strong></span> <span class='ocrx_word' id='word_1_316' title='bbox 3199 498 3411 564; x_wconf 89' lang='lat' dir='ltr'><strong>merui,</strong></span> <span class='ocrx_word' id='word_1_317' title='bbox 3442 498 3671 556; x_wconf 82' lang='lat' dir='ltr'><strong>sincera</strong></span> 
     </span>
     <span class='ocr_line' id='line_1_51' title="bbox 2015 583 3210 658; baseline 0.003 -20"><span class='ocrx_word' id='word_1_318' title='bbox 2015 586 2211 640; x_wconf 87' lang='lat' dir='ltr'><strong>tamen</strong></span> <span class='ocrx_word' id='word_1_319' title='bbox 2243 583 2557 641; x_wconf 88' lang='lat' dir='ltr'><strong>credideris</strong></span> <span class='ocrx_word' id='word_1_320' title='bbox 2586 584 2892 641; x_wconf 82' lang='lat' dir='ltr'><strong>devotione</strong></span> <span class='ocrx_word' id='word_1_321' title='bbox 2924 584 3210 658; x_wconf 85' lang='lat' dir='ltr'><strong>suppleri.</strong></span> 
     </span>
     <span class='ocr_line' id='line_1_52' title="bbox 2780 690 2893 746; baseline -0.009 0"><span class='ocrx_word' id='word_1_322' title='bbox 2780 690 2893 746; x_wconf 85' lang='lat' dir='ltr'><strong>CV.</strong></span> 
     </span>
     <span class='ocr_line' id='line_1_53' title="bbox 2297 777 3375 822; baseline 0.005 -5"><span class='ocrx_word' id='word_1_323' title='bbox 2297 777 2370 817; x_wconf 68' lang='lat' dir='ltr'><strong>au</strong></span> <span class='ocrx_word' id='word_1_324' title='bbox 2410 777 2679 819; x_wconf 67' lang='lat' dir='ltr'><strong>coniunx</strong></span> <span class='ocrx_word' id='word_1_325' title='bbox 2719 778 2913 819; x_wconf 68' lang='lat' dir='ltr'><strong>raram</strong></span> <span class='ocrx_word' id='word_1_326' title='bbox 2951 779 3375 822; x_wconf 66' lang='lat' dir='ltr'><strong>anaxanonuu.</strong></span> 
     </span>
    </p>

    <p class='ocr_par' dir='ltr' id='par_1_13' title="bbox 2007 849 3667 1908">
     <span class='ocr_line' id='line_1_54' title="bbox 2085 849 3667 928; baseline 0.006 -23"><span class='ocrx_word' id='word_1_327' title='bbox 2085 849 2441 919; x_wconf 72' lang='lat' dir='ltr'><strong>Desiderari,</strong></span> <span class='ocrx_word' id='word_1_328' title='bbox 2474 851 2708 907; x_wconf 90' lang='lat' dir='ltr'><strong>domine</strong></span> <span class='ocrx_word' id='word_1_329' title='bbox 2738 853 2840 922; x_wconf 91' lang='lat' dir='ltr'><strong>mi,</strong></span> <span class='ocrx_word' id='word_1_330' title='bbox 2869 852 2988 924; x_wconf 78' lang='lat' dir='ltr'><strong>iam</strong></span> <span class='ocrx_word' id='word_1_331' title='bbox 3018 854 3244 910; x_wconf 90' lang='lat' dir='ltr'><strong>dudum</strong></span> <span class='ocrx_word' id='word_1_332' title='bbox 3279 871 3313 910; x_wconf 91' lang='lat' dir='ltr'><strong>a</strong></span> <span class='ocrx_word' id='word_1_333' title='bbox 3349 855 3512 913; x_wconf 85' lang='lat' dir='ltr'><strong>vobis</strong></span> <span class='ocrx_word' id='word_1_334' title='bbox 3541 857 3667 928; x_wconf 89' lang='lat' dir='ltr'><strong>epi·</strong></span> 
     </span>
     <span class='ocr_line' id='line_1_55' title="bbox 2012 939 3665 1015; baseline 0.004 -19"><span class='ocrx_word' id='word_1_335' title='bbox 2012 939 2262 1011; x_wconf 88' lang='lat' dir='ltr'><strong>scopalis</strong></span> <span class='ocrx_word' id='word_1_336' title='bbox 2286 939 2460 997; x_wconf 82' lang='lat' dir='ltr'><strong>officii</strong></span> <span class='ocrx_word' id='word_1_337' title='bbox 2496 943 2686 1010; x_wconf 87' lang='lat' dir='ltr'><strong>petere</strong></span> <span class='ocrx_word' id='word_1_338' title='bbox 2709 941 3072 1012; x_wconf 88' lang='lat' dir='ltr'><strong>missionem,</strong></span> <span class='ocrx_word' id='word_1_339' title='bbox 3097 943 3235 1015; x_wconf 86' lang='lat' dir='ltr'><strong>quia</strong></span> <span class='ocrx_word' id='word_1_340' title='bbox 3256 944 3562 1002; x_wconf 81' lang='lat' dir='ltr'><strong>deficiente</strong></span> <span class='ocrx_word' id='word_1_341' title='bbox 3593 958 3665 1003; x_wconf 82' lang='lat' dir='ltr'><strong>ex</strong></span> 
     </span>
     <span class='ocr_line' id='line_1_56' title="bbox 2013 1026 3664 1106; baseline 0.005 -23"><span class='ocrx_word' id='word_1_342' title='bbox 2013 1026 2215 1084; x_wconf 90' lang='lat' dir='ltr'><strong>multis</strong></span> <span class='ocrx_word' id='word_1_343' title='bbox 2238 1028 2433 1085; x_wconf 83' lang='lat' dir='ltr'><strong>causis</strong></span> <span class='ocrx_word' id='word_1_344' title='bbox 2464 1029 2658 1085; x_wconf 89' lang='lat' dir='ltr'><strong>auimo</strong></span> <span class='ocrx_word' id='word_1_345' title='bbox 2687 1033 2746 1085; x_wconf 91' lang='lat' dir='ltr'><strong>et</strong></span> <span class='ocrx_word' id='word_1_346' title='bbox 2774 1044 3031 1102; x_wconf 86' lang='lat' dir='ltr'><strong>corpore,</strong></span> <span class='ocrx_word' id='word_1_347' title='bbox 3059 1047 3161 1088; x_wconf 93' lang='lat' dir='ltr'><strong>nec</strong></span> <span class='ocrx_word' id='word_1_348' title='bbox 3188 1032 3505 1106; x_wconf 70' lang='lat' dir='ltr'><strong>diligentia</strong></span> <span class='ocrx_word' id='word_1_349' title='bbox 3525 1033 3664 1092; x_wconf 87' lang='lat' dir='ltr'><strong>huic</strong></span> 
     </span>
     <span class='ocr_line' id='line_1_57' title="bbox 2012 1118 3662 1193; baseline 0.004 -17"><span class='ocrx_word' id='word_1_350' title='bbox 2012 1118 2244 1176; x_wconf 78' lang='lat' dir='ltr'><strong>sufficio</strong></span> <span class='ocrx_word' id='word_1_351' title='bbox 2274 1135 2381 1177; x_wconf 91' lang='lat' dir='ltr'><strong>nec</strong></span> <span class='ocrx_word' id='word_1_352' title='bbox 2410 1118 2617 1178; x_wconf 89' lang='lat' dir='ltr'><strong>labori.</strong></span> <span class='ocrx_word' id='word_1_353' title='bbox 2652 1122 2906 1193; x_wconf 82' lang='lat' dir='ltr'><strong>ideoque</strong></span> <span class='ocrx_word' id='word_1_354' title='bbox 2937 1121 3331 1192; x_wconf 74' lang='lat' dir='ltr'><strong>praelationem</strong></span> <span class='ocrx_word' id='word_1_355' title='bbox 3366 1139 3558 1181; x_wconf 90' lang='lat' dir='ltr'><strong>meam</strong></span> <span class='ocrx_word' id='word_1_356' title='bbox 3590 1141 3662 1183; x_wconf 88' lang='lat' dir='ltr'><strong>ex</strong></span> 
     </span>
     <span class='ocr_line' id='line_1_58' title="bbox 2011 1208 3660 1270; baseline 0.002 -5"><span class='ocrx_word' id='word_1_357' title='bbox 2011 1208 2119 1265; x_wconf 89' lang='lat' dir='ltr'><strong>boc</strong></span> <span class='ocrx_word' id='word_1_358' title='bbox 2151 1224 2309 1266; x_wconf 90' lang='lat' dir='ltr'><strong>nunc</strong></span> <span class='ocrx_word' id='word_1_359' title='bbox 2336 1213 2568 1266; x_wconf 86' lang='lat' dir='ltr'><strong>constat</strong></span> <span class='ocrx_word' id='word_1_360' title='bbox 2596 1208 2856 1266; x_wconf 69' lang='lat' dir='ltr'><strong>ecclesias</strong></span> <span class='ocrx_word' id='word_1_361' title='bbox 2880 1225 2993 1266; x_wconf 94' lang='lat' dir='ltr'><strong>non</strong></span> <span class='ocrx_word' id='word_1_362' title='bbox 3017 1214 3215 1266; x_wconf 91' lang='lat' dir='ltr'><strong>tamen</strong></span> <span class='ocrx_word' id='word_1_363' title='bbox 3245 1227 3372 1267; x_wconf 86' lang='lat' dir='ltr'><strong>esee</strong></span> <span class='ocrx_word' id='word_1_364' title='bbox 3392 1211 3660 1270; x_wconf 85' lang='lat' dir='ltr'><strong>inutilem</strong></span> 
     </span>
     <span class='ocr_line' id='line_1_59' title="bbox 2010 1298 3665 1370; baseline 0.002 -15"><span class='ocrx_word' id='word_1_365' title='bbox 2010 1299 2111 1355; x_wconf 90' lang='lat' dir='ltr'><strong>sed</strong></span> <span class='ocrx_word' id='word_1_366' title='bbox 2138 1298 2515 1367; x_wconf 84' lang='lat' dir='ltr'><strong>damnosum,</strong></span> <span class='ocrx_word' id='word_1_367' title='bbox 2555 1298 2750 1370; x_wconf 89' lang='lat' dir='ltr'><strong>nilque</strong></span> <span class='ocrx_word' id='word_1_368' title='bbox 2781 1303 2962 1355; x_wconf 89' lang='lat' dir='ltr'><strong>restat</strong></span> <span class='ocrx_word' id='word_1_369' title='bbox 3009 1299 3121 1356; x_wconf 91' lang='lat' dir='ltr'><strong>nisi</strong></span> <span class='ocrx_word' id='word_1_370' title='bbox 3171 1299 3485 1358; x_wconf 87' lang='lat' dir='ltr'><strong>instantem</strong></span> <span class='ocrx_word' id='word_1_371' title='bbox 3519 1302 3665 1359; x_wconf 89' lang='lat' dir='ltr'><strong>mibi</strong></span> 
     </span>
     <span class='ocr_line' id='line_1_60' title="bbox 2010 1387 3664 1462; baseline 0.003 -18"><span class='ocrx_word' id='word_1_372' title='bbox 2010 1387 2242 1458; x_wconf 80' lang='lat' dir='ltr'><strong>provide</strong></span> <span class='ocrx_word' id='word_1_373' title='bbox 2262 1387 2570 1459; x_wconf 87' lang='lat' dir='ltr'><strong>disponere</strong></span> <span class='ocrx_word' id='word_1_374' title='bbox 2590 1387 2976 1460; x_wconf 83' lang='lat' dir='ltr'><strong>sepulturam,</strong></span> <span class='ocrx_word' id='word_1_375' title='bbox 3001 1404 3074 1444; x_wconf 91' lang='lat' dir='ltr'><strong>ne</strong></span> <span class='ocrx_word' id='word_1_376' title='bbox 3096 1390 3242 1446; x_wconf 79' lang='lat' dir='ltr'><strong>sorte</strong></span> <span class='ocrx_word' id='word_1_377' title='bbox 3268 1389 3664 1462; x_wconf 77' lang='lat' dir='ltr'><strong>negligentem</strong></span> 
     </span>
     <span class='ocr_line' id='line_1_61' title="bbox 2010 1475 3666 1550; baseline 0.003 -18"><span class='ocrx_word' id='word_1_378' title='bbox 2010 1476 2215 1532; x_wconf 86' lang='lat' dir='ltr'><strong>mortis</strong></span> <span class='ocrx_word' id='word_1_379' title='bbox 2244 1475 2388 1533; x_wconf 91' lang='lat' dir='ltr'><strong>bora</strong></span> <span class='ocrx_word' id='word_1_380' title='bbox 2409 1476 2740 1547; x_wconf 68' lang='lat' dir='ltr'><strong>proveniat,</strong></span> <span class='ocrx_word' id='word_1_381' title='bbox 2758 1480 2816 1532; x_wconf 89' lang='lat' dir='ltr'><strong>et</strong></span> <span class='ocrx_word' id='word_1_382' title='bbox 2846 1481 3135 1549; x_wconf 66' lang='lat' dir='ltr'><strong>prevento</strong></span> <span class='ocrx_word' id='word_1_383' title='bbox 3157 1494 3288 1535; x_wconf 89' lang='lat' dir='ltr'><strong>sera</strong></span> <span class='ocrx_word' id='word_1_384' title='bbox 3317 1480 3666 1550; x_wconf 71' lang='lat' dir='ltr'><strong>ponitentia</strong></span> 
     </span>
     <span class='ocr_line' id='line_1_62' title="bbox 2008 1567 3662 1641; baseline 0.004 -19"><span class='ocrx_word' id='word_1_385' title='bbox 2008 1583 2121 1622; x_wconf 91' lang='lat' dir='ltr'><strong>non</strong></span> <span class='ocrx_word' id='word_1_386' title='bbox 2140 1572 2463 1623; x_wconf 84' lang='lat' dir='ltr'><strong>succurrat.</strong></span> <span class='ocrx_word' id='word_1_387' title='bbox 2479 1567 2626 1633; x_wconf 87' lang='lat' dir='ltr'><strong>Quia</strong></span> <span class='ocrx_word' id='word_1_388' title='bbox 2644 1584 2781 1624; x_wconf 89' lang='lat' dir='ltr'><strong>vero</strong></span> <span class='ocrx_word' id='word_1_389' title='bbox 2804 1567 3003 1625; x_wconf 88' lang='lat' dir='ltr'><strong>multis</strong></span> <span class='ocrx_word' id='word_1_390' title='bbox 3024 1569 3341 1641; x_wconf 88' lang='lat' dir='ltr'><strong>impeditus</strong></span> <span class='ocrx_word' id='word_1_391' title='bbox 3362 1570 3546 1628; x_wconf 90' lang='lat' dir='ltr'><strong>libere</strong></span> <span class='ocrx_word' id='word_1_392' title='bbox 3560 1571 3662 1628; x_wconf 88' lang='lat' dir='ltr'><strong>de·</strong></span> 
     </span>
     <span class='ocr_line' id='line_1_63' title="bbox 2009 1654 3659 1727; baseline 0.003 -16"><span class='ocrx_word' id='word_1_393' title='bbox 2009 1655 2257 1727; x_wconf 84' lang='lat' dir='ltr'><strong>migrare</strong></span> <span class='ocrx_word' id='word_1_394' title='bbox 2296 1671 2409 1710; x_wconf 90' lang='lat' dir='ltr'><strong>non</strong></span> <span class='ocrx_word' id='word_1_395' title='bbox 2445 1660 2725 1726; x_wconf 89' lang='lat' dir='ltr'><strong>poteram,</strong></span> <span class='ocrx_word' id='word_1_396' title='bbox 2749 1654 2994 1712; x_wconf 91' lang='lat' dir='ltr'><strong>consilio</strong></span> <span class='ocrx_word' id='word_1_397' title='bbox 3024 1662 3082 1712; x_wconf 88' lang='lat' dir='ltr'><strong>et</strong></span> <span class='ocrx_word' id='word_1_398' title='bbox 3129 1658 3526 1715; x_wconf 85' lang='lat' dir='ltr'><strong>admonitione</strong></span> <span class='ocrx_word' id='word_1_399' title='bbox 3554 1660 3659 1716; x_wconf 87' lang='lat' dir='ltr'><strong>do-</strong></span> 
     </span>
     <span class='ocr_line' id='line_1_64' title="bbox 2007 1742 3663 1817; baseline 0.004 -18"><span class='ocrx_word' id='word_1_400' title='bbox 2007 1743 2151 1799; x_wconf 91' lang='lat' dir='ltr'><strong>mini</strong></span> <span class='ocrx_word' id='word_1_401' title='bbox 2182 1744 2329 1800; x_wconf 85' lang='lat' dir='ltr'><strong>Petri</strong></span> <span class='ocrx_word' id='word_1_402' title='bbox 2353 1742 2671 1801; x_wconf 85' lang='lat' dir='ltr'><strong>cardinalis</strong></span> <span class='ocrx_word' id='word_1_403' title='bbox 2699 1743 2873 1817; x_wconf 87' lang='lat' dir='ltr'><strong>legati</strong></span> <span class='ocrx_word' id='word_1_404' title='bbox 2892 1745 3071 1802; x_wconf 82' lang='lat' dir='ltr'><strong>vestri</strong></span> <span class='ocrx_word' id='word_1_405' title='bbox 3095 1746 3365 1817; x_wconf 89' lang='lat' dir='ltr'><strong>promisit</strong></span> <span class='ocrx_word' id='word_1_406' title='bbox 3389 1747 3534 1804; x_wconf 89' lang='lat' dir='ltr'><strong>mibi</strong></span> <span class='ocrx_word' id='word_1_407' title='bbox 3554 1748 3663 1806; x_wconf 91' lang='lat' dir='ltr'><strong>do-</strong></span> 
     </span>
     <span class='ocr_line' id='line_1_65' title="bbox 2009 1832 3651 1908; baseline 0.004 -20"><span class='ocrx_word' id='word_1_408' title='bbox 2009 1832 2206 1889; x_wconf 89' lang='lat' dir='ltr'><strong>minus</strong></span> <span class='ocrx_word' id='word_1_409' title='bbox 2237 1847 2337 1889; x_wconf 89' lang='lat' dir='ltr'><strong>rex</strong></span> <span class='ocrx_word' id='word_1_410' title='bbox 2364 1832 2583 1906; x_wconf 77' lang='lat' dir='ltr'><strong>Angliae</strong></span> <span class='ocrx_word' id='word_1_411' title='bbox 2612 1834 2832 1905; x_wconf 87' lang='lat' dir='ltr'><strong>copiam</strong></span> <span class='ocrx_word' id='word_1_412' title='bbox 2881 1835 3087 1906; x_wconf 84' lang='lat' dir='ltr'><strong>regalis</strong></span> <span class='ocrx_word' id='word_1_413' title='bbox 3117 1835 3318 1892; x_wconf 83' lang='lat' dir='ltr'><strong>auxilii</strong></span> <span class='ocrx_word' id='word_1_414' title='bbox 3371 1854 3487 1908; x_wconf 90' lang='lat' dir='ltr'><strong>quo</strong></span> <span class='ocrx_word' id='word_1_415' title='bbox 3537 1853 3651 1895; x_wconf 76' lang='lat' dir='ltr'><strong>aere</strong></span> 
     </span>
    </p>
   </div>
   <div class='ocr_carea' id='block_1_12' title="bbox 2002 1921 3652 1998">
    <p class='ocr_par' dir='ltr' id='par_1_14' title="bbox 2002 1921 3652 1998">
     <span class='ocr_line' id='line_1_66' title="bbox 2002 1921 3652 1998; baseline 0.004 -20"><span class='ocrx_word' id='word_1_416' title='bbox 2002 1921 2370 1994; x_wconf 84' lang='lat' dir='ltr'><strong>alieno,qucd</strong></span> <span class='ocrx_word' id='word_1_417' title='bbox 2390 1938 2478 1979; x_wconf 91' lang='lat' dir='ltr'><strong>me</strong></span> <span class='ocrx_word' id='word_1_418' title='bbox 2493 1923 2744 1980; x_wconf 89' lang='lat' dir='ltr'><strong>maxime</strong></span> <span class='ocrx_word' id='word_1_419' title='bbox 2755 1924 2993 1990; x_wconf 88' lang='lat' dir='ltr'><strong>detinet,</strong></span> <span class='ocrx_word' id='word_1_420' title='bbox 3007 1925 3241 1982; x_wconf 86' lang='lat' dir='ltr'><strong>liberari</strong></span> <span class='ocrx_word' id='word_1_421' title='bbox 3260 1942 3495 1998; x_wconf 89' lang='lat' dir='ltr'><strong>possem</strong></span> <span class='ocrx_word' id='word_1_422' title='bbox 3510 1927 3652 1987; x_wconf 77' lang='lat' dir='ltr'><strong>etad</strong></span> 
     </span>
    </p>
   </div>
   <div class='ocr_carea' id='block_1_13' title="bbox 1998 2016 3671 4493">
    <p class='ocr_par' dir='ltr' id='par_1_15' title="bbox 2004 2016 3667 2356">
     <span class='ocr_line' id='line_1_67' title="bbox 2004 2016 3667 2089; baseline 0.006 -20"><span class='ocrx_word' id='word_1_423' title='bbox 2004 2016 2486 2072; x_wconf 83' lang='lat' dir='ltr'><strong>sustentationem</strong></span> <span class='ocrx_word' id='word_1_424' title='bbox 2503 2031 2693 2072; x_wconf 88' lang='lat' dir='ltr'><strong>meam</strong></span> <span class='ocrx_word' id='word_1_425' title='bbox 2707 2032 3059 2089; x_wconf 89' lang='lat' dir='ltr'><strong>quocunque</strong></span> <span class='ocrx_word' id='word_1_426' title='bbox 3074 2032 3166 2074; x_wconf 91' lang='lat' dir='ltr'><strong>me</strong></span> <span class='ocrx_word' id='word_1_427' title='bbox 3175 2021 3456 2075; x_wconf 78' lang='lat' dir='ltr'><strong>verterem</strong></span> <span class='ocrx_word' id='word_1_428' title='bbox 3470 2020 3543 2076; x_wconf 83' lang='lat' dir='ltr'><strong>de</strong></span> <span class='ocrx_word' id='word_1_429' title='bbox 3566 2021 3667 2079; x_wconf 90' lang='lat' dir='ltr'><strong>bo-</strong></span> 
     </span>
     <span class='ocr_line' id='line_1_68' title="bbox 2005 2102 3658 2178; baseline 0.005 -19"><span class='ocrx_word' id='word_1_430' title='bbox 2005 2102 2696 2176; x_wconf 73' lang='lat' dir='ltr'><strong>nisepiscopalibus,quae</strong></span> <span class='ocrx_word' id='word_1_431' title='bbox 2710 2104 2905 2161; x_wconf 90' lang='lat' dir='ltr'><strong>studio</strong></span> <span class='ocrx_word' id='word_1_432' title='bbox 2918 2105 3093 2162; x_wconf 88' lang='lat' dir='ltr'><strong>etiam</strong></span> <span class='ocrx_word' id='word_1_433' title='bbox 3111 2121 3236 2164; x_wconf 91' lang='lat' dir='ltr'><strong>meo</strong></span> <span class='ocrx_word' id='word_1_434' title='bbox 3250 2107 3480 2178; x_wconf 88' lang='lat' dir='ltr'><strong>copiose</strong></span> <span class='ocrx_word' id='word_1_435' title='bbox 3496 2109 3658 2166; x_wconf 80' lang='lat' dir='ltr'><strong>novi-</strong></span> 
     </span>
     <span class='ocr_line' id='line_1_69' title="bbox 2005 2192 3663 2266; baseline 0.005 -18"><span class='ocrx_word' id='word_1_436' title='bbox 2005 2197 2092 2248; x_wconf 85' lang='lat' dir='ltr'><strong>ter</strong></span> <span class='ocrx_word' id='word_1_437' title='bbox 2118 2192 2406 2264; x_wconf 89' lang='lat' dir='ltr'><strong>acquisita</strong></span> <span class='ocrx_word' id='word_1_438' title='bbox 2451 2197 2607 2261; x_wconf 86' lang='lat' dir='ltr'><strong>sunt,</strong></span> <span class='ocrx_word' id='word_1_439' title='bbox 2642 2199 2909 2266; x_wconf 89' lang='lat' dir='ltr'><strong>perpetuo</strong></span> <span class='ocrx_word' id='word_1_440' title='bbox 2960 2193 3240 2252; x_wconf 81' lang='lat' dir='ltr'><strong>beneflcio</strong></span> <span class='ocrx_word' id='word_1_441' title='bbox 3284 2199 3663 2257; x_wconf 88' lang='lat' dir='ltr'><strong>communiri.</strong></span> 
     </span>
     <span class='ocr_line' id='line_1_70' title="bbox 2004 2282 3639 2356; baseline 0.004 -18"><span class='ocrx_word' id='word_1_442' title='bbox 2004 2282 2314 2353; x_wconf 58' lang='lat' dir='ltr'><strong>Nuncjvero</strong></span> <span class='ocrx_word' id='word_1_443' title='bbox 2325 2283 2872 2338; x_wconf 84' lang='lat' dir='ltr'><strong>revocavitanimum</strong></span> <span class='ocrx_word' id='word_1_444' title='bbox 2890 2285 3639 2356; x_wconf 78' lang='lat' dir='ltr'><strong>manumque,quaeliberali</strong></span> 
     </span>
    </p>

    <p class='ocr_par' dir='ltr' id='par_1_16' title="bbox 1998 2371 3671 4493">
     <span class='ocr_line' id='line_1_71' title="bbox 2005 2371 3663 2445; baseline 0.005 -21"><span class='ocrx_word' id='word_1_445' title='bbox 2005 2374 2092 2425; x_wconf 87' lang='lat' dir='ltr'><strong>ter</strong></span> <span class='ocrx_word' id='word_1_446' title='bbox 2107 2372 2449 2428; x_wconf 87' lang='lat' dir='ltr'><strong>credebatur</strong></span> <span class='ocrx_word' id='word_1_447' title='bbox 2464 2374 2724 2441; x_wconf 85' lang='lat' dir='ltr'><strong>extensa,</strong></span> <span class='ocrx_word' id='word_1_448' title='bbox 2740 2371 3023 2428; x_wconf 85' lang='lat' dir='ltr'><strong>continuit</strong></span> <span class='ocrx_word' id='word_1_449' title='bbox 3037 2376 3095 2428; x_wconf 89' lang='lat' dir='ltr'><strong>et</strong></span> <span class='ocrx_word' id='word_1_450' title='bbox 3112 2377 3175 2428; x_wconf 89' lang='lat' dir='ltr'><strong>ut</strong></span> <span class='ocrx_word' id='word_1_451' title='bbox 3192 2375 3427 2444; x_wconf 88' lang='lat' dir='ltr'><strong>parcius</strong></span> <span class='ocrx_word' id='word_1_452' title='bbox 3448 2376 3663 2445; x_wconf 81' lang='lat' dir='ltr'><strong>dicam,</strong></span> 
     </span>
     <span class='ocr_line' id='line_1_72' title="bbox 2003 2459 3661 2532; baseline 0.005 -18"><span class='ocrx_word' id='word_1_453' title='bbox 2003 2459 2288 2532; x_wconf 84' lang='lat' dir='ltr'><strong>permittit</strong></span> <span class='ocrx_word' id='word_1_454' title='bbox 2310 2476 2402 2517; x_wconf 90' lang='lat' dir='ltr'><strong>me</strong></span> <span class='ocrx_word' id='word_1_455' title='bbox 2422 2477 2457 2516; x_wconf 90' lang='lat' dir='ltr'><strong>a</strong></span> <span class='ocrx_word' id='word_1_456' title='bbox 2485 2459 2770 2516; x_wconf 88' lang='lat' dir='ltr'><strong>ministris</strong></span> <span class='ocrx_word' id='word_1_457' title='bbox 2797 2466 2854 2517; x_wconf 89' lang='lat' dir='ltr'><strong>et</strong></span> <span class='ocrx_word' id='word_1_458' title='bbox 2873 2461 3239 2518; x_wconf 81' lang='lat' dir='ltr'><strong>exactoribus</strong></span> <span class='ocrx_word' id='word_1_459' title='bbox 3261 2462 3384 2520; x_wconf 88' lang='lat' dir='ltr'><strong>suis</strong></span> <span class='ocrx_word' id='word_1_460' title='bbox 3419 2465 3661 2521; x_wconf 83' lang='lat' dir='ltr'><strong>misera·</strong></span> 
     </span>
     <span class='ocr_line' id='line_1_73' title="bbox 2003 2546 3671 2620; baseline 0.004 -16"><span class='ocrx_word' id='word_1_461' title='bbox 2003 2546 2203 2604; x_wconf 81' lang='lat' dir='ltr'><strong>biliter</strong></span> <span class='ocrx_word' id='word_1_462' title='bbox 2232 2549 2520 2616; x_wconf 74' lang='lat' dir='ltr'><strong>infestari,</strong></span> <span class='ocrx_word' id='word_1_463' title='bbox 2554 2551 2696 2606; x_wconf 86' lang='lat' dir='ltr'><strong>adeo</strong></span> <span class='ocrx_word' id='word_1_464' title='bbox 2755 2554 2818 2606; x_wconf 89' lang='lat' dir='ltr'><strong>ut</strong></span> <span class='ocrx_word' id='word_1_465' title='bbox 2870 2549 3230 2620; x_wconf 83' lang='lat' dir='ltr'><strong>provinciam</strong></span> <span class='ocrx_word' id='word_1_466' title='bbox 3295 2556 3473 2608; x_wconf 90' lang='lat' dir='ltr'><strong>totam</strong></span> <span class='ocrx_word' id='word_1_467' title='bbox 3505 2553 3671 2611; x_wconf 87' lang='lat' dir='ltr'><strong>exire</strong></span> 
     </span>
     <span class='ocr_line' id='line_1_74' title="bbox 2006 2635 3659 2715; baseline 0.004 -23"><span class='ocrx_word' id='word_1_468' title='bbox 2006 2635 2334 2709; x_wconf 89' lang='lat' dir='ltr'><strong>compellat,</strong></span> <span class='ocrx_word' id='word_1_469' title='bbox 2369 2637 2511 2710; x_wconf 90' lang='lat' dir='ltr'><strong>quia</strong></span> <span class='ocrx_word' id='word_1_470' title='bbox 2559 2636 2722 2694; x_wconf 89' lang='lat' dir='ltr'><strong>nulla</strong></span> <span class='ocrx_word' id='word_1_471' title='bbox 2770 2638 3049 2711; x_wconf 87' lang='lat' dir='ltr'><strong>patientia</strong></span> <span class='ocrx_word' id='word_1_472' title='bbox 3098 2642 3355 2711; x_wconf 87' lang='lat' dir='ltr'><strong>poteram</strong></span> <span class='ocrx_word' id='word_1_473' title='bbox 3402 2656 3491 2712; x_wconf 82' lang='lat' dir='ltr'><strong>ea,</strong></span> <span class='ocrx_word' id='word_1_474' title='bbox 3529 2658 3659 2715; x_wconf 70' lang='lat' dir='ltr'><strong>qun</strong></span> 
     </span>
     <span class='ocr_line' id='line_1_75' title="bbox 2009 2725 3666 2800; baseline 0.005 -20"><span class='ocrx_word' id='word_1_475' title='bbox 2009 2725 2416 2798; x_wconf 83' lang='lat' dir='ltr'><strong>indignissime</strong></span> <span class='ocrx_word' id='word_1_476' title='bbox 2447 2728 2667 2799; x_wconf 87' lang='lat' dir='ltr'><strong>patitur</strong></span> <span class='ocrx_word' id='word_1_477' title='bbox 2693 2727 2971 2795; x_wconf 75' lang='lat' dir='ltr'><strong>Ecclesia,</strong></span> <span class='ocrx_word' id='word_1_478' title='bbox 3004 2730 3265 2785; x_wconf 87' lang='lat' dir='ltr'><strong>contueri</strong></span> <span class='ocrx_word' id='word_1_479' title='bbox 3306 2735 3520 2800; x_wconf 66' lang='lat' dir='ltr'><strong>prater</strong></span> <span class='ocrx_word' id='word_1_480' title='bbox 3550 2731 3666 2789; x_wconf 88' lang='lat' dir='ltr'><strong>alia</strong></span> 
     </span>
     <span class='ocr_line' id='line_1_76' title="bbox 2004 2815 3661 2886; baseline 0.005 -17"><span class='ocrx_word' id='word_1_481' title='bbox 2004 2829 2129 2886; x_wconf 68' lang='lat' dir='ltr'><strong>quis</strong></span> <span class='ocrx_word' id='word_1_482' title='bbox 2162 2816 2385 2872; x_wconf 75' lang='lat' dir='ltr'><strong>noviter</strong></span> <span class='ocrx_word' id='word_1_483' title='bbox 2414 2818 2480 2872; x_wconf 90' lang='lat' dir='ltr'><strong>ad</strong></span> <span class='ocrx_word' id='word_1_484' title='bbox 2511 2815 2819 2873; x_wconf 91' lang='lat' dir='ltr'><strong>cumulum</strong></span> <span class='ocrx_word' id='word_1_485' title='bbox 2854 2816 3102 2874; x_wconf 68' lang='lat' dir='ltr'><strong>miserie</strong></span> <span class='ocrx_word' id='word_1_486' title='bbox 3132 2823 3189 2874; x_wconf 90' lang='lat' dir='ltr'><strong>et</strong></span> <span class='ocrx_word' id='word_1_487' title='bbox 3235 2819 3527 2877; x_wconf 77' lang='lat' dir='ltr'><strong>servitutis</strong></span> <span class='ocrx_word' id='word_1_488' title='bbox 3557 2823 3661 2878; x_wconf 90' lang='lat' dir='ltr'><strong>ad-</strong></span> 
     </span>
     <span class='ocr_line' id='line_1_77' title="bbox 1998 2903 3658 2979; baseline 0.004 -19"><span class='ocrx_word' id='word_1_489' title='bbox 1998 2903 2164 2975; x_wconf 84' lang='lat' dir='ltr'><strong>jecit,</strong></span> <span class='ocrx_word' id='word_1_490' title='bbox 2197 2905 2349 2977; x_wconf 89' lang='lat' dir='ltr'><strong>quod</strong></span> <span class='ocrx_word' id='word_1_491' title='bbox 2385 2906 2440 2961; x_wconf 90' lang='lat' dir='ltr'><strong>in</strong></span> <span class='ocrx_word' id='word_1_492' title='bbox 2471 2905 2721 2975; x_wconf 78' lang='lat' dir='ltr'><strong>civitate,</strong></span> <span class='ocrx_word' id='word_1_493' title='bbox 2756 2923 2880 2979; x_wconf 76' lang='lat' dir='ltr'><strong>quoe</strong></span> <span class='ocrx_word' id='word_1_494' title='bbox 2910 2922 3141 2979; x_wconf 88' lang='lat' dir='ltr'><strong>semper</strong></span> <span class='ocrx_word' id='word_1_495' title='bbox 3194 2908 3474 2965; x_wconf 82' lang='lat' dir='ltr'><strong>hactenus</strong></span> <span class='ocrx_word' id='word_1_496' title='bbox 3508 2909 3658 2967; x_wconf 85' lang='lat' dir='ltr'><strong>inter</strong></span> 
     </span>
     <span class='ocr_line' id='line_1_78' title="bbox 2004 2992 3656 3070; baseline 0.004 -20"><span class='ocrx_word' id='word_1_497' title='bbox 2004 2992 2151 3050; x_wconf 88' lang='lat' dir='ltr'><strong>alias</strong></span> <span class='ocrx_word' id='word_1_498' title='bbox 2163 2993 2399 3067; x_wconf 88' lang='lat' dir='ltr'><strong>speciali</strong></span> <span class='ocrx_word' id='word_1_499' title='bbox 2424 2994 2689 3051; x_wconf 87' lang='lat' dir='ltr'><strong>libertate</strong></span> <span class='ocrx_word' id='word_1_500' title='bbox 2709 2995 2904 3068; x_wconf 84' lang='lat' dir='ltr'><strong>gavisa</strong></span> <span class='ocrx_word' id='word_1_501' title='bbox 2916 3000 3027 3068; x_wconf 89' lang='lat' dir='ltr'><strong>est,</strong></span> <span class='ocrx_word' id='word_1_502' title='bbox 3046 2995 3269 3070; x_wconf 87' lang='lat' dir='ltr'><strong>solique</strong></span> <span class='ocrx_word' id='word_1_503' title='bbox 3287 2996 3346 3054; x_wconf 89' lang='lat' dir='ltr'><strong>in</strong></span> <span class='ocrx_word' id='word_1_504' title='bbox 3378 2999 3656 3058; x_wconf 91' lang='lat' dir='ltr'><strong>omnibus</strong></span> 
     </span>
     <span class='ocr_line' id='line_1_79' title="bbox 2008 3083 3657 3156; baseline 0.005 -19"><span class='ocrx_word' id='word_1_505' title='bbox 2008 3083 2394 3155; x_wconf 85' lang='lat' dir='ltr'><strong>respondebat</strong></span> <span class='ocrx_word' id='word_1_506' title='bbox 2412 3083 3044 3156; x_wconf 72' lang='lat' dir='ltr'><strong>episcopc,praetectum</strong></span> <span class='ocrx_word' id='word_1_507' title='bbox 3058 3084 3169 3140; x_wconf 90' lang='lat' dir='ltr'><strong>sibi</strong></span> <span class='ocrx_word' id='word_1_508' title='bbox 3187 3101 3297 3141; x_wconf 91' lang='lat' dir='ltr'><strong>sua</strong></span> <span class='ocrx_word' id='word_1_509' title='bbox 3316 3087 3657 3146; x_wconf 86' lang='lat' dir='ltr'><strong>auctoritate</strong></span> 
     </span>
     <span class='ocr_line' id='line_1_80' title="bbox 2010 3170 3658 3244; baseline 0.004 -16"><span class='ocrx_word' id='word_1_510' title='bbox 2010 3170 2336 3241; x_wconf 87' lang='lat' dir='ltr'><strong>constituit,</strong></span> <span class='ocrx_word' id='word_1_511' title='bbox 2367 3172 2465 3244; x_wconf 93' lang='lat' dir='ltr'><strong>qui</strong></span> <span class='ocrx_word' id='word_1_512' title='bbox 2518 3170 2780 3244; x_wconf 87' lang='lat' dir='ltr'><strong>quotidie</strong></span> <span class='ocrx_word' id='word_1_513' title='bbox 2810 3188 3006 3229; x_wconf 91' lang='lat' dir='ltr'><strong>coram</strong></span> <span class='ocrx_word' id='word_1_514' title='bbox 3038 3173 3227 3230; x_wconf 89' lang='lat' dir='ltr'><strong>oculis</strong></span> <span class='ocrx_word' id='word_1_515' title='bbox 3257 3176 3402 3232; x_wconf 88' lang='lat' dir='ltr'><strong>meis</strong></span> <span class='ocrx_word' id='word_1_516' title='bbox 3436 3176 3658 3235; x_wconf 84' lang='lat' dir='ltr'><strong>reditus</strong></span> 
     </span>
     <span class='ocr_line' id='line_1_81' title="bbox 2008 3260 3662 3335; baseline 0.005 -19"><span class='ocrx_word' id='word_1_517' title='bbox 2008 3261 2117 3316; x_wconf 77' lang='lat' dir='ltr'><strong>sibi</strong></span> <span class='ocrx_word' id='word_1_518' title='bbox 2150 3277 2312 3317; x_wconf 89' lang='lat' dir='ltr'><strong>meos</strong></span> <span class='ocrx_word' id='word_1_519' title='bbox 2340 3260 2622 3318; x_wconf 87' lang='lat' dir='ltr'><strong>violenter</strong></span> <span class='ocrx_word' id='word_1_520' title='bbox 2650 3266 2910 3335; x_wconf 77' lang='lat' dir='ltr'><strong>usurpat,</strong></span> <span class='ocrx_word' id='word_1_521' title='bbox 2942 3266 3000 3317; x_wconf 86' lang='lat' dir='ltr'><strong>et</strong></span> <span class='ocrx_word' id='word_1_522' title='bbox 3046 3262 3203 3319; x_wconf 86' lang='lat' dir='ltr'><strong>cives</strong></span> <span class='ocrx_word' id='word_1_523' title='bbox 3235 3264 3662 3335; x_wconf 84' lang='lat' dir='ltr'><strong>indignissimis</strong></span> 
     </span>
     <span class='ocr_line' id='line_1_82' title="bbox 2010 3349 3657 3425; baseline 0.004 -20"><span class='ocrx_word' id='word_1_524' title='bbox 2010 3349 2246 3421; x_wconf 80' lang='lat' dir='ltr'><strong>injuriis</strong></span> <span class='ocrx_word' id='word_1_525' title='bbox 2301 3349 2499 3414; x_wconf 76' lang='lat' dir='ltr'><strong>afficit,</strong></span> <span class='ocrx_word' id='word_1_526' title='bbox 2549 3354 2607 3405; x_wconf 87' lang='lat' dir='ltr'><strong>et</strong></span> <span class='ocrx_word' id='word_1_527' title='bbox 2662 3364 2753 3406; x_wconf 90' lang='lat' dir='ltr'><strong>me</strong></span> <span class='ocrx_word' id='word_1_528' title='bbox 2811 3355 3156 3422; x_wconf 86' lang='lat' dir='ltr'><strong>potestatem</strong></span> <span class='ocrx_word' id='word_1_529' title='bbox 3218 3352 3425 3410; x_wconf 86' lang='lat' dir='ltr'><strong>babere</strong></span> <span class='ocrx_word' id='word_1_530' title='bbox 3482 3371 3657 3425; x_wconf 87' lang='lat' dir='ltr'><strong>quam</strong></span> 
     </span>
     <span class='ocr_line' id='line_1_83' title="bbox 2007 3438 3655 3514; baseline 0.003 -18"><span class='ocrx_word' id='word_1_531' title='bbox 2007 3454 2241 3512; x_wconf 89' lang='lat' dir='ltr'><strong>somper</strong></span> <span class='ocrx_word' id='word_1_532' title='bbox 2270 3438 2472 3506; x_wconf 85' lang='lat' dir='ltr'><strong>habui,</strong></span> <span class='ocrx_word' id='word_1_533' title='bbox 2502 3455 2616 3495; x_wconf 91' lang='lat' dir='ltr'><strong>non</strong></span> <span class='ocrx_word' id='word_1_534' title='bbox 2664 3440 2964 3511; x_wconf 86' lang='lat' dir='ltr'><strong>permittit.</strong></span> <span class='ocrx_word' id='word_1_535' title='bbox 3003 3439 3189 3497; x_wconf 81' lang='lat' dir='ltr'><strong>Minor</strong></span> <span class='ocrx_word' id='word_1_536' title='bbox 3237 3440 3468 3514; x_wconf 87' lang='lat' dir='ltr'><strong>hospite</strong></span> <span class='ocrx_word' id='word_1_537' title='bbox 3497 3461 3655 3512; x_wconf 88' lang='lat' dir='ltr'><strong>sum,</strong></span> 
     </span>
     <span class='ocr_line' id='line_1_84' title="bbox 2009 3527 3655 3601; baseline 0.004 -18"><span class='ocrx_word' id='word_1_538' title='bbox 2009 3528 2111 3601; x_wconf 89' lang='lat' dir='ltr'><strong>qui</strong></span> <span class='ocrx_word' id='word_1_539' title='bbox 2142 3544 2374 3600; x_wconf 86' lang='lat' dir='ltr'><strong>semper</strong></span> <span class='ocrx_word' id='word_1_540' title='bbox 2397 3527 2674 3585; x_wconf 89' lang='lat' dir='ltr'><strong>dominus</strong></span> <span class='ocrx_word' id='word_1_541' title='bbox 2722 3528 2944 3585; x_wconf 76' lang='lat' dir='ltr'><strong>fueram</strong></span> <span class='ocrx_word' id='word_1_542' title='bbox 2986 3531 3263 3597; x_wconf 84' lang='lat' dir='ltr'><strong>civitatis,</strong></span> <span class='ocrx_word' id='word_1_543' title='bbox 3311 3536 3369 3587; x_wconf 89' lang='lat' dir='ltr'><strong>et</strong></span> <span class='ocrx_word' id='word_1_544' title='bbox 3416 3532 3473 3587; x_wconf 89' lang='lat' dir='ltr'><strong>in</strong></span> <span class='ocrx_word' id='word_1_545' title='bbox 3523 3532 3655 3591; x_wconf 88' lang='lat' dir='ltr'><strong>aliis</strong></span> 
     </span>
     <span class='ocr_line' id='line_1_85' title="bbox 2005 3617 3652 3693; baseline 0.002 -18"><span class='ocrx_word' id='word_1_546' title='bbox 2005 3617 2240 3689; x_wconf 85' lang='lat' dir='ltr'><strong>quidem</strong></span> <span class='ocrx_word' id='word_1_547' title='bbox 2272 3617 2602 3674; x_wconf 78' lang='lat' dir='ltr'><strong>civitatibus</strong></span> <span class='ocrx_word' id='word_1_548' title='bbox 2637 3618 2819 3674; x_wconf 86' lang='lat' dir='ltr'><strong>existo</strong></span> <span class='ocrx_word' id='word_1_549' title='bbox 2849 3617 3087 3675; x_wconf 88' lang='lat' dir='ltr'><strong>liberior</strong></span> <span class='ocrx_word' id='word_1_550' title='bbox 3114 3635 3288 3690; x_wconf 89' lang='lat' dir='ltr'><strong>quam</strong></span> <span class='ocrx_word' id='word_1_551' title='bbox 3320 3620 3379 3676; x_wconf 90' lang='lat' dir='ltr'><strong>in</strong></span> <span class='ocrx_word' id='word_1_552' title='bbox 3413 3636 3563 3693; x_wconf 90' lang='lat' dir='ltr'><strong>mea,</strong></span> <span class='ocrx_word' id='word_1_553' title='bbox 3591 3622 3652 3680; x_wconf 91' lang='lat' dir='ltr'><strong>in</strong></span> 
     </span>
     <span class='ocr_line' id='line_1_86' title="bbox 2006 3705 3653 3780; baseline 0.003 -18"><span class='ocrx_word' id='word_1_554' title='bbox 2006 3706 2354 3780; x_wconf 85' lang='lat' dir='ltr'><strong>quesibijus</strong></span> <span class='ocrx_word' id='word_1_555' title='bbox 2374 3722 2548 3763; x_wconf 90' lang='lat' dir='ltr'><strong>omne</strong></span> <span class='ocrx_word' id='word_1_556' title='bbox 2567 3722 2802 3778; x_wconf 86' lang='lat' dir='ltr'><strong>semper</strong></span> <span class='ocrx_word' id='word_1_557' title='bbox 2817 3715 2936 3764; x_wconf 89' lang='lat' dir='ltr'><strong>tam</strong></span> <span class='ocrx_word' id='word_1_558' title='bbox 2958 3705 3236 3763; x_wconf 79' lang='lat' dir='ltr'><strong>saeculare</strong></span> <span class='ocrx_word' id='word_1_559' title='bbox 3260 3723 3437 3780; x_wconf 91' lang='lat' dir='ltr'><strong>quam</strong></span> <span class='ocrx_word' id='word_1_560' title='bbox 3460 3708 3653 3767; x_wconf 90' lang='lat' dir='ltr'><strong>eccle-</strong></span> 
     </span>
     <span class='ocr_line' id='line_1_87' title="bbox 2003 3795 3653 3865; baseline 0.002 -13"><span class='ocrx_word' id='word_1_561' title='bbox 2003 3795 2305 3852; x_wconf 88' lang='lat' dir='ltr'><strong>siasticum</strong></span> <span class='ocrx_word' id='word_1_562' title='bbox 2337 3796 2541 3852; x_wconf 87' lang='lat' dir='ltr'><strong>beatus</strong></span> <span class='ocrx_word' id='word_1_563' title='bbox 2591 3799 2808 3863; x_wconf 80' lang='lat' dir='ltr'><strong>Petrus,</strong></span> <span class='ocrx_word' id='word_1_564' title='bbox 2838 3798 2895 3850; x_wconf 92' lang='lat' dir='ltr'><strong>in</strong></span> <span class='ocrx_word' id='word_1_565' title='bbox 2944 3795 3116 3865; x_wconf 87' lang='lat' dir='ltr'><strong>cujus</strong></span> <span class='ocrx_word' id='word_1_566' title='bbox 3161 3795 3380 3852; x_wconf 84' lang='lat' dir='ltr'><strong>bonore</strong></span> <span class='ocrx_word' id='word_1_567' title='bbox 3412 3797 3653 3856; x_wconf 76' lang='lat' dir='ltr'><strong>fundata</strong></span> 
     </span>
     <span class='ocr_line' id='line_1_88' title="bbox 2004 3883 3657 3956; baseline 0.003 -17"><span class='ocrx_word' id='word_1_568' title='bbox 2004 3893 2091 3939; x_wconf 89' lang='lat' dir='ltr'><strong>est</strong></span> <span class='ocrx_word' id='word_1_569' title='bbox 2113 3884 2386 3951; x_wconf 79' lang='lat' dir='ltr'><strong>Ecclesia,</strong></span> <span class='ocrx_word' id='word_1_570' title='bbox 2420 3884 2756 3940; x_wconf 84' lang='lat' dir='ltr'><strong>vindicavit.</strong></span> <span class='ocrx_word' id='word_1_571' title='bbox 2793 3883 3116 3939; x_wconf 78' lang='lat' dir='ltr'><strong>Meminerit</strong></span> <span class='ocrx_word' id='word_1_572' title='bbox 3142 3891 3334 3940; x_wconf 88' lang='lat' dir='ltr'><strong>autem</strong></span> <span class='ocrx_word' id='word_1_573' title='bbox 3366 3885 3657 3956; x_wconf 87' lang='lat' dir='ltr'><strong>sapientia</strong></span> 
     </span>
     <span class='ocr_line' id='line_1_89' title="bbox 2007 3972 3651 4045; baseline 0.003 -17"><span class='ocrx_word' id='word_1_574' title='bbox 2007 3977 2196 4029; x_wconf 79' lang='lat' dir='ltr'><strong>vestra</strong></span> <span class='ocrx_word' id='word_1_575' title='bbox 2219 3989 2311 4029; x_wconf 91' lang='lat' dir='ltr'><strong>me</strong></span> <span class='ocrx_word' id='word_1_576' title='bbox 2339 3972 2519 4029; x_wconf 88' lang='lat' dir='ltr'><strong>libere</strong></span> <span class='ocrx_word' id='word_1_577' title='bbox 2547 3973 2617 4028; x_wconf 87' lang='lat' dir='ltr'><strong>ad</strong></span> <span class='ocrx_word' id='word_1_578' title='bbox 2647 3973 3038 4044; x_wconf 85' lang='lat' dir='ltr'><strong>episcopatum</strong></span> <span class='ocrx_word' id='word_1_579' title='bbox 3062 3972 3219 4030; x_wconf 86' lang='lat' dir='ltr'><strong>hunc</strong></span> <span class='ocrx_word' id='word_1_580' title='bbox 3242 3974 3459 4045; x_wconf 85' lang='lat' dir='ltr'><strong>absque</strong></span> <span class='ocrx_word' id='word_1_581' title='bbox 3489 3978 3651 4032; x_wconf 91' lang='lat' dir='ltr'><strong>omni</strong></span> 
     </span>
     <span class='ocr_line' id='line_1_90' title="bbox 2002 4060 3648 4134; baseline 0.004 -18"><span class='ocrx_word' id='word_1_582' title='bbox 2002 4060 2273 4118; x_wconf 80' lang='lat' dir='ltr'><strong>violentia</strong></span> <span class='ocrx_word' id='word_1_583' title='bbox 2288 4062 2757 4134; x_wconf 85' lang='lat' dir='ltr'><strong>etdesignatione</strong></span> <span class='ocrx_word' id='word_1_584' title='bbox 2776 4062 3045 4133; x_wconf 68' lang='lat' dir='ltr'><strong>potentiis</strong></span> <span class='ocrx_word' id='word_1_585' title='bbox 3063 4063 3359 4120; x_wconf 75' lang='lat' dir='ltr'><strong>saecularis</strong></span> <span class='ocrx_word' id='word_1_586' title='bbox 3373 4063 3648 4123; x_wconf 86' lang='lat' dir='ltr'><strong>electum.</strong></span> 
     </span>
     <span class='ocr_line' id='line_1_91' title="bbox 2004 4150 3653 4224; baseline 0.002 -17"><span class='ocrx_word' id='word_1_587' title='bbox 2004 4152 2251 4224; x_wconf 87' lang='lat' dir='ltr'><strong>ideoque</strong></span> <span class='ocrx_word' id='word_1_588' title='bbox 2275 4150 2574 4208; x_wconf 89' lang='lat' dir='ltr'><strong>exclusum</strong></span> <span class='ocrx_word' id='word_1_589' title='bbox 2622 4152 2867 4222; x_wconf 86' lang='lat' dir='ltr'><strong>divitiis,</strong></span> <span class='ocrx_word' id='word_1_590' title='bbox 2899 4153 3083 4209; x_wconf 83' lang='lat' dir='ltr'><strong>donec</strong></span> <span class='ocrx_word' id='word_1_591' title='bbox 3111 4153 3170 4209; x_wconf 92' lang='lat' dir='ltr'><strong>in</strong></span> <span class='ocrx_word' id='word_1_592' title='bbox 3224 4169 3399 4209; x_wconf 89' lang='lat' dir='ltr'><strong>manu</strong></span> <span class='ocrx_word' id='word_1_593' title='bbox 3434 4154 3565 4210; x_wconf 80' lang='lat' dir='ltr'><strong>torti</strong></span> <span class='ocrx_word' id='word_1_594' title='bbox 3595 4162 3653 4212; x_wconf 89' lang='lat' dir='ltr'><strong>et</strong></span> 
     </span>
     <span class='ocr_line' id='line_1_92' title="bbox 2000 4239 3645 4313; baseline 0.002 -15"><span class='ocrx_word' id='word_1_595' title='bbox 2000 4241 2239 4299; x_wconf 82' lang='lat' dir='ltr'><strong>brachio</strong></span> <span class='ocrx_word' id='word_1_596' title='bbox 2269 4240 2496 4299; x_wconf 89' lang='lat' dir='ltr'><strong>excelso</strong></span> <span class='ocrx_word' id='word_1_597' title='bbox 2533 4239 2797 4313; x_wconf 82' lang='lat' dir='ltr'><strong>gloriosae</strong></span> <span class='ocrx_word' id='word_1_598' title='bbox 2827 4242 3240 4300; x_wconf 82' lang='lat' dir='ltr'><strong>recordationis</strong></span> <span class='ocrx_word' id='word_1_599' title='bbox 3270 4243 3292 4299; x_wconf 89' lang='lat'>1</span> <span class='ocrx_word' id='word_1_600' title='bbox 3301 4245 3645 4302; x_wconf 86' lang='lat' dir='ltr'><strong>nnccentius</strong></span> 
     </span>
     <span class='ocr_line' id='line_1_93' title="bbox 1999 4331 3654 4405; baseline 0.002 -16"><span class='ocrx_word' id='word_1_601' title='bbox 1999 4347 2151 4403; x_wconf 86' lang='lat' dir='ltr'><strong>papa</strong></span> <span class='ocrx_word' id='word_1_602' title='bbox 2179 4348 2288 4388; x_wconf 91' lang='lat' dir='ltr'><strong>sua</strong></span> <span class='ocrx_word' id='word_1_603' title='bbox 2317 4331 2556 4405; x_wconf 85' lang='lat' dir='ltr'><strong>speciali</strong></span> <span class='ocrx_word' id='word_1_604' title='bbox 2587 4332 2953 4401; x_wconf 88' lang='lat' dir='ltr'><strong>auctoritate,</strong></span> <span class='ocrx_word' id='word_1_605' title='bbox 2987 4348 3118 4390; x_wconf 88' lang='lat' dir='ltr'><strong>cum</strong></span> <span class='ocrx_word' id='word_1_606' title='bbox 3142 4331 3301 4389; x_wconf 88' lang='lat' dir='ltr'><strong>omni</strong></span> <span class='ocrx_word' id='word_1_607' title='bbox 3334 4335 3654 4405; x_wconf 84' lang='lat' dir='ltr'><strong>possessio·</strong></span> 
     </span>
     <span class='ocr_line' id='line_1_94' title="bbox 1999 4420 3649 4493; baseline 0.004 -19"><span class='ocrx_word' id='word_1_608' title='bbox 1999 4436 2140 4477; x_wconf 89' lang='lat' dir='ltr'><strong>num</strong></span> <span class='ocrx_word' id='word_1_609' title='bbox 2199 4421 2536 4493; x_wconf 89' lang='lat' dir='ltr'><strong>integritate</strong></span> <span class='ocrx_word' id='word_1_610' title='bbox 2568 4430 2623 4477; x_wconf 91' lang='lat' dir='ltr'><strong>et</strong></span> <span class='ocrx_word' id='word_1_611' title='bbox 2681 4420 2876 4478; x_wconf 90' lang='lat' dir='ltr'><strong>debita</strong></span> <span class='ocrx_word' id='word_1_612' title='bbox 2927 4420 3211 4492; x_wconf 85' lang='lat' dir='ltr'><strong>libertate,</strong></span> <span class='ocrx_word' id='word_1_613' title='bbox 3245 4422 3303 4477; x_wconf 95' lang='lat' dir='ltr'><strong>in</strong></span> <span class='ocrx_word' id='word_1_614' title='bbox 3365 4424 3499 4480; x_wconf 86' lang='lat' dir='ltr'><strong>sede</strong></span> <span class='ocrx_word' id='word_1_615' title='bbox 3557 4439 3649 4480; x_wconf 88' lang='lat' dir='ltr'><strong>me</strong></span> 
     </span>
    </p>
   </div>
   <div class='ocr_carea' id='block_1_14' title="bbox 230 4509 3650 4585">
    <p class='ocr_par' dir='ltr' id='par_1_17' title="bbox 230 4509 3650 4585">
     <span class='ocr_line' id='line_1_95' title="bbox 230 4509 3650 4585; baseline -0.001 -15"><span class='ocrx_word' id='word_1_616' title='bbox 230 4515 588 4573; x_wconf 84' lang='lat' dir='ltr'><strong>solutionem</strong></span> <span class='ocrx_word' id='word_1_617' title='bbox 614 4513 971 4585; x_wconf 85' lang='lat' dir='ltr'><strong>parcimonia</strong></span> <span class='ocrx_word' id='word_1_618' title='bbox 990 4512 1442 4570; x_wconf 83' lang='lat' dir='ltr'><strong>subvenire.Per</strong></span> <span class='ocrx_word' id='word_1_619' title='bbox 1462 4515 1615 4581; x_wconf 88' lang='lat' dir='ltr'><strong>quod</strong></span> <span class='ocrx_word' id='word_1_620' title='bbox 1640 4515 1701 4571; x_wconf 91' lang='lat' dir='ltr'><strong>in</strong></span> <span class='ocrx_word' id='word_1_621' title='bbox 1723 4515 1882 4572; x_wconf 85' lang='lat' dir='ltr'><strong>brevi</strong></span> <span class='ocrx_word' id='word_1_622' title='bbox 1912 4514 1967 4578; x_wconf 85' lang='lat'><strong>1)</strong></span> <span class='ocrx_word' id='word_1_623' title='bbox 1999 4510 2304 4566; x_wconf 85' lang='lat' dir='ltr'><strong>constituit</strong></span> <span class='ocrx_word' id='word_1_624' title='bbox 2332 4518 2389 4566; x_wconf 88' lang='lat' dir='ltr'><strong>et</strong></span> <span class='ocrx_word' id='word_1_625' title='bbox 2419 4510 2689 4567; x_wconf 84' lang='lat' dir='ltr'><strong>firmavit.</strong></span> <span class='ocrx_word' id='word_1_626' title='bbox 2727 4509 2986 4566; x_wconf 82' lang='lat' dir='ltr'><strong>Profecto</strong></span> <span class='ocrx_word' id='word_1_627' title='bbox 3018 4509 3336 4582; x_wconf 89' lang='lat' dir='ltr'><strong>plurimum</strong></span> <span class='ocrx_word' id='word_1_628' title='bbox 3360 4510 3650 4568; x_wconf 74' lang='lat' dir='ltr'><strong>videbitur</strong></span> 
     </span>
    </p>
   </div>
   <div class='ocr_carea' id='block_1_15' title="bbox 224 4601 1889 5655">
    <p class='ocr_par' dir='ltr' id='par_1_18' title="bbox 224 4601 1889 5655">
     <span class='ocr_line' id='line_1_96' title="bbox 227 4601 1889 4675; baseline -0.001 -16"><span class='ocrx_word' id='word_1_629' title='bbox 227 4604 298 4659; x_wconf 90' lang='lat' dir='ltr'><strong>ab</strong></span> <span class='ocrx_word' id='word_1_630' title='bbox 318 4601 970 4675; x_wconf 85' lang='lat' dir='ltr'><strong>importunaliberatus</strong></span> <span class='ocrx_word' id='word_1_631' title='bbox 990 4603 1272 4659; x_wconf 85' lang='lat' dir='ltr'><strong>instantia</strong></span> <span class='ocrx_word' id='word_1_632' title='bbox 1290 4602 1644 4659; x_wconf 89' lang='lat' dir='ltr'><strong>creditorum</strong></span> <span class='ocrx_word' id='word_1_633' title='bbox 1666 4605 1738 4660; x_wconf 96' lang='lat' dir='ltr'><strong>ad</strong></span> <span class='ocrx_word' id='word_1_634' title='bbox 1755 4606 1889 4662; x_wconf 87' lang='lat' dir='ltr'><strong>uni-</strong></span> 
     </span>
     <span class='ocr_line' id='line_1_97' title="bbox 227 4692 1885 4763; baseline -0.002 -14"><span class='ocrx_word' id='word_1_635' title='bbox 227 4707 366 4750; x_wconf 90' lang='lat' dir='ltr'><strong>cum</strong></span> <span class='ocrx_word' id='word_1_636' title='bbox 387 4692 592 4748; x_wconf 83' lang='lat' dir='ltr'><strong>stetim</strong></span> <span class='ocrx_word' id='word_1_637' title='bbox 614 4692 860 4747; x_wconf 86' lang='lat' dir='ltr'><strong>Romani</strong></span> <span class='ocrx_word' id='word_1_638' title='bbox 895 4692 1186 4763; x_wconf 82' lang='lat' dir='ltr'><strong>pontificis</strong></span> <span class='ocrx_word' id='word_1_639' title='bbox 1209 4696 1462 4749; x_wconf 82' lang='lat' dir='ltr'><strong>revertar</strong></span> <span class='ocrx_word' id='word_1_640' title='bbox 1491 4693 1800 4762; x_wconf 90' lang='lat' dir='ltr'><strong>auxilium,</strong></span> <span class='ocrx_word' id='word_1_641' title='bbox 1825 4698 1885 4750; x_wconf 91' lang='lat' dir='ltr'><strong>ut</strong></span> 
     </span>
     <span class='ocr_line' id='line_1_98' title="bbox 226 4779 1884 4852; baseline 0.001 -15"><span class='ocrx_word' id='word_1_642' title='bbox 226 4796 323 4837; x_wconf 87' lang='lat' dir='ltr'><strong>me</strong></span> <span class='ocrx_word' id='word_1_643' title='bbox 351 4785 414 4837; x_wconf 83' lang='lat' dir='ltr'><strong>et</strong></span> <span class='ocrx_word' id='word_1_644' title='bbox 444 4795 483 4835; x_wconf 81' lang='lat' dir='ltr'><strong>a</strong></span> <span class='ocrx_word' id='word_1_645' title='bbox 508 4779 913 4837; x_wconf 85' lang='lat' dir='ltr'><strong>vexationibus</strong></span> <span class='ocrx_word' id='word_1_646' title='bbox 944 4780 1246 4852; x_wconf 59' lang='lat' dir='ltr'><strong>praesentis</strong></span> <span class='ocrx_word' id='word_1_647' title='bbox 1277 4780 1569 4837; x_wconf 86' lang='lat' dir='ltr'><strong>cruciatus</strong></span> <span class='ocrx_word' id='word_1_648' title='bbox 1600 4781 1884 4851; x_wconf 81' lang='lat' dir='ltr'><strong>absolvat,</strong></span> 
     </span>
     <span class='ocr_line' id='line_1_99' title="bbox 225 4867 1886 4940; baseline 0.001 -13"><span class='ocrx_word' id='word_1_649' title='bbox 225 4873 283 4927; x_wconf 85' lang='lat' dir='ltr'><strong>et</strong></span> <span class='ocrx_word' id='word_1_650' title='bbox 310 4869 385 4925; x_wconf 85' lang='lat' dir='ltr'><strong>ad</strong></span> <span class='ocrx_word' id='word_1_651' title='bbox 409 4869 737 4940; x_wconf 89' lang='lat' dir='ltr'><strong>gerendum</strong></span> <span class='ocrx_word' id='word_1_652' title='bbox 770 4883 991 4925; x_wconf 89' lang='lat' dir='ltr'><strong>morem</strong></span> <span class='ocrx_word' id='word_1_653' title='bbox 1013 4867 1304 4925; x_wconf 84' lang='lat' dir='ltr'><strong>devotioni</strong></span> <span class='ocrx_word' id='word_1_654' title='bbox 1334 4884 1476 4926; x_wconf 71' lang='lat' dir='ltr'><strong>mets</strong></span> <span class='ocrx_word' id='word_1_655' title='bbox 1497 4885 1630 4925; x_wconf 90' lang='lat' dir='ltr'><strong>cum</strong></span> <span class='ocrx_word' id='word_1_656' title='bbox 1654 4871 1886 4928; x_wconf 87' lang='lat' dir='ltr'><strong>absolu-</strong></span> 
     </span>
     <span class='ocr_line' id='line_1_100' title="bbox 226 4956 1885 5029; baseline 0.001 -15"><span class='ocrx_word' id='word_1_657' title='bbox 226 4957 385 5015; x_wconf 86' lang='lat' dir='ltr'><strong>tione</strong></span> <span class='ocrx_word' id='word_1_658' title='bbox 396 4956 736 5015; x_wconf 87' lang='lat' dir='ltr'><strong>necessaria</strong></span> <span class='ocrx_word' id='word_1_659' title='bbox 753 4959 811 5013; x_wconf 91' lang='lat' dir='ltr'><strong>et</strong></span> <span class='ocrx_word' id='word_1_660' title='bbox 832 4956 1232 5013; x_wconf 88' lang='lat' dir='ltr'><strong>benedictione</strong></span> <span class='ocrx_word' id='word_1_661' title='bbox 1251 4956 1524 5014; x_wconf 85' lang='lat' dir='ltr'><strong>dimittat.</strong></span> <span class='ocrx_word' id='word_1_662' title='bbox 1546 4956 1688 5014; x_wconf 88' lang='lat' dir='ltr'><strong>Veni</strong></span> <span class='ocrx_word' id='word_1_663' title='bbox 1707 4959 1885 5029; x_wconf 86' lang='lat' dir='ltr'><strong>igitur</strong></span> 
     </span>
     <span class='ocr_line' id='line_1_101' title="bbox 224 5043 1884 5119; baseline 0.001 -16"><span class='ocrx_word' id='word_1_664' title='bbox 224 5046 287 5103; x_wconf 87' lang='lat' dir='ltr'><strong>in</strong></span> <span class='ocrx_word' id='word_1_665' title='bbox 315 5045 626 5103; x_wconf 70' lang='lat' dir='ltr'><strong>Franciam</strong></span> <span class='ocrx_word' id='word_1_666' title='bbox 648 5044 723 5102; x_wconf 88' lang='lat' dir='ltr'><strong>ad</strong></span> <span class='ocrx_word' id='word_1_667' title='bbox 751 5043 1068 5102; x_wconf 91' lang='lat' dir='ltr'><strong>concilium</strong></span> <span class='ocrx_word' id='word_1_668' title='bbox 1091 5045 1286 5102; x_wconf 80' lang='lat' dir='ltr'><strong>venire</strong></span> <span class='ocrx_word' id='word_1_669' title='bbox 1313 5046 1651 5119; x_wconf 87' lang='lat' dir='ltr'><strong>disponens,</strong></span> <span class='ocrx_word' id='word_1_670' title='bbox 1684 5046 1736 5102; x_wconf 84' lang='lat' dir='ltr'><strong>ei</strong></span> <span class='ocrx_word' id='word_1_671' title='bbox 1764 5047 1884 5104; x_wconf 89' lang='lat' dir='ltr'><strong>ulla</strong></span> 
     </span>
     <span class='ocr_line' id='line_1_102' title="bbox 224 5134 1882 5208; baseline 0.002 -17"><span class='ocrx_word' id='word_1_672' title='bbox 224 5151 497 5208; x_wconf 83' lang='lat' dir='ltr'><strong>unquam</strong></span> <span class='ocrx_word' id='word_1_673' title='bbox 527 5134 748 5191; x_wconf 87' lang='lat' dir='ltr'><strong>ratione</strong></span> <span class='ocrx_word' id='word_1_674' title='bbox 795 5134 1135 5205; x_wconf 85' lang='lat' dir='ltr'><strong>potuissem,</strong></span> <span class='ocrx_word' id='word_1_675' title='bbox 1170 5134 1325 5206; x_wconf 87' lang='lat' dir='ltr'><strong>quod</strong></span> <span class='ocrx_word' id='word_1_676' title='bbox 1372 5135 1508 5206; x_wconf 84' lang='lat' dir='ltr'><strong>quia</strong></span> <span class='ocrx_word' id='word_1_677' title='bbox 1537 5135 1751 5193; x_wconf 88' lang='lat' dir='ltr'><strong>certius</strong></span> <span class='ocrx_word' id='word_1_678' title='bbox 1782 5153 1882 5194; x_wconf 88' lang='lat' dir='ltr'><strong>ex-</strong></span> 
     </span>
     <span class='ocr_line' id='line_1_103' title="bbox 225 5222 1882 5299; baseline 0.001 -18"><span class='ocrx_word' id='word_1_679' title='bbox 225 5229 434 5299; x_wconf 80' lang='lat' dir='ltr'><strong>pertus</strong></span> <span class='ocrx_word' id='word_1_680' title='bbox 454 5239 592 5281; x_wconf 86' lang='lat' dir='ltr'><strong>sum</strong></span> <span class='ocrx_word' id='word_1_681' title='bbox 613 5223 754 5280; x_wconf 89' lang='lat' dir='ltr'><strong>mibi</strong></span> <span class='ocrx_word' id='word_1_682' title='bbox 773 5222 1137 5296; x_wconf 89' lang='lat' dir='ltr'><strong>impossibile</strong></span> <span class='ocrx_word' id='word_1_683' title='bbox 1155 5238 1453 5293; x_wconf 88' lang='lat' dir='ltr'><strong>esse,cum</strong></span> <span class='ocrx_word' id='word_1_684' title='bbox 1475 5225 1683 5282; x_wconf 86' lang='lat' dir='ltr'><strong>litteris</strong></span> <span class='ocrx_word' id='word_1_685' title='bbox 1711 5241 1882 5284; x_wconf 90' lang='lat' dir='ltr'><strong>exeu-</strong></span> 
     </span>
     <span class='ocr_line' id='line_1_104' title="bbox 227 5310 1881 5384; baseline 0.001 -16"><span class='ocrx_word' id='word_1_686' title='bbox 227 5310 481 5368; x_wconf 80' lang='lat' dir='ltr'><strong>sationis</strong></span> <span class='ocrx_word' id='word_1_687' title='bbox 511 5325 655 5367; x_wconf 70' lang='lat' dir='ltr'><strong>meai</strong></span> <span class='ocrx_word' id='word_1_688' title='bbox 686 5310 959 5367; x_wconf 90' lang='lat' dir='ltr'><strong>nuntium</strong></span> <span class='ocrx_word' id='word_1_689' title='bbox 989 5310 1180 5380; x_wconf 89' lang='lat' dir='ltr'><strong>mitto,</strong></span> <span class='ocrx_word' id='word_1_690' title='bbox 1214 5327 1387 5383; x_wconf 90' lang='lat' dir='ltr'><strong>quem</strong></span> <span class='ocrx_word' id='word_1_691' title='bbox 1421 5328 1559 5384; x_wconf 90' lang='lat' dir='ltr'><strong>rogo</strong></span> <span class='ocrx_word' id='word_1_692' title='bbox 1593 5316 1654 5369; x_wconf 91' lang='lat' dir='ltr'><strong>ut</strong></span> <span class='ocrx_word' id='word_1_693' title='bbox 1693 5320 1881 5370; x_wconf 84' lang='lat' dir='ltr'><strong>vestra</strong></span> 
     </span>
     <span class='ocr_line' id='line_1_105' title="bbox 227 5398 1880 5474; baseline 0.001 -17"><span class='ocrx_word' id='word_1_694' title='bbox 227 5400 415 5474; x_wconf 83' lang='lat' dir='ltr'><strong>gretia</strong></span> <span class='ocrx_word' id='word_1_695' title='bbox 434 5399 911 5458; x_wconf 87' lang='lat' dir='ltr'><strong>commendatum</strong></span> <span class='ocrx_word' id='word_1_696' title='bbox 937 5398 1166 5467; x_wconf 88' lang='lat' dir='ltr'><strong>habeat,</strong></span> <span class='ocrx_word' id='word_1_697' title='bbox 1190 5398 1327 5456; x_wconf 90' lang='lat' dir='ltr'><strong>etin</strong></span> <span class='ocrx_word' id='word_1_698' title='bbox 1362 5400 1452 5456; x_wconf 88' lang='lat' dir='ltr'><strong>bis</strong></span> <span class='ocrx_word' id='word_1_699' title='bbox 1473 5417 1597 5473; x_wconf 77' lang='lat' dir='ltr'><strong>quae</strong></span> <span class='ocrx_word' id='word_1_700' title='bbox 1621 5402 1789 5459; x_wconf 79' lang='lat' dir='ltr'><strong>vobis</strong></span> <span class='ocrx_word' id='word_1_701' title='bbox 1810 5416 1880 5458; x_wconf 90' lang='lat' dir='ltr'><strong>ex</strong></span> 
     </span>
     <span class='ocr_line' id='line_1_106' title="bbox 226 5487 1879 5563; baseline -0.001 -16"><span class='ocrx_word' id='word_1_702' title='bbox 226 5492 388 5562; x_wconf 82' lang='lat' dir='ltr'><strong>perte</strong></span> <span class='ocrx_word' id='word_1_703' title='bbox 417 5503 557 5546; x_wconf 83' lang='lat' dir='ltr'><strong>mea</strong></span> <span class='ocrx_word' id='word_1_704' title='bbox 583 5487 814 5556; x_wconf 82' lang='lat' dir='ltr'><strong>dixerit,</strong></span> <span class='ocrx_word' id='word_1_705' title='bbox 844 5503 948 5560; x_wconf 89' lang='lat' dir='ltr'><strong>per</strong></span> <span class='ocrx_word' id='word_1_706' title='bbox 991 5491 1251 5546; x_wconf 85' lang='lat' dir='ltr'><strong>vestram</strong></span> <span class='ocrx_word' id='word_1_707' title='bbox 1280 5490 1529 5563; x_wconf 85' lang='lat' dir='ltr'><strong>gratiam</strong></span> <span class='ocrx_word' id='word_1_708' title='bbox 1559 5489 1879 5549; x_wconf 86' lang='lat' dir='ltr'><strong>liberaliter</strong></span> 
     </span>
     <span class='ocr_line' id='line_1_107' title="bbox 227 5575 1876 5655; baseline -0.001 -15"><span class='ocrx_word' id='word_1_709' title='bbox 227 5580 568 5655; x_wconf 77' lang='lat' dir='ltr'><strong>adjuvetur.</strong></span> <span class='ocrx_word' id='word_1_710' title='bbox 597 5575 810 5640; x_wconf 78' lang='lat' dir='ltr'><strong>Sciatis</strong></span> <span class='ocrx_word' id='word_1_711' title='bbox 837 5581 1035 5639; x_wconf 78' lang='lat' dir='ltr'><strong>autem</strong></span> <span class='ocrx_word' id='word_1_712' title='bbox 1066 5592 1161 5639; x_wconf 82' lang='lat' dir='ltr'><strong>me</strong></span> <span class='ocrx_word' id='word_1_713' title='bbox 1205 5575 1530 5654; x_wconf 83' lang='lat' dir='ltr'><strong>plurimum</strong></span> <span class='ocrx_word' id='word_1_714' title='bbox 1558 5577 1632 5639; x_wconf 91' lang='lat' dir='ltr'><strong>de</strong></span> <span class='ocrx_word' id='word_1_715' title='bbox 1671 5584 1876 5642; x_wconf 72' lang='lat' dir='ltr'><strong>vestr·</strong></span> 
     </span>
    </p>
   </div>
   <div class='ocr_carea' id='block_1_16' title="bbox 1984 4598 3646 5656">
    <p class='ocr_par' dir='ltr' id='par_1_19' title="bbox 1984 4598 3646 5656">
     <span class='ocr_line' id='line_1_108' title="bbox 1995 4598 3646 4671; baseline 0.001 -16"><span class='ocrx_word' id='word_1_716' title='bbox 1995 4604 2196 4656; x_wconf 69' lang='lat' dir='ltr'><strong>vestra!</strong></span> <span class='ocrx_word' id='word_1_717' title='bbox 2242 4600 2439 4670; x_wconf 78' lang='lat' dir='ltr'><strong>gloriae</strong></span> <span class='ocrx_word' id='word_1_718' title='bbox 2468 4599 2758 4669; x_wconf 87' lang='lat' dir='ltr'><strong>derogari,</strong></span> <span class='ocrx_word' id='word_1_719' title='bbox 2808 4599 2858 4654; x_wconf 88' lang='lat' dir='ltr'><strong>si</strong></span> <span class='ocrx_word' id='word_1_720' title='bbox 2890 4602 3011 4654; x_wconf 89' lang='lat' dir='ltr'><strong>tam</strong></span> <span class='ocrx_word' id='word_1_721' title='bbox 3046 4598 3272 4654; x_wconf 87' lang='lat' dir='ltr'><strong>illustre</strong></span> <span class='ocrx_word' id='word_1_722' title='bbox 3301 4613 3448 4671; x_wconf 88' lang='lat' dir='ltr'><strong>opus</strong></span> <span class='ocrx_word' id='word_1_723' title='bbox 3477 4604 3646 4657; x_wconf 91' lang='lat' dir='ltr'><strong>ante-</strong></span> 
     </span>
     <span class='ocr_line' id='line_1_109' title="bbox 1995 4686 3641 4744; baseline 0 0"><span class='ocrx_word' id='word_1_724' title='bbox 1995 4688 2240 4744; x_wconf 89' lang='lat' dir='ltr'><strong>cessoris</strong></span> <span class='ocrx_word' id='word_1_725' title='bbox 2270 4687 2448 4743; x_wconf 84' lang='lat' dir='ltr'><strong>vestri</strong></span> <span class='ocrx_word' id='word_1_726' title='bbox 2478 4702 2674 4743; x_wconf 85' lang='lat' dir='ltr'><strong>coram</strong></span> <span class='ocrx_word' id='word_1_727' title='bbox 2698 4687 2884 4742; x_wconf 89' lang='lat' dir='ltr'><strong>oculis</strong></span> <span class='ocrx_word' id='word_1_728' title='bbox 2904 4686 3110 4742; x_wconf 86' lang='lat' dir='ltr'><strong>vestris</strong></span> <span class='ocrx_word' id='word_1_729' title='bbox 3138 4688 3388 4742; x_wconf 89' lang='lat' dir='ltr'><strong>ducatur</strong></span> <span class='ocrx_word' id='word_1_730' title='bbox 3416 4687 3476 4743; x_wconf 90' lang='lat' dir='ltr'><strong>in</strong></span> <span class='ocrx_word' id='word_1_731' title='bbox 3510 4688 3641 4744; x_wconf 92' lang='lat' dir='ltr'><strong>irri-</strong></span> 
     </span>
     <span class='ocr_line' id='line_1_110' title="bbox 1994 4774 3643 4851; baseline 0 -15"><span class='ocrx_word' id='word_1_732' title='bbox 1994 4782 2143 4842; x_wconf 87' lang='lat' dir='ltr'><strong>tum,</strong></span> <span class='ocrx_word' id='word_1_733' title='bbox 2196 4783 2255 4833; x_wconf 88' lang='lat' dir='ltr'><strong>et</strong></span> <span class='ocrx_word' id='word_1_734' title='bbox 2283 4776 2563 4844; x_wconf 78' lang='lat' dir='ltr'><strong>Ecclesia,</strong></span> <span class='ocrx_word' id='word_1_735' title='bbox 2595 4794 2723 4849; x_wconf 77' lang='lat' dir='ltr'><strong>quae</strong></span> <span class='ocrx_word' id='word_1_736' title='bbox 2763 4778 2915 4831; x_wconf 89' lang='lat' dir='ltr'><strong>inter</strong></span> <span class='ocrx_word' id='word_1_737' title='bbox 2944 4775 3088 4832; x_wconf 86' lang='lat' dir='ltr'><strong>alias</strong></span> <span class='ocrx_word' id='word_1_738' title='bbox 3129 4774 3307 4832; x_wconf 85' lang='lat' dir='ltr'><strong>multo</strong></span> <span class='ocrx_word' id='word_1_739' title='bbox 3339 4776 3643 4851; x_wconf 88' lang='lat' dir='ltr'><strong>privilegio</strong></span> 
     </span>
     <span class='ocr_line' id='line_1_111' title="bbox 1992 4863 3641 4935; baseline 0.001 -12"><span class='ocrx_word' id='word_1_740' title='bbox 1992 4871 2369 4924; x_wconf 80' lang='lat' dir='ltr'><strong>consueverat</strong></span> <span class='ocrx_word' id='word_1_741' title='bbox 2397 4864 2707 4931; x_wconf 85' lang='lat' dir='ltr'><strong>exsultare,</strong></span> <span class='ocrx_word' id='word_1_742' title='bbox 2732 4863 2916 4935; x_wconf 89' lang='lat' dir='ltr'><strong>primo</strong></span> <span class='ocrx_word' id='word_1_743' title='bbox 2937 4864 3006 4919; x_wconf 90' lang='lat' dir='ltr'><strong>ad</strong></span> <span class='ocrx_word' id='word_1_744' title='bbox 3042 4865 3397 4933; x_wconf 82' lang='lat' dir='ltr'><strong>servitutem,</strong></span> <span class='ocrx_word' id='word_1_745' title='bbox 3428 4866 3641 4925; x_wconf 84' lang='lat' dir='ltr'><strong>debinc</strong></span> 
     </span>
     <span class='ocr_line' id='line_1_112' title="bbox 1991 4951 3646 5029; baseline 0.001 -19"><span class='ocrx_word' id='word_1_746' title='bbox 1991 4955 2063 5010; x_wconf 93' lang='lat' dir='ltr'><strong>ad</strong></span> <span class='ocrx_word' id='word_1_747' title='bbox 2093 4955 2349 5025; x_wconf 89' lang='lat' dir='ltr'><strong>inopiam</strong></span> <span class='ocrx_word' id='word_1_748' title='bbox 2384 4952 2652 5009; x_wconf 83' lang='lat' dir='ltr'><strong>mutilata</strong></span> <span class='ocrx_word' id='word_1_749' title='bbox 2679 4951 3015 5008; x_wconf 88' lang='lat' dir='ltr'><strong>descendat.</strong></span> <span class='ocrx_word' id='word_1_750' title='bbox 3040 4952 3200 5024; x_wconf 88' lang='lat' dir='ltr'><strong>Rogo</strong></span> <span class='ocrx_word' id='word_1_751' title='bbox 3227 4954 3434 5026; x_wconf 88' lang='lat' dir='ltr'><strong>utique</strong></span> <span class='ocrx_word' id='word_1_752' title='bbox 3458 4960 3516 5012; x_wconf 89' lang='lat' dir='ltr'><strong>et</strong></span> <span class='ocrx_word' id='word_1_753' title='bbox 3542 4972 3646 5029; x_wconf 90' lang='lat' dir='ltr'><strong>ge-</strong></span> 
     </span>
     <span class='ocr_line' id='line_1_113' title="bbox 1994 5040 3644 5103; baseline 0.004 -6"><span class='ocrx_word' id='word_1_754' title='bbox 1994 5042 2167 5098; x_wconf 88' lang='lat' dir='ltr'><strong>nibus</strong></span> <span class='ocrx_word' id='word_1_755' title='bbox 2196 5040 2608 5097; x_wconf 76' lang='lat' dir='ltr'><strong>misericordioe</strong></span> <span class='ocrx_word' id='word_1_756' title='bbox 2637 5043 2835 5095; x_wconf 68' lang='lat' dir='ltr'><strong>vestris</strong></span> <span class='ocrx_word' id='word_1_757' title='bbox 2867 5055 3001 5097; x_wconf 90' lang='lat' dir='ltr'><strong>cum</strong></span> <span class='ocrx_word' id='word_1_758' title='bbox 3033 5041 3365 5099; x_wconf 83' lang='lat' dir='ltr'><strong>bumilitate</strong></span> <span class='ocrx_word' id='word_1_759' title='bbox 3396 5048 3452 5101; x_wconf 88' lang='lat' dir='ltr'><strong>et</strong></span> <span class='ocrx_word' id='word_1_760' title='bbox 3485 5045 3644 5103; x_wconf 87' lang='lat' dir='ltr'><strong>desi-</strong></span> 
     </span>
     <span class='ocr_line' id='line_1_114' title="bbox 1991 5131 3636 5205; baseline 0.002 -15"><span class='ocrx_word' id='word_1_761' title='bbox 1991 5133 2151 5190; x_wconf 90' lang='lat' dir='ltr'><strong>derio</strong></span> <span class='ocrx_word' id='word_1_762' title='bbox 2175 5131 2511 5205; x_wconf 85' lang='lat' dir='ltr'><strong>provolutus</strong></span> <span class='ocrx_word' id='word_1_763' title='bbox 2531 5146 2800 5203; x_wconf 86' lang='lat' dir='ltr'><strong>exposco,</strong></span> <span class='ocrx_word' id='word_1_764' title='bbox 2835 5135 2899 5187; x_wconf 86' lang='lat' dir='ltr'><strong>ut</strong></span> <span class='ocrx_word' id='word_1_765' title='bbox 2928 5134 3351 5191; x_wconf 89' lang='lat' dir='ltr'><strong>absolutionem</strong></span> <span class='ocrx_word' id='word_1_766' title='bbox 3387 5135 3527 5192; x_wconf 90' lang='lat' dir='ltr'><strong>mibi</strong></span> <span class='ocrx_word' id='word_1_767' title='bbox 3561 5138 3636 5193; x_wconf 86' lang='lat' dir='ltr'><strong>ab</strong></span> 
     </span>
     <span class='ocr_line' id='line_1_115' title="bbox 1988 5219 3640 5295; baseline 0.001 -14"><span class='ocrx_word' id='word_1_768' title='bbox 1988 5238 2162 5281; x_wconf 88' lang='lat' dir='ltr'><strong>onere</strong></span> <span class='ocrx_word' id='word_1_769' title='bbox 2217 5219 2573 5293; x_wconf 86' lang='lat' dir='ltr'><strong>importabili</strong></span> <span class='ocrx_word' id='word_1_770' title='bbox 2628 5226 2819 5278; x_wconf 85' lang='lat' dir='ltr'><strong>vestra</strong></span> <span class='ocrx_word' id='word_1_771' title='bbox 2867 5223 3143 5294; x_wconf 86' lang='lat' dir='ltr'><strong>majestas</strong></span> <span class='ocrx_word' id='word_1_772' title='bbox 3191 5222 3493 5295; x_wconf 87' lang='lat' dir='ltr'><strong>indulgeat</strong></span> <span class='ocrx_word' id='word_1_773' title='bbox 3520 5227 3579 5282; x_wconf 93' lang='lat' dir='ltr'><strong>et</strong></span> <span class='ocrx_word' id='word_1_774' title='bbox 3606 5241 3640 5282; x_wconf 87' lang='lat' dir='ltr'><strong>a</strong></span> 
     </span>
     <span class='ocr_line' id='line_1_116' title="bbox 1987 5313 3636 5386; baseline 0.003 -14"><span class='ocrx_word' id='word_1_775' title='bbox 1987 5313 2413 5381; x_wconf 82' lang='lat' dir='ltr'><strong>vexationibus,</strong></span> <span class='ocrx_word' id='word_1_776' title='bbox 2460 5313 2678 5386; x_wconf 91' lang='lat' dir='ltr'><strong>quibus</strong></span> <span class='ocrx_word' id='word_1_777' title='bbox 2726 5313 3131 5371; x_wconf 86' lang='lat' dir='ltr'><strong>miserabiliter</strong></span> <span class='ocrx_word' id='word_1_778' title='bbox 3178 5315 3427 5383; x_wconf 89' lang='lat' dir='ltr'><strong>crucior,</strong></span> <span class='ocrx_word' id='word_1_779' title='bbox 3459 5314 3636 5377; x_wconf 87' lang='lat' dir='ltr'><strong>libere</strong></span> 
     </span>
     <span class='ocr_line' id='line_1_117' title="bbox 1986 5403 3638 5476; baseline 0.002 -15"><span class='ocrx_word' id='word_1_780' title='bbox 1986 5408 2042 5461; x_wconf 88' lang='lat' dir='ltr'><strong>et</strong></span> <span class='ocrx_word' id='word_1_781' title='bbox 2070 5404 2299 5461; x_wconf 89' lang='lat' dir='ltr'><strong>educat.</strong></span> <span class='ocrx_word' id='word_1_782' title='bbox 2321 5403 2479 5460; x_wconf 89' lang='lat' dir='ltr'><strong>Diem</strong></span> <span class='ocrx_word' id='word_1_783' title='bbox 2514 5412 2705 5460; x_wconf 91' lang='lat' dir='ltr'><strong>autem</strong></span> <span class='ocrx_word' id='word_1_784' title='bbox 2727 5403 2915 5459; x_wconf 75' lang='lat' dir='ltr'><strong>exitus</strong></span> <span class='ocrx_word' id='word_1_785' title='bbox 2934 5408 2991 5459; x_wconf 89' lang='lat' dir='ltr'><strong>et</strong></span> <span class='ocrx_word' id='word_1_786' title='bbox 3011 5403 3375 5461; x_wconf 87' lang='lat' dir='ltr'><strong>dimissionis</strong></span> <span class='ocrx_word' id='word_1_787' title='bbox 3406 5410 3638 5476; x_wconf 83' lang='lat' dir='ltr'><strong>oportet</strong></span> 
     </span>
     <span class='ocr_line' id='line_1_118' title="bbox 1984 5492 3635 5570; baseline 0.002 -21"><span class='ocrx_word' id='word_1_788' title='bbox 1984 5493 2219 5551; x_wconf 88' lang='lat' dir='ltr'><strong>interim</strong></span> <span class='ocrx_word' id='word_1_789' title='bbox 2250 5507 2390 5549; x_wconf 67' lang='lat' dir='ltr'><strong>mete</strong></span> <span class='ocrx_word' id='word_1_790' title='bbox 2422 5493 2718 5551; x_wconf 89' lang='lat' dir='ltr'><strong>dimittere</strong></span> <span class='ocrx_word' id='word_1_791' title='bbox 2745 5492 3050 5560; x_wconf 85' lang='lat' dir='ltr'><strong>voluntati,</strong></span> <span class='ocrx_word' id='word_1_792' title='bbox 3083 5508 3154 5550; x_wconf 90' lang='lat' dir='ltr'><strong>ne</strong></span> <span class='ocrx_word' id='word_1_793' title='bbox 3185 5492 3326 5549; x_wconf 89' lang='lat' dir='ltr'><strong>mihi</strong></span> <span class='ocrx_word' id='word_1_794' title='bbox 3363 5495 3635 5570; x_wconf 85' lang='lat' dir='ltr'><strong>maligni·</strong></span> 
     </span>
     <span class='ocr_line' id='line_1_119' title="bbox 1985 5580 3643 5656; baseline 0.001 -13"><span class='ocrx_word' id='word_1_795' title='bbox 1985 5586 2081 5643; x_wconf 84' lang='lat' dir='ltr'><strong>tas</strong></span> <span class='ocrx_word' id='word_1_796' title='bbox 2128 5580 2416 5642; x_wconf 81' lang='lat' dir='ltr'><strong>insidiosa</strong></span> <span class='ocrx_word' id='word_1_797' title='bbox 2444 5582 2633 5656; x_wconf 84' lang='lat' dir='ltr'><strong>possit</strong></span> <span class='ocrx_word' id='word_1_798' title='bbox 2659 5580 2924 5656; x_wconf 86' lang='lat' dir='ltr'><strong>illudere,</strong></span> <span class='ocrx_word' id='word_1_799' title='bbox 2973 5585 3034 5641; x_wconf 86' lang='lat' dir='ltr'><strong>et</strong></span> <span class='ocrx_word' id='word_1_800' title='bbox 3087 5580 3450 5656; x_wconf 85' lang='lat' dir='ltr'><strong>simplicitati</strong></span> <span class='ocrx_word' id='word_1_801' title='bbox 3496 5597 3643 5644; x_wconf 71' lang='lat' dir='ltr'><strong>men</strong></span> 
     </span>
    </p>
   </div>
  </div>
 </body>
</html>
