3784 6000
325 197 462 255 1¹5¹

1760 203 1955 264 LUCII
1993 205 2069 263 111
2119 204 2330 263 PAPAE

3618 205 3757 263 ¹152

294 323 475 395 ‘quod
503 323 565 379 in
599 326 814 397 majori
837 326 1006 384 altari
1034 330 1168 386 etin
1198 330 1365 388 altari
1397 334 1627 389 Sanctae
1650 330 1849 389 Crucis
1864 331 1966 388 ha-
2001 334 2049 390 A
2153 332 2390 389 Devotis
2423 329 2699 390 Ecclesiae
2729 331 2869 388 filiis
2899 346 2973 390 ex
3002 330 3276 402 iniuncto
3294 328 3475 387 nobis
3504 334 3752 403 aposto·

313 410 503 478 butis;
535 413 853 471 ecclesiam
881 416 939 472 S.
976 419 1217 475 protasii
1249 438 1264 490 ;
1300 420 1611 477 ecclesiam
1637 421 1710 476 (18
1741 421 1968 477 Domno

316 501 576 567 liat-tino,
592 502 902 560 ecclesiam
916 506 987 561 ‹le
1007 508 1353 579 EssertineS‚
1372 510 1688 567 ecclesiam
1704 509 1780 567 de
1804 512 1964 576 Rota,

312 589 623 646 ecclesiam
650 592 724 647 de
758 593 909 650 Alba
942 599 1110 667 Aqua
1140 613 1279 654 cum
1310 600 1475 655 omni
1500 600 1654 671 jure,
1705 605 1763 656 et
1785 600 1967 673 perti-

312 678 526 733 nentiis
556 680 681 735 suis
710 686 766 736 et
791 683 1042 755 antiqua
1072 684 1362 757 libertate,
1390 687 1702 746 ecclesiam
1742 689 1799 746 S.
1854 690 1967 745 Ma-

309 765 431 831 1188,
462 766 777 825 ecclesiam
803 772 858 827 S.
893 774 1062 839 Petri,
1088 776 1400 834 ecclesiam
1423 778 1479 835 S.
1509 777 1800 836 Laurentii
1826 791 1968 834 cum

311 854 684 926 appendiciis
710 859 854 925 suis,
886 861 1201 921 ecclesiam
1229 867 1286 923 S.
1317 866 1619 939 Stephani,
1651 866 1965 924 ecclesiam

309 943 384 999 de
414 943 758 1014 Tolochina,
776 951 1090 1009 ecclesiam
1110 953 1184 1009 de
1207 954 1409 1012 Juleus
1435 972 1573 1013 cum
1591 955 1966 1029 appendiciis

307 1033 452 1099 suis,
476 1035 792 1094 ecclesiam
818 1039 892 1095 (18
936 1042 1231 1112 8838888,
1274 1045 1592 1103 8881881881
1621 1046 1696 1102 (18
1738 1046 1964 1110 Baises,

308 1121 620 1179 ecclesiam
648 1124 722 1182 de
754 1129 910 1186 Orba
939 1146 1079 1189 cum
1103 1134 1628 1206 appendiciissuis,
1653 1135 1967 1192 ecclesiam

311 1209 386 1266 (18
414 1213 706 1279 Evonant,
729 1217 1039 1276 ecclesiam
1061 1221 1135 1278 de
1156 1223 1387 1291 Dalens,
1419 1224 1731 1281 ecclesiam
1752 1224 1827 1281 de
1847 1225 1970 1281 Mu·

313 1299 479 1367 ratel,
511 1302 828 1361 ecelesiam
857 1307 930 1362 de
963 1311 1226 1377 pentola,
1255 1313 1568 1370 ecclesiam
1600 1314 1675 1371 de
1711 1314 1967 1370 Chavor-

315 1404 452 1461 nay,
471 1405 607 1446 cum
637 1395 1011 1465 appendiciis
1040 1399 1184 1466 suis,
1204 1401 1990 1474 8881881881(18801188818,μ

315 1478 626 1536 8881881881
657 1481 731 1538 (18
772 1485 967 1552 Crisie,
1001 1491 1315 1548 ecclesiam
1347 1492 1422 1547 de
1461 1493 1745 1559 Dessilus,
1775 1491 1967 1548 eccle-

313 1567 465 1623 siam
496 1568 571 1625 de
604 1571 1036 1643 villaricomite,
1067 1580 1381 1637 ecclesiam
1413 1581 1487 1638 de
1518 1583 1754 1654 Viveyo,
1781 1580 1965 1637 eccle-

315 1656 464 1713 siam
504 1657 579 1715 de
604 1660 783 1727 Bollo,
814 1665 1128 1723 ecclesiam
1152 1668 1227 1724 de
1257 1668 1522 1744 Granges
1563 1686 1703 1727 cum
1734 1686 1961 1743 appen·
1994 1691 2040 1749 Β

315 1744 485 1802 (118118
524 1749 667 1813 suis,
718 1751 1029 1811 ecclesiam
1082 1757 1155 1813 (18
1198 1760 1478 1827 Danesse,
1536 1760 1847 1817 ecclesiam
1886 1759 1963 1816 de

316 1833 542 1902 Utflnis,
568 1837 881 1897 ecclesiam
901 1843 976 1900 (18
1006 1847 1207 1914 Crans,
1240 1848 1557 1907 ecclesiam
1579 1850 1653 1906 de
1672 1849 1961 1916 Nivillins,

316 1922 517 1980 villam
546 1925 621 1982 (18
655 1930 854 1996 crans,
889 1932 1089 1991 villam
1115 1935 1190 1993 de
1214 1938 1270 1994 S.
1318 1939 1605 2008 protasio,
1633 1939 1832 1996 villam
1857 1937 1965 1994 des

314 2011 658 2081 Tolochina,
693 2017 889 2077 villam
932 2022 1007 2079 de
1062 2025 1316 2093 Dellens,
1373 2027 1573 2086 villam
1595 2027 1670 2085 de
1702 2031 1967 2103 888888-

315 2100 426 2172 318,
455 2101 657 2160 villam
686 2105 759 2163 de
787 2109 1018 2169 Domno
1047 2116 1309 2183 Martiuo,
1332 2117 1528 2174 villam
1558 2119 1633 2175 de
1662 2115 1963 2181 Bomanel.

317 2189 517 2246 villam
531 2192 606 2249 de
639 2196 778 2252 Bota
791 2196 849 2252 iu
863 2199 1008 2271 030,
1025 2202 1224 2260 villam
1237 2204 1312 2261 de
1332 2205 1479 2263 Alba
1491 2209 1747 2279 Aquam,
1763 2205 1966 2263 villam

313 2278 389 2335 de
429 2282 773 2350 Esset-tinae,
798 2286 997 2345 villam
1023 2289 1097 2347 de
1117 2292 1397 2352 Warrens
1430 2314 1445 2364 ;
1476 2302 1532 2353 et
1555 2296 1721 2369 quod
1741 2295 1968 2355 habetis

313 2368 481 2440 apud
507 2371 810 2439 crissie,et
832 2377 997 2448 quod
1012 2378 1241 2438 habetis
1259 2384 1422 2456 apud
1464 2385 1767 2443 viviacum
1786 2389 1842 2441 et
1867 2383 1970 2441 de·

314 2455 504 2513 cimas
550 2474 700 2530 quas
744 2464 1010 2537 accipitis
1039 2467 1098 2524 in
1146 2472 1311 2527 terris
1341 2473 1655 2546 episcopi;
1716 2478 1769 2530 et
1801 2471 1970 2546 quod

317 2542 555 2601 hahetis
578 2549 739 2620 apud
768 2551 1112 2623 Pulliacum,
1136 2565 1193 2614 et
1219 2561 1383 2633 quod
1412 2562 1647 2619 habetis
1673 2562 1735 2618 in
1776 2564 1970 2632 Burgo

320 2638 374 2690 et
414 2635 578 2707 quod
604 2636 836 2696 habetis
856 2641 917 2698 in
935 2644 1072 2703 villa
1096 2647 1505 2706 Lausannensi
1538 2656 1625 2718 ;et
1644 2651 1970 2723 eleemosy-

319 2737 459 2781 nam
487 2739 674 2797 quam
705 2729 1242 2792 vobisfecitPetrus
1263 2737 1335 2793 de
1350 2738 1751 2806 Scandens,et
1782 2740 1970 2796 doua-

320 2810 546 2869 tionem
573 2816 833 2873 Gononis
857 2819 930 2875 de
966 2823 1276 2881 Grandson
1309 2831 1365 2882 et
1395 2828 1596 2884 uxoris
1627 2845 1750 2885 8818
1776 2829 1969 2900 Α1381,

319 2915 508 2973 quam
541 2903 706 2960 vobis
733 2904 956 2977 dejure
988 2926 1099 2966 suo
1127 2912 1340 2970 fecisse
1357 2915 1634 2974 dicuntur
1680 2923 1737 2974 et
1785 2918 1973 2973 dona-

324 2990 546 3048 tionem
564 3009 751 3066 quam
792 2995 1203 3060 fecitecclesiae
1237 3011 1446 3063 vestrm
1483 3007 1832 3064 venerabilis
1861 3007 1974 3065 fra·
2005 3044 2045 3100 C

324 3086 409 3138 ter
430 3088 633 3138 noster
663 3086 968 3156 Rogerius,
996 3092 1315 3165 episcopus
1347 3103 1539 3153 vester
1565 3112 1672 3168 pro
1702 3097 1867 3154 Petro
1896 3096 1972 3154 de

323 3170 687 3243 Escandens‚
720 3174 778 3230 in
826 3184 1445 3252 recompensationem
1496 3187 1753 3258 Majoriae
1795 3186 1871 3244 de
1901 3202 1974 3243 eo

322 3258 488 3330 quod
507 3260 663 3317 idem
682 3263 1002 3338 episcopus
1027 3270 1191 3342 apud
1220 3271 1647 3331 Bellomoutem
1673 3276 1968 3342 habebat;

323 3345 466 3403 item
490 3348 872 3411 amicabilem
898 3360 1395 3431 compositionem
1408 3362 1482 3419 de
1502 3364 1754 3421 ecclesia
1772 3364 1974 3421 Sancti

324 3437 482 3494 Marii
513 3438 587 3495 de
626 3440 859 3500 decima
877 3445 952 3501 de
973 3463 1180 3520 speses
1203 3452 1358 3508 etde
1385 3454 1651 3511 candelis
1658 3493 1765 3510 .....
1801 3459 1856 3511 81
1897 3453 1973 3510 (18

323 3529 740 3599 procuratione
771 3535 1051 3593 secundoe
1080 3537 1244 3595 serim
1268 3542 1593 3613 paschalis,
1608 3543 1779 3600 vobis
1805 3548 1862 3598 et
1882 3558 1974 3598 ve·

319 3615 457 3672 stris
498 3621 944 3679 successoribus
988 3626 1343 3685 exhibendis
1386 3648 1421 3687 a
1470 3631 1643 3688 bonas
1670 3631 1976 3688 memorias

322 3706 508 3773 Petro,
536 3709 850 3781 quondam
875 3714 1146 3785 Papiensi
1169 3718 1466 3792 episcop0,
1492 3721 1835 3794 apostolicas
1888 3736 1977 3777 se·

324 3794 415 3851 dis
434 3796 650 3867 legato,
681 3800 808 3856 sine
834 3804 1126 3873 pravitate
1162 3807 1335 3865 fecto,

394 3886 676 3943 Praeterea
691 3890 977 3963 antiquas
994 3898 1051 3949 et
1079 3895 1467 3955 rationabiles
1486 3897 1975 3965 consuetudines,

323 3972 495 4030 vohis
524 3980 581 4031 el.
608 3976 868 4035 ecclesias
899 3987 1102 4040 vestrae
1124 3983 1413 4044 hactenus
1436 3993 1842 4054 conservatas,
1875 4003 1978 4044 au·

322 4063 589 4121 ctoritate
621 4068 950 4137 apostolica
1002 4072 1171 4129 vobis
1222 4076 1613 4134 nihilomiuus
1654 4076 1980 4134 conflrma-

326 4168 460 4208 mns
506 4153 885 4213 :libertatem
928 4159 1108 4218 etiam
1138 4180 1325 4237 quam
1369 4165 1622 4224 ecclesia
1668 4171 1867 4224 vestra
1913 4165 1975 4222 18

323 4241 474 4297 villis
500 4249 555 4299 et
583 4244 929 4304 hominibus
950 4266 1139 4325 usque
1175 4253 1254 4312 ad
1284 4255 1411 4311 haec
1432 4260 1703 4330 tempora
1720 4256 1977 4314 rationa-

323 4327 520 4387 biliter
537 4331 766 4401 habuit,
801 4336 1090 4397 illibatem
1113 4357 1463 4413 permanere
1493 4347 1819 4413 sancimus,
1850 4347 1977 4405 dis-

322 4419 564 4478 tinctius
593 4421 930 4484 inhibentes
966 4437 1026 4484 ut
1063 4430 1263 4487 nullus
1304 4434 1364 4489 in
1408 4450 1530 4505 eos,
1588 4435 1679 4493 vel
1723 4437 1976 4509 capella·

322 4523 434 4566 nos
450 4511 542 4566 vel
562 4512 807 4570 clericos
829 4522 1085 4586 vestros,
1116 4537 1304 4579 novas
1322 4529 1379 4580 et
1398 4524 1696 4583 indebitas
1722 4527 1977 4584 exactio·

325 4613 430 4654 nes
467 4615 739 4658 exercere
782 4615 1130 4677 praesumat.

396 4690 778 4748 Decernimus
807 4709 970 4765 ergo,
1016 4702 1128 4754 etc.

395 4780 611 4837 Datum
639 4781 885 4839 velletri.

1062 4877 1222 4936 Lxll.

396 4962 780 5031 Confirmatio
802 4964 1090 5025 bonorum
1130 4970 1412 5027 Ecclesia
1434 4970 1909 5029 silvanectensis.

860 5054 1140 5128 (velletri,
1165 5059 1308 5128 jun.
1334 5061 1451 5130 30.)

711 5144 890 5216 [Gall.
925 5145 1146 5204 Christ.
1179 5163 1315 5206 nov.
1345 5151 1407 5216 X,
1435 5149 1589 5224 220.j

394 5233 590 5289 Lucius
619 5234 965 5308 episcopus,
999 5253 1206 5294 servus
1245 5252 1558 5296 servorum
1585 5237 1706 5305 Dei,
1748 5238 1981 5296 dilectis

323 5320 458 5377 filiis
489 5324 1038 5393 srsrsmozdecano
1092 5327 1362 5385 ecclesias
1414 5329 1611 5386 Santae
1646 5328 1841 5386 Mariae
1871 5328 1984 5385 Sil-

325 5412 717 5479 vanectensis,
771 5413 1023 5487 ejusque
1080 5414 1360 5474 fratribus
1410 5422 1530 5475 tam
1588 5415 1983 5490 praesentibus

327 5510 515 5568 quam
541 5499 756 5561 futuris
781 5503 1070 5561 canonice
1095 5504 1496 5572 instituendis,
1511 5506 1573 5567 iu
1601 5512 1981 5584 perpetuum.

171 5619 357 5645 ffl-

2006 4399 2054 4456 D

2075 419 2233 479 latus
2244 420 2443 478 officio
2462 423 2853 495 propensiusa
2871 420 3051 478 desse
3068 417 3470 492 compellimu,
3491 423 3550 476 et
3561 419 3754 492 justas

2078 511 2387 583 petitiones
2404 526 2613 568 eorum
2638 509 2955 568 efficaciter
2976 508 3283 574 exaudire,
3314 512 3377 564 ut
3404 523 3478 564 ex
3499 524 3750 567 suarum

2076 599 2432 672 petitionum
2448 597 2662 656 effectu
2674 598 2751 656 ad
2769 596 3151 656 devotionem
3169 599 3458 654 Romana!
3471 595 3748 655 1188188181

2075 689 2433 761 propensius
2450 688 2810 753 animentur,
2829 692 2883 744 et
2900 686 3235 759 apostolica
3249 683 3621 758 protectione
3638 684 3752 743 val·

2074 775 2173 833 lati
2199 776 2472 833 debitum
2501 776 2755 833 Domino
2786 775 3113 833 ferventius
3140 774 3468 832 exhibeant
3496 772 3749 833 famula-

2077 869 2221 923 tum.
2273 868 2667 940 Quapropter,
2700 865 2897 923 dilecti
2942 866 3005 922 18
3055 865 3309 922 Domino
3347 863 3476 933 filii,
3536 865 3749 923 vestris

2071 954 2246 1027 justis
2262 954 2767 1027 postulationibus
2781 959 3136 1021 annuentes,
3152 952 3469 1011 ecclesiam
3485 958 3748 1013 vestram

2076 1042 2139 1102 S.
2187 1045 2380 1102 Marioe
2413 1043 2868 1102 silvanectensis
2898 1043 2958 1101 iu
3007 1060 3131 1117 qua
3159 1042 3363 1100 divino
3413 1042 3749 1117 mancipati

2074 1134 2214 1190 estis
2237 1132 2554 1207 obsequio,
2582 1132 2696 1191 sub
2717 1133 2877 1191 beati
2892 1133 3041 1190 Petri
3066 1137 3123 1190 et
3140 1137 3347 1190 nostra
3374 1132 3748 1206 protectione

2074 1221 2460 1296 suscipimus,
2483 1229 2539 1281 et
2572 1222 2881 1296 praeseutis
2910 1222 3113 1296 scripti
3142 1222 3453 1295 privilegio
3474 1236 3748 1281 commu-

2076 1311 2297 1379 nimus,
2354 1317 2682 1371 statuentes
2732 1317 2795 1370 ut
2849 1326 3249 1386 quascunque
3296 1311 3743 1384 possessiones,

2072 1416 2451 1474 quascunque
2480 1400 2640 1461 bona
2683 1402 2807 1458 sive
2848 1400 3121 1457 redditus
3146 1398 3361 1458 eadem
3385 1399 3755 1459 8881881818-

2073 1491 2525 1563 prassentiarum
2564 1492 2727 1563 juste
2781 1496 2837 1548 et
2867 1490 3157 1548 canonice
3186 1489 3478 1562 possidet,
3544 1494 3654 1548 881
3690 1490 3748 1548 18

2072 1579 2340 1637 futurum
2356 1580 2737 1637 concessione
2754 1580 3103 1654 pontificum
3116 1578 3500 1649 largitionem
3539 1594 3746 1651 regum

2071 1668 2164 1725 vel
2195 1669 2556 1742 principum,
2588 1668 2892 1726 oblatione
2925 1668 3219 1735 fidelium,
3252 1683 3359 1725 seu
3407 1667 3545 1725 aliis
3578 1668 3746 1741 justis

2073 1757 2288 1823 modis,
2323 1763 2644 1830 proestante
2694 1758 2964 1815 Domino.
3003 1757 3216 1830 poterit
3258 1756 3540 1830 adipisci,
3573 1755 3745 1816 flrma

2074 1845 2246 1903 vobis
2276 1847 2606 1919 vestrisque
2645 1845 3104 1904 successoribus
3128 1849 3187 1903 et
3232 1844 3464 1903 illibata
3509 1861 3746 1920 perma-

2075 1942 2283 2002 neant;
2302 1935 2595 2007 inquibus
2607 1935 2736 1992 haec
2752 1935 3013 2009 propriis
3026 1934 3312 1992 duximus
3325 1932 3749 2008 experimenda

2076 2023 2389 2082 vocabulis
2417 2041 2430 2081 :

2145 2113 2366 2170 Locum
2392 2113 2594 2186 ipsum
2635 2114 2697 2171 in
2754 2130 2874 2189 quo
2930 2112 3176 2187 praefata
3229 2112 3443 2170 eclesia
3499 2113 3616 2171 sita
3642 2118 3745 2184 est,

2074 2219 2212 2260 cum
2272 2202 2506 2260 duabus
2545 2202 2759 2275 plateis
2809 2204 3006 2260 eidem
3064 2201 3514 2275 adjacentibus,
3537 2208 3595 2260 et
3621 2202 3746 2260 aliis

2075 2292 2447 2367 pertinentiis
2477 2293 2600 2350 suis
2628 2313 2640 2353 :
2674 2293 2993 2350 ecclesiam
3026 2294 3223 2351 Sancti
3245 2291 3397 2350 Petri
3422 2291 3489 2349 18
3537 2292 3744 2350 subur-

2073 2381 2177 2440 bio
2202 2381 2455 2439 civitatis
2481 2385 2685 2439 vestras
2725 2382 2929 2441 sitam:
2960 2381 3277 2439 ecclesiam
3323 2381 3523 2440 Sancti
3555 2380 3737 2439 Hilarii

2077 2476 2213 2529 ante
2241 2476 2477 2544 portam
2504 2473 2855 2529 Remensem
2888 2494 2900 2527 ι
2931 2470 3247 2528 ecclesiam
3279 2472 3520 2528 8888118
3560 2472 3734 2528 Geno-

2075 2560 2223 2619 vefae
2249 2576 2386 2618 cum
2419 2560 2784 2633 pertinentiis
2815 2560 2965 2617 suis:
2999 2558 3309 2617 ecclesiam
3334 2559 3541 2616 Sancti
3572 2559 3733 2616 Ania-
3783 2590 3784 2621 2

2078 2649 2138 2707 81
2179 2669 2192 2707 :
2248 2649 2565 2707 ecclesiam
2618 2651 2815 2707 Sancti
2867 2648 3093 2706 Martini
3143 2649 3202 2705 iu
3244 2648 3378 2705 vico
3433 2648 3730 2706 parisiensi

2077 2742 2189 2797 sita
2221 2756 2235 2795 ε
2270 2739 2586 2796 8881881881
2615 2740 2811 2796 Sancti
2845 2736 3074 2795 Martini
3102 2736 3179 2794 de
3211 2736 3559 2795 Ermeuoldi
3589 2736 3729 2803 villa,

2079 2843 2219 2887 cum
2242 2827 2607 2900 quibusdam
2633 2826 2994 2901 hospitibus,
3013 2827 3181 2883 terris
3207 2831 3264 2883 et
3280 2827 3560 2900 quadam
3583 2828 3731 2899 parte

2079 2916 2473 2983 decimarum,
2497 2915 2695 2973 etaliis
2721 2931 2858 2989 quae
2887 2915 2946 2971 in
2972 2913 3110 2972 villa
3138 2913 3272 2986 ipsa
3296 2920 3353 2972 et
3369 2915 3504 2987 ejus
3531 2914 3734 2973 territo·

2081 3007 2169 3064 rio
2191 3005 2440 3063 ecclesia
2451 3011 2647 3064 vestra
2673 3005 2893 3063 habere
2909 3003 3285 3075 dignoscitur
3304 3021 3319 3056 .·
3340 3003 3732 3062 ecclesiamde

2082 3096 2195 3152 Ver
2214 3111 2353 3152 cum
2387 3094 2752 3167 pertinentiis
2776 3094 2933 3151 suis:
2953 3092 3268 3151 ecclesiam
3294 3094 3532 3152 Sancto
3557 3092 3734 3152 narie

2081 3185 2156 3241 de
2196 3187 2332 3252 Eva,
2365 3200 2502 3241 cum
2531 3183 2909 3258 quibusdam
2935 3182 3276 3255 hospitibus
3305 3186 3367 3239 et
3391 3187 3570 3256 parte
3597 3181 3738 3240 deei-

2082 3290 2343 3341 marum,
2369 3275 2612 3346 justitiis
2641 3277 2700 3330 et
2722 3272 2852 3330 aliis
2884 3288 3020 3346 quae
3061 3271 3289 3330 ibidem
3313 3271 3738 3330 rationabiliter

2083 3363 2399 3436 possidetis
2436 3380 2451 3419 ε
2504 3361 2817 3420 ecclesiam
2862 3361 2938 3419 de
2967 3361 3303 3433 moleignon
3350 3376 3500 3421 cum
3540 3361 3740 3420 eadem

2084 3453 2242 3520 villa,
2271 3453 2461 3518 terris,
2511 3451 2720 3523 vineis,
2772 3450 3146 3509 nemoribus.
3179 3450 3391 3522 pratis,
3423 3451 3671 3525 pascuis
3697 3455 3743 3508 et

2084 3542 2216 3600 aliis
2247 3540 2611 3614 pertinentiis
2629 3540 2776 3596 suis.
2808 3540 3060 3613 Insuper
3074 3538 3150 3597 de
3166 3538 3570 3615 eleemosyna
3595 3541 3742 3598 lione

2083 3631 2392 3689 memorias
2425 3629 2703 3687 Asthonis
2731 3627 3047 3702 quondam
3074 3629 3339 3686 cantoris
3364 3630 3646 3688 ecclesia
3669 3643 3743 3685 ve-

2086 3724 2245 3787 strae,
2259 3724 2520 3794 quatuor
2529 3717 2798 3790 hospites
2810 3723 3043 3776 certum
3057 3716 3363 3775 redditum
3375 3718 3567 3777 vobis
3589 3717 3740 3777 aunis

2086 3807 2339 3879 81838118
2386 3806 2809 3880 persolventes,
2868 3821 3023 3881 quos
3052 3821 3273 3878 nempe
3317 3806 3404 3865 ab
3453 3806 3738 3867 Odouede

2086 3900 2351 3955 Gonessa
2381 3896 2560 3953 milite
2577 3896 2744 3967 justo
2766 3894 2936 3951 titulo
2963 3893 3285 3968 emptionis
3309 3895 3624 3955 habuerat
3643 3911 3738 3953 :ee-

2084 3986 2329 4044 clesiam
2351 3986 2426 4043 de
2453 3987 2644 4042 Monte
2669 3984 3063 4057 spiculatorio
3091 3999 3105 4040 :
3140 3982 3474 4044 ecclesiam
3505 3985 3591 4045 de
3619 3985 3736 4058 Ose-

2083 4075 2175 4132 rio
2224 4074 2424 4132 Sancti
2473 4072 2734 4130 Medardi
2760 4092 2773 4133 :
2825 4072 3141 4130 ecclesiam
3189 4071 3270 4129 de
3301 4072 3586 4133 Duviaco
3631 4087 3738 4132 eum

2085 4164 2455 4239 pertinentiis
2494 4163 2647 4220 suis:
2675 4162 2990 4220 ecclesiam
3020 4161 3096 4220 (18
3125 4162 3428 4223 Ruilliaco
3457 4180 3612 4224 cum
3645 4177 3738 4222 ne-

2083 4254 2302 4312 dietate
2352 4253 2597 4325 majoris
2649 4252 2898 4309 decimae
2929 4258 3224 4309 terrarum
3248 4251 3546 4326 ejusdem
3577 4253 3737 4314 vius:

2084 4345 2331 4416 insuper
2359 4342 2728 4400 medietatem
2768 4341 3082 4411 cujusdem
3113 4355 3288 4398 uovae
3315 4341 3614 4414 decima,
3641 4355 3736 4419 qus

2086 4428 3524 4505 decimauovaliumnuncupatur:ecclesiamde
3543 4437 3736 4493 Bone·

2088 4539 2229 4582 cum
2258 4527 2424 4595 parte
2469 4521 2845 4577 decimarum
2895 4538 2908 4577 ε
2954 4519 3272 4577 ecclesiam
3300 4519 3390 4578 de
3415 4521 3736 4583 Tremitho-

2089 4628 2230 4672 cum
2258 4610 2489 4684 capella
2514 4611 2588 4666 de
2616 4609 2919 4676 veterinis,
2955 4614 3011 4665 et
3026 4608 3243 4666 eadem
3259 4609 3420 4670 villa
3439 4627 3594 4672 cum
3614 4609 3738 4687 jusfi-

2091 4703 2188 4760 tiis
2213 4705 2272 4759 et
2295 4700 2666 4773 pertinentiis
2692 4700 2815 4756 suis
2865 4715 2879 4754 :
2909 4697 3226 4756 ecclesiam
3267 4697 3357 4756 de
3390 4703 3662 4763 Rareio:

2091 4792 2334 4852 clesiam
2365 4793 2594 4849 Sanctae
2619 4789 2814 4848 Marius
2855 4789 2929 4846 de
2960 4789 3298 4847 chamanto
3365 4806 3526 4852 cum
3555 4792 3740 4854 (188181

2092 4880 2366 4954 ejusdem
2388 4879 2560 4946 villae,
2587 4878 2757 4935 salva
2775 4883 2976 4935 tamen
2992 4877 3268 4951 portione
3283 4879 3590 4952 quadam
3603 4881 3738 4957 ipsis

2091 4970 2342 5028 decimae
2381 4968 2657 5041 ejusdem
2686 4967 2800 5025 loci
2833 4966 3184 5040 presbytero
3216 4964 3584 5041 deputata:

2092 5060 2247 5117 siam
2291 5057 2490 5114 Sancti
2550 5056 2845 5113 Leonardi
2907 5055 2978 5112 (18
3030 5054 3186 5113 Valle
3241 5057 3600 5130 protunda,

2092 5148 2309 5206 eadem
2337 5146 2492 5212 villa,
2521 5144 2713 5212 terris,
2741 5146 3000 5219 pascuis,
3024 5143 3284 5219 justitiis
3315 5150 3382 5204 et
3406 5152 3616 5222 pertin
3697 5147 3712 5158 '

2094 5238 2216 5294 suis
2248 5226 2591 5291 :ecclesiam
2608 5234 2682 5290 de
2706 5236 2883 5291 Fonte
2918 5232 3114 5292 Sancti
3142 5232 3402 5294 Firmini
3439 5253 3458 5296 ε
3493 5239 3542 5297 (1
3611 5239 3624 5252 ”

2093 5332 2168 5385 (18
2198 5323 2526 5383 Chantileio
2554 5343 2567 5384 :
2619 5322 2934 5382 ecclesiam
2982 5321 3057 5379 de
3087 5321 3302 5394 Govix,
3337 5339 3500 5388 cum
3531 5345 3608 5390 ea

2092 5416 2466 5473 decimarum
2495 5428 2682 5486 quam
2737 5412 2795 5468 in
2848 5412 3015 5470 terris
3043 5415 3098 5469 et
3147 5410 3208 5467 in
3255 5412 3469 5474 vineis
3527 5419 3584 5494 ej

2096 5504 2248 5562 villo
2274 5502 2522 5562 ecclesia
2543 5506 2741 5562 vestra
2769 5500 2993 5562 habere
3012 5499 3407 5573 dignoscitur
3429 5521 3452 5575 3
3475 5507 3604 5584 maj
3659 5504 3670 5515 '
