3784 6000
550 239 733 300 HIST.
774 237 1034 299 RERUM
1071 236 1567 301 TRANSMARIN.
1607 267 1675 283 -
1710 234 1849 295 ΗΒ.
1892 234 2043 295 ΧΧῙ.
2087 232 2496 294 BALDUINUS
2535 231 2604 292 lv
2645 234 2813 292 REX.

3295 234 3400 297 846

137 369 198 426 >li
230 371 289 425 et
316 384 456 425 cum
485 382 557 425 eo
586 383 788 424 comes
823 367 1247 440 Tripolitanus,
1274 364 1493 422 deinde
1531 362 1629 421 alii
1670 363 1715 418 Α
1744 361 2095 420 adolescens
2120 361 2298 419 bonae
2320 360 2557 428 indolis,
2586 365 2644 418 et
2666 364 2948 435 acceptus
2964 361 3289 436 plurimum
3313 368 3404 421 :et

137 463 312 526 entes,
336 457 549 515 collem
568 457 898 530 quemdam
930 457 1044 514 sibi
1071 456 1320 514 obvium
1350 454 1632 512 ascende-

160 547 388 606 ssumen
419 547 714 605 habentes
743 548 823 604 ad
867 547 1081 605 laevam
1114 562 1128 614 ;
1175 562 1213 604 a
1240 544 1461 602 dextris
1491 558 1632 601 vero

137 638 212 695 eis
243 637 519 711 planities
566 637 831 695 maxima
867 642 925 694 et
968 640 1167 694 castra
1193 635 1478 693 hostium.
1522 634 1634 690 Au-

137 742 305 799 :ergo
335 726 735 785 salahadinus
753 742 898 783 suos
923 726 1180 798 gravari,
1212 724 1516 798 expositos
1535 737 1636 794 pe-

137 834 179 889 ),
226 817 355 873 neci
407 831 653 890 quoque
703 814 897 876 datos.
943 820 1121 888 parat
1165 815 1252 871 eis
1299 811 1636 870 subsidium

137 912 311 964 strare
345 922 360 972 ;
392 905 452 962 in
482 921 604 978 quo
633 904 946 978 proposito
976 904 1123 961 dum
1161 903 1318 959 fixus
1349 904 1635 972 maneret,

137 1010 276 1053 suos
306 995 408 1068 qui
448 999 780 1061 evaserant,
819 993 1132 1064 fugienteS,
1160 992 1319 1049 videt
1357 1009 1368 1049 :
1413 990 1635 1064 quibus

137 1101 313 1155 rrens,
346 1085 607 1155 cognitio
636 1085 721 1140 rei
751 1088 928 1156 statu,
954 1083 1190 1140 animos
1223 1081 1419 1138 verbis
1446 1081 1631 1146 addit,

142 1176 258 1233 iem
291 1179 531 1231 revocat
564 1190 579 1242 ;
630 1173 851 1230 nostris
892 1190 1132 1246 quoque
1182 1170 1635 1246 insequentibus

137 1264 320 1321 mium
362 1262 607 1330 securis,
651 1263 851 1319 subito
899 1278 959 1318 se
1003 1261 1322 1333 immergit.
1373 1266 1444 1317 At
1489 1275 1632 1316 vero

141 1370 205 1410 es
241 1354 424 1409 nostri
463 1352 539 1409 de
570 1351 776 1425 spoliis
807 1367 1016 1408 eorum
1046 1351 1150 1425 qui
1192 1349 1480 1407 interfecti
1513 1349 1633 1405 fue-

161 1443 348 1514 ditati,
381 1446 664 1515 putantes
696 1441 840 1498 nihil
884 1455 1193 1515 superesse
1241 1440 1317 1496 ad
1347 1455 1632 1496 consum-

144 1548 204 1588 m
227 1531 555 1600 victoriam,
571 1546 743 1587 secus
760 1531 954 1602 ripam
971 1530 1236 1586 fluminis
1252 1533 1634 1586 castrameta-

147 1621 242 1678 ieti
257 1621 653 1678 consederant
677 1637 692 1686 ;
713 1621 943 1692 equites
964 1636 1102 1676 vero
1124 1620 1329 1675 hostes
1350 1633 1530 1689 super
1547 1633 1631 1683 se,

1744 449 1842 509 alii
1872 450 2067 517 multi,
2099 467 2362 524 quorum
2393 449 2642 509 nomina
2680 465 2801 508 nou
2832 451 3127 519 novimus,
3160 467 3271 509 nec
3297 468 3405 510 nu-

1743 555 2003 610 merum,
2030 540 2183 614 capti
2208 544 2369 598 sunt.

2368 664 2592 723 CAPUT
2630 666 2781 722 XXX.

1748 772 2152 831 salahadinus
2182 779 2439 830 castrum
2463 772 2622 845 quod
2643 772 2718 829 de
2731 785 2882 829 novo
2898 771 3257 842 aedificatum
3280 775 3405 846 fue·

1815 851 1936 910 rat,
1968 843 2189 901 obsidet
2221 861 2238 908 ,·
2268 843 2559 901 obsessum
2589 849 2841 913 occupat
2871 861 2890 915 3
2920 845 3110 901 diruit
3155 860 3407 916 occupa-
3521 846 3528 853 “

1820 921 1966 973 tum.
2015 915 2305 972 Henricus
2353 930 2538 973 comes
2586 916 2906 979 Trecensis,
2954 918 3192 984 Petrus,
3249 916 3406 990 reqis

1816 988 2194 1045 Francorum
2220 986 2503 1044 Ludovici
2529 986 2751 1056 frater,
2779 987 2839 1042 in
2871 985 3102 1057 Syriam
3139 988 3402 1047 veniunt.

1816 1092 2015 1150 Rebus
2045 1092 2225 1165 igitur
2245 1094 2467 1150 nostris
2496 1093 2581 1149 sic
2609 1108 2677 1149 se
2703 1091 3088 1159 habentibus,
3111 1100 3170 1152 et
3193 1095 3254 1151 in
3282 1096 3406 1154 imo

1743 1182 2068 1250 collocatis,
2093 1197 2229 1239 ecce
2254 1182 2539 1238 dominus
2555 1183 2840 1238 Henricus
2860 1197 3061 1238 eomes
3076 1184 3404 1252 TrecensiS,

1743 1270 1833 1327 vir
1864 1271 2245 1341 magnificus,
2303 1269 2559 1327 senioris
2607 1269 2932 1326 Theobaldi
2964 1271 3202 1327 comitis
3227 1271 3403 1340 tilius,

1743 1360 1950 1433 (quem
1976 1375 2085 1416 nos
2116 1376 2151 1415 a
2182 1359 2421 1431 synodo
2450 1358 2785 1421 redeuntes,
2814 1359 2978 1431 apud
3005 1359 3408 1419 Brundusium

1741 1447 1970 1520 Apuliae
2001 1447 2305 1507 civitatem
2326 1446 2781 1521 dimiseramus)
2807 1446 2972 1521 apud
2996 1447 3407 1506 Acconensem

1743 1536 2218 1605 civitatem,cum
2243 1535 2430 1593 multo
2458 1536 2754 1593 nobilium
2778 1536 3068 1595 comitatu
3098 1537 3408 1611 applicuit.

1745 1628 2054 1693 venerant,
2090 1631 2156 1683 ut
2185 1627 2611 1699 praemisimus,
2640 1624 2873 1683 nobiles
2905 1626 3076 1683 multi
3103 1628 3164 1684 in
3194 1628 3409 1685 eodem

153 1711 418 1767 devictos
445 1709 759 1782 putabant,
792 1709 1081 1781 reparatis
1112 1708 1335 1764 viribus
1369 1707 1633 1764 videntes
1665 1727 1706 1783 Β
1748 1716 2017 1782 transitu,
2057 1714 2340 1772 dominus
2371 1715 2644 1772 videlicet
2670 1715 2877 1771 Petrus
2926 1716 2999 1773 de
3038 1717 3407 1788 CorteniacO,

138 1815 221 1866 re,
254 1814 374 1855 non
429 1799 718 1855 habentes
760 1797 936 1855 terias
968 1796 1057 1855 vel
1104 1796 1317 1862 otium,
1369 1803 1431 1853 ut
1461 1797 1635 1870 juxta

137 1904 288 1945 irem
311 1887 714 1961 disciplinam,
738 1887 899 1944 acies
918 1887 1374 1951 instruerentur,
1394 1884 1633 1942 ordina-

137 1993 176 2033 .r
206 1977 470 2049 agmina,
503 1975 711 2033 ordine
757 1975 1010 2033 contuso
1057 1975 1446 2039 decertantes,
1488 1972 1636 2030 resi-

164 2066 242 2123 ad
279 2070 538 2138 tempus,
570 2068 625 2121 et
670 2063 938 2121 hostium
970 2069 1420 2137 perseveranter
1465 2062 1639 2119 susti·

137 2156 421 2228 impetus.
444 2155 707 2211 Tandem
721 2153 948 2210 viribus
969 2154 1252 2225 impares,
1275 2169 1383 2209 nec
1414 2169 1476 2208 se
1497 2169 1634 2210 cum

137 2244 230 2300 =rsi
281 2248 479 2300 essent
523 2242 943 2309 inordinatius,
996 2247 1205 2299 mutuo
1241 2243 1539 2314 juvantes,
1574 2242 1634 2298 in

137 2350 181 2389 n
221 2333 375 2389 versi
425 2331 831 2388 succumbunt
867 2332 1134 2404 turpiter.
1181 2332 1449 2405 Cumque
1493 2331 1637 2387 satis

137 2422 288 2479 node
312 2421 516 2478 hostes
544 2422 951 2494 insequenteS,
972 2436 1078 2493 per
1096 2420 1212 2478 alia
1242 2421 1374 2477 loca
1394 2426 1639 2493 possent

137 2525 273 2566 nare
296 2516 353 2566 et
373 2509 434 2565 in
459 2513 650 2567 tutum
676 2526 737 2566 se
758 2509 979 2580 locare,
996 2510 1257 2583 peccatis
1282 2510 1501 2567 nostris
1519 2510 1637 2566 exi-

139 2599 274 2670 bus,
305 2599 659 2657 deteriorem
685 2598 1134 2658 deliberationis
1165 2603 1395 2672 partem
1428 2600 1635 2664 secuti,

137 2690 399 2765 agustias
459 2688 691 2745 scabris
724 2688 978 2761 rupibus
1031 2689 1278 2756 obsitas,
1312 2694 1367 2746 et
1400 2688 1637 2762 penitus

144 2794 205 2839 m
235 2777 595 2850 negantibus
621 2793 682 2834 se
713 2778 1077 2849 immergunt
1111 2797 1124 2838 :
1158 2778 1256 2835 ubi
1286 2794 1396 2835 nee
1427 2778 1506 2835 ad
1534 2792 1638 2835 an-

137 2884 194 2925 ra
231 2867 571 2941 procedere,
605 2883 714 2924 nec
758 2868 869 2924 nisi
915 2884 1054 2925 cum
1107 2869 1312 2925 mortis
1350 2868 1634 2941 periculo,

138 2957 391 3018 mostium
428 2972 646 3016 manus
682 2957 876 3014 redire
913 2957 1172 3015 dabatur
1197 2979 1220 3029 ;
1250 2959 1353 3032 qui
1383 2957 1635 3015 fluvium

137 3048 342 3105 aierunt
365 3048 506 3108 vitoe
536 3051 596 3105 et
624 3047 798 3105 saluti
829 3047 1235 3115 consulentes,
1272 3064 1343 3104 ex
1370 3048 1637 3105 maxima

137 3157 167 3207 ε,
190 3136 250 3195 in
267 3136 666 3210 municipium
686 3138 1030 3210 proximum
1054 3137 1149 3193 cui
1163 3154 1381 3194 nomen
1399 3136 1634 3204 Belfort,

137 3226 454 3284 ›ntulerunt
483 3242 497 3295 ;
526 3226 626 3286 alii
648 3226 876 3284 flumen
905 3231 1280 3284 transeuntes
1307 3232 1365 3284 et
1399 3227 1636 3284 ulterio-

136 3316 329 3390 ripam
355 3317 562 3383 secuti,
593 3332 806 3376 versus
840 3316 1123 3374 Sidonem
1149 3321 1379 3383 euntes,
1403 3315 1638 3374 contusi

137 3406 170 3462 ii
220 3410 436 3463 aestum
473 3404 875 3477 periculosum
916 3404 1382 3462 declinaverunt.
1411 3405 1639 3472 Quibus

149 3493 433 3552 dominus
465 3494 791 3551 Rainaldus
818 3494 1190 3554 sidoniensis
1217 3511 1353 3551 cum
1374 3496 1516 3562 suis,
1535 3495 1639 3568 qui

137 3584 408 3641 [ercitum
434 3582 777 3650 festinabat,
800 3582 1638 3656 occurreret,intellect0quod

137 3674 277 3729 terat
303 3672 651 3737 infortunio,
681 3673 766 3728 eis
814 3672 995 3730 etiam
1028 3672 1431 3739 monentibus,
1468 3672 1639 3729 Sido-

143 3777 420 3818 reversus
448 3766 557 3818 est.
591 3761 762 3828 Quod
789 3761 1037 3829 factum,
1069 3762 1127 3818 in
1156 3761 1255 3819 illa
1285 3762 1403 3828 die,
1445 3762 1639 3819 multi-

137 3851 421 3908 iamnum
437 3850 995 3908 crediturintulisse.
1016 3851 1340 3908 Verisimile
1354 3852 1636 3918 estenim,

137 3987 142 3996 .
175 3941 223 3997 si
251 3940 312 3996 in
339 3945 600 3997 castrum
629 3956 805 3997 suum
838 3940 1189 3997 continuato
1218 3940 1422 3998 itinere
1461 3958 1523 3997 se
1553 3957 1639 3998 re·

137 4034 256 4095 set,
285 4029 751 4101 cooperantibus
781 4029 1101 4102 oppidanis
1127 4036 1184 4087 et
1218 4031 1452 4088 rusticis
1482 4031 1639 4087 loco-

158 4118 384 4191 peritis,
413 4117 635 4176 multos
666 4119 978 4191 eripuisset
1017 4120 1311 4187 hostibus,
1338 4120 1442 4194 qui
1466 4123 1638 4176 nocte

137 4222 159 4264 1
189 4207 483 4274 cavernis,
509 4208 569 4264 iu
592 4207 844 4279 rupibus
870 4208 1145 4275 latentes,
1169 4209 1439 4282 sequenti
1461 4224 1638 4266 mane

137 4296 453 4354 irrentibus
489 4302 546 4354 et
575 4303 791 4354 cuncta
819 4298 1318 4370 perlustrantibus
1355 4297 1635 4366 inimicis,

1745 1804 1978 1861 domini
2007 1805 2289 1861 Ludovici
2321 1804 2685 1861 Francorum
2706 1803 2864 1874 regis
2890 1804 3098 1873 irater3
3125 1805 3409 1863 dominus

1744 1908 1988 1967 quoque
2001 1893 2334 1968 Philippus,
2349 1893 2579 1950 domini
2600 1890 2832 1949 comitis
2855 1892 3119 1962 Roberti,
3133 1894 3407 1966 ejusdem

1746 1981 1974 2039 domini
2025 1982 2181 2053 regis
2235 1980 2426 2038 fratris
2480 1980 2662 2048 filius,
2706 1979 3078 2037 Belvaeensis
3136 1981 3357 2038 electus
3393 1997 3408 2049 ;

1746 2086 2008 2143 quorum
2041 2071 2326 2136 adventu,
2353 2071 2562 2138 nostri,
2585 2069 2980 2127 anterioribus
3009 2071 3252 2128 casibus
3282 2069 3413 2144 plu·

1744 2160 1967 2217 rimum
1983 2158 2752 2232 consternati,aliquatenus
2766 2158 3036 2216 tamenin
3054 2175 3220 2232 spem
3234 2159 3412 2218 erecti

1748 2253 1909 2319 sunt,
1939 2253 2249 2322 sperantes
2294 2248 2462 2321 quod
2508 2251 2594 2305 tot
2643 2252 3068 2320 tantorumque
3116 2248 3411 2306 nobilium

1748 2338 2081 2410 patrocinio
2135 2337 2482 2410 propulsare
2524 2337 2775 2402 futuras,
2825 2338 3275 2410 praeteritasque
3328 2337 3413 2394 ul·

1747 2427 1884 2483 cisci
1916 2432 2162 2499 possent
2193 2425 2442 2498 injurias
2474 2445 2489 2496 ;
2535 2441 2742 2482 verum
2772 2425 3027 2483 adversa
3058 2426 3231 2483 nobis
3269 2425 3413 2483 divi-

1747 2516 1950 2582 nitate,
1978 2531 2089 2572 nec
2102 2514 2332 2588 priores
2360 2514 2738 2588 depulerunt,
2755 2515 2859 2571 sed
2874 2513 3127 2571 etiamin
3152 2514 3413 2587 majores

1745 2603 2187 2661 descenderunt
2217 2604 2538 2669 molestias,
2573 2607 2720 2661 Nam
2749 2602 2940 2660 hostis
2971 2608 3175 2660 noster
3203 2605 3414 2662 imma-

1749 2694 2034 2751 nissimus
2052 2693 2372 2752 Salahadin
2383 2710 2476 2759 us,
2491 2693 2715 2750 dextris
2729 2690 3043 2750 eventibus
3056 2699 3112 2750 et
3123 2708 3415 2768 prospera

1746 2782 2011 2848 fortuna,
2038 2783 2099 2839 in
2134 2788 2359 2839 tantam
2391 2787 2482 2839 est
2510 2782 2701 2839 elatus
2731 2781 3100 2855 superbiam,
3130 2786 3194 2839 ut
3213 2782 3413 2840 subito

1747 2877 2074 2945 antequam
2125 2873 2343 2928 nostris
2386 2870 2465 2928 ad
2513 2871 2823 2928 modicum
2852 2870 3149 2944 respirare
3190 2870 3414 2942 liceret,

1745 2967 2011 3020 castrum
2038 2966 2330 3029 nostrum,
2358 2960 2525 3036 quod
2556 2977 2749 3034 nuper
2772 2960 2950 3036 Aprili
2980 2961 3251 3034 proxime
3269 2976 3416 3036 prae-
3521 2992 3526 2997 ·

1670 3080 1712 3138 C
1748 3052 1921 3110 terito
1962 3050 2158 3109 fuerat
2197 3058 2708 3118 consummatum,
2755 3049 3077 3108 obsideret.
3108 3051 3413 3109 Traditum

1747 3158 1891 3199 sane
1922 3141 2117 3199 fuerat
2143 3156 2303 3215 saepe
2330 3139 2557 3198 dictum
2587 3144 2852 3198 castrum
2884 3139 3166 3197 fratribus
3192 3141 3414 3199 militioe

1745 3230 1994 3304 Templi,
2016 3231 2119 3303 qui
2139 3245 2382 3287 omnem
2398 3228 2560 3286 illam
2587 3230 2895 3300 regionem
2924 3228 2999 3286 de
3022 3230 3413 3287 concessione

1746 3335 1960 3392 regum
2016 3318 2130 3374 sibi
2172 3318 2583 3387 vindicabant,
2615 3320 2815 3375 statim
2857 3322 3175 3392 postquam
3223 3317 3417 3376 tuerat

1749 3413 2240 3466 consummatum
2279 3423 2609 3480 eorumque
2640 3407 2963 3481 diligentias
2993 3407 3410 3465 commissum.

1749 3498 1921 3564 Quod
1953 3496 2053 3553 ubi
2098 3497 2346 3553 domino
2374 3497 2499 3568 regi
2538 3495 2640 3553 l'uit
2670 3497 3031 3561 nuntiatum,
3066 3512 3413 3554 convocans

1748 3587 1917 3658 regni
1965 3585 2149 3643 robur
2178 3601 2358 3642 omne
2398 3590 2455 3640 et
2505 3583 2775 3642 militiam
2809 3586 3172 3652 universam,
3222 3585 3411 3641 accito

1747 3691 1992 3749 quoque
2030 3675 2277 3730 domino
2319 3674 2566 3730 Henrico
2596 3674 2811 3730 comite
2841 3678 2900 3730 et
2942 3672 3073 3730 aliis
3103 3673 3411 3731 nobilibus

1748 3766 1913 3832 viris,
1939 3765 2042 3838 qui
2077 3763 2467 3829 advenerant,
2494 3762 2652 3835 apud
2682 3760 3056 3818 Tiberiadem
3087 3767 3371 3834 properat
3396 3784 3409 3829 ς

1749 3853 1849 3909 ubi
1871 3851 2134 3910 collectis
2149 3850 2437 3907 universis
2459 3865 2639 3920 regne
2657 3850 3048 3923 principibus,
3062 3866 3236 3923 opem
3261 3849 3412 3908 terre

1747 3942 2029 4008 obsessis,
2060 3940 2263 3996 hostes
2309 3939 2387 3996 ab
2416 3938 2732 3995 obsidione
2779 3954 3057 3995 amovere
3087 3940 3367 4011 proponit
3392 3957 3406 4001 :

1746 4031 2018 4104 dumque
2042 4032 2349 4100 exspectat
2389 4033 2446 4085 et
2488 4028 2546 4084 in
2576 4028 2734 4084 diem
2761 4033 3091 4101 apparatus
3116 4025 3407 4095 differtur,

1747 4120 2056 4178 nuntiatur
2081 4123 2346 4175 castrum
2386 4116 2764 4190 praedictum,
2797 4116 2947 4173 sicut
2976 4132 3112 4174 vere
3141 4121 3288 4184 erat,
3328 4116 3409 4174 ab

1746 4208 2028 4266 hostibus
2060 4207 2345 4265 violenter
2374 4211 2641 4279 captum,
2675 4205 3062 4281 funditusque
3102 4221 3292 4280 usque
3331 4205 3410 4264 ad

1748 4298 1947 4355 solum
1966 4296 2472 4363 dirutum‚occisis
2494 4296 2784 4353 omnibus
2808 4301 2914 4354 aut
2938 4295 3286 4368 captivatis,
3305 4296 3411 4368 qui

137 4386 408 4459 iti,capti,
460 4386 714 4443 vinculis
772 4387 1096 4460 mancipati
1145 4392 1304 4444 sunt.
1349 4389 1639 4446 Dominus
1748 4388 1809 4443 in
1839 4402 1912 4444 eo
1936 4386 2016 4443 ad
2053 4385 2364 4476 tuitionem
2395 4384 2577 4442 relicti
2619 4385 2872 4442 fuerant.
2901 4385 3115 4458 Sicqne
3163 4383 3412 4443 accessit

137 4492 177 4532 n
230 4491 356 4541 rex,
388 4475 797 4548 quorumdam
845 4475 1113 4533 fidelium
1163 4493 1408 4535 suorum
1454 4476 1638 4536 fretus
1747 4476 1989 4533 damnis
2045 4474 2343 4547 prioribus
2396 4475 2593 4546 maJ'or
2641 4474 2938 4543 contusio,
2997 4479 3062 4530 ut
3104 4490 3239 4531 vere
3292 4473 3408 4531 dici

141 4564 222 4630 io,
254 4564 450 4621 evasit
479 4563 816 4620 incolumis.
837 4568 1048 4622 Comes
1067 4580 1311 4638 quoque
1334 4566 1639 4637 Tripolita-

1748 4570 1951 4639 posset
1979 4580 1993 4621 z
2028 4565 2284 4622 Recessit
2314 4563 2388 4621 ab
2414 4565 2495 4622 eis
2517 4563 2804 4620 Dominus
2831 4565 2988 4621 Deus
3005 4578 3225 4620 eorum.
3269 4564 3414 4620 Vere

142 4669 283 4710 cum
310 4653 522 4725 paucis
542 4655 760 4727 Tyrum
791 4655 1078 4727 pervenit.
1108 4655 1271 4728 Capti
1299 4662 1439 4712 sunt
1467 4656 1638 4713 ibide
1737 4654 1977 4726 ,iudicia
2017 4655 2143 4720 Dei,
2172 4655 2421 4724 abyssus
2450 4654 2642 4709 multa
2690 4652 2882 4725 (Psal.
2932 4668 3111 4720 xxxv,
3150 4652 3209 4723 7)
3234 4669 3247 4719 ;
3277 4665 3411 4709 vere

137 4741 217 4808 ·is,
246 4742 374 4799 Odo
399 4741 475 4798 de
493 4743 1015 4809 SanctoAmandO,
1034 4743 1252 4801 militioe
1271 4744 1639 4816 Templima·

137 4847 178 4897 r,
210 4830 395 4887 homo
416 4846 699 4904 nequam,
730 4832 1026 4904 superbus
1047 4839 1103 4891 et
1134 4849 1447 4905 arrogans,
1475 4835 1637 4907 spiri·

137 4918 344 4976 furoris
373 4919 604 4976 habens
634 4920 695 4976 in
735 4921 1004 4990 naribus,
1036 4938 1145 4979 nec
1178 4923 1367 4979 Deum
1402 4923 1636 4990 timens,

137 5008 216 5064 ad
244 5008 550 5066 hominem
581 5009 816 5066 habens
845 5011 1258 5069 reverentiam.
1306 5014 1427 5079 llic,
1468 5012 1634 5084 juxta

137 5113 307 5154 orum
338 5099 750 5165 assertionem,
770 5100 910 5156 dam
922 5101 977 5155 ni
996 5101 1260 5174 praedicti
1292 5106 1348 5158 et
1363 5103 1640 5174 perennis

138 5187 575 5246 rioccasionem
597 5187 814 5245 dieitur
828 5188 1064 5245 dedisse
1087 5206 1101 5256 ;
1122 5189 1226 5262 qui
1244 5189 1456 5246 eodem
1478 5204 1640 5246 anno

137 5281 343 5350 captus
395 5283 503 5345 est,
553 5279 617 5335 in
661 5278 915 5336 vinculis
946 5284 1003 5337 et
1043 5278 1323 5353 squalore
1365 5279 1638 5347 carceris,

162 5365 488 5438 lugendus,
519 5367 736 5426 dicitur
763 5368 1002 5425 obiisse.
1045 5367 1373 5425 Balduinus
1396 5383 1641 5441 quoque

137 5456 328 5523 tamis,
362 5455 583 5514 nobilis
611 5457 701 5514 vir
730 5462 788 5514 et
817 5463 1031 5530 potens
1065 5474 1079 5525 ;
1108 5460 1277 5529 Hugo
1302 5473 1543 5531 quoque
1568 5458 1641 5514 de

137 5544 315 5616 riade,
365 5546 597 5605 domini
638 5547 878 5605 comitis
909 5547 1255 5623 Tripolitani
1306 5547 1637 5623 privignus,

1749 4743 2035 4802 terribilis
2067 4748 2149 4800 est
2176 4744 2332 4799 Deus
2346 4745 2407 4799 in
2433 4742 2697 4799 consiliis
2715 4756 2896 4811 super
2920 4741 3078 4810 filios
3103 4739 3407 4797 hominum

1749 4832 1934 4906 (Psal.
1959 4848 2089 4900 nxv,
2113 4832 2189 4903 5).
2222 4833 2369 4888 Nam
2395 4831 2494 4904 qui
2515 4835 2742 4887 tantam
2775 4828 3055 4887 fidelibus
3076 4829 3223 4900 suis,
3248 4842 3409 4885 anno

1750 4921 2023 4995 proxime
2046 4920 2278 4993 praeteri
2290 4925 2346 4977 to
2375 4919 2706 4977 contulerat
2749 4918 2839 4974 sui
2871 4917 3133 4975 muneris
3161 4918 3410 4974 immen-

1750 5009 2011 5077 sitatem,
2026 5014 2190 5066 tanta
2210 5009 2458 5065 eosdem
2473 5025 2634 5065 nune
2658 5008 2828 5064 indui
2845 5006 3177 5064 reverentia
3193 5021 3409 5079 passus

1749 5103 1858 5166 est,
1891 5104 1949 5154 et
1993 5097 2365 5155 confusione.
2393 5100 2490 5154 An
2521 5098 2652 5171 quis
2681 5096 2821 5154 novi
2851 5111 3085 5153 sensum
3113 5096 3357 5152 Domini
3384 5097 3411 5150 t

1748 5194 1854 5246 aut
1881 5188 2014 5261 quis
2038 5186 2419 5245 consiliarius
2443 5188 2572 5257 ejus
2588 5186 2710 5256 fuit
2735 5186 2764 5241 P
2790 5187 2980 5257 (Rom.
3008 5201 3081 5252 xi,
3114 5184 3228 5255 34).
3255 5183 3413 5250 Quid

1750 5282 1855 5343 est,
1882 5277 2129 5334 Domine
2150 5278 2306 5335 Deus
2329 5277 2358 5332 Ῡ
2389 5276 2539 5345 Quia
2570 5276 2668 5333 liic
2689 5289 2951 5346 praesens
2979 5272 3322 5339 multitudo,
3354 5277 3408 5330 et

1748 5366 2038 5424 nobilium
2060 5381 2342 5423 numerus
2360 5370 2510 5431 erat,
2536 5364 2893 5422 subtraxisti
2909 5363 3197 5435 qratiam,
3217 5360 3413 5419 nesibi

1748 5455 2075 5521 ascribant,
2099 5454 2258 5527 quod
2285 5453 2511 5513 meritis
2535 5470 2656 5511 non
2687 5453 2894 5520 datur,
2919 5452 3024 5508 sed
3040 5453 3243 5522 qratia
3263 5466 3283 5518 ,·
3303 5457 3412 5508 aut

1750 5545 1897 5620 quia
1941 5544 2016 5605 de
2043 5544 2265 5604 collato
2291 5543 2483 5617 oratis
2508 5542 2713 5615 priore
2756 5539 3055 5612 beneficio,
3105 5556 3227 5600 non
3263 5540 3412 5604 satit
