3784 6000
192 214 312 276 ⁴87

1263 198 1689 265 GUlLLELMl
1733 200 2124 266 TYRENSIS
2166 198 2529 267 ARCHOEP.

196 347 477 415 reqionem
500 341 658 399 illam
687 339 757 397 ab
784 337 889 396 illo
925 336 1145 410 infelici
1175 337 1375 409 populo
1404 341 1725 409 occupatam
1753 353 1848 393 ea>
1874 341 1933 411 A
1962 336 2073 394 bus
2103 334 2414 409 mancipiis
2432 348 2632 391 secum
2656 331 2970 400 trahentes,
2996 330 3222 406 Joppen
3241 345 3383 389 cum
3401 330 3605 391 lotitia

191 436 394 508 pediat.
423 434 645 491 Placuit
674 446 868 488 sermo
905 434 963 486 et
990 430 1246 500 optimus
1294 429 1453 485 visus
1492 435 1580 485 est
1610 428 1667 483 in
1700 444 1841 484 con-

195 530 400 600 spectu
432 523 695 595 calipbae,
727 526 785 578 et
828 518 1165 592 precipiens
1216 517 1509 590 ingentem
1539 517 1840 574 convocari

194 613 508 673 exercitum
542 617 598 669 et
627 609 865 667 classem
914 608 1105 681 parari
1138 607 1473 675 maximam,
1519 607 1841 679 designatis

192 702 552 778 principibus
595 700 826 771 utrique
866 713 1132 754 seorsum
1182 696 1476 766 exercitui,
1520 712 1619 753 eos
1650 697 1709 752 in
1739 700 1840 769 Sy·

189 793 335 850 riam
365 791 563 862 dirigit
590 806 605 860 ;
628 788 729 861 qui
753 787 1155 860 pervenientes
1177 784 1540 851 Ascalonem,
1565 800 1837 857 magnam

186 896 366 956 regno
412 880 682 936 universo
731 876 1052 934 intulerunt
1082 875 1474 931 formidinem.
1523 874 1685 941 Quod
1734 891 1837 929 au-

190 972 356 1028 diens
385 987 507 1038 rex,
539 969 765 1039 Joppen
797 982 932 1023 cum
957 965 1244 1021 universis
1266 965 1423 1035 regni
1448 963 1667 1019 viribus
1687 961 1840 1018 celer

186 1059 471 1134 pervenit,
503 1058 630 1129 lege
659 1053 888 1112 edictali
924 1054 1266 1127 proecipiens
1289 1062 1347 1108 ut
1378 1068 1577 1108 omnes
1606 1051 1743 1107 illuc
1766 1051 1837 1106 de

187 1147 435 1222 singulis
466 1145 711 1202 urbibus
744 1145 871 1200 sine
904 1159 1061 1199 mora
1110 1142 1476 1198 conveniant.
1511 1139 1838 1195 adsuerunt

185 1236 370 1310 igitur
398 1236 508 1293 sub
530 1234 691 1291 omni
714 1233 1010 1289 celeritate
1032 1231 1133 1304 qui
1151 1231 1366 1287 evocati
1401 1231 1662 1295 fuerant3
1683 1229 1836 1284 inter

192 1342 341 1398 quos
370 1328 428 1381 et
458 1324 729 1380 dominus
780 1321 1129 1377 Ebremarus
1180 1317 1706 1391 Hierosolymorum
1739 1332 1836 1388 pa-

188 1413 461 1482 triarcba,
493 1411 728 1468 vivificae
759 1409 952 1467 crucis
980 1409 1209 1482 lignum
1242 1408 1492 1466 salutare
1525 1422 1721 1464 secum
1747 1407 1834 1463 de·

190 1508 401 1574 serens,
433 1503 818 1560 nihilominus
850 1500 1057 1558 adfuit.
1090 1499 1315 1565 Quibus
1346 1498 1612 1571 receptis,
1646 1513 1836 1554 recen·

189 1595 301 1653 sito
331 1598 662 1651 nostrorum
688 1605 950 1658 numere,
975 1588 1194 1646 inventi
1217 1592 1357 1643 sunt
1380 1586 1589 1642 babere
1610 1587 1833 1657 equites

188 1687 562 1757 quingentos,
596 1679 860 1753 peditum
889 1681 1003 1735 duo
1035 1677 1240 1734 millia.
1284 1675 1547 1732 Hostium
1576 1691 1710 1732 vero
1741 1675 1832 1731 di·
1862 1717 1911 1783 B

1951 430 2009 483 et
2038 427 2394 483 exultatione
2431 428 2836 497 pervenerunt.
2882 421 3100 495 Captus
3144 423 3236 478 est
3279 421 3468 480 etiam
3505 420 3607 478 illa

1950 516 2043 572 die
2065 516 2304 588 quidam
2320 513 2558 581 nobilis,
2582 512 2683 585 qui
2705 511 3022 584 aliquando
3052 510 3238 568 suerat
3258 519 3607 583 procurator

1951 605 2010 660 in
2043 604 2272 660 civitate
2300 601 2647 670 Acconensi‚
2681 616 2781 672 pro
2811 616 2927 673 quo
2968 615 3065 656 rex
3097 599 3482 672 postmodum
3521 599 3608 656 vi·

1947 695 2094 763 ginti
2127 693 2308 748 millia
2338 692 2555 747 dicitur
2585 690 2862 746 babuisse
2899 704 3233 745 aureorum.
3268 687 3486 745 Classis
3525 694 3606 745 ta-

1952 797 2086 839 men
2117 782 2378 838 hostium
2412 779 2798 837 nibilominus
2820 778 3011 835 adbuc
3038 778 3096 833 in
3131 783 3297 849 portu
3317 776 3600 852 Joppensi

1949 873 2290 929 morabatur
2306 889 2321 940 ;
2339 870 2441 927 sed
2467 870 2703 942 cognito
2723 884 2965 925 suorum
2991 867 3249 937 interitu,
3274 875 3482 925 austro
3504 868 3606 927 lla-

1948 966 2046 1017 tus
2068 960 2440 1017 ministrante
2457 958 2836 1020 necessarios.
2857 956 2916 1013 in
2940 964 3174 1030 portum
3195 973 3258 1014 se
3278 957 3600 1031 'Pyrensem

1948 1059 2309 1123 receperunt.
2342 1047 2504 1105 Unde
2536 1047 2907 1120 postmodum
2939 1046 2997 1102 in
3045 1045 3354 1120 AE'gyptum
3409 1047 3598 1104 redire

1946 1139 2267 1212 cupientes,
2300 1143 2428 1194 orta
2451 1142 2687 1210 repente
2716 1136 2775 1191 in
2802 1136 2948 1193 mari
2971 1134 3240 1207 procella,
3262 1136 3320 1192 vi
3342 1137 3598 1195 turbinis

1944 1230 2017 1285 ab
2049 1228 2296 1285 invicem
2331 1227 2519 1297 divisi,
2552 1225 2755 1300 viginti
2783 1225 3040 1298 quinque
3069 1241 3242 1282 naves
3271 1240 3344 1283 ex
3370 1228 3459 1283 eis
3483 1226 3600 1283 fre-

1944 1326 2066 1375 tum
2088 1318 2376 1374 sustinere
2408 1332 2523 1373 non
2553 1313 2832 1383 valentes,
2861 1314 2921 1372 in
2954 1319 3157 1371 nostra
3185 1314 3385 1372 littora
3405 1316 3596 1389 impe-

1943 1411 2156 1482 gerunt
2187 1424 2202 1477 ;
2234 1423 2302 1463 ex
2341 1422 2591 1479 quarum
2633 1404 2956 1477 remigibus
3003 1408 3062 1461 et
3086 1404 3308 1474 nautis,
3337 1407 3602 1478 exeeptis

1943 1497 2214 1567 mortuis,
2247 1495 2426 1553 nostri
2459 1495 2519 1551 in
2548 1492 2783 1551 vincula
2828 1493 3207 1565 conjecerunt
3243 1492 3377 1566 plus
3407 1510 3590 1568 quam

1944 1587 2059 1643 duo
2091 1584 2293 1642 millia.

2585 1671 2825 1729 CAPUT
2857 1671 2947 1728 IV.

184 1773 425 1832 sebatur
447 1785 576 1828 esse
598 1785 882 1826 numerus
897 1768 966 1824 ad
992 1765 1324 1839 quindecim
1349 1765 1550 1834 millia,
1573 1764 1831 1837 exceptis
1941 1765 2283 1821 Daimbertas
2335 1763 2658 1834 patriarcha
2707 1779 2832 1818 eum
2893 1764 3271 1834 perseeutione
3325 1763 3590 1835 apostoli·

182 1861 301 1919 illis
330 1861 432 1934 qui
462 1860 523 1916 in
546 1859 729 1915 classe
767 1856 1117 1913 militabant.
1147 1855 1256 1923 Qui
1294 1855 1364 1910 ab
1393 1854 1680 1911 Ascalone
1709 1852 1832 1910 dis·

182 1951 476 2016 cedentes,
508 1947 757 2006 classem
789 1950 1186 2018 praeceperunt
1219 1960 1421 1999 versus
1449 1943 1674 2015 Joppen
1708 1957 1831 2014 pre-

180 2053 420 2112 perare:
451 2037 564 2110 ipsi
598 2041 798 2092 autem
818 2037 1060 2091 Azotum
1083 2040 1472 2098 transcuntes,
1504 2033 1563 2088 iu
1593 2033 1742 2088 duas
1769 2047 1828 2088 se

181 2135 409 2187 turmas
425 2125 714 2193 dividunt,
734 2125 1070 2182 ordinantes
1090 2128 1150 2178 ut
1171 2122 1351 2179 altera
1370 2121 1605 2178 illarum
1629 2136 1827 2178 versus

182 2217 488 2276 Remulum
505 2218 799 2289 procedat.
816 2213 1119 2270 dominum
1138 2228 1329 2284 regem
1346 2213 1415 2267 ad
1435 2227 1682 2282 pugnam
1701 2226 1828 2281 pro·

180 2324 393 2367 vocans
414 2324 438 2372 ,⁰
465 2305 646 2363 altera
691 2305 916 2376 Joppen
950 2309 1231 2373 properet.
1265 2306 1327 2356 ut
1358 2316 1485 2370 rege
1514 2305 1712 2355 contra
1741 2298 1826 2354 al-

182 2403 367 2454 teram
399 2398 703 2467 occupato,
736 2392 898 2448 illam
921 2390 1117 2446 urbem
1140 2390 1464 2461 impugnet,
1495 2388 1828 2446 convocatis

181 2487 256 2543 iis
288 2485 387 2557 qui
416 2483 476 2538 in
508 2484 694 2539 classe
719 2480 858 2536 illuc
897 2479 1026 2551 jam
1075 2478 1445 2535 advenerant.
1496 2478 1667 2534 Juxta
1695 2493 1828 2549 ergo

183 2572 524 2647 praedictum
556 2568 892 2636 consilium,
928 2567 1198 2640 bipertito
1221 2569 1469 2638 agmine,
1496 2583 1630 2639 pars
1645 2566 1829 2622 altera

186 2660 566 2720 Ramulenses
614 2659 761 2714 fines
795 2659 1078 2731 ingressa,
1127 2657 1424 2712 instructis
1468 2655 1723 2724 aciebus,
1755 2655 1828 2711 ad

181 2757 395 2810 ventus
413 2748 500 2807 sui
513 2791 527 2818 ‚
544 2748 816 2804 tubarum
833 2745 1048 2816 crepitu
1068 2744 1381 2816 etstrcpitu
1395 2747 1828 2815 tympanorum,

185 2840 422 2899 evidens
453 2838 740 2893 dederunt
781 2838 1208 2908 argumentum.
1259 2832 1378 2890 Hoc
1426 2842 1617 2889 autem
1648 2833 1719 2888 de
1747 2833 1829 2888 in·

186 2929 409 2988 dustria
440 2927 614 2984 fiebat
644 2931 724 2995 ut,
758 2927 1060 2982 dominum
1085 2939 1277 2997 regem
1301 2940 1431 2980 cum
1453 2923 1576 2980 suis
1594 2924 1824 2996 expedi-

186 3019 444 3079 tionibus
473 3021 535 3076 in
566 3033 629 3075 se
655 3021 1056 3090 provocantes,
1091 3031 1224 3087 pars
1255 3013 1434 3071 altera
1462 3030 1620 3072 oram
1653 3013 1825 3070 mari-

2007 1853 2199 1893 carnm
2229 1835 2444 1892 rediens
2489 1837 2825 1902 litterarum,
2856 1833 3004 1906 apud
3047 1834 3352 1892 Messanam
3399 1836 3598 1892 urbem

2007 1911 2223 1966 Sicitiae
2252 1910 2511 1964 moritur.
2546 1908 2877 1962 Ebremarus
2913 1906 3060 1962 sedis
3089 1908 3244 1962 iltius
3280 1906 3596 1976 incubator,

2008 1983 2237 2037 Romam
2283 1979 2581 2036 contendit.
2646 1980 2876 2047 Leqaeus
2944 1978 3344 2035 Arelatensium
3400 1980 3598 2034 archi-

2005 2054 2287 2124 episcopus
2318 2052 2598 2107 Gibelinus
2618 2051 2879 2119 mittitur,
2901 2052 2999 2121 qui
3013 2051 3352 2122 postmodum
3395 2052 3463 2107 in
3489 2068 3596 2123 pa·

2009 2124 2309 2179 triorchem
2337 2121 2714 2178 substituitur.

2007 2214 2234 2268 Interea
2281 2212 2557 2267 dominus
2601 2209 2992 2278 Daimbertus,
3047 2211 3591 2285 Hierosolymorum

1938 2301 2284 2375 patriarcba,
2321 2305 2452 2373 post
2481 2300 2715 2373 longam
2748 2299 3272 2373 exspectationem,
3303 2318 3425 2375 qua
3454 2319 3594 2360 cum

1937 2392 2264 2447 detinuerat
2292 2389 2564 2446 dominus
2591 2388 2889 2446 Paschalis
2922 2406 3070 2461 papa
3092 2397 3146 2445 et
3176 2390 3440 2448 Ecclesia
3473 2393 3596 2450 Ro-

1941 2496 2133 2549 mana,
2166 2480 2365 2537 volens
2397 2479 2628 2552 plenius
2658 2479 2887 2536 edoceri
2917 2486 3112 2536 utrum
3136 2496 3235 2536 rex
3264 2479 3596 2556 Hierosoly·

1941 2585 2167 2625 morum
2198 2579 2251 2625 et
2283 2569 2378 2640 qui
2410 2585 2541 2624 eum
2573 2569 2915 2638 expulerant
2961 2567 3176 2625 vellent
3219 2578 3422 2626 contra
3450 2587 3588 2627 enm

1939 2659 2157 2731 aliquid
2207 2658 2474 2732 allegare,
2526 2660 2680 2716 unde
2732 2660 2836 2716 hoc
2880 2658 3058 2716 videri
3093 2666 3331 2732 possent
3360 2661 3434 2719 de
3457 2663 3592 2734 jnre

1937 2749 2139 2806 fecisse
2164 2773 2178 2817 3
2214 2754 2522 2822 postquam
2547 2764 2717 2804 nemo
2741 2751 3085 2821 comparuit,
3110 2749 3207 2821 qui
3229 2756 3432 2808 contra
3450 2767 3586 2810 enm

1935 2838 2155 2911 aliquid
2188 2838 2491 2910 objiceret,
2513 2854 2619 2896 nec
2645 2839 2702 2894 in
2722 2839 2848 2909 ejus
2871 2839 3023 2895 iacto
3051 2837 3272 2911 aliquid
3304 2839 3463 2898 aliud
3487 2857 3586 2899 no·

1936 2929 2045 2985 tari
2077 2933 2317 3002 poterat,
2352 2928 2633 2999 nisiquod
2659 2927 2813 3000 regia
2841 2927 3116 3002 expulsus
3136 2934 3258 2985 erat
3286 2929 3588 3003 violentia,

1936 3035 2066 3075 cum
2109 3019 2470 3091 plenitudine
2501 3019 2698 3090 gratiae
2729 3022 2786 3073 et
2815 3018 3265 3088 apostolicarum
3306 3036 3589 3094 prosecu-

186 3113 386 3169 timam
425 3114 641 3179 secuta,
670 3107 896 3178 Joppcn
944 3109 1070 3160 luta
1118 3110 1310 3176 posset
1354 3105 1692 3176 pervenire;
1724 3104 1823 3160 sed
1855 3101 1900 3169 G
1941 3110 2093 3165 tione
2125 3108 2469 3176 litterarum,
2503 3106 2695 3177 jussus
2721 3112 2812 3163 est
2841 3107 2912 3163 ad
2946 3108 3175 3180 propria
3197 3109 3381 3166 redire
3401 3119 3459 3167 et
3491 3126 3590 3168 se·

185 3201 549 3257 evanuerunt
576 3196 636 3251 in
669 3193 1120 3268 cogitationibus
1160 3194 1308 3249 suis.
1357 3191 1503 3247 Nam
1553 3207 1687 3248 cum
1741 3208 1831 3248 re-

186 3303 318 3363 gem
352 3303 485 3343 oum
518 3286 645 3342 suis
669 3281 1131 3356 expeditionibus
1151 3281 1716 3354 appropinquantem
1738 3280 1834 3338 in-

186 3381 514 3443 tuerentur,
545 3375 975 3431 contabuerunt
1016 3372 1188 3429 corda
1215 3385 1417 3426 eorum
1463 3385 1576 3442 prae
1605 3370 1832 3426 timoris

185 3468 493 3541 angustia3
525 3469 584 3522 et
615 3466 855 3521 alteram
889 3466 1109 3536 partem
1133 3467 1486 3528 revocantes,
1517 3459 1611 3517 vix
1640 3459 1833 3517 adhuc

183 3558 463 3630 putabant
477 3572 537 3612 se
549 3572 615 3611 su
628 3554 936 3612 l'flcientem
952 3551 1165 3609 habere
1183 3550 1615 3606 multitudinem
1634 3551 1834 3620 utejus

183 3651 423 3720 possent
453 3661 658 3701 manus
680 3644 944 3700 evadere.
974 3641 1209 3697 Factum
1235 3647 1320 3697 est
1340 3655 1472 3711 ergo
1503 3639 1679 3713 quod.
1699 3656 1832 3696 con-

179 3735 551 3794 venientibus
580 3738 781 3790 contra
810 3748 873 3789 se
917 3735 1119 3787 mutuo
1168 3728 1519 3803 legionibus,
1573 3745 1669 3786 rex
1699 3745 1830 3786 cum

180 3825 307 3884 suis
325 3826 387 3881 in
405 3825 601 3882 hostes
621 3823 850 3878 irruens
872 3820 1050 3877 instat
1064 3818 1390 3877 animosius
1415 3835 1431 3887 ;
1454 3818 1629 3875 verbo
1651 3819 1831 3875 simul

177 3920 238 3972 et
249 3913 516 3986 exemplo
538 3928 779 3970 suorum
794 3910 1110 3967 exhortans
1124 3909 1299 3978 acies,
1315 3908 1467 3965 vires
1484 3909 1497 3963 i
1506 3910 1828 3982 ngeminat.

178 4003 472 4061 Dominus
503 4017 733 4074 quoque
760 3997 1364 4073 patriarcba,vivisscae
1395 3999 1583 4054 crucis
1607 3998 1827 4071 lignum

176 4090 531 4164 praeliaturis
563 4090 835 4160 ingerens
885 4093 944 4143 et
974 4101 1313 4159 percurrens
1343 4086 1598 4158 agmina,
1633 4092 1832 4144 monet

177 4184 236 4237 et
264 4180 535 4236 bortatur
561 4183 623 4234 ut
652 4179 774 4247 ejus
801 4178 1173 4243 meminerint,
1207 4178 1301 4249 qui
1317 4191 1416 4247 pro
1453 4176 1612 4233 nobis
1638 4193 1828 4249 peeca-

179 4267 387 4323 toribus
415 4269 470 4321 in
486 4268 684 4323 eodem
705 4266 851 4335 liyno
872 4267 1106 4321 salutem
1126 4268 1357 4337 operari
1374 4265 1591 4332 voluit,-
1622 4268 1831 4339 praeci-

174 4354 265 4427 pit
295 4355 462 4410 etiam
475 4395 490 4423 ,
511 4356 572 4409 in
600 4354 967 4409 remissionem
985 4357 1334 4425 peccatorum
1356 4358 1414 4409 ut
1434 4364 1626 4411 contra
1643 4357 1824 4414 hostes

1940 3199 2076 3255 dem
2128 3197 2402 3270 recipere,
2451 3212 2519 3251 ex
2567 3212 2685 3268 qua
2714 3195 2969 3253 indebite
3000 3197 3185 3253 l'uerat
3223 3197 3586 3257 deturbatus.

1940 3289 2046 3354 Qui
2081 3288 2313 3343 tandem
2346 3285 2404 3341 in
2437 3284 2693 3342 Siciliam
2745 3286 3001 3354 veniens,
3046 3287 3199 3358 apud
3245 3286 3586 3346 Messanam

1941 3393 2159 3433 moram
2193 3377 2411 3432 faciens
2444 3376 2856 3444 necessariam,
2882 3376 3192 3433 transitum
3216 3384 3589 3449 exspectans,

1938 3468 2098 3543 gravi
2130 3472 2435 3539 correptus
2449 3467 2812 3539 aegritudine,
2836 3472 2998 3523 sexto
3020 3467 3245 3524 decimo
3266 3468 3394 3524 Kal.
3417 3470 3585 3540 Julil,

1936 3557 2090 3613 viam
2113 3557 2393 3613 universes
2424 3555 2617 3612 carnis
2649 3554 2949 3628 ingressus
2979 3561 3086 3613 est.
3110 3557 3272 3613 Sedit
3293 3562 3492 3615 autem
3525 3561 3587 3616 in

1938 3663 2077 3719 pace
2099 3646 2269 3703 annis
2290 3649 2564 3717 quatuor,
2588 3646 2646 3701 in
2668 3644 2876 3703 exsilio
2898 3661 3050 3712 vero,
3075 3647 3282 3703 tribus.
3310 3647 3588 3706 Ebrema-

1939 3752 2035 3793 rus
2063 3751 2197 3791 vero
2243 3736 2501 3807 ejusdem
2552 3736 2709 3791 sedis
2757 3734 3089 3804 incubator,
3137 3735 3378 3793 audiens
3427 3740 3587 3809 quod

1937 3824 2248 3896 praedictus
2279 3823 2551 3880 dominus
2601 3823 2995 3892 Daimbertus,
3040 3841 3173 3882 cum
3221 3824 3588 3896 plenitudine

1935 3916 2131 3988 gratiae
2161 3914 2574 3982 revertebatur,
2602 3914 2798 3971 sedem
2833 3930 2999 3970 suam
3029 3920 3387 3987 recepturus,
3419 3921 3587 3973 ante-

1937 4020 2111 4076 quam
2134 4005 2202 4061 de
2222 4004 2385 4060 obitu
2417 4003 2547 4074 ejus
2567 4006 2977 4072 instrueretur,
2999 4004 3068 4058 ad
3092 4003 3356 4061 eamdem
3374 4003 3591 4062 Roma-

1936 4111 2074 4152 nam
2098 4094 2440 4151 transfetare
2462 4092 2717 4149 decrevit
2753 4092 3099 4161 Ecclesiam,
3131 4093 3495 4168 allegaturus
3513 4096 3589 4151 de

1938 4201 2046 4241 sua
2076 4183 2415 4241 innocentia
2443 4181 2731 4254 quomodo
2762 4182 3010 4239 invitum
3044 4188 3101 4240 et
3147 4186 3492 4242 renitentem
3524 4184 3585 4241 in

1936 4274 2199 4330 eamdem
2249 4271 2447 4329 sedem
2496 4287 2628 4329 eum
2676 4272 3023 4329 locaverant.
3062 4274 3185 4338 Quo
3242 4272 3589 4345 perveniens

1936 4360 2085 4419 nibil
2117 4362 2430 4434 impetrare
2461 4359 2666 4433 potuit,
2690 4377 2864 4431 quam
2889 4366 2954 4418 ut
2984 4378 3119 4418 cum
3141 4378 3208 4419 eo
3241 4363 3590 4435 dirigeretur

176 4443 418 4501 nominis
446 4453 498 4499 ec
519 4442 648 4513 fidei
680 4439 1010 4498 Christiana:
1037 4442 1303 4497 decertent
1334 4441 1594 4512 viriliter,
1641 4447 1712 4501 ab
1739 4461 1827 4502 eo·
1856 4435 1902 4500 D
1930 4450 2178 4524 legatus,
2201 4451 2391 4524 quide
2412 4468 2592 4508 causa
2610 4451 2758 4521 eius,
2781 4450 3192 4524 Hierosolymis
3206 4453 3587 4520 constitutus,

173 4541 296 4594 dem
323 4533 627 4591 mercedem
658 4535 1046 4605 exspectantes,
1077 4533 1173 4604 qui
1197 4532 1311 4587 suis
1338 4532 1473 4587 solet
1505 4535 1824 4606 centuplum

172 4625 502 4684 retribuere.
532 4624 628 4682 Sic
655 4638 793 4695 ergo
823 4623 1007 4679 nostri
1041 4621 1177 4679 facti
1208 4620 1610 4693 animosiores,
1642 4623 1828 4681 bosti-

172 4718 286 4775 bus
341 4713 745 4774 vehementius
793 4712 1053 4782 instant;
1113 4716 1172 4768 et
1214 4712 1526 4783 implorato
1555 4714 1626 4770 de
1663 4713 1825 4772 coelis

170 4805 406 4874 auxilie,
440 4811 740 4879 perempta
768 4818 837 4860 ex
864 4802 950 4860 eis
987 4801 1219 4859 infinita
1258 4800 1655 4873 multitudine,
1690 4803 1823 4861 reli-

173 4911 319 4967 quos
339 4895 399 4950 in
431 4895 632 4967 fugam
667 4897 1031 4952 convertunt.
1060 4891 1281 4950 Cecidit
1309 4901 1502 4949 autem
1534 4892 1594 4950 in
1620 4894 1821 4952 eodem

173 4982 446 5040 conflictu
478 4999 693 5056 praeses
725 4982 1212 5051 Ascalonitanus3
1249 4983 1350 5039 sed
1383 4983 1639 5041 universi
1670 5001 1824 5042 exer·

172 5073 328 5131 citus
347 5078 687 5144 procurator
717 5074 902 5130 evasit
933 5073 1179 5145 fugiens.
1224 5072 1509 5131 Dicuntur
1538 5091 1687 5133 caesa
1722 5075 1824 5133 illa

172 5165 285 5233 die,
317 5165 387 5220 de
417 5161 687 5219 hostibus
717 5163 881 5233 quasi
932 5169 1186 5234 quatuor
1218 5162 1442 5234 millia;
1493 5164 1565 5221 de
1607 5164 1822 5222 nostris

168 5271 305 5313 vero
334 5253 638 5327 sexaginta
657 5253 810 5308 inter
839 5259 1102 5310 mortuos
1127 5254 1339 5325 raperti
1360 5259 1522 5312 sunt.
1546 5255 1828 5314 obtinue-

171 5349 311 5402 runt
335 5361 494 5418 ergo,
526 5342 736 5416 praevia
757 5341 985 5398 Domini
1001 5341 1330 5410 clementia,
1356 5343 1609 5401 bostium
1629 5350 1823 5403 eastra

168 5438 229 5488 et
252 5431 517 5491 infinitas
547 5433 909 5491 camelorum
942 5432 1300 5506 phalanges;
1331 5435 1434 5491 sed
1455 5440 1514 5492 et
1542 5435 1735 5495 asinos
1761 5439 1822 5495 et

165 5535 351 5594 equos
377 5520 852 5588 innumerabiles,
883 5536 1016 5579 cum
1048 5521 1285 5595 optimis
1311 5522 1512 5596 spoliis
1547 5529 1607 5583 et
1634 5524 1821 5599 pluri-

1936 4541 2167 4615 plenius
2199 4551 2394 4616 posset
2422 4556 2789 4614 cognoscere.
2817 4542 3160 4615 Designatus
3189 4547 3279 4599 est
3296 4550 3490 4602 autem
3512 4545 3587 4601 ad

1934 4632 1992 4689 id
2016 4648 2228 4689 munus
2249 4629 2721 4704 prosequendum
2744 4631 3025 4688 dominus
3042 4631 3365 4701 Gidelinus,
3387 4632 3477 4689 vir
3499 4649 3590 4690 se-

1934 4721 2067 4778 nior
2095 4731 2149 4779 et
2178 4721 2548 4793 grandevus,
2577 4718 2933 4778 Arelatensis
2954 4720 3452 4794 archiepiscopus,
3485 4722 3590 4794 qui

1934 4812 2005 4868 de
2029 4811 2308 4867 mandato
2329 4809 2551 4866 domini
2574 4826 2759 4883 papoe,
2779 4809 3242 4884 Hierosolymam
3266 4810 3588 4883 proiectus,

1934 4903 2250 4956 convocato
2282 4898 2686 4970 episcoporum
2710 4898 2873 4971 regni
2897 4900 3165 4968 concilio,
3189 4899 3261 4956 de
3277 4914 3459 4956 causa
3478 4900 3586 4957 do·

1934 4987 2079 5044 mini
2101 4985 2398 5043 Ebremari
2428 4987 2699 5060 cognovit
2727 4986 2979 5059 plenius.
3003 4987 3266 5061 Cumque
3284 4987 3337 5044 ei
3361 4988 3588 5046 consti-

1931 5078 2101 5134 tisset
2148 5093 2250 5149 per
2295 5080 2474 5133 testes
2524 5077 2765 5133 idoneos
2822 5077 3178 5134 sufficientes
3225 5081 3284 5134 et
3330 5077 3588 5149 majores

1932 5167 2090 5225 omni
2121 5166 2480 5238 exceptione,
2509 5166 2662 5238 quod
2692 5165 2969 5224 dominus
3006 5165 3328 5240 Daybertus
3359 5166 3588 5240 absque

1929 5271 2107 5315 causa
2143 5254 2422 5328 legitima,
2452 5253 2676 5311 Arnulii
2708 5254 3063 5312 factionibus
3091 5262 3150 5312 et
3177 5254 3338 5329 regia
3367 5255 3586 5315 violen-

1929 5349 2013 5404 tia
2044 5347 2231 5402 fuerat
2259 5345 2557 5417 expulsus,
2598 5350 2655 5401 et
2684 5346 2840 5417 quod
2870 5346 3218 5403 Ebremarus
3263 5345 3457 5403 adbuc
3486 5347 3583 5404 vi-

1928 5436 2116 5496 ventis
2144 5435 2439 5509 pontificis
2458 5440 2516 5492 et
2534 5433 2801 5492 Ecclesia
2821 5433 3093 5493 Romane
3123 5435 3397 5494 habentis
3424 5452 3586 5496 com-

1934 5525 2275 5584 munionem
2323 5525 2520 5583 sedem
2594 5529 2997 5598 occupaverat,
3057 5525 3405 5584 auctoritate
3462 5549 3584 5605 qu.
