3784 6000
180 266 295 331 171

1225 260 1584 324 ARNULFI
1630 256 2141 322 LEXOVIENSIS
2185 261 2539 324 EPISCOPI

3465 263 3588 325 ¹72

175 400 444 473 quamvis
482 398 534 454 ei
591 413 658 455 ex
714 414 780 453 co
812 396 961 468 quod
997 394 1067 450 de
1100 394 1321 465 virgine
1352 401 1457 460 est,
1492 410 1607 449 non
1633 391 1822 465 possit
1852 393 1906 461 Α
1936 393 2330 467 complacebat
2357 396 3022 468 integritas,votumque
3043 401 3170 452 erat
3186 395 3403 468 ipsius,
3425 399 3584 466 qnod

176 489 297 547 haec
328 487 636 560 appellatio
664 486 1007 551 convenire;
1053 483 1154 539 sed
1207 483 1404 537 divina
1437 483 1668 538 bonitas
1699 499 1815 539 non

173 579 356 637 soluit
386 576 639 635 nominis
662 576 964 631 detrahere
982 573 1352 643 dignitatem,
1374 573 1465 628 cui
1489 574 1818 629 communi·

174 668 429 726 candum
447 667 835 723 destinaverat
847 662 1113 734 ejusdem
1129 660 1472 718 substantiae
1486 660 1810 718 veritatem.

243 757 329 813 Ad
362 758 511 827 quod
537 771 675 810 sane
695 758 825 826 post
849 753 1033 808 multa
1057 759 1311 823 tempora
1334 751 1649 807 novissime
1671 767 1815 806 con-

173 845 618 910 summandum,
652 843 721 898 ad
750 846 1045 913 expertem
1097 841 1286 896 omnis
1328 839 1817 910 concupiscentie

173 932 520 999 destinatur,
536 933 708 1003 cujus
727 930 1166 987 denuntiatione
1177 934 1372 985 votum
1391 933 1681 1001 perpetuas
1698 929 1816 985 vir·

171 1022 437 1096 ginitatis
464 1022 765 1078 firmatum
788 1024 878 1076 est
909 1019 1102 1093 potius
1129 1035 1307 1093 quam
1332 1017 1651 1089 sublatum,
1683 1034 1815 1076 cum

169 1111 360 1168 virum
377 1111 505 1182 ejus
524 1109 782 1183 Angelus
803 1110 872 1165 ad
890 1109 1138 1165 similem
1157 1110 1464 1163 formasset
1481 1123 1812 1164 assensum.

169 1196 459 1272 Nullaque
492 1199 630 1255 hinc
655 1198 745 1254 vel
778 1197 913 1254 inde
943 1195 1192 1254 carnalis
1222 1195 1555 1253 commercii
1604 1195 1818 1252 residet

171 1290 418 1359 affectio,
442 1290 542 1347 sed
576 1290 645 1346 ad
669 1288 996 1347 custodiam
1019 1293 1077 1345 et
1101 1287 1444 1360 obsequium
1466 1286 1815 1360 virginitatis

169 1386 224 1436 et
252 1379 501 1452 virginis
531 1394 592 1436 se
619 1379 944 1451 congaudet
963 1377 1155 1435 fidelis
1184 1377 1288 1433 viri
1320 1375 1549 1433 devotio
1581 1375 1820 1446 praeele-

169 1473 345 1526 ctam.
370 1469 556 1542 Igitur
574 1468 646 1524 ad
668 1470 1053 1540 praeparatum
1076 1465 1191 1523 sibi
1214 1466 1573 1538 prudentera
1596 1466 1815 1538 Spiritu

172 1565 373 1615 sancto
387 1556 752 1629 conjugium,
767 1554 1103 1613 securavoti
1126 1553 1303 1628 Virgo
1317 1563 1511 1611 sancta
1533 1555 1815 1625 procedit,

174 1650 230 1703 et
244 1647 392 1703 sacri
410 1648 736 1702 animorum
755 1645 947 1718 potius
961 1661 1136 1716 quam
1151 1660 1452 1715 corporum
1466 1645 1819 1701 foederantur

1928 482 1988 538 in
2012 500 2079 539 ea
2102 490 2307 542 natura
2327 491 2471 552 erat,
2490 485 3166 559 perpetuaecoutinentiae
3188 487 3589 543 sanctimonia

1923 573 2233 632 venerari?
2263 577 2424 642 Quod
2462 576 2510 631 si
2534 594 2566 630 a
2601 575 2924 633 minoribus
2956 576 3028 631 ad
3063 575 3287 648 majora
3317 576 3590 633 trabatur

1926 663 2269 736 exemplum,
2325 664 2544 738 aliquid
2582 664 2847 722 fortassis
2895 681 3174 736 expressis
3232 662 3586 722 similitudi-

1927 753 2019 810 nis
2048 754 2107 808 in
2139 751 2364 809 Caecilia
2419 753 2641 828 virgine
2692 753 2900 824 poterit
2950 753 3218 823 inveniri,
3279 770 3407 825 quas
3440 771 3583 811 cum

1928 841 2199 897 familiari
2253 846 2381 898 voto
2436 847 2722 914 perpetum
2752 841 3109 913 virginitatis
3143 858 3364 899 munus
3415 843 3584 900 velut

1925 928 2331 986 holocaustum
2363 931 2657 1002 quoddam
2691 932 2937 986 Domino
2969 935 3386 999 consecrasset,
3441 949 3578 989 cum

1927 1019 2396 1077 Tiburtiotamen
2414 1022 2734 1077 amicorum
2753 1021 3075 1078 interventu
3104 1022 3448 1079 contrahere
3470 1024 3552 1079 mi
3563 1054 3580 1065 -

1927 1110 2085 1167 nime
2116 1111 2423 1178 recusavit,
2457 1109 2730 1167 fiduciam
2761 1109 2983 1167 habens
3013 1110 3074 1166 in
3118 1110 3388 1183 Domino,
3420 1113 3575 1183 quod

1926 1198 2123 1255 divina
2151 1196 2415 1255 devotam
2443 1199 2499 1254 in
2544 1214 2613 1254 ea
2644 1199 2985 1272 pudicitiam
3012 1199 3302 1273 sapientia
3330 1217 3576 1257 conser-

1925 1291 2105 1355 varet,
2133 1294 2187 1344 et
2218 1287 2515 1344 humiliter
2544 1293 2848 1361 parentum
2881 1289 3186 1345 desideriis
3218 1289 3578 1360 acquievisse

1927 1375 2151 1434 Caecilia
2180 1377 2485 1433 videretur.
2520 1376 2904 1434 Cantantibus
2942 1378 3179 1451 organis
3221 1378 3406 1451 igitur
3436 1379 3579 1436 dum

1919 1465 2144 1537 juvenis
2167 1465 2606 1536 praedestinatus
2631 1468 2701 1521 ad
2727 1466 2903 1522 vitam
2936 1481 2949 1520 ε
2984 1466 3054 1522 ad
3081 1465 3372 1538 nuptiales
3417 1466 3581 1522 festi·

1928 1558 2031 1611 nat
2046 1553 2368 1624 amplexus,
2393 1555 2536 1610 etad
2561 1558 2815 1623 optatum
2843 1554 2997 1611 thori
3015 1555 3317 1627 virginalis
3341 1555 3584 1612 anhelat

1926 1660 2256 1712 ascensum,
2288 1642 2388 1700 illa
2420 1643 2865 1717 procedentibus
2923 1645 2993 1700 de
3052 1645 3414 1702 conscientia
3459 1645 3575 1701 voti

173 1739 497 1810 amplexus.
532 1737 684 1792 Sane
708 1737 765 1791 in
796 1735 1211 1792 contrahendis
1236 1736 1309 1790 ab
1330 1734 1494 1791 initio
1525 1734 1815 1807 sponsali·
1850 1768 1896 1834 B
1930 1733 2202 1806 suspiriis
2241 1740 2295 1789 et
2352 1733 2622 1805 precibus
2652 1734 3001 1803 implorabat
3031 1750 3064 1788 a
3096 1733 3364 1802 Domino,
3401 1751 3473 1791 ne
3505 1733 3576 1789 ad

172 1826 287 1884 bus
317 1826 431 1882 alia
466 1825 572 1881 viri
605 1827 795 1883 fuerat
823 1824 1086 1881 fortassis
1117 1824 1397 1893 intentio;
1447 1825 1545 1881 sed
1578 1825 1817 1880 edoctus

173 1917 248 1974 ab
280 1914 523 1990 Ange10,
557 1916 757 1972 statim
807 1919 965 1971 totus
1013 1914 1085 1970 ad
1135 1913 1400 1985 perfectae
1447 1914 1817 1971 continentias

173 2005 447 2064 transivit
474 2004 769 2073 affectum,
788 2013 850 2061 ut
880 2003 1059 2060 animi
1081 2018 1284 2061 eorum
1316 2004 1439 2074 pari
1470 2003 1714 2060 invicem
1737 2002 1821 2060 si-

175 2095 515 2153 militudine
535 2094 977 2166 responderent,
1000 2109 1071 2149 ne
1089 2092 1256 2164 quasi
1289 2091 1597 2149 dissidium
1630 2092 1821 2148 faeere

171 2185 471 2244 videretur
501 2184 856 2240 diversarum
889 2183 1172 2239 dissentio
1219 2180 1607 2238 voluntatum.
1639 2181 1820 2238 Nemo

177 2277 380 2347 itaque
410 2273 619 2329 dixerit
651 2272 903 2343 sublata,
929 2273 1028 2327 sed
1064 2271 1372 2326 subsecuto
1395 2271 1663 2342 conjugio
1689 2285 1828 2327 con-

176 2368 470 2420 summata
498 2363 818 2435 sponsalia,
852 2377 955 2416 nec
987 2361 1205 2432 aliquid
1236 2368 1598 2415 sacramento
1622 2376 1824 2432 propo-

177 2453 276 2507 siti
311 2451 618 2507 sanctitate
639 2452 961 2507 detractum
996 2454 1108 2520 est=
1134 2449 1233 2505 sed
1269 2465 1365 2505 eos
1397 2448 1473 2505 ad
1498 2449 1821 2507 maritalem

179 2538 450 2611 copulam
483 2539 716 2595 invidua
744 2539 868 2594 vitae
905 2538 1264 2595 consuetudo
1312 2538 1586 2594 condixit.
1640 2538 1821 2595 Porro

179 2630 231 2689 si
263 2647 365 2687 nec
399 2645 544 2703 opus
579 2627 910 2685 intercessit
939 2627 1191 2684 carnalis
1234 2627 1530 2693 comercii,
1581 2643 1686 2683 nec
1718 2644 1820 2684 vo-

179 2720 391 2789 luntaS,
424 2718 815 2775 nihilominus
841 2722 1033 2774 tamen
1057 2721 1287 2774 constat
1304 2733 1431 2773 esse
1453 2718 1820 2789 conjugium,

182 2809 317 2883 quia
333 2807 774 2866 contractusille
794 2824 909 2865 non
933 2807 1192 2863 trabitde
1205 2807 1400 2863 earnis
1414 2807 1821 2863 commistione

179 2899 599 2968 substantiam,
631 2897 731 2954 scd
765 2899 835 2953 de
865 2896 989 2954 sola
1027 2896 1284 2969 legitime
1332 2897 1821 2953 consentientium

178 2989 489 3047 voluntate.

248 3077 307 3135 Si
338 3077 519 3151 igitur
539 3078 610 3133 ad
633 3076 741 3134 hoc
763 3092 948 3147 neque
972 3075 1466 3149 concupiscentia,
1485 3092 1671 3149 neque
1693 3093 1821 3132 car-

1927 1822 2328 1879 eonfusionem
2351 1823 2594 1895 spiritus
2608 1826 2663 1879 et
2684 1823 2941 1894 corporis
2962 1823 3151 1895 ipsius
3166 1824 3393 1881 macula
3416 1840 3581 1897 qute-

1926 1913 2067 1968 libet
2087 1911 2566 1983 concupiscentias
2601 1911 2849 1968 carnalis
2879 1913 3203 1985 obreperet,
3237 1912 3336 1969 sed
3364 1931 3579 1987 corpus

1929 2018 2167 2075 prorsus
2190 2001 2471 2058 intactum
2504 2001 2730 2059 sincero
2759 2001 2991 2074 spiritui
3014 2005 3405 2059 conservaret.
3429 2003 3577 2060 Cum

1929 2107 1994 2147 eo
2025 2091 2220 2163 itaque
2241 2090 2406 2162 quasi
2439 2090 2831 2147 transactione
2852 2091 3106 2162 quadam
3142 2090 3304 2163 virgo
3326 2092 3581 2164 prudens

1932 2183 2017 2239 sic
2047 2181 2337 2239 amicabili
2358 2181 2781 2254 compositione
2801 2180 3088 2248 convenit,
3111 2186 3177 2238 ut
3198 2182 3395 2255 ipsum
3419 2200 3577 2241 asse-

1932 2270 2114 2328 ruerit
2135 2271 2244 2328 sibi
2265 2269 2324 2326 in
2339 2271 2604 2327 eamdem
2628 2271 3035 2327 conservandis
3056 2269 3352 2343 pudicitia!
3372 2271 3576 2328 volun-

1930 2365 2135 2429 tatem,
2159 2367 2211 2417 et
2243 2360 2614 2432 purificatum
2634 2376 2786 2433 aqua
2809 2359 3176 2433 baptismatis
3197 2361 3575 2433 postmodum

1933 2450 2263 2522 perduxerit
2285 2450 2352 2504 ad
2377 2448 2638 2505 lauream
2678 2448 2916 2521 gloriosi
2952 2449 3215 2522 martyrii
3249 2449 3580 2521 triumpha-

1933 2536 2067 2594 lem.
2102 2538 2241 2602 Quis
2273 2553 2408 2610 ergo
2440 2537 2596 2593 dieat
2625 2553 2743 2594 noa
2773 2538 3176 2594 intercessisse
3205 2537 3572 2609 conjugium,

1932 2627 1979 2684 si
2001 2629 2085 2684 eis
2108 2644 2141 2683 a
2161 2626 2378 2683 carnali
2401 2627 2616 2700 placuit
2643 2626 2938 2683 abstinere
2956 2633 3244 2689 contactu,
3262 2644 3395 2684 cum
3420 2627 3578 2684 mul-

1932 2722 2021 2773 tos
2045 2731 2151 2771 usu
2168 2715 2833 2788 frequentivideamusin
2861 2715 3233 2773 matrimonio
3248 2716 3575 2786 convenire,

1932 2806 2148 2876 quibus
2177 2803 2263 2859 vel
2287 2803 2469 2858 nimia
2491 2807 2780 2871 senectus,
2800 2804 2890 2859 vel
2915 2803 3181 2860 debilitas
3201 2803 3401 2876 aliqua
3421 2819 3577 2861 com-

1932 2895 2123 2952 mercii
2144 2893 2305 2949 illius
2327 2909 2487 2966 spem
2511 2909 2743 2950 omnem
2776 2892 3019 2949 abstulit
3039 2896 3095 2949 et
3124 2892 3421 2950 effectum.
3441 2897 3577 2950 Cer-

1930 2988 2055 3042 tum
2079 2991 2160 3041 est
2190 2985 2382 3040 autem
2407 2984 2476 3039 de
2508 2983 2587 3040 rei
2610 2983 2932 3040 substantia
2954 2999 3069 3041 non
3091 2998 3239 3049 esse,
3266 2983 3423 3057 quod
3455 2982 3576 3041 vel-

1934 3080 2000 3131 ut
2029 3073 2381 3131 accidentale
2424 3070 2643 3144 aliquid
2679 3077 2737 3128 et
2795 3072 2995 3128 adesse
3051 3075 3242 3143 potest
3271 3072 3491 3145 pariter
3518 3077 3578 3128 et

178 3166 340 3223 nales
357 3165 1662 3238 requirunturamplexus,atqueintereessisse
1683 3182 1820 3222 con·
1854 3141 1898 3210 C
1936 3165 2160 3232 abesse,
2192 3163 2567 3233 sanctiusque
2597 3166 2653 3217 et
2682 3161 2970 3217 sincerius
2998 3160 3333 3218 observatur
3372 3162 3576 3233 conju-

178 3261 292 3312 stat
315 3255 598 3328 quidquid
620 3256 689 3310 ad
714 3255 1346 3327 conjugiidesideratur
1366 3255 1668 3323 effectum;
1696 3273 1823 3312 ma-

180 3345 458 3400 nifestum
490 3352 576 3400 est
601 3360 764 3400 veros
786 3346 1062 3415 conjuges
1091 3343 1407 3412 exstitisse,
1441 3350 1501 3400 ut
1537 3343 1633 3401 ille
1672 3348 1823 3401 recte

176 3433 308 3505 [vir]
338 3438 394 3490 ct
425 3432 524 3489 illa
555 3434 768 3504 conjux
805 3434 1009 3488 debeat
1034 3432 1332 3503 appellari.
1367 3432 1532 3499 Quod
1564 3433 1613 3488 si
1655 3434 1819 3489 dica-

177 3529 275 3578 tur
306 3538 420 3577 non
453 3538 625 3594 posse
656 3521 1096 3577 matrimonium
1128 3521 1391 3578 contrahi
1426 3522 1538 3577 nisi
1562 3539 1827 3579 commu-

177 3612 368 3669 nicato
388 3610 614 3683 copuloe
637 3612 889 3668 carnalis
912 3627 1182 3678 assensu,
1202 3628 1272 3667 ne
1296 3611 1646 3682 requisitum
1672 3612 1821 3669 alter

134 3752 139 3758 .
177 3700 338 3757 alteri
371 3717 581 3772 negare
614 3702 797 3772 possit
818 3717 1114 3756 aceessum
1144 3718 1157 3755 :
1190 3716 1386 3757 verum
1421 3702 1653 3773 quidem
1685 3700 1822 3758 sica

175 3792 531 3847 conveniunt
559 3791 874 3857 voluntate,
909 3796 964 3845 et
1018 3796 1334 3862 praeoptata
1367 3792 1568 3846 futui-:e
1602 3792 1820 3847 sobolis

176 3879 422 3953 pignora
446 3879 937 3951 contemplantur.
962 3880 1021 3935 Si
1053 3896 1190 3936 vero
1222 3881 1540 3936 conditioni
1568 3880 1702 3936 huic
1730 3896 1819 3936 re·

177 3971 444 4024 nuntiare
464 3968 548 4025 vel
584 3987 778 4025 amore
800 3970 1114 4038 castitatis,
1139 3968 1221 4026 vel
1255 3969 1602 4041 impotentia
1625 3970 1820 4043 quali·

181 4058 276 4113 tet
307 4058 626 4114 obsistente
648 4060 1021 4126 decreverint,
1048 4057 1349 4132 legemque
1373 4060 1734 4116 matrimonii
1758 4060 1817 4117 in

177 4146 307 4202 aliis
328 4148 604 4203 omnibus
626 4149 987 4203 constituant
1020 4150 1344 4219 observare,
1367 4148 1672 4205 individua
1691 4150 1818 4206 vitae

176 4237 560 4303 consuetudo,
591 4241 647 4291 et
675 4238 1023 4308 dispositum
1045 4238 1276 4291 alternae
1314 4240 1614 4307 potestatis·
1645 4241 1817 4295 obse·

177 4323 384 4396 quium
415 4326 661 4381 affectati
707 4330 1100 4381 contractatus
1146 4327 1358 4380 format
1401 4328 1814 4399 substantiam,

178 4419 631 4487 perpetuamque
657 4417 850 4472 firmat
883 4416 1030 4471 sacri
1064 4417 1338 4471 consortii
1371 4417 1513 4472 fides
1545 4421 1601 4473 et
1632 4417 1816 4489 gratia

1926 3256 2088 3330 gium
2111 3254 2333 3325 absque
2347 3268 2411 3309 eo
2435 3252 2589 3326 quod
2614 3251 2924 3324 sineculpa
2943 3268 3067 3309 esse
3088 3268 3200 3308 non
3227 3256 3440 3324 potest,
3464 3252 3574 3309 nisi

1927 3360 2028 3417 per
2055 3344 2272 3398 bonum
2306 3342 2562 3413 conjugii
2588 3342 2764 3398 fuerit
2784 3346 3146 3400 excusatum.
3184 3342 3449 3399 Profecto
3474 3358 3580 3399 cur

1927 3448 2041 3488 non
2075 3430 2277 3487 saltem
2310 3428 2501 3485 simile
2532 3445 2706 3487 casus
2754 3434 2813 3485 et
2852 3429 3169 3486 voluntatis
3203 3428 3571 3501 privilegium

1924 3524 2051 3590 erit,
2069 3526 2132 3578 ut
2148 3520 2351 3578 eodem
2376 3518 2537 3591 fungi
2560 3519 2954 3575 concedantur
2972 3518 3198 3586 effectu,
3218 3534 3351 3573 cum
3377 3533 3577 3575 neces·

1925 3612 2096 3668 sitate
2116 3610 2469 3682 impotentias
2502 3608 2979 3681 constringantur
2999 3607 3187 3676 inviti,
3208 3607 3576 3664 voluntatem

1922 3717 2057 3757 vero
2080 3698 2399 3756 devotionis
2420 3698 2643 3754 affectio
2666 3705 2717 3754 et
2741 3697 2902 3753 zelus
2927 3697 3250 3753 sanctitatis
3274 3696 3571 3753 informet.

1924 3790 2145 3857 Quibus
2168 3790 2441 3844 omnibus
2469 3786 2846 3844 manifestum
2868 3796 2954 3843 est
2979 3786 3265 3857 Angelum
3291 3789 3447 3842 recte
3472 3785 3577 3842 vir·

1924 3881 2121 3953 ginem
2144 3877 2435 3951 appellare
2450 3876 2725 3949 potuisse,
2742 3876 3167 3948 conjugemque
3185 3874 3422 3946 Joseph‚
3440 3874 3578 3931 nul-

1921 3969 2047 4025 lum
2083 3984 2321 4041 prorsus
2373 3973 2501 4022 voto
2533 3965 2883 4034 virginitatis
2935 3964 3057 4020 viro
3088 3964 3302 4020 volenti
3336 3964 3454 4020 vim
3490 3962 3581 4018 vel

1924 4060 2199 4131 inJuriam
2227 4058 2515 4129 irrogante
2538 4076 2551 4125 ;
2586 4055 2686 4111 sed
2719 4055 2974 4110 studium
2998 4069 3230 4127 semper
3248 4070 3383 4110 cum
3409 4052 3574 4110 omni

1921 4146 2470 4220 diligentiasedulus
2490 4144 2883 4215 impendebat,
2904 4142 3235 4214 utsuscepti
3255 4140 3574 4198 ministerii

1922 4234 2518 4294 munuslaudabilitcr
2538 4231 2750 4289 similis
2779 4236 2835 4287 et
2864 4232 3104 4287 devotus
3134 4229 3426 4302 impleret,
3466 4230 3579 4286 do-

1920 4330 2083 4382 cente
2112 4340 2243 4380 cum
2272 4321 2556 4394 frequenti
2609 4321 2947 4393 angelorum
2998 4317 3481 4385 commonitione,
3518 4320 3578 4372 et

1919 4430 2093 4471 omne
2123 4429 2270 4484 opus
2302 4415 2517 4467 sanctae
2547 4408 2875 4466 selulitatis
2926 4408 3213 4480 dirigente
3244 4422 3478 4480 semper
3517 4406 3576 4462 in

175 4505 495 4561 veritatem.
520 4508 652 4572 Quoe
683 4506 894 4562 etenim
925 4505 1072 4560 ratio
1105 4522 1413 4561 assensum
1448 4506 1604 4562 hunc
1645 4524 1810 4563 com·
1844 4491 1899 4557 D
1926 4505 2144 4560 bonum
2183 4501 2399 4573 Spiritu
2444 4508 2664 4567 sancto,
2711 4499 2803 4554 cui
2830 4502 2916 4555 est
2967 4498 3155 4554 honor
3211 4501 3268 4554 et
3295 4496 3484 4571 gloria
3517 4496 3578 4552 iu

180 4596 416 4653 medere
446 4593 828 4667 compellebat
859 4594 1057 4664 invite,
1101 4594 1194 4649 cui
1244 4600 1524 4668 perpetua
1573 4596 1815 4669 virginis

1926 4596 2141 4654 saecula
2171 4593 2539 4652 saeculorum.
2575 4594 2754 4649 Arnen
2773 4632 2786 4647 .
