3784 6000
320 194 433 253 879

1432 187 1822 249 GUILLELMI
1863 183 2213 246 TYRENSIS
2252 187 2586 249 ARCHIEP.

320 337 558 380 moram
584 319 856 378 faciebat.
876 319 986 377 Ubi
1005 319 1065 375 in
1085 316 1403 391 praesentia
1421 318 1589 388 regni
1607 316 1968 388 principum,
1998 317 2047 372 A
2081 321 2360 387 coeperat,
2379 321 2593 388 praeter
2617 314 3343 386 solitumingravescente,
3359 314 3578 372 lumen
3589 315 3730 373 ami·

315 416 525 469 contra
538 410 879 483 praedictum
896 407 1317 466 salahadinum
1332 407 1620 464 auxilium
1636 405 1966 479 postulans,

313 500 486 573 juxta
514 505 720 557 votum
752 498 968 554 meruit
991 496 1286 552 exaudiri.
1315 496 1619 569 Designati
1644 498 1785 552 sunt
1804 494 1966 551 enim

315 590 369 646 ei
399 589 461 645 in
491 591 763 662 optatum
793 585 1152 653 subsidium,
1185 585 1263 643 de
1308 587 1473 657 regni
1502 584 1716 642 militia
1743 585 1968 658 promi-

315 692 474 734 scuoe
499 675 879 741 conditionis,
911 675 1089 748 quasi
1117 675 1345 748 equites
1376 676 1617 732 trecenti
1653 673 1791 746 ;qui
1823 688 1965 729 eum

310 765 388 823 ad
421 769 623 837 partes
647 765 1051 821 Antiochenas
1079 764 1287 831 secuti,
1332 765 1479 820 dum
1510 764 1569 819 in
1614 763 1743 835 ejus
1772 760 1964 835 parati

308 858 477 910 erant
519 852 770 910 militare
806 852 1123 925 obsequio,
1158 852 1312 910 intra
1349 853 1658 909 modicum
1700 858 1960 923 tempus,

306 945 552 1016 sumpta
579 942 658 999 ab
687 941 902 999 eodem
925 941 1183 1009 licentia,
1214 943 1433 999 reversi
1465 948 1626 998 sunt.
1661 941 1792 1014 Ipse
1823 955 1963 997 vero

308 1047 449 1089 cum
473 1030 762 1105 praedicto
790 1031 1156 1089 salahadino
1186 1047 1336 1104 pace
1366 1031 1683 1103 temporali
1712 1044 1964 1102 compo-

305 1121 441 1187 sita,
470 1120 633 1176 visus
663 1126 752 1176 est
793 1119 1060 1193 aliquam
1091 1120 1579 1193 tranquillitatem
1608 1126 1952 1180 assecutus.

310 1211 501 1283 thue
527 1209 728 1266 minus
750 1209 1164 1266 sollicitudinis
1183 1209 1449 1276 haberet,
1470 1210 1782 1282 magisque
1800 1209 1960 1266 circa

301 1296 454 1355 fines
467 1297 869 1355 Antiochenas
881 1298 1191 1371 invigilare
1204 1303 1492 1371 posset,et
1507 1315 1710 1356 curam
1727 1299 1957 1371 impen-

301 1386 444 1445 dere
472 1387 948 1460 propensiorem,
981 1389 1230 1444 Tarsum
1257 1387 1468 1460 primae
1497 1388 1710 1444 Ciliciae
1741 1394 1959 1444 metro-

299 1476 513 1550 polim,
540 1492 724 1549 quam
753 1477 1020 1534 aGraecis
1041 1483 1364 1550 receperat,
1394 1477 1630 1550 Rupino
1651 1476 1960 1533 Armenio-

300 1582 437 1622 rum
471 1572 731 1637 satrapae
765 1566 1199 1638 potentissimo,
1237 1565 1344 1640 qui
1378 1566 1651 1638 ejusdem
1694 1567 1956 1637 regionis

2075 409 2252 471 serat,
2271 411 2327 460 et
2346 405 2615 478 corporis
2640 404 3117 462 extremitatibus
3136 403 3297 461 laesis
3311 408 3372 462 et
3391 410 3728 479 computre·

2074 492 2378 549 scentibus
2403 495 2673 562 omnino,
2700 494 2886 566 pedes
2911 509 3256 567 manusque
3274 493 3329 550 ei
3352 509 3539 552 suum
3558 494 3727 552 dene·

2073 580 2296 653 gabant
2310 582 2573 639 officium
2595 604 2608 649 ς
2633 583 2857 654 regiam
2875 588 3073 640 tamen
3087 582 3445 656 dignitatem
3461 588 3524 640 et
3539 583 3726 641 admi·

2072 670 2486 728 nistrationem
2511 672 2900 730 nihilominus
2924 672 3084 743 (licet
3111 688 3150 728 a
3179 671 3487 730 nonnullis
3515 674 3571 730 ei
3596 688 3724 745 sug·

2073 764 2394 828 gereretur,
2428 765 2493 817 ut
2520 760 2775 830 cederet,
2806 766 2863 818 et
2892 761 2969 818 de
2997 761 3177 818 bonis
3206 760 3389 834 regiis
3419 760 3543 818 sibi
3570 768 3721 820 tran·

2070 847 2319 919 quillam
2336 864 2606 907 seorsum
2618 850 2858 921 eligenti
2880 850 3341 916 vitam‚honeste
3363 851 3720 925 provideret)

2068 935 2361 994 hactenus
2373 938 2669 996 detrectav
2680 939 3468 1013 eratdeponere.Licetenim
3482 955 3721 1014 corpore

2067 1023 2280 1082 debilis
2303 1033 2458 1085 esset
2481 1033 2539 1084 et
2561 1029 2884 1102 impotens,
2916 1028 3051 1086 forti
3079 1035 3279 1087 tamen
3311 1029 3584 1102 pollebat
3603 1031 3721 1088 ani·

2068 1129 2191 1180 mo,
2213 1118 2274 1171 et
2296 1116 2374 1172 ad
2403 1116 2911 1175 dissimulandam
2937 1117 3356 1188 aegritudinem
3382 1122 3444 1176 et
3469 1135 3720 1193 suppor-

2069 1203 2314 1261 tandam
2336 1206 2564 1277 regiam
2587 1206 3048 1263 sollicitudinem
3075 1222 3260 1280 supra
3283 1207 3440 1264 vires
3460 1209 3718 1267 eniteba-

2067 1291 2371 1349 tur.Febre
2383 1293 2590 1367 igitur,
2608 1298 2672 1352 ut
2686 1295 3113 1367 praemisimus,
3127 1301 3509 1369 etcorreptus
3541 1313 3556 1364 ;
3570 1304 3629 1353 et
3649 1301 3719 1355 de

2065 1381 2191 1437 vita
2218 1381 2572 1455 desperans,
2605 1385 2948 1442 convocatis
2977 1385 3057 1441 ad
3078 1400 3142 1441 se
3167 1385 3292 1441 suis
3320 1385 3716 1458 principibus,

2063 1477 2357 1541 praesente
2391 1478 2580 1530 matre
2627 1476 2687 1531 et
2713 1474 2959 1531 domino
2984 1473 3346 1546 patriarcha,
3382 1473 3717 1532 Guidonem

2063 1557 2138 1614 de
2167 1558 2491 1618 Luziniano
2522 1563 2745 1620 sororis
2776 1580 2900 1620 suas
2932 1565 3234 1631 maritum,
3268 1565 3553 1622 comitem
3582 1565 3719 1638 Jop-

298 1655 482 1712 urbes
514 1653 774 1727 reliquas
797 1655 1166 1728 possidebat,
1200 1655 1524 1713 multarum
1556 1656 1954 1728 pecuniarum
1984 1679 2025 1735 B
2061 1662 2309 1718 pensem
2339 1655 2396 1706 el
2418 1651 2932 1718 Ascalonitanum,
2962 1651 3038 1708 de
3057 1668 3181 1726 quo
3209 1653 3270 1709 in
3303 1653 3717 1725 superioribus

298 1742 545 1800 tradidit
575 1743 1223 1811 interventu3consulte
1254 1745 1314 1800 id
1343 1744 1596 1802 faciens:
1626 1760 1949 1813 nam,eum
2061 1738 2465 1809 8ae918⁸im8m
2492 1739 2746 1797 fecimus
2778 1742 3168 1808 mentionem,
3212 1741 3382 1814 ‘08⁰1
3411 1744 3715 1801 00⁰8ffl115¹

295 1830 549 1889 essetab
566 1847 638 1889 eo
660 1837 893 1889 remota
905 1833 1110 1900 nimis,
1126 1838 1181 1889 et
1197 1831 1459 1905 praedicti
1475 1834 1690 1906 Rupini
1706 1840 1862 1891 terra
1888 1833 1948 1889 in

294 1920 497 1978 medio
514 1924 855 1987 constituta,
871 1936 994 1978 non
1017 1922 1131 1978 nisi
1145 1922 1661 1991 cumdilficultate‚
1686 1923 1949 1979 etinfini-

294 2009 366 2067 tis
392 2009 736 2083 sumptibus
763 2010 893 2081 ejus
923 2025 1127 2067 curam
1148 2012 1427 2084 princeps
1457 2027 1661 2082 gerere
1692 2016 1943 2085 poterat,

292 2098 455 2174 quod
490 2099 777 2172 praedicto
804 2098 987 2156 nobili
1016 2100 1142 2156 viro
1170 2109 1297 2157 erat
1319 2099 1508 2158 facile.
1546 2100 1945 2158 salahadinus

290 2192 514 2255 autem,
543 2189 600 2244 in
617 2204 687 2245 ea
701 2187 942 2259 regione
962 2189 1142 2244 rebus
1153 2205 1262 2260 pro
1280 2195 1414 2246 voto
1432 2190 1801 2263 compositis,
1838 2193 1943 2246 Da-

290 2292 564 2335 mascum
600 2294 738 2334 cum
780 2279 904 2334 suis
938 2277 1280 2348 legionibus
1319 2294 1381 2334 se
1424 2279 1738 2336 transtulit.
1776 2280 1943 2337 Unde

287 2368 467 2424 etiam
504 2367 702 2440 priore
747 2366 937 2423 multo
973 2368 1381 2423 vehementior
1410 2374 1651 2424 nostros
1679 2367 1940 2426 formido

286 2457 574 2528 corripuit
589 2473 603 2524 ;
618 2472 689 2512 eo
706 2472 824 2528 que
835 2456 1244 2528 periculosior,
1261 2473 1384 2530 quo
1400 2456 1474 2512 de
1488 2458 1537 2530 ej
1550 2475 1617 2513 us
1631 2459 1940 2531 proposito

286 2544 810 2618 perexploratores
822 2560 857 2599 n
868 2544 1162 2601 ullatenus
1176 2546 1485 2602 certificari
1503 2547 1940 2618 poterant.Aliis

285 2633 448 2691 enim
461 2633 795 2697 videbatur,
812 2633 980 2705 quod
996 2633 1290 2692 advocato
1313 2635 1511 2692 navali
1536 2638 1815 2706 exercitu,
1841 2639 1939 2692 Be-

283 2721 663 2794 rythensium
697 2722 931 2790 urbem,
970 2723 1123 2781 sicut
1153 2740 1314 2781 anno
1344 2726 1615 2798 proxime
1648 2728 1937 2799 praeterito

284 2810 523 2879 fecerat,
550 2812 856 2869 moliretur
876 2813 1153 2870 obsidere
1171 2830 1185 2881 ;
1201 2814 1451 2871 aliivero
1473 2816 1817 2874 nitebantur
1847 2834 1938 2874 as-

282 2901 671 2974 serere,quod
700 2902 760 2957 in
794 2903 1117 2970 montanis,
1148 2903 1249 2975 qui
1290 2905 1538 2978 Tyrensi
1595 2906 1938 2978 prominent

2060 1832 2528 1897 procuratorem,
2545 1829 2710 1887 salva
2724 1830 2834 1887 sibi
2857 1832 3022 1900 regia
3038 1830 3350 1902 dignitate,
3366 1838 3716 1908 retentaque

2059 1914 2172 1971 sibi
2202 1917 2329 1974 sola
2353 1918 2763 1990 Hierosolyma
2795 1935 2935 1977 cum
2967 1920 3160 1978 reditu
3205 1920 3418 1979 decem
3460 1922 3711 1982 millium

2056 2018 2399 2072 aureorum,
2416 2009 2729 2064 annuatim
2751 2008 3177 2066 solvendorum
3196 2026 3211 2077 ;
3238 2009 3715 2083 reliquarumre-

2054 2093 2155 2161 gni
2175 2093 2431 2165 partium
2457 2097 2800 2169 generalem
2825 2097 3147 2156 etliberam
3177 2098 3230 2157 ei
3248 2100 3503 2158 contulit
3520 2102 3713 2160 admi-

2053 2183 2489 2252 nistrationem,
2534 2189 2887 2260 praecipiens
2916 2188 3196 2245 fidelibus
3226 2190 3350 2246 suis
3378 2195 3440 2246 et
3469 2204 3713 2261 genera-

2049 2270 2180 2328 liter
2195 2274 2566 2347 principibus
2590 2276 2896 2344 omnibus,
2926 2284 2990 2333 ut
3014 2281 3142 2348 ejus
3155 2279 3376 2337 vasalli
3395 2280 3640 2353 fierent,
3657 2287 3710 2339 el

2050 2360 2103 2417 ei
2130 2364 2501 2420 manualiter
2528 2366 2874 2423 exhiberent
2898 2368 3248 2437 fidelitatem
3262 2385 3283 2436 ,·
3308 2370 3480 2442 quod
3503 2376 3563 2428 et
3595 2370 3705 2429 tac·

2049 2453 2175 2506 tum
2200 2458 2309 2508 est.
2339 2455 2579 2509 iurasse
2621 2463 2821 2512 tamen
2853 2457 3017 2528 prius
3045 2457 3120 2514 de
3150 2458 3447 2516 mandato
3475 2459 3706 2519 domini

2046 2540 2203 2610 regis
2231 2541 2593 2614 perhibetur,
2621 2545 2782 2616 quod
2811 2560 2875 2602 eo
2900 2546 3131 2604 vivente
3158 2563 3278 2603 non
3299 2550 3606 2618 aspiraret
3629 2552 3706 2608 ad

2048 2643 2328 2687 coronam
2341 2653 2361 2702 ,-
2374 2633 2600 2703 ecquod
2611 2633 2684 2690 de
2695 2636 2988 2692 universis
3001 2635 3344 2694 civilatibus
3369 2645 3426 2695 et
3440 2641 3702 2698 castellis

2045 2732 2178 2789 quoe
2193 2733 2303 2775 rex
2318 2720 2380 2775 in
2390 2724 2849 2790 proesmeiarum
2864 2724 3384 2794 possidebalmihil
3406 2730 3699 2800 transser-

2045 2806 2207 2864 relin
2228 2807 2437 2878 alium,
2460 2811 2604 2867 vela
2614 2812 2759 2881 fisco
2771 2813 3087 2872 alienaret.
3114 2814 3387 2873 Creditur
3410 2823 3616 2877 autem
3638 2819 3698 2876 id

2045 2896 2392 2963 studiose,et
2404 2897 2480 2954 de
2492 2900 2987 2960 multaindustria
2999 2903 3192 2961 eidem
3205 2905 3552 2978 injunctum
3567 2908 3698 2966 tuis-

282 2989 501 3048 civitati
524 2989 1294 3063 ;praesidiadu0,'1'oronum
1308 2994 1933 3053 etCastellumnovum
1970 3034 2013 3093 C
2044 3000 2128 3054 ⁵⁴³2
2154 2991 2212 3041 θῑ
2234 2986 2313 3043 &d
2342 2986 2405 3044 id
2431 2988 2679 3046 firmite?
2707 2989 3157 3050 ObserWssdUffl
3182 2994 3587 3069 jurisjurandi
3611 3014 3688 3056 Ν·

281 3079 407 3154 ejus
423 3081 967 3153 essetpropositum
982 3097 1329 3155 expugnare
1348 3100 1362 3149 ;
1381 3084 1511 3140 aliis
1527 3100 1664 3142 vero
1688 3085 1934 3143 videba-

280 3173 393 3235 tur,
417 3170 584 3243 quod
615 3170 922 3242 regionem
954 3176 1119 3227 trans
1141 3172 1486 3240 Iordanem,
1517 3174 1793 3231 videlicet
1817 3177 1936 3248 Sy-

278 3258 430 3315 riam
463 3257 663 3329 sobal,
713 3258 880 3315 cordi
908 3258 1159 3317 haberet
1189 3261 1565 3334 depopulari,
1601 3271 1660 3320 et
1705 3263 1934 3337 oppida

276 3363 415 3422 quae
443 3347 506 3404 in
535 3363 607 3404 ea
635 3348 877 3419 regione
909 3355 1067 3415 sunt,
1100 3356 1381 3407 evertere.
1435 3352 1710 3410 Nonnulli
1750 3355 1931 3412 etiam

276 3441 448 3494 erant
492 3436 599 3510 qui
629 3437 996 3509 persuadere
1031 3438 1396 3507 nitebantur,
1438 3442 1603 3514 quod
1632 3442 1930 3500 diuturnis

275 3524 593 3599 longisque
609 3526 1092 3599 expeditionibus
1105 3527 1409 3600 fatigatus,
1429 3546 1579 3603 pace
1596 3532 1675 3588 ad
1688 3536 1929 3606 tempus

273 3614 999 3688 impetrata‚propositum
1016 3616 1265 3674 haberet
1281 3618 1341 3675 in
1357 3621 1675 3692 AEgyptum
1688 3621 1931 3678 descen-

273 3701 437 3770 dere,
453 3708 516 3760 ut
533 3703 811 3775 fatigatos
831 3705 1125 3762 exercitus
1143 3713 1446 3779 repararet
1467 3713 1814 3782 etsumptus
1829 3710 1931 3766 ite-

273 3806 409 3847 rum
434 3791 511 3848 ad
533 3792 765 3850 futuras
785 3793 1197 3866 expeditiones
1219 3796 1520 3867 colligeret
1536 3800 1927 3856 necessarios.

272 3880 563 3938 Interhaec
588 3882 766 3953 igitur
782 3888 904 3940 tam
920 3883 1230 3956 ambigua,
1247 3899 1345 3941 rex
1370 3887 1605 3956 etregni
1631 3888 1930 3962 principes

273 3970 554 4038 universi,
577 3987 717 4028 cum
741 3972 926 4029 multa
952 3971 1271 4031 formidine
1295 3975 1650 4032 tenebantur
1676 3993 1930 4050 suspen-

272 4059 338 4115 si.
376 4061 538 4116 Unde
568 4059 829 4117 collectis
860 4061 1029 4131 regni
1058 4062 1283 4119 viribus
1309 4065 1472 4135 apud
1504 4064 1730 4122 fontem
1760 4066 1928 4123 Seto-

268 4147 551 4213 ritanum,
584 4147 685 4204 ubi
707 4150 1028 4205 convenire
1054 4150 1341 4223 deprisca
1367 4154 1809 4211 consuetudine
1834 4173 1929 4214 so·

269 4233 392 4290 lent
441 4236 734 4292 exercitus
782 4237 1123 4310 residentes,
1156 4240 1239 4295 rei
1290 4249 1569 4298 eventum
1615 4245 1926 4315 praestola-

265 4321 505 4379 bantur.
521 4325 871 4398 vocatisque
894 4331 1012 4383 tam
1046 4328 1314 4399 principe
1340 4331 1924 4406 Antiocheno.quam

263 4410 627 4484 Tripolitano
666 4414 903 4481 comite,
932 4415 1084 4472 vires
1116 4423 1174 4475 et
1204 4418 1476 4477 subsidia
1499 4423 1921 4493 corrogabant,

261 4500 666 4575 undecunque
690 4502 765 4560 de
790 4502 886 4559 die
913 4504 974 4561 in
992 4504 1152 4562 diem
1184 4512 1618 4581 exspectantes,
1655 4516 1718 4567 ut
1736 4510 1796 4568 in
1816 4513 1922 4569 ali-

260 4603 419 4663 quas
456 4591 624 4662 regni
656 4598 856 4665 partes
882 4593 1118 4651 subitus
1148 4596 1531 4671 irrumperet,
1563 4606 1620 4656 et
1654 4599 1921 4672 legiones

255 4677 564 4739 induceret
591 4680 767 4739 solito
800 4683 1286 4756 multipliciores.

886 4794 1114 4850 CAPUT
1152 4796 1302 4851 XXV.

262 4875 395 4934 Rex
419 4879 586 4948 apud
607 4879 917 4938 Nazareth
948 4882 1308 4952 aearitudine
1344 4893 1653 4958 correptus
1685 4889 1911 4957 valida,

341 4948 673 5033 Guidonem
720 4953 794 5009 de
830 4953 1183 5022 Latiniano,
1209 4957 1492 5039 ‘comitem
1535 4960 1910 5032 loppemem,

336 5032 512 5090 reqm
546 5030 1003 5092 procuratorem
1032 5032 1354 5085 consultat.

332 5127 483 5184 Dum
515 5128 693 5200 igitur
709 5135 932 5198 noster,
953 5132 1116 5205 apud
1131 5133 1354 5192 fontem
1371 5137 1801 5205 seforitanum,
1828 5140 1911 5197 ita

264 5230 597 5287 suspensus
639 5218 1000 5277 detineretur
1047 5223 1362 5293 exercitus,
1410 5226 1659 5297 contigit
1705 5243 1908 5301 regem

253 5305 418 5375 apud
431 5307 720 5364 Nazareth
734 5307 897 5364 febre
912 5312 1225 5383 repentina
1236 5315 1588 5384 gravissime
1600 5316 1874 5376 laborare
1890 5334 1906 5385 ;

251 5393 467 5450 morbo
518 5411 762 5470 quoque
798 5398 1234 5471 elephantioso,
1262 5418 1387 5475 quo
1415 5404 1494 5461 ab
1534 5406 1700 5464 initio
1733 5407 1908 5479 regni

251 5478 365 5550 sui,
400 5486 458 5540 et
490 5498 527 5540 a
552 5486 763 5556 primis
789 5485 1205 5548 adolescentioe
1249 5493 1542 5568 auspiciis
1588 5495 1896 5556 molestari

2042 3072 2260 3147 ligione
2287 3076 2349 3132 in
2379 3080 2696 3150 praesentia
2723 3080 3144 3139 universorum
3174 3085 3516 3158 principum
3547 3088 3696 3148 obli-

2042 3168 2250 3235 gatum
2285 3165 2484 3237 tuisse,
2511 3183 2583 3224 eo
2602 3169 2768 3240 quod
2794 3170 3048 3241 singulis
3077 3173 3449 3240 eorum‚t'ere
3473 3175 3554 3235 de
3573 3195 3695 3237 ma·

2036 3251 2269 3323 joribus
2302 3256 2467 3326 regni
2498 3258 2805 3326 membris,
2840 3262 3144 3333 portiones
3173 3264 3539 3335 promiserat
3576 3283 3694 3326 non

2041 3341 2333 3410 modicas,
2349 3345 2502 3402 utad
2521 3346 2582 3402 id
2604 3345 3002 3405 obtinendum
3016 3351 3184 3423 quod
3202 3354 3467 3425 petebat,
3479 3371 3692 3415 eorum

2041 3429 2340 3503 suffragiis
2358 3433 2667 3504 juvaretur
2687 3442 2745 3494 et
2767 3437 2965 3495 studio
2993 3455 3009 3508 ;
3041 3440 3283 3513 quibus,
3309 3447 3378 3499 ut
3392 3447 3692 3516 promissa

2038 3520 2382 3593 compleret,
2408 3523 2587 3579 simili
2610 3525 2871 3596 vinculo,
2900 3526 3214 3586 dicebatur
3238 3533 3548 3591 astrictus.
3579 3538 3691 3593 Nos

2040 3624 2178 3666 vero
2217 3610 2279 3666 id
2324 3614 2650 3670 asserendo
2697 3614 2890 3673 dicere
2918 3632 3044 3675 non
3073 3622 3376 3690 convenit,
3407 3623 3560 3697 quia
3583 3641 3690 3699 pro

2039 3705 2200 3754 recto
2226 3707 2600 3774 compertum
2636 3718 2758 3761 non
2787 3704 3088 3765 habemus
3121 3726 3136 3777 ;
3168 3709 3246 3767 ita
3275 3717 3481 3769 tamen
3529 3713 3696 3772 fama

2037 3784 2348 3859 frequente
2393 3789 2821 3863 divulgabatur
2856 3795 2918 3852 in
2963 3797 3208 3869 populo.
3258 3800 3439 3858 Erant
3491 3806 3694 3861 umen

2039 3876 2566 3950 nonnulli,quibus
2585 3880 2711 3937 haec
2742 3884 2995 3941 mutatio
3017 3901 3141 3942 non
3158 3886 3417 3946 multum
3445 3890 3690 3963 placuit,

2038 3979 2296 4035 quorum
2329 3965 2425 4023 alii
2443 3968 2837 4027 familiaribus
2858 3973 3070 4030 studiis
3090 3981 3145 4032 et
3169 3991 3241 4033 ex
3266 3980 3467 4035 causis
3496 3981 3694 4039 occul·

2038 4053 2110 4109 tis
2160 4054 2239 4110 ad
2277 4056 2336 4111 td
2376 4062 2437 4113 ut
2469 4056 2810 4131 displiceret
2852 4062 3148 4134 proclives
3186 4081 3250 4122 se
3277 4067 3519 4127 dabant
3548 4091 3563 4136 ς
3593 4070 3693 4128 alii

2036 4143 2342 4215 publicam
2373 4152 2620 4216 agentes
2649 4165 2898 4207 causam
2929 4157 2986 4209 et
3014 4151 3090 4210 de
3121 4155 3291 4227 regni
3321 4162 3487 4215 statu
3518 4161 3689 4218 anxie

2036 4231 2290 4305 solliciti,
2321 4234 2556 4305 publice
2580 4240 3092 4310 contestabantur,
3121 4244 3480 4315 praedictum
3505 4250 3686 4307 comi·

2036 4325 2176 4392 tem‚
2218 4328 2396 4380 tantoe
2451 4325 2992 4387 administrationis
3029 4332 3323 4405 imparem
3371 4338 3566 4405 oneri,
3609 4338 3686 4398 ad

2032 4414 2417 4484 procuranda
2437 4417 2603 4486 regni
2632 4419 2869 4491 negotia
2893 4435 3016 4477 non
3038 4437 3215 4493 posse
3243 4423 3566 4501 sufficere3
3591 4428 3686 4486 alii

2031 4516 2194 4568 vero,
2225 4502 2449 4575 quibus
2483 4503 2560 4561 de
2588 4506 2719 4577 ejus
2745 4510 3124 4579 promotione
3151 4528 3292 4585 spes
3321 4513 3596 4589 suberat,
3625 4524 3686 4573 ut

2029 4604 2171 4646 suas
2204 4590 2476 4649 meliores
2509 4599 2752 4666 possent
2797 4596 2994 4656 facere
3026 4600 3424 4671 conditiones.
3468 4606 3681 4664 utiliter

2026 4677 2253 4737 factum
2274 4682 2637 4740 asserebant.
2666 4686 2920 4759 Eratque
2941 4704 3237 4757 murmur,
3270 4696 3329 4748 et
3349 4707 3473 4751 vox
3491 4695 3678 4754 disso-

2027 4779 2107 4824 na
2133 4767 2463 4840 plurimum
2487 4772 2547 4828 in
2578 4774 2815 4844 populo,
2843 4775 3016 4847 juxta
3043 4778 3105 4835 id
3132 4780 3300 4854 quod
3329 4784 3672 4855 proverbia·

2024 4853 2154 4913 liter
2181 4857 2299 4915 dici
2338 4859 2489 4917 solet
2519 4878 2533 4918 :

2344 4950 2495 5018 Quot
2558 4952 2843 5026 homines,
2887 4961 2972 5013 tol
3023 4961 3349 5019 sententiar.

2021 5051 2445 5112 Verumtamen
2487 5056 2602 5114 hac
2634 5058 2738 5116 diu
2767 5060 3111 5122 desiderata
3146 5073 3203 5122 et
3237 5067 3518 5139 iniuncta
3563 5071 3672 5129 sibi

2019 5153 2130 5213 pro
2165 5144 2316 5199 votis
2349 5143 2889 5218 administratione,
2928 5154 3139 5225 quain
3171 5155 3386 5228 primis
3414 5160 3563 5218 satis
3591 5162 3670 5218 in·

2018 5231 2392 5289 considerate
2422 5235 2586 5291 visus
2605 5242 2697 5293 est
2725 5238 2985 5311 gloriari,
3017 5258 3139 5300 non
3168 5244 3273 5301 diu
3301 5245 3548 5307 loetatns
3565 5255 3666 5317 est,

2017 5319 2169 5376 sicut
2196 5320 2255 5376 in
2292 5324 2680 5394 sequentibus
2707 5327 2958 5386 dicetur.
2988 5334 3432 5395 inconsiderate
3467 5346 3662 5398 autem

2014 5423 2169 5465 onus
2192 5408 2542 5483 hujusmodi
2563 5416 2878 5487 praelatum
2911 5420 3024 5478 sibi
3051 5426 3463 5499 assumpsisse
3492 5430 3666 5489 comi-

2014 5500 2157 5566 tem,
2179 5513 2254 5557 ea
2279 5499 2544 5561 diximus
2561 5505 2813 5575 ratione,
2839 5509 3010 5583 quod
3029 5526 3151 5571 non
3175 5513 3326 5573 satis
3348 5516 3666 5592 diligenter
3775 5507 3782 5660 Ι
