3784 6000
108 141 262 237 '67

1243 76 1583 190 Aenum
1625 118 2137 187 Laxovmnsls
2177 115 2530 183 EPISGOPI

179 272 447 347 respectu
476 268 678 341 digna,
711 265 1004 324 fortunam
1035 258 1223 332 dico,
1209 258 1322 332 ipsi
1351 258 1566 331 reginae
1595 256 1840 329 Justitiae
1869 262 1925 331 Α
1949 256 2221 329 prasenti
2250 255 2487 314 videbar
2504 254 2738 314 habere.
2763 255 2843 313 Ad
2868 255 3042 327 cujus
3064 255 3333 357 potentia
3366 256 3447 329 gl(

175 365 445 436 potenter
472 359 739 430 imperat,
769 354 887 413 vim
934 352 1129 419 infert,
1163 348 1405 420 injurias
1434 348 1672 419 irrogat,
1723 350 1840 403 tor-

179 455 374 507 menta
403 444 779 519 multiplicat,
809 441 1109 515 proprium
1138 439 1290 510 ejus,
1311 436 1461 508 quod
1492 439 1580 492 est
1610 433 1835 491 unicui·

182 554 298 613 que
326 552 500 594 suum
546 534 804 602 reddere,
847 533 1132 604 quantum
1180 527 1238 583 in
1270 526 1397 599 ipsa
1425 529 1536 586 est.
1577 526 1836 585 evacuat,

177 634 237 685 et
265 627 658 701 quodcunque
689 621 800 677 sibi
831 618 1058 676 libitum
1091 620 1200 688 est,
1229 615 1291 672 in
1322 630 1452 672 eam
1483 613 1746 683 confidit,
1784 620 1842 668 et

178 718 413 789 arrogat
462 715 705 786 impune
754 709 1009 777 licitum,
1057 708 1198 763 dum
1232 704 1539 763 solvendos
1568 702 1733 777 ligat,
1773 703 1839 757 li·

176 806 395 878 gandos
435 801 627 868 solvit,
661 803 939 857 nocentes
969 796 1205 864 exaltat,
1232 793 1574 851 innocentes
1606 791 1836 862 premit.

175 893 296 949 Suu
307 907 361 948 m
376 889 593 963 quippe
607 886 952 944 innocentiae
964 899 1092 943 esse
1103 885 1236 955 quis
1246 878 1840 952 abnuattriumphalis

178 979 485 1055 praemium
508 993 734 1035 coronae
757 976 786 1032 ‘l
802 975 950 1042 Quid
978 973 1107 1041 hac,
1127 975 1280 1029 Deus
1304 973 1474 1041 bone,
1498 969 1840 1026 confusione

179 1066 624 1146 prodigiosius?
671 1065 819 1132 Quid
866 1065 976 1122 hoc
1030 1063 1294 1136 prodigio
1343 1060 1670 1118 mirabilius
1700 1057 1839 1116 est?

176 1162 328 1229 Quid
361 1162 467 1218 boc
499 1157 751 1216 mirabili
791 1155 879 1213 vel
908 1155 1203 1213 efficacius
1233 1154 1306 1210 ad
1339 1151 1713 1221 movendum,
1750 1150 1839 1208 vel

179 1243 552 1311 innocentius
582 1251 651 1307 ad
684 1248 1139 1306 subvertendum
1159 1245 1188 1302 ‘i
1210 1246 1372 1304 Unde
1400 1262 1517 1303 non
1547 1243 1839 1302 immerito

179 1341 282 1398 illa
310 1339 585 1413 sapientis
623 1337 952 1410 lacrymosa
979 1335 1353 1406 conquestio:
1388 1356 1416 1385 «
1453 1333 1575 1390 Heu
1606 1346 1840 1405 gravem

182 1434 424 1499 sortem,
473 1427 703 1502 quoties
750 1425 952 1498 iniquo
999 1424 1231 1482 additur
1275 1439 1426 1482 saevo
1472 1421 1704 1495 gladius
1752 1437 1841 1477 ve·

185 1534 357 1577 neno.
392 1541 421 1570 »
454 1522 522 1574 Et
567 1516 881 1574 Salomon:
933 1515 1069 1572 Cum
1107 1515 1270 1589 impii
1306 1516 1639 1587 sumpserint
1673 1512 1839 1585 prin-

181 1612 452 1682 cipatum,
482 1611 658 1680 qemet
683 1607 912 1680 populus
943 1608 1124 1677 (Pr-ov.
1147 1608 1368 1679 xxvm).
1398 1608 1480 1662 Ac
1509 1621 1581 1660 ne
1605 1604 1752 1660 forte
1778 1601 1838 1657 in

179 1697 470 1769 affluenti,
520 1698 776 1769 tritaque
824 1696 1065 1754 materia
1095 1696 1317 1769 prolixa
1354 1694 1533 1751 nimis
1572 1695 1842 1764 evagetur

182 1787 388 1857 oratio,
440 1786 804 1843 redeundum
833 1788 924 1842 est
950 1784 1024 1841 ad
1054 1801 1171 1843 cor.
1206 1788 1273 1840 Et
1293 1800 1365 1840 ne
1393 1776 1586 1840 sermo
1617 1780 1839 1839 sobrie-

183 1881 360 1934 tatem
391 1876 649 1941 excedat,
682 1878 782 1930 aut
820 1889 984 1932 mens
1013 1891 1045 1929 a
1075 1872 1419 1946 scrupulosa
1446 1870 1838 1945 quoestionum

181 1965 479 2038 crepidine
525 1964 584 2020 in
621 1962 1005 2036 precipitium
1049 1962 1384 2020 devolvatur
1410 1961 1647 2027 erroris,
1678 1962 1840 2015 utro-

184 2053 361 2126 bique
388 2053 738 2121 cavendum,
769 2066 841 2107 ne
873 2052 1017 2108 sorte
1039 2052 1095 2109 in
1114 2051 1443 2108 Creatorem
1465 2048 1615 2109 velle
1644 2048 1840 2107 refun-

185 2144 320 2201 dere
345 2142 671 2209 videamur,
704 2140 858 2212 quod
894 2155 962 2198 ex
1003 2144 1201 2199 nostra
1234 2140 1290 2196 in
1325 2139 1494 2196 nobis
1523 2137 1723 2195 minus
1751 2138 1842 2193 est

186 2233 549 2298 infirmitate,
579 2230 689 2287 sub
719 2231 890 2301 cujus
919 2230 1106 2286 oculis
1135 2230 1334 2286 nullus
1364 2233 1560 2285 motus
1591 2232 1841 2285 temera·

187 2322 335 2392 rius,
368 2320 567 2376 nullus
591 2326 830 2375 eventus
852 2319 1143 2388 fortuitus,
1169 2318 1446 2391 quoniam
1475 2317 1534 2373 in
1557 2315 1843 2390 sapientia

184 2413 399 2468 cuncta
445 2409 698 2482 disponit
745 2408 818 2464 ab
865 2414 1080 2466 oeterno
1130 2410 1357 2481 provisa
1396 2409 1551 2482 (Sap.
1600 2408 1663 2481 ι).
1705 2409 1841 2474 Quae

186 2500 441 2573 protecto
474 2513 664 2554 rerum
695 2497 998 2569 dispositio
1030 2514 1145 2555 non
1172 2499 1301 2555 ideo
1327 2499 1519 2554 miuus
1549 2497 1839 2563 ordinata,

184 2587 326 2662 quia
356 2602 533 2643 causa
560 2587 687 2658 ejus
712 2586 878 2642 nobis
900 2587 1217 2659 incognita,
1241 2588 1360 2644 imo
1390 2601 1457 2643 eo
1479 2585 1685 2658 maj0ri
1708 2601 1843 2658 pro-

187 2676 486 2749 sequenda
535 2674 667 2730 fidei
715 2675 949 2745 pietate,
995 2692 1111 2747 quo
1159 2676 1230 2732 ab
1278 2676 1549 2732 humanas
1604 2674 1845 2731 rationis

185 2765 519 2838 cognitione
577 2764 872 2820 remotior.
929 2764 1148 2821 Iudicia
1223 2767 1319 2821 Dei
1372 2766 1597 2835 abyssus
1666 2764 1845 2820 multa

186 2855 357 2930 (Psal.
388 2855 576 2921 xxxv),
607 2869 735 2924 quae
781 2854 940 2911 solus
971 2852 1066 2911 ille
1113 2857 1292 2925 novit,
1326 2856 1426 2928 qui
1476 2856 1717 2929 abyssos
1746 2855 1845 2911 in-

182 2948 401 3013 tuetur,
441 2946 500 3000 et
529 2943 694 3000 sedet
732 2959 910 3018 super
938 2944 1241 3003 cherubin.
1291 2945 1546 3003 Tandem
1589 2963 1622 3002 a
1662 2959 1844 3019 gene-

1951 361 2056 402 nec
2087 344 2201 418 ipsi
2229 346 2517 447 potentes’
2524 347 2812 416 poterant,
2845 360 2951 401 nec
2982 343 3097 418 ipsi
3126 344 3423 418 sapientes

1950 441 2085 493 rant
2134 435 2416 508 aspirare.
2449 435 2600 493 Sane
2630 435 2815 507 Pater,
2848 435 2990 508 quia
3027 434 3299 492 universa
3328 433 3447 493 hnc

1949 543 2124 600 quam
2185 527 2332 583 nihil
2383 528 2666 585 habentes
2714 529 2771 584 in
2820 526 3051 585 Christo
3102 526 3446 599 possedistis

1948 618 2119 676 corde
2148 634 2352 675 eorum
2377 618 2686 676 affluentiae
2723 616 3057 675 nullatenus
3088 618 3377 690 apposito,
3410 632 3441 674 e

1947 706 2171 766 Christo
2235 709 2540 781 ingruente
2608 707 2954 765 necessitate
3008 707 3234 764 fortiter
3288 706 3447 778 abiet

1950 798 2173 854 Etenim
2196 798 2404 854 iterum
2430 816 2443 854 :
2466 797 2678 871 ,loseph
2703 798 2761 854 in
2795 813 2972 855 manu
3005 795 3268 854 mulieris
3298 796 3447 871 impr

1950 886 2190 957 pallium
2242 887 2478 959 reliquit
2537 888 2696 959 (Gen.
2754 889 2966 962 xxxix),
3042 886 3358 945 adolescens
3408 902 3447 943 r«

1944 975 2173 1032 sindone
2224 976 2404 1033 nudus
2474 977 2725 1049 prosuqit
2786 993 2822 1033 a
2893 976 3333 1048 persecutoribus
3409 973 3447 1031 G

1946 1064 2134 1136 (Marc.
2165 1068 2306 1141 nv),
2354 1067 2492 1122 dum
2540 1083 2640 1123 vos
2676 1067 3077 1140 praeelegistis,
3122 1065 3386 1137 abjectis,
3429 1080 3448 1120 ι

1946 1162 2107 1215 ctum
2138 1163 2243 1226 est,
2273 1173 2471 1214 rerum
2501 1157 2910 1230 temporalium
2929 1154 3259 1225 sarcinulis,
3287 1153 3447 1224 quasi

1948 1247 2187 1303 busdam
2240 1247 2310 1304 ad
2351 1247 2457 1304 iter
2500 1251 2753 1304 vestrum
2792 1244 3250 1320 impedimentis,
3306 1243 3447 1300 nudi

1946 1337 2252 1410 expeditus
2282 1355 2513 1396 crucem
2546 1341 2800 1396 vestram
2834 1336 3059 1407 tollere,
3090 1335 3388 1392 Christum
3409 1350 3447 1392 s

1947 1427 2006 1484 in
2061 1429 2234 1485 domo
2297 1429 2392 1484 Dei
2440 1428 2701 1500 abiectus
2745 1443 2896 1498 esse,
2963 1442 3141 1498 quam
3192 1440 3325 1482 cum
3397 1440 3447 1481 se

1944 1515 2199 1589 gloriari,
2250 1520 2307 1575 et
2352 1521 2411 1573 in
2460 1516 2853 1574 tabernaculis
2902 1517 3275 1589 peccatorum
3319 1512 3447 1570 habi

1946 1607 2034 1663 lta
2064 1610 2126 1663 ut
2155 1605 2297 1662 illud
2329 1606 2731 1679 propheticum
2763 1608 2820 1660 et
2844 1603 3239 1677 evangelicum
3278 1601 3337 1657 in
3361 1617 3447 1657 au:

1948 1696 2094 1753 meis
2127 1696 2482 1768 proclamare
2523 1712 2637 1752 non
2691 1702 2804 1751 tam
2850 1710 2948 1751 ore
2994 1709 3170 1766 quam
3198 1705 3372 1763 opere
3409 1707 3445 1746 v

1948 1782 2088 1840 mini
2123 1800 2137 1839 ε
2170 1783 2298 1839 Mihi
2340 1788 2523 1840 autem
2550 1783 2831 1839 adhaerere
2862 1781 2967 1838 Deo
3018 1781 3215 1836 bonum
3261 1783 3362 1848 est,
3401 1794 3447 1850 p·

1948 1875 2004 1930 in
2067 1875 2291 1930 Domino
2361 1890 2510 1947 spem-
2583 1889 2761 1930 meam
2838 1872 3008 1945 (Psal.
3081 1869 3278 1942 mxu).
3330 1869 3396 1924 Ec

1944 1962 2159 2035 prodest
2195 1964 2433 2032 homini,
2462 1965 2515 2018 si
2541 1961 2809 2018 mundum
2838 1963 3156 2017 universum
3182 1959 3447 2025 lueretur,

1945 2068 2048 2108 mae
2078 2059 2263 2110 autem
2291 2067 2409 2110 suae
2446 2052 2842 2109 detrimentum
2886 2047 3190 2123 patiatur?
3230 2044 3441 2119 (Mami.

1948 2143 2052 2200 Hic
2081 2148 2170 2200 est
2193 2158 2432 2215 serpens
2462 2158 2677 2209 aeneus,
2702 2141 2774 2197 ad
2798 2156 2971 2213 quem
3007 2136 3431 2195 tentationibus

1948 2233 2317 2305 serpentibus
2348 2231 2707 2302 vulneratus,
2761 2236 3080 2302 respectum
3114 2226 3317 2283 habeo.
3354 2223 3447 2280 Ha

1951 2327 2135 2394 petra,
2177 2323 2248 2378 ad
2281 2338 2454 2393 quam
2489 2336 2757 2378 curarum
2798 2318 3015 2376 aculeis
3044 2316 3273 2373 obsitus
3303 2313 3446 2371 velit

1951 2428 2125 2468 nosus
2172 2411 2475 2468 erinaceus
2506 2426 2672 2482 spero
2705 2409 3014 2481 refugium.
3061 2407 3226 2462 Petra
3255 2403 3415 2460 enim

1950 2499 2104 2570 gium
2164 2499 2467 2556 erinaceis.
2534 2498 2805 2571 Alioquin
2862 2496 3027 2552 vivus
3085 2495 3398 2564 absorptus

1954 2595 2237 2657 mortuos,
2288 2589 2627 2661 desperatos
2674 2587 2917 2654 scilicet,
2965 2584 3065 2656 qui
3109 2583 3287 2639 Deum
3324 2597 3438 2637 non

1952 2678 2114 2745 dant,
2146 2678 2527 2735 habitassem.
2566 2679 2878 2748 Deputatus
2905 2690 3096 2731 essem
3129 2687 3259 2727 cum
3293 2670 3385 2726 his
3416 2686 3447 2741 q

1952 2768 2178 2824 inferno
2213 2772 2372 2824 sunt.
2408 2767 2744 2839 Respiciens
2773 2765 2852 2820 fui
2909 2764 2981 2820 ad
3033 2760 3392 2833 adjutorium
3424 2758 3447 2814 k

1954 2873 2117 2924 num,
2142 2862 2199 2913 et
2228 2873 2342 2913 non
2387 2861 2491 2912 est.
2549 2855 2694 2910 Vere
2728 2851 3052 2910 rnaledictus
3081 2852 3261 2918 homo,
3310 2848 3406 2921 qui

1949 2947 2033 3003 dit
2061 2948 2122 3003 in
2153 2947 2393 3015 homine,
2439 2955 2489 3000 et
2539 2945 2637 3016 qui
2667 2944 2821 3017 ponit
2862 2956 3082 2999 carnem
3123 2939 3410 2994 brachium

184 3034 414 3092 ralitate
441 3031 597 3089 adid
617 3033 769 3105 quod
796 3049 886 3091 me
916 3034 1248 3107 specialiter
1269 3034 1570 3106 contingit,
1595 3035 1839 3092 descen·
1872 3041 1915 3108 C
1955 3038 2087 3110 (Jer.
2128 3036 2284 3108 xvu).
2317 3037 2591 3107 Superest
2619 3034 2814 3106 igitur,
2849 3036 2914 3089 ut
2944 3032 3003 3088 in
3032 3046 3164 3087 eum
3196 3029 3388 3085 solum
3423 3044 3447 3081 r

184 3123 439 3181 dandum
488 3127 596 3190 est,
647 3126 706 3179 et
760 3123 832 3180 de
879 3139 948 3179 ea
977 3128 1152 3194 sorte,
1209 3141 1334 3196 quae
1367 3139 1460 3181 me
1491 3128 1848 3196 caeterosque

187 3215 418 3268 nostros
441 3210 661 3282 pariter
681 3211 936 3283 involvit,
961 3215 1456 3285 conquerendum.
1480 3214 1585 3269 Sed
1611 3212 1846 3278 frustra,

190 3300 327 3373 quia
373 3315 480 3356 nec
519 3313 691 3356 casus
731 3305 928 3357 noster
997 3302 1401 3359 sublevantem
1451 3302 1692 3370 invenit,
1742 3314 1848 3356 nec

192 3388 432 3462 querela
474 3388 875 3446 consolantem
924 3407 994 3447 ex
1044 3392 1320 3449 omnibus
1367 3393 1559 3449 charis
1607 3391 1846 3456 nostris,

185 3479 388 3537 fortior
415 3478 476 3536 in
508 3493 598 3535 me
645 3479 718 3535 de
761 3479 854 3536 die
900 3479 962 3536 in
1005 3481 1160 3539 diem
1209 3483 1654 3540 tribulationum
1698 3489 1846 3540 lem-

187 3573 385 3643 pestas
433 3568 710 3641 insurgit,
759 3574 816 3626 et
862 3570 1081 3643 aliquid
1115 3574 1431 3630 calamitati
1463 3590 1607 3631 meae
1637 3588 1849 3647 super-

187 3657 412 3716 addidit
452 3657 747 3730 bodierna,
780 3660 934 3731 quod
971 3677 1084 3717 non
1117 3661 1323 3719 habuit
1355 3663 1650 3734 hesterna,
1689 3668 1746 3721 et
1775 3666 1847 3720 de

184 3746 441 3804 crastina
483 3762 704 3817 vereor,
754 3763 827 3804 ne
857 3756 913 3804 et
950 3748 1080 3822 ipsa
1126 3751 1225 3807 nat
1255 3751 1534 3809 hodierna
1574 3752 1846 3810 deterior.

183 3835 476 3893 Dominus
521 3834 1012 3909 Rothomagensis
1045 3840 1380 3913 aggravavit
1407 3856 1648 3897 manum
1680 3857 1846 3898 suam

187 3940 364 3995 super
394 3939 510 3992 me,
551 3924 689 3996 quia
725 3941 825 3983 vos
874 3925 933 3982 in
984 3934 1385 4000 persecutores
1423 3935 1657 3987 nostros
1681 3929 1849 4001 Justa

187 4011 694 4070 animadversione
715 4019 965 4072 vestram
977 4017 1355 4091 aggravastis.
1382 4017 1528 4074 Illud
1552 4017 1847 4075 tantillum

188 4099 480 4163 beneficii,
520 4102 675 4172 quod
726 4119 880 4160 anno
910 4108 1199 4175 praeterito
1233 4106 1375 4163 mibi
1407 4107 1590 4180 gratis
1622 4108 1848 4182 promi-

190 4192 364 4258 serat,
413 4188 473 4245 in
505 4189 778 4259 praesenti
806 4195 1000 4263 negat.
1033 4192 1227 4250 Gratis
1259 4212 1360 4266 pro
1405 4197 1531 4252 dico
1561 4201 1847 4270 tempore,

193 4276 485 4347 licetmihi
500 4276 760 4334 debitum
776 4294 878 4351 pro
900 4280 1144 4338 ratione.
1164 4282 1526 4355 Temporalis
1548 4285 1730 4356 princi
1738 4286 1846 4357 pis,

190 4381 368 4437 quam
399 4366 584 4435 timet,
628 4368 930 4439 praetendit
954 4370 1262 4441 offensam,
1293 4372 1390 4444 qui
1423 4374 1621 4445 potius
1649 4376 1847 4432 aeterni

190 4455 418 4515 Judicis
469 4461 678 4514 cuncta
723 4462 1014 4517 cernentis
1062 4462 1361 4520 attendere
1391 4464 1682 4521 debuisset
1715 4482 1851 4522 sen-

190 4545 473 4604 tentiam:
524 4546 632 4603 Deo
673 4549 856 4619 potius
893 4549 1254 4607 obediendum
1311 4569 1482 4625 quam
1538 4554 1854 4611 hominibus

190 4635 332 4708 (Aet.
355 4636 432 4706 v).
463 4636 535 4692 Et
562 4634 704 4692 illud
739 4654 754 4694 :
788 4638 934 4693 Mihi
971 4640 1287 4710 vindictam,
1319 4650 1369 4700 et
1396 4658 1496 4715 eoo
1528 4643 1853 4717 retribuam,

191 4726 326 4782 dicit
378 4725 638 4784 Dominus
684 4727 857 4799 (Rom.
897 4730 1020 4799 xri).
1070 4730 1139 4785 Et
1185 4731 1430 4789 tortasse
1479 4734 1538 4790 in
1588 4734 1680 4791 his
1720 4752 1854 4793 om-

192 4815 367 4872 nibus
416 4815 574 4873 nulla
623 4826 817 4889 posset
865 4817 1089 4876 ratione
1128 4819 1293 4878 dolor
1347 4823 1624 4898 mitigari,
1664 4842 1855 4899 neque

191 4905 348 4962 enim
381 4906 544 4963 dedit
594 4908 733 4963 mihi
767 4907 922 4965 Deus
963 4925 1063 4967 cor
1090 4908 1410 4983 lapideum,
1447 4918 1510 4969 ut
1539 4930 1854 4985 percussus

191 5005 306 5047 non
338 4992 608 5062 sentiam,
641 4996 878 5051 attritus
902 5013 1015 5053 non
1050 4997 1301 5069 doleam,
1335 4999 1449 5056 nisi
1484 5006 1540 5058 et
1564 5003 1854 5076 imprimis

194 5093 289 5135 me
308 5079 487 5151 digna
516 5080 684 5138 factis
706 5084 980 5155 recipere,
1014 5093 1067 5143 et
1098 5093 1340 5159 paccata
1364 5106 1493 5147 mea
1515 5091 1702 5150 multa
1721 5110 1854 5167 gra·

196 5169 354 5227 viora
374 5168 662 5227 meruisse
683 5186 1114 5246 cognoscerem,
1131 5178 1269 5234 etad
1285 5196 1406 5250 vos,
1422 5180 1592 5237 Pater
1611 5183 1852 5240 sanctis·

192 5259 359 5330 sime,
384 5263 707 5333 respectam
731 5259 1026 5332 haberem,
1051 5265 1147 5336 qui
1172 5266 1304 5323 volu
1315 5269 1500 5327 utaris
1521 5271 1854 5345 sustinetis,

192 5351 345 5423 quod
372 5365 476 5422 ego
509 5355 744 5409 coactus
774 5368 907 5409 sum
935 5352 994 5410 in
1020 5357 1248 5425 merito,
1280 5360 1431 5432 quod
1451 5377 1560 5434 ego
1582 5362 1850 5424 meritus.

190 5438 274 5496 De
291 5441 461 5513 cujus
480 5441 848 5516 plenitudine
867 5446 1049 5501 totum
1071 5445 1214 5502 mihi
1241 5448 1580 5522 defluxerat,
1613 5454 1770 5527 quod
1788 5453 1852 5513 in

1960 3128 2208 3193 ciamus,
2249 3126 2340 3181 cui
2388 3125 2496 3182 soli
2547 3122 2853 3180 derelictus
2902 3126 2990 3177 est
3037 3135 3276 3192 pauper,
3319 3115 3422 3189 qui

1959 3216 2214 3273 laborem
2259 3215 2583 3271 considerat
2620 3216 2678 3269 et
2733 3210 2991 3268 dolorem
3042 3208 3217 3281 (Psal.
3270 3208 3369 3281 ix).
3403 3204 3448 3261 D

1958 3310 2080 3363 tero
2113 3321 2297 3362 unum
2335 3309 2444 3372 est,
2479 3304 2661 3371 Pater,
2708 3311 2768 3357 ut
2808 3301 2965 3356 salva
2995 3314 3131 3372 pace
3160 3300 3353 3354 vestra
3385 3295 3441 3352 lo

1958 3396 2114 3468 quod
2147 3394 2307 3451 omni
2339 3392 2715 3450 tribulatione
2744 3390 2972 3462 gravius
2994 3388 3278 3454 sustineo,
3306 3385 3447 3458 impe

1960 3486 2075 3541 tius
2101 3491 2280 3555 porte,
2304 3483 2702 3539 vehementius
2723 3480 2909 3549 doleo,
2933 3478 3112 3551 quod,
3136 3492 3268 3532 cum
3293 3473 3447 3547 saepis

1961 3575 2197 3631 nuntios
2245 3581 2462 3630 vestros
2512 3571 2906 3628 discurrentes
2931 3568 3181 3634 videam,
3237 3580 3342 3620 nec
3391 3562 3447 3619 lii

1961 3663 2331 3730 visitationis,
2364 3677 2469 3718 nec
2499 3659 2703 3717 saltem
2727 3659 2898 3714 verba
2927 3655 3295 3713 salutationis
3328 3668 3429 3727 per

1958 3770 2027 3810 ex
2057 3758 2220 3825 parte
2266 3754 2461 3809 vestra
2509 3750 2804 3821 recipiam.
2854 3748 3047 3803 Status
3076 3749 3267 3801 vester
3296 3744 3441 3799 adeo

1958 3847 2048 3899 est
2089 3840 2491 3907 absconditus,
2525 3855 2592 3895 ac
2624 3838 2673 3894 si
2706 3850 3007 3909 nunquam
3040 3851 3074 3889 a
3102 3833 3265 3890 vobis
3293 3831 3447 3888 visus

1960 3932 2111 4003 quod
2160 3931 2313 3987 Deus
2357 3933 2592 3997 avertat,
2642 3928 2806 3984 vobis
2862 3940 3046 3982 essem
3096 3922 3347 3990 invisus,
3398 3935 3447 3975 n«

1961 4023 2122 4080 vobis
2147 4022 2290 4077 mibi
2318 4020 2465 4077 scire
2497 4021 2669 4076 datur
2692 4016 2933 4089 aliquid,
2977 4012 3131 4086 quod
3190 4028 3304 4067 non
3356 4009 3447 4082 pul

1961 4112 2104 4169 verit
2135 4113 2311 4178 fama,
2344 4114 2410 4167 ut
2439 4113 2579 4165 tunc
2628 4106 2866 4163 demum
2900 4103 3044 4160 mihi
3088 4116 3297 4158 novum
3331 4100 3447 4155 adv·

1960 4218 2092 4259 cum
2163 4200 2317 4273 apud
2373 4198 2519 4257 alios
2579 4196 2755 4254 fuerit
2803 4194 3198 4265 antiquatum.
3256 4190 3446 4246 Metuo¹

1966 4292 2157 4363 Pater,
2187 4291 2327 4364 quia
2358 4305 2465 4363 ego
2497 4303 2648 4355 sum,
2681 4285 2782 4359 qui
2813 4285 3114 4341 vobiscum
3160 4283 3391 4354 pondus
3422 4278 3447 4332 d

1961 4386 2139 4437 aestus
2169 4379 2424 4436 sustinui
2476 4377 2686 4449 (Mami.
2733 4375 2851 4448 xx).
2896 4371 3057 4431 Novit
3086 4370 3263 4438 Deus,
3295 4368 3447 4440 quod

1962 4471 2187 4527 viribus
2229 4469 2287 4525 in
2346 4467 2705 4525 conscientia
2752 4480 2899 4538 pura
2944 4461 3110 4519 vobis
3154 4460 3356 4516 adfui:
3398 4475 3446 4513 u¹

1965 4563 2084 4616 tam
2117 4560 2367 4615 discrete
2397 4572 2574 4629 quam
2599 4555 2821 4622 devote,
2855 4558 2973 4609 tam
3004 4551 3252 4607 feliciter
3281 4563 3447 4620 quam

1966 4649 2135 4706 liter!
2170 4647 2306 4718 Alii,
2339 4647 2455 4702 fere
2486 4648 2748 4717 quoquot
2780 4641 3078 4716 vobiscum
3104 4643 3264 4706 sunt,
3297 4638 3357 4692 in
3401 4636 3447 4692 la

1966 4752 2121 4793 meos
2167 4733 2536 4801 introierunt,
2588 4731 2858 4787 laetantur
2904 4727 3212 4802 praesentia
3254 4729 3441 4781 vestra

1966 4826 2199 4883 ciuntur
2226 4824 2417 4892 verbo,
2438 4823 2743 4894 eriguntur
2775 4819 3061 4892 exemp10,
3091 4832 3194 4874 nec
3230 4812 3447 4872 invidet

1965 4933 2105 4989 rogo
2134 4914 2455 4986 temporale
2488 4912 2845 4979 subsidium,
2896 4909 3034 4982 quia
3062 4905 3278 4963 sufficit
3307 4902 3447 4961 mihi

1964 5007 2161 5077 pertas
2192 5018 2342 5059 mea.
2376 5001 2500 5058 Nou
2528 5016 2744 5072 quaero‚
2785 4996 2896 5054 nisi
2932 5001 2996 5051 ut
3038 4996 3336 5052 invocetur
3370 4999 3447 5047 tar

1966 5094 2138 5150 modo
2186 5107 2397 5150 nomen
2447 5094 2701 5147 vestrum
2751 5102 2931 5158 super
2973 5100 3065 5141 me
3096 5088 3152 5140 et
3198 5081 3393 5155 gratiss
3423 5097 3447 5135 v

1966 5201 2208 5243 securus
2237 5184 2453 5253 vivam,
2478 5198 2603 5254 quae
2636 5181 2753 5238 baec
2777 5181 3118 5251 tempestate
3141 5174 3284 5231 mihi
3316 5188 3447 5244 supe

1965 5292 2095 5332 rum
2117 5278 2173 5332 et
2196 5273 2450 5346 lapidem
2480 5270 2798 5344 pretiosum
2824 5265 3075 5323 multum
3104 5261 3447 5321 desiderabil

1964 5363 2190 5422 dulcior
2218 5380 2396 5435 super
2427 5361 2534 5418 mel
2577 5363 2634 5417 et
2663 5359 2878 5415 savum.
2906 5356 3097 5413 Liceat
3117 5353 3256 5411 mihi
3289 5351 3447 5410 salte!

1964 5453 2394 5512 internuntium
2443 5449 2667 5520 audire,
2716 5449 2872 5521 quod
2916 5446 3050 5504 aliis
3092 5444 3290 5502 videre
3337 5444 3446 5500 dat*
