3784 6000
164 220 279 287 2⁷¹

1233 217 1656 282 GUILLEmtl
1700 218 2085 283 TYttENSlS
2126 219 2491 285 AncHiEP.

3347 175 3570 283 '272

173 356 264 415 ttli
299 363 495 412 autem
529 355 938 426 imperatorem
983 352 1344 409 familiariter
1382 354 1811 421 convenientes,
1849 359 1893 420 Α
1928 358 2049 408 tare.
2084 355 2469 426 participium,
2506 370 2618 411 non
2663 371 2834 426 posse
2864 351 3021 417 regni
3053 369 3253 411 curam
3306 353 3576 413 deserere

173 463 349 521 quam
397 446 632 502 moleste
667 447 851 501 ierant
899 445 1052 516 quod
1105 447 1408 508 acciderat,
1462 448 1823 500 unanimiter
1929 456 1978 498 et
2026 444 2289 499 hostibus
2315 444 2749 514 circumpositis
2784 444 3139 514 malignandi
3169 451 3438 514 praestare
3477 462 3573 501 oc-

170 543 590 610 protestantur.
622 536 880 601 Quorum
941 535 1256 604 imperator
1299 534 1629 597 intelligens
1661 535 1815 590 indi·

169 625 501 697 gnationem
538 638 585 681 et
622 625 1028 681 unanimitatis
1049 625 1461 692 constantiam,
1495 640 1691 681 cnram
1723 642 1818 682 co·

168 717 310 772 mite
338 722 394 770 et
417 716 684 772 universa
709 721 824 771 tam
870 720 1196 771 externi-um
1223 732 1398 786 quam
1443 732 1679 771 suorum
1711 716 1810 773 do·

170 806 545 862 mestienrum
578 805 759 870 cui-ia,
793 805 852 861 in
903 805 1330 860 excusationem
1373 805 1693 870 deseendit,
1722 805 1814 874 ju-

163 911 301 952 rans
331 901 389 952 et
405 896 702 952 obtestans
741 895 918 968 quod,
962 911 1149 966 neque
1197 896 1267 950 de
1300 895 1654 950 conscientia
1682 895 1810 964 ejus

161 987 443 1057 nequede
466 987 761 1050 mand-ito,
794 983 950 1056 quod
997 984 1279 1039 accidisse
1320 984 1640 1054 dicebatur,
1681 1000 1805 1040 eve·

159 1080 344 1131 nerat.
375 1074 592 1132 Tamen
620 1077 789 1144 jnxta
813 1074 965 1130 hanc
993 1072 1387 1130 innocentiam
1411 1090 1597 1137 suam.
1616 1075 1804 1130 comi-

158 1163 202 1219 ti
231 1164 566 1219 satisfacere
599 1168 868 1235 paratum
900 1178 961 1218 se
992 1161 1240 1218 dicebat.
1273 1162 1485 1233 Sicque
1518 1163 1800 1233 quotidie,

156 1252 341 1319 magis
369 1258 428 1308 et
467 1252 654 1320 magis
685 1251 1016 1308 Graecorum
1043 1252 1234 1319 doluS,
1267 1256 1323 1305 et
1364 1251 1522 1307 fraus
1551 1251 1802 1322 impera·

154 1341 299 1397 toris
328 1341 728 1413 detegebatur,
761 1341 842 1396 ita
873 1346 936 1396 ut
976 1341 1096 1410 jam
1148 1356 1320 1396 nemo
1349 1344 1504 1396 esset
1534 1342 1604 1397 de
1638 1345 1797 1412 prin·

152 1430 380 1503 cipibus
408 1430 500 1486 cui
531 1446 641 1486 non
675 1435 830 1486 esset
858 1431 1234 1484 manifestum
1273 1437 1328 1486 et
1371 1429 1495 1484 luce
1527 1431 1797 1484 meridia·

153 1536 230 1576 nu
259 1519 729 1589 clarius,iiuanto
746 1520 879 1575 odio
914 1519 1188 1591 populum
1219 1521 1678 1591 prosequebatur
1695 1537 1796 1575 no-

150 1614 340 1666 etrum
373 1621 421 1665 et
457 1627 626 1666 omne
660 1608 995 1664 Latinorum
1031 1625 1216 1680 genus
1248 1608 1482 1663 haberet
1510 1611 1789 1666 invisum.

1928 534 2231 590 cas-ionem.
2272 534 2559 602 Quidquid
2596 541 2787 589 autem
2841 535 3209 605 loquebatur,
3242 532 3410 589 dulus
3449 539 3577 593 erat

1925 631 1983 677 et
2010 624 2572 686 circumventio‚nec
2601 626 2674 679 oh
2697 624 2851 678 aliud
2889 625 3008 679 haee
3043 641 3144 695 pro
3175 638 3234 679 se
3261 624 3571 696 allegabat,

1926 714 2032 767 nisi
2067 714 2221 784 quod
2257 727 2579 768 nostrorum
2617 713 2970 785 presentibus
3013 713 3299 783 invidens,
3322 718 3433 771 suh
3465 714 3575 771 ali·

1923 818 2039 875 quo
2074 804 2318 875 quaesito
2348 802 2561 869 colore,
2595 803 2808 860 nostris
2839 820 3008 859 suam
3043 804 3415 862 subtraheret
3441 820 3576 874 ope-

1921 909 2069 961 ram,
2102 898 2158 950 et
2182 911 2540 962 processum.
2575 900 2862 967 quantum
2900 894 2951 950 ei
2979 893 3196 963 liceret,
3221 896 3413 951 modis
3450 912 3573 952 om·

1918 983 2090 1036 nibus
2141 983 2469 1053 impediret.
2498 983 2603 1048 Qui
2662 1001 2798 1040 vero
2836 1000 2994 1039 mare
3034 983 3159 1055 jam
3193 983 3567 1055 transierant,

1914 1072 2186 1128 dominus
2215 1073 2481 1130 videlicet
2535 1073 2905 1138 Godefridus‚
2938 1075 3217 1132 dominus
3273 1076 3567 1133 Boamun·

1912 1163 2344 1229 dus,dominus
2386 1180 2616 1236 quoque
2663 1165 2949 1221 Robertus
2998 1164 3447 1223 Flandrensium
3470 1183 3573 1223 co·

1911 1267 2034 1307 mes
2060 1260 2115 1308 et
2179 1253 2449 1309 dominiis
2504 1253 2806 1309 podiensis
2856 1254 3188 1326 episcopus,
3224 1255 3564 1319 compositis

1909 1341 2177 1408 sarcinis,
2202 1342 2271 1395 ad
2332 1341 2442 1397 iter
2497 1358 2697 1398 rursus
2743 1343 3153 1415 accinguntur,
3197 1347 3561 1415 propositum

1906 1428 2183 1486 habentes
2225 1447 2431 1486 versus
2480 1434 2721 1487 Nlcaeam
2777 1431 3132 1502 pedetentim
3165 1433 3470 1500 incedere;
3502 1437 3562 1490 et

1906 1520 1987 1574 ita
2008 1537 2162 1582 suos.
2186 1523 2286 1591 qui
2335 1521 2869 1592 subsequebantur,
2890 1522 3126 1593 operiri.
3157 1525 3416 1587 cumque
3458 1537 3561 1594 pet·

1902 1608 2055 1665 diem
2082 1626 2284 1666 versus
2325 1609 2889 1680 Nicomediam,quae
2922 1611 3077 1666 illius
3110 1613 3434 1678 provinciae,
3470 1613 3556 1668 Bi·

142 1696 580 1768 Verumtamen,
622 1699 902 1772 quoniam
939 1700 1010 1754 ad
1045 1698 1154 1752 alia
1205 1716 1405 1755 eorum
1447 1702 1794 1770 properabat
1830 1724 1874 1789 B
1906 1697 2115 1771 thyniie
2153 1698 2442 1762 videlicet,
2495 1700 2832 1768 metropolis
2875 1709 2963 1754 est
3023 1698 3295 1768 maxima,
3326 1718 3554 1773 proces·

144 1787 388 1845 intentio
417 1798 475 1844 et
504 1792 573 1844 ad
610 1789 723 1844 Deo
758 1789 941 1850 magis
980 1789 1253 1860 placitum
1304 1788 1660 1860 propositum
1689 1806 1789 1845 an·

140 1876 442 1943 belabant,
474 1879 1020 1948 tutiusjudicabant
1044 1878 1234 1934 illatas
1253 1878 1622 1935 dissimulare
1642 1879 1795 1949 inju-

137 1968 457 2039 rias,quain
495 1985 552 2024 se
583 1985 617 2023 a
649 1974 764 2024 tam
797 1969 893 2038 pio
927 1984 1194 2023 revocare
1247 1979 1523 2039 concepto
1553 1976 1654 2024 aut
1701 1986 1790 2026 as-

137 2064 372 2128 sumpto
400 2057 582 2115 labori
604 2057 1086 2127 impedimentum
1116 2057 1448 2114 ninistrare.

751 2147 981 2204 CAPUT
1024 2148 1169 2204 XXl.

134 2219 324 2278 Comes
352 2219 850 2276 intervenientibus
879 2221 1224 2288 principibus
1255 2221 1582 2286 imperatori·
1600 2238 1786 2278 recon-

201 2290 458 2346 ciuntur.
491 2291 702 2347 Invitat
730 2293 1346 2358 imperatctrem,utcum
1379 2293 1607 2352 reliquis
1621 2298 1782 2364 prin-

198 2363 409 2432 ciptbus
455 2364 862 2427 proficiscatur.
927 2363 1032 2431 Qui
1082 2378 1232 2419 mai-e
1259 2363 1621 2428 transieram,
1657 2381 1781 2420 vei·-

196 2432 556 2558 suqtivi'coeam
605 2434 961 2490 contendunt.
1017 2433 1202 2489 Comes
1231 2448 1318 2490 eos
1344 2434 1599 2506 protinus
1630 2437 1777 2495 inse·

197 2518 293 2578 qut
322 2520 413 2560 ur.

193 2590 402 2650 Comes
425 2591 780 2666 igitnrJuxta
804 2593 1129 2664 principum
1148 2594 1638 2665 exhortationem,
1660 2596 1772 2653 im-

122 2683 371 2756 peratori
405 2683 855 2752 recoiieiliatur;
897 2692 951 2738 et
1008 2686 1330 2741 seeundum
1374 2693 1630 2741 tenorem
1678 2689 1768 2757 ju·

122 2779 532 2841 ramentorum,
567 2789 735 2844 quein
801 2772 900 2829 alii
944 2775 1328 2843 praebuerant,
1363 2780 1420 2831 et
1468 2777 1591 2847 ipse
1615 2779 1770 2847 jura-

113 2867 377 2919 mentum
439 2863 735 2919 fidelitatis
779 2864 1085 2927 exhibens,
1126 2864 1182 2918 in
1239 2864 1467 2935 plenam
1521 2869 1761 2932 gratiam

112 2968 399 3020 reversus,
422 2953 592 3010 donis
613 2954 949 3026 ingentibus
973 2960 1029 3011 et
1046 2954 1348 3010 cumulatis
1373 2954 1761 3027 liberalitatis,

109 3059 233 3116 quie
284 3048 341 3100 et
389 3059 696 3100 numerum
748 3050 806 3100 et
839 3046 1067 3116 pondus
1088 3045 1406 3112 excederet,
1439 3046 1762 3105 honoratus

107 3137 217 3191 est.
247 3132 614 3199 Accipientes
647 3150 815 3202 porro
846 3133 1018 3189 etalii
1056 3135 1343 3205 principes
1381 3137 1582 3191 iterata
1606 3140 1756 3193 dona

107 3226 166 3279 et
186 3227 485 3279 sumentes
531 3220 846 3289 licentiam,
887 3223 1201 3295 ipsumque
1231 3225 1504 3280 comitem
1537 3228 1758 3298 specia-

101 3308 236 3368 liter
265 3318 560 3383 rogantes,
586 3329 657 3368 ne
688 3329 908 3369 moram
954 3320 1083 3384 post
1122 3330 1220 3369 eos
1254 3315 1486 3382 faceret,
1519 3317 1588 3370 ad
1621 3334 1755 3374 sniis

97 3399 156 3457 in
190 3399 484 3475 Bithynia.
519 3402 760 3458 transito
812 3401 1204 3474 Hellesponto,
1239 3420 1299 3458 se
1329 3405 1639 3462 conferunt
1670 3406 1749 3463 le·

99 3492 324 3564 giones.
355 3492 590 3548 Interim
616 3509 849 3564 quoque
877 3497 934 3548 et
965 3494 1183 3549 domini
1209 3495 1435 3551 comitis
1463 3496 1750 3552 exercitus

98 3578 660 3654 Constantinopolim
688 3583 967 3654 pervenit,
1002 3582 1100 3655 qui
1133 3584 1324 3639 statim
1356 3583 1426 3640 de
1471 3585 1748 3640 mandato

95 3668 307 3742 ipsius,
338 3671 412 3726 ad
471 3686 592 3739 eos,
625 3672 724 3744 qui
750 3688 812 3728 se
858 3679 1295 3742 praecesserant,
1320 3672 1632 3742 transiens,
1665 3690 1748 3730 re·

92 3758 272 3833 liquis
301 3759 650 3818 exercitibus
667 3766 756 3818 est
799 3760 1133 3833 adjunctus.
1165 3765 1370 3819 Comes
1401 3779 1532 3819 vero
1562 3763 1746 3835 gratia

95 3848 180 3907 rei
213 3849 523 3906 familiaris
548 3850 604 3905 in
667 3854 809 3908 urbe
836 3867 1058 3907 moram
1097 3853 1333 3921 faciens,
1371 3871 1470 3925 per
1490 3853 1614 3909 dies
1635 3853 1741 3909 ali·

95 3942 262 4009 quot,
295 3938 472 3993 simui
501 3942 560 3994 et
581 3939 903 3996 domestica
951 3943 1235 3996 tractabat
1265 3942 1519 4014 negotia,
1542 3947 1600 3998 et
1638 3958 1740 4015 pro

94 4025 374 4099 publicis,
407 4042 568 4082 more
629 4027 930 4097 prudentis
987 4030 1118 4099 viri,
1151 4046 1264 4085 non
1289 4031 1591 4086 desinebat
1611 4048 1740 4089 esse

86 4114 397 4174 sollicitus.
435 4115 579 4172 Nam
605 4119 753 4173 sicut
783 4119 855 4171 ab
878 4117 1011 4173 aliis
1044 4128 1279 4190 rogatus
1310 4128 1435 4176 erat
1465 4121 1739 4193 principi-

83 4204 222 4270 bus,
259 4204 674 4271 imperatorem
712 4207 1042 4274 frequenter
1070 4206 1329 4263 honestis
1354 4210 1738 4280 persuasioni-

87 4289 202 4347 bus
233 4289 534 4362 invitabat,
566 4294 716 4347 sicut
755 4297 814 4350 et
861 4294 958 4349 alii
1019 4302 1151 4351 ante
1179 4314 1307 4352 eum
1333 4298 1624 4370 sigillatim
1661 4302 1735 4357 se·

81 4386 306 4447 nerant,
342 4386 405 4436 ut
455 4382 891 4453 proficiscentes
923 4387 1318 4455 comitaretur,
1350 4394 1407 4443 et
1445 4390 1743 4457 exereitus¹

1904 1793 2141 1851 sissent,
2174 1788 2519 1844 venerabilis
2549 1790 2820 1844 sacerdos
2854 1788 3057 1845 Petrus
3088 1788 3345 1846 Eremita
3374 1793 3446 1847 de
3468 1791 3549 1846 lo-

1902 1879 1986 1931 eis
2045 1876 2157 1932 iltis
2208 1877 2494 1943 finitimis,
2533 1878 2588 1932 in
2649 1877 2867 1948 quibus
2928 1878 3134 1933 hiemis
3169 1879 3548 1948 asperitatem

1898 1967 2308 2035 declinaverat,
2350 1983 2481 2022 ciim
2544 1967 2766 2037 paucis,
2824 1968 2920 2038 qui
2982 1967 3052 2023 de
3117 1984 3224 2023 suo
3267 1971 3548 2026 comitatu

1896 2064 2062 2114 erant
2094 2058 2333 2126 residui,
2361 2057 2858 2128 proficiscentibus
2880 2073 3194 2114 occurrens
3225 2058 3549 2131 legionibus

1893 2153 1951 2202 et.
1984 2147 2342 2217 principibus
2371 2147 2657 2215 salutatis,
2692 2162 2892 2201 eurum
2934 2147 3180 2203 coetibus
3224 2149 3542 2218 adjunctus

1892 2244 2002 2292 est.
2036 2234 2142 2292 Ubi
2174 2238 2246 2290 ab
2277 2235 2551 2290 omnibus
2576 2237 2821 2307 benigne
2871 2242 3183 2304 susceptus
3211 2243 3269 2293 et
3300 2240 3371 2294 de
3401 2255 3541 2295 suo-

1890 2341 2022 2379 rum
2055 2342 2191 2380 casu
2225 2324 2537 2398 diligenter
2577 2326 2984 2397 interrogatus,
3021 2342 3140 2382 rem
3176 2327 3260 2382 eis
3278 2327 3537 2385 seriatim

1886 2416 2151 2487 aperuit;
2198 2415 2485 2484 quomodo
2543 2415 2706 2470 durae
2762 2417 3024 2484 cervicis,
3075 2415 3437 2486 incredulus,
3486 2425 3543 2475 et

1882 2508 2123 2560 omnino
2175 2502 2549 2560 indomabilis
2605 2510 2757 2560 esset
2814 2506 3083 2575 populiis,
3137 2505 3236 2576 qui
3302 2522 3438 2562 cum
3468 2521 3538 2563 eo

1883 2594 2587 2666 praecessera13quodque
2630 2595 2818 2665 magis
2857 2594 3032 2663 culpa
3063 2596 3319 2667 propria,
3350 2612 3526 2666 quam

1879 2684 2029 2738 facto
2051 2683 2311 2749 alterius,
2348 2682 2464 2737 illis
2521 2699 2826 2738 occurrens
2873 2684 3253 2739 intortunium
3287 2686 3533 2742 accidis·

1876 2779 1984 2827 set.
2008 2771 2168 2827 Unde
2188 2772 2608 2841 compatientes
2628 2774 2679 2826 ei
2706 2779 2763 2827 et
2784 2789 3023 2828 suorum
3040 2773 3340 2830 afflictioni
3362 2775 3523 2846 prin·

1872 2862 2054 2929 cipes,
2089 2862 2273 2917 multa
2304 2861 2388 2916 illi
2420 2870 2473 2917 et
2507 2861 2616 2930 his,
2652 2862 2906 2932 quietim
2939 2865 3348 2934 sequebantur,
3382 2863 3525 2919 libe-

1870 2950 2069 3007 raliter
2093 2950 2483 3006 contulerunt.
2518 2950 2896 3021 multiplicato
2948 2953 3127 3024 igitur
3153 2953 3433 3021 exercitu,
3464 2960 3523 3014 et

1870 3058 1939 3097 ex
1969 3041 2213 3097 diversis
2262 3043 2445 3112 copiis
2504 3043 2561 3097 in
2615 3058 2800 3098 unum
2856 3044 3335 3100 convenientibus
3367 3046 3518 3103 sacto

1875 3148 1979 3204 per
2009 3131 2106 3187 Dei
2141 3135 2388 3203 gratiam
2424 3131 2842 3195 numerosiore.
2865 3134 3213 3203 competenti
3249 3134 3514 3191 modera-

1865 3220 2022 3276 mine
2053 3223 2162 3276 iter
2216 3221 2611 3289 conficientes,
2655 3222 2898 3277 Nicaeam
2961 3229 3367 3293 pervenerunt.
3400 3222 3512 3281 Ubi

1861 3310 2073 3367 castris
2098 3328 2199 3382 per
2236 3327 2439 3383 gyrum
2491 3308 2813 3381 dispositis.
2864 3310 2990 3367 loca
3018 3320 3216 3367 tamen
3248 3313 3508 3370 venturis

1860 3400 2223 3472 principibus
2245 3403 2615 3472 deputantes.
2647 3400 2846 3456 urbem
2883 3417 3076 3456 meuse
3095 3402 3240 3458 Maio
3270 3402 3507 3476 quinta·

1860 3491 2089 3547 decima
2110 3492 2204 3546 die
2236 3493 2478 3559 mensis,
2510 3490 2885 3546 obsederunt.
2931 3490 3138 3547 Comes
3178 3500 3373 3547 autem
3400 3492 3510 3551 To·

1858 3579 2118 3645 lustinus,
2154 3581 2517 3652 pertractatis
2539 3580 2693 3652 apud
2735 3583 2933 3636 urbem
2984 3582 3199 3649 regiam
3233 3584 3501 3653 negotiis,

1856 3676 2095 3741 sumpta
2123 3673 2194 3727 ab
2230 3672 2575 3742 imperatore
2626 3668 2875 3736 licentia,
2933 3678 2985 3726 et
3038 3672 3254 3743 ingenti
3293 3688 3500 3730 rursus

1856 3776 2163 3815 munerum
2212 3758 2555 3814 liberalitate
2614 3758 2953 3823 honoratus,
2986 3775 3117 3815 cum
3168 3761 3315 3829 suis,
3349 3778 3497 3834 quos

1853 3866 2052 3907 seeum
2084 3848 2433 3914 detinuerat,
2465 3853 2659 3903 castra
2722 3864 2856 3904 cum
2897 3848 3058 3904 omni
3088 3848 3382 3907 celeritate
3401 3867 3493 3908 se·

1849 3951 2035 4008 cutus,
2068 3939 2136 3994 ad
2168 3938 2365 3994 urbem
2391 3939 2717 4009 praedictam
2744 3936 2905 3993 velox
2928 3939 3205 4008 pervenit.

1847 4100 2109 4158 liebertus
2146 4098 2586 4154 Normamiorom
2641 4113 2836 4165 comes,
2894 4106 2947 4153 et
2993 4096 3252 4155 dominus
3294 4100 3491 4157 Eusta-

1915 4173 2069 4227 chius
2098 4171 2251 4227 ducis
2279 4173 2477 4238 frater,
2506 4186 2630 4225 cum
2676 4186 2792 4224 suis
2850 4170 3149 4240 leqi'oiiibus
3179 4172 3493 4229 Con-‹tanti-

1912 4247 2155 4311 nopoli'm
2174 4246 2519 4311 perveniunt,
2542 4242 2610 4294 ab
2639 4242 2968 4302 imperatore
2986 4246 3294 4311 inperitiam
3307 4245 3489 4315 donis,

1912 4319 2155 4371 elmiiltii
2184 4316 2444 4382 preventi·
2488 4312 2918 4381 honorificentia.
2950 4315 3153 4369 Deinde
3196 4318 3490 4371 transeun-

1914 4394 1993 4443 tes
2026 4388 2448 4457 Hellespontum,
2476 4388 2708 4457 reliquis
2736 4387 3077 4453 principibus
3104 4403 3163 4440 se
3191 4388 3485 4445 associent.

80 4468 370 4527 Dominiei
395 4486 521 4527 esse
537 4473 836 4529 velletdux
861 4479 919 4528 et
944 4478 1296 4533 moderator.
1330 4473 1731 4536 commonitus
1764 4481 1814 4547 Ι)
1916 4476 2141 4533 Interea
2172 4477 2258 4530 vir
2287 4473 2529 4529 illustris
2551 4476 2822 4529 dominus
2867 4474 3153 4530 Rubertus
3192 4473 3485 4532 Norman·

78 4565 273 4618 autem
307 4577 457 4634 saepe
512 4567 570 4618 et
616 4564 827 4635 saepius
869 4565 1181 4635 praedictus
1212 4567 1523 4639 imperator
1551 4585 1582 4623 a
1614 4569 1727 4625 sin·

76 4649 230 4725 gulis
269 4655 599 4709 nostrorum
660 4653 1010 4726 principum,
1042 4659 1101 4711 et
1140 4656 1390 4713 maxime
1421 4675 1452 4712 a
1484 4658 1720 4717 domino

77 4741 289 4798 comite
314 4740 624 4811 Tolosano,
660 4749 725 4800 ut
782 4743 1068 4801 Dominici
1091 4747 1378 4802 exercitus
1409 4747 1527 4803 dux
1551 4756 1603 4803 et
1627 4765 1721 4805 co-

71 4842 198 4887 mes
230 4844 361 4886 esse
392 4831 752 4903 dignaretur,
787 4840 840 4891 et
874 4835 1244 4906 populorum,
1279 4836 1377 4908 qui
1423 4853 1487 4893 se
1508 4837 1720 4896 divinis

67 4917 367 4987 ohsequiis
393 4924 882 4992 mancipaverant,
901 4926 1070 4981 vellet
1088 4926 1350 4982 obtinere
1371 4928 1715 4996 primatum:

71 5009 390 5062 excusabat
421 5024 503 5069 se.
536 5012 735 5066 dicens
767 5015 918 5084 quod
965 5015 1164 5070 hostes
1196 5016 1344 5071 circa
1389 5034 1449 5073 si·
1478 5018 1718 5075 haberet

67 5095 466 5153 ferocissimos
528 5099 825 5172 Biilgaros,
854 5103 1225 5168 Cummanos,
1259 5115 1314 5161 et
1347 5106 1712 5177 pincenates,

66 5185 165 5257 qui
218 5186 362 5242 fines
417 5188 643 5258 imperii
690 5190 815 5246 sine
872 5193 1305 5250 intermissione
1362 5198 1710 5265 circuibant,

71 5283 397 5346 quaerentes
467 5284 980 5350 opportunitatem,
1035 5289 1095 5338 ut
1137 5288 1331 5339 subito
1375 5294 1613 5354 possent.
1641 5287 1708 5342 ii·-

59 5376 230 5418 ruere
251 5373 307 5420 et
326 5369 453 5435 ejus
486 5371 716 5425 turbare
748 5373 1227 5443 tranquillitatem
1280 5375 1543 5446 Ideoque,
1578 5375 1709 5433 licet

62 5454 218 5512 votis
249 5453 570 5524 plurimum
622 5462 954 5520 conveniret
994 5469 1169 5520 tantia
1219 5466 1706 5538 peregrinationis

58 5540 275 5600 habere
303 5546 664 5606 consortium
694 5553 751 5607 et
780 5550 990 5609 tuturis
1037 5552 1438 5612 retributionis
1471 5570 1703 5628 exspec-

1835 4587 2044 4627 norum
2078 4584 2272 4624 comes
2303 4575 2355 4623 et
2396 4565 2489 4621 alii
2524 4568 2582 4622 in
2622 4568 2820 4622 eodem
2848 4567 3125 4623 comitatu
3158 4567 3263 4623 viri
3287 4569 3489 4626 claris-

1831 4659 2003 4718 simi:
2036 4659 2309 4714 dominus
2353 4658 2620 4713 videlicet
2666 4657 2999 4729 Stephanus
3036 4657 3480 4717 carnotensium

1830 4765 2029 4807 comes
2050 4753 2107 4803 et
2132 4747 2802 4815 Blesensium,dominus
2833 4763 3068 4819 quoque
3102 4747 3477 4819 Eustachius,

1831 4840 2051 4897 domini
2086 4838 2387 4894 Godefridi
2414 4838 2579 4893 ducis
2628 4837 2826 4898 stater.
2850 4838 3035 4894 missa
3077 4839 3289 4896 iterum
3320 4839 3478 4912 lega·

1831 4930 2008 4996 tione,
2039 4933 2158 4983 tam
2192 4926 2426 4982 domino
2463 4926 2795 4997 imperatori
2830 4943 3006 5000 quam
3036 4927 3335 4995 fratribus,
3369 4929 3479 4984 ad·

1827 5026 2062 5073 ventum
2096 5016 2349 5073 suumin
2384 5018 2645 5087 proximo
2670 5018 2931 5073 futurum
2951 5018 3323 5072 denuntiant.
3343 5017 3476 5073 Erat

1823 5119 2014 5164 autem
2075 5124 2199 5162 cum
2250 5106 2354 5169 eis,
2387 5107 2717 5177 Stephanus
2767 5122 2963 5162 comes
3003 5107 3075 5163 de
3114 5107 3470 5174 Albamaria,

1820 5199 2039 5253 Alanus
2071 5197 2406 5259 Fergandus
2427 5202 2485 5251 et
2529 5196 2825 5260 Curianus,
2849 5199 3022 5253 ambi»
3046 5197 3118 5251 de
3153 5195 3471 5266 Britannia,

1822 5288 2015 5354 magni
2068 5286 2336 5348 virizsed
2380 5291 2437 5340 et
2484 5301 2679 5341 comes
2733 5286 3074 5342 perchensis
3115 5285 3466 5356 Rotholdus,

1819 5376 2072 5442 Rogerus
2101 5378 2169 5430 de
2203 5374 2543 5431 Barnevilla.
2583 5374 2647 5429 ui
2696 5391 2901 5430 omnes
2928 5390 3059 5432 cum
3094 5375 3225 5430 aliis
3258 5375 3467 5433 multis

1815 5466 1958 5523 viris
1995 5464 2293 5538 preclaris
2325 5464 2709 5532 etnubilibus,
2730 5479 2866 5522 eum
2889 5462 3340 5521 Flandrensium
3372 5480 3474 5523 oo·

1815 5555 1957 5615 mite
1984 5559 2044 5612 et
2097 5554 2336 5612 domino
2382 5551 2623 5629 Hugone
2673 5553 2906 5631 Magno,
2936 5569 3089 5613 anno
3145 5554 3466 5630 preterito.
