3784 6000
184 215 307 281 ³87

1255 216 1681 281 GUILLELMI
1723 219 2114 283 TYRENSIS
2155 220 2520 283 ARGfflEP.

183 350 551 410 vendicabat.
581 352 867 410 Rohertus
907 351 1059 407 enim
1091 350 1471 418 Guiscardus,
1503 351 1828 408 Boamundi
1853 352 1909 420 Α
1940 353 2160 409 minem
2198 359 2257 409 et
2282 353 2539 410 honesta
2556 348 3366 419 conversationis,litteratum
3387 350 3593 420 etiam,

183 439 432 497 senioris
486 446 669 516 pater,
701 447 759 499 et
806 442 1060 513 Rogerus
1116 439 1327 499 Siciliae
1363 455 1579 508 comes,
1611 440 1710 512 qui
1741 455 1835 498 co·

178 529 558 601 gnominatua
586 535 675 589 est
738 532 942 599 Bursa,
975 529 1154 601 hujus
1205 531 1413 603 Rogeri
1461 530 1613 604 regis
1644 536 1829 604 pater,

179 616 388 676 fratres
419 621 659 677 fuerunt
686 634 756 676 ex
799 624 1049 692 utroque
1097 623 1359 691 parente.
1391 619 1603 676 Junior
1632 624 1831 677 autem

177 704 580 775 Boamuudus,
604 708 857 765 senioris
886 708 1067 779 illius,
1102 708 1214 764 fuit
1263 711 1429 780 pater
1466 708 1640 766 istius
1691 711 1831 766 ado-

176 792 514 852 lescentnlae
533 796 610 854 ad
638 798 810 870 cujus
865 797 1103 870 nuptias
1133 797 1450 870 prodictus
1489 796 1833 857 adolescens

178 882 545 944 Raimundus
574 888 957 945 invitabatur.
984 887 1313 960 Oportebat
1360 887 1538 961 igitur
1567 893 1736 945 caute
1761 889 1833 945 il-

176 973 301 1032 lum
357 976 607 1045 evocari,
642 992 715 1034 ue
770 981 1070 1050 comperto
1123 976 1256 1047 ejus
1317 976 1590 1044 adventu,
1631 978 1829 1045 autvi,

180 1068 282 1120 aut
338 1064 594 1132 insidiis,
626 1067 756 1137 ejus
809 1065 1008 1122 emuli
1063 1064 1451 1139 proepedirent
1503 1081 1828 1122 accessum.

182 1149 283 1207 His
325 1152 499 1224 igitur
520 1152 601 1209 ita
630 1152 952 1225 dispositis,
981 1152 1261 1210 dominus
1291 1167 1413 1220 rex,
1446 1158 1833 1224 prosequente

180 1255 318 1298 eum
349 1240 755 1299 universorum
786 1241 994 1315 gratia,
1025 1242 1095 1298 ad
1129 1246 1325 1314 partes
1356 1241 1832 1315 Hierosolymita-

182 1342 288 1386 nas
307 1343 373 1386 se
400 1329 673 1388 contulit.

834 1437 1069 1496 CAPUT
1106 1438 1172 1495 X.

175 1525 490 1583 Ber-nardus
527 1526 897 1584 Antiochensis
937 1527 1268 1593 patriarcha
1328 1527 1566 1584 moritur
1588 1546 1604 1595 3
1630 1527 1832 1585 Radal-

244 1596 793 1727 zl‘tauzamistonus
833 1600 1274 1674 archiepiscopus
1321 1599 1376 1656 ei
1429 1600 1669 1657 succedit
1703 1616 1829 1656 cum

1935 441 1987 513 ej
1995 443 2196 500 usdem
2215 440 2476 499 ecclesia
2498 439 3104 503 archidiaconnum.in
3119 439 3377 512 quodam
3393 439 3596 514 presi-

1933 531 2028 587 dio
2057 535 2334 603 tanquam
2356 532 2509 587 viros
2531 529 2905 603 sanguinum,
2928 528 2990 587 in
3007 528 3401 586 diversorium
3433 528 3594 585 calce

1934 620 2168 693 plenum
2201 618 2446 677 detrusit
2479 618 2538 677 in
2570 635 2884 689 carcerem,
2915 622 2971 675 et
3001 635 3105 691 per
3134 618 3356 676 multos
3387 618 3596 676 afflixit

1933 709 2081 778 dies,
2113 709 2311 766 dicens
2338 724 2438 765 eos
2465 707 2527 764 in
2552 711 2797 765 mortem
2847 723 3014 764 suam
3057 706 3441 780 conspirasse.
3463 708 3594 764 Haec

1933 802 1991 854 et
2017 798 2089 853 iis
2120 798 2360 867 similia,
2392 796 2453 854 io
2486 796 2751 855 subditos
2783 796 2959 853 effera
2980 801 3174 854 mente
3195 801 3593 868 pertractans,

1936 887 2337 943 universorum
2366 886 2428 942 iu
2450 902 2512 943 se
2541 885 2887 957 provocabat
2915 885 3133 943 odium.
3165 884 3391 958 Vixque
3427 885 3587 943 iuter

1935 973 2249 1036 familiares
2263 979 2318 1030 et
2335 974 2708 1041 domesticos,
2729 989 2912 1044 parvas
2934 972 3198 1030 stimulis
3209 973 3590 1032 conscientias

1934 1063 2205 1136 agitatuS,
2232 1068 2395 1120 tutus
2413 1062 2463 1118 ei
2495 1062 2800 1119 videbatur
2818 1061 2998 1119 locus.
3013 1061 3123 1119 Sed
3153 1062 3227 1120 de
3258 1062 3350 1119 hle
3384 1061 3587 1119 bacte-

1934 1167 2069 1220 nus,
2102 1167 2235 1208 nam
2291 1152 2349 1208 iu
2397 1150 2796 1222 sequentibus,
2829 1154 3089 1223 tempore
3127 1154 3480 1224 opportuno,
3512 1152 3585 1208 de

1934 1242 2062 1314 ejus
2096 1241 2252 1298 exitu
2284 1257 2389 1298 suo
2430 1241 2553 1298 loco
2584 1240 2868 1297 dicemus,

1932 1403 2097 1474 Papa
2119 1403 2392 1459 Honorius
2414 1403 2527 1458 vita
2554 1401 2765 1458 decedit
2785 1418 2811 1468 ,⁰
2828 1401 3189 1458 substituitur
3227 1403 3282 1457 ei
3311 1404 3589 1459 Innocen-

2003 1477 2110 1530 tius
2131 1491 2156 1541 ,⁸
2204 1474 2389 1530 oritur
2416 1473 2653 1529 schisma
2705 1472 3103 1545 periculosum.
3142 1472 3450 1529 Willelmus
3481 1474 3590 1544 Ty-

2003 1548 2180 1602 remis
2207 1546 2644 1617 archiepiscopus
2670 1559 2837 1601 carne
2891 1543 3093 1615 mim-at
3114 1561 3134 1600 .·
3171 1544 3503 1601 Pulcherius
3530 1546 3588 1601 ei

2002 1617 2391 1744 εἴὸεεὶιαίωη
2416 1618 2642 1675 Romam
2676 1615 3045 1689 proficiscitur
3062 1617 3342 1689 mallium
3360 1615 3504 1689 petit
3531 1620 3586 1673 et

1997 1704 2027 1744 o
2065 1692 2227 1746 tinet.

248 1774 354 1832 Per
375 1774 531 1832 idem
548 1779 801 1848 tempus,
832 1777 1158 1835 Bernardus
1187 1779 1275 1835 vir
1304 1778 1666 1851 grandevus,
1693 1776 1821 1850 plu·
1848 1734 1898 1801 B
2000 1776 2149 1834 Dum
2181 1776 2301 1833 hoec
2321 1776 2380 1833 in
2411 1775 2648 1832 Oriente
2673 1777 3269 1848 geruntur,dominus
3289 1776 3588 1834 Honorius

180 1864 396 1921 rimum
431 1864 595 1921 bonas
626 1867 945 1935 memoriae,
978 1867 1223 1938 simplex
1263 1884 1330 1923 ac
1364 1867 1580 1924 timens
1609 1866 1817 1934 Deum,

176 1953 406 2026 primus
420 1953 762 2010 Latinorum
785 1955 939 2028 apud
965 1956 1332 2012 Antiochiam
1357 1956 1821 2029 patriarcha,tri-

174 2042 390 2100 cesimo
419 2048 584 2102 sexto
612 2044 705 2100 sui
734 2043 1110 2116 pontificatus
1141 2061 1317 2114 anuo,
1349 2047 1501 2102 viam
1537 2049 1819 2103 universis

176 2133 371 2191 carnis
397 2133 701 2207 ingressus
731 2139 836 2192 est.
870 2136 1014 2191 Post
1041 2136 1212 2208 cujus
1243 2137 1489 2204 obitum,
1521 2153 1652 2194 cum
1678 2138 1819 2193 uni-

176 2221 327 2280 versi
344 2222 503 2280 iilius
558 2224 938 2297 amplissimas
971 2225 1128 2281 sedis
1157 2225 1538 2298 suffraganei,
1571 2231 1694 2282 tam
1728 2243 1821 2283 ar·

176 2310 529 2385 chlepiscopi
569 2327 749 2384 quam
780 2314 1062 2385 episcopi,
1094 2314 1168 2369 de
1198 2329 1356 2370 more
1388 2315 1820 2383 convenissent,

179 2405 245 2456 ut
272 2399 529 2458 ecclesio
560 2400 809 2472 pastoris
839 2401 1135 2458 destituto
1193 2401 1402 2460 solatio
1438 2402 1660 2461 utiliter
1689 2419 1822 2475 pro·

176 2488 440 2545 viderent
471 2492 568 2558 ;et
595 2503 773 2560 super
801 2506 867 2545 eo
923 2489 1053 2561 ipso
1099 2497 1213 2547 tam
1243 2491 1464 2547 salubri
1498 2494 1727 2564 negotio
1760 2493 1820 2552 in

177 2574 393 2648 palatio
450 2575 844 2646 patriarchali,
872 2577 1265 2647 diligentiores
1313 2585 1518 2636 mutuo
1567 2582 1737 2652 (sicut
1758 2582 1817 2639 in

176 2663 395 2722 talibus
416 2663 538 2721 fleri
558 2663 733 2737 solet)
762 2664 1127 2723 haberentur
1150 2672 1450 2737 tractatus,
1479 2670 1819 2744 Radulphus

179 2753 415 2824 quidam
440 2752 828 2810 Mamistanus
849 2754 1350 2829 archiepiscopus,
1371 2757 1443 2814 de
1469 2768 1658 2816 castro
1683 2761 1821 2816 Dau-

180 2842 343 2898 srunt
364 2840 675 2912 oriundus,
709 2844 863 2915 quod
897 2844 954 2900 in
969 2845 1225 2902 cousinio
1245 2846 1618 2904 Normauniae
1638 2853 1695 2904 et
1710 2848 1823 2906 Ce-

181 2931 888 2989 nomanensisdioeoeseos
902 2933 1085 2990 situm
1106 2935 1823 3011 est,virmilitaris‚magni·

180 3022 330 3080 fleus
357 3027 414 3079 et
442 3021 700 3079 liberalis
719 3021 1062 3093 plurimum,
1085 3025 1238 3095 plebi
1260 3031 1318 3082 et
1344 3029 1595 3098 equestri
1619 3030 1687 3086 ad
1699 3046 1824 3086 mo-

182 3112 324 3168 dum
356 3111 1077 3185 aoceptusordini‚absque
1110 3114 1354 3170 i'ratrum
1369 3122 1426 3172 et
1454 3118 1824 3191 coepiscopo·
1855 3104 1908 3170 G

184 3216 315 3258 rum
347 3199 725 3269 conscientia,
758 3199 878 3255 solo
920 3200 1141 3273 populi,
1168 3211 1228 3258 ul
1273 3204 1506 3275 dicitur,
1546 3207 1825 3280 suffragio

184 3289 404 3348 electus
433 3292 544 3358 est,
573 3293 633 3345 et
661 3288 722 3344 in
752 3288 1086 3346 cathedram
1111 3290 1397 3364 Principis
1427 3295 1825 3366 apostolorum

187 3377 639 3436 inthronizatus.
680 3378 843 3445 Quod
885 3378 1188 3435 audientes
1219 3381 1320 3453 qui
1352 3382 1419 3437 ad
1455 3382 1585 3453 hoo,
1621 3390 1685 3440 ut
1714 3387 1823 3443 sibi

188 3466 604 3542 patriarcham,
641 3471 875 3524 auctore
904 3467 1171 3534 Domino,
1209 3470 1583 3542 praeiicerent,
1616 3491 1825 3532 conve-

187 3560 416 3624 nerant,
449 3555 718 3612 timentes
746 3555 996 3613 [urentis
1025 3560 1084 3614 et
1109 3558 1481 3617 vociferantis
1513 3564 1709 3633 populi
1731 3565 1824 3621 in·

182 3645 465 3704 discretos
494 3646 771 3718 impetus,
804 3645 972 3703 divisi
996 3652 1137 3703 sunt
1168 3648 1239 3704 ab
1272 3648 1540 3718 invicem,
1565 3652 1614 3707 ei
1647 3669 1823 3725 quem

183 3750 297 3792 non
351 3733 650 3806 elegerant
680 3734 1077 3791 odedientiam
1131 3737 1403 3794 exhibere
1462 3748 1822 3801 recusantes.

101 3831 111 3840 '
178 3822 495 3882 llletamen
526 3822 912 3880 nibilominus
929 3824 1234 3882 ecclesiam
1267 3832 1323 3884 et
1342 3829 1621 3900 palatium
1657 3848 1830 3890 occu-

176 3928 344 3985 pans,
368 3913 565 3969 statim
599 3915 725 3970 sine
777 3928 942 3970 mora
973 3914 1211 3987 pallium
1247 3915 1318 3972 de
1344 3918 1509 3973 altari
1538 3919 1689 3977 beati
1723 3922 1825 3979 Pe-

179 4002 278 4073 tri,
295 4000 456 4057 nulla
469 4002 541 4059 ad
578 4000 896 4059 Ecclesiam
919 4001 1245 4062 Romanam
1271 4006 1467 4064 habita
1480 4011 1824 4081 reverentia,

175 4090 287 4147 sibi
301 4090 645 4163 assumpsit.
668 4091 952 4148 Processu
969 4108 1200 4165 quoque
1212 4097 1490 4166 temporis
1512 4099 1827 4158 nonnullos

174 4179 249 4237 de
278 4179 660 4250 suffraganeis
694 4178 954 4235 ecclesia
995 4181 1055 4237 in
1096 4199 1261 4240 suam
1295 4189 1531 4242 attraxit
1561 4205 1827 4246 commu·

177 4267 433 4323 nionem.
457 4266 528 4321 Et
556 4272 623 4322 ut
678 4273 981 4322 mutorum
1042 4269 1319 4328 relatione
1347 4279 1741 4348 cognovimus,
1774 4292 1830 4348 si

176 4353 592 4414 canonicorum
621 4352 877 4410 ecclesias
908 4371 1108 4427 pacem
1139 4359 1442 4429 amplexus
1473 4365 1698 4436 suisset,
1721 4384 1826 4426 neo

1931 1882 2083 1937 papa
2104 1870 2426 1923 extremum
2449 1865 2605 1921 diem
2638 1864 2936 1933 claudens,
2971 1865 3144 1922 fatale
3173 1864 3438 1923 debitum
3471 1866 3587 1922 sol-

1930 1956 2333 2028 vit3dumque
2379 1954 2451 2011 de
2490 1954 2910 2011 substituendo
2971 1955 3021 2011 ei
3067 1970 3404 2013 successore
3435 1954 3593 2011 inter

1930 2045 2252 2102 cardinales
2273 2050 2639 2111 tractaretur,
2661 2044 2844 2100 divisa
2864 2048 3002 2100 sunt
3020 2057 3220 2100 eorum
3245 2042 3570 2100 desideria:

1930 2133 2011 2189 ita
2041 2135 2217 2206 quod,
2242 2151 2357 2190 non
2388 2135 2649 2190 valentes
2680 2132 2740 2188 in
2770 2131 2925 2189 idem
2958 2132 3423 2199 consonare,sub
3457 2148 3586 2190 con·

1931 2224 2189 2280 tentione
2221 2224 2369 2279 duos
2398 2222 2718 2295 elegerunt,
2745 2221 3089 2294 Gregorium
3123 2220 3410 2290 videlicet,
3447 2222 3582 2278 dia-

1933 2328 2142 2368 conum
2164 2312 2513 2368 cardinalem
2544 2310 2737 2367 Sancti
2768 2309 2996 2382 Angeli,
3030 2326 3202 2381 quem
3228 2326 3585 2367 consecran-

1933 2406 2020 2458 tes
2049 2406 2400 2457 vocavetunt
2422 2401 2823 2456 Innocentium
2849 2405 2938 2467 ;et
2962 2400 3211 2469 Petrum,
3231 2400 3331 2472 qui
3350 2415 3576 2473 cogno·

1935 2492 2192 2546 minatus
2222 2495 2310 2547 est
2337 2490 2562 2555 LeoniS,
2587 2491 2992 2562 presbyterum
3014 2488 3578 2557 cardinalem,tituli

1933 2581 2159 2637 Sanctae
2191 2581 2386 2636 Marias
2417 2579 2848 2647 Transtiberim,
2882 2596 3016 2651 quae
3055 2579 3273 2636 dicitur
3304 2578 3579 2636 Fundens

1932 2675 2150 2739 oleum,
2183 2685 2358 2743 quem
2408 2670 2580 2726 etiarn
2639 2673 3072 2734 consecrantes,
3101 2669 3201 2740 qui
3232 2684 3365 2725 cum
3388 2668 3581 2741 elege-

1935 2763 2089 2829 rant,
2152 2758 2495 2815 Anacletum
2551 2762 2919 2815 vocaverunt.
2977 2757 3186 2814 Ortum
3253 2762 3344 2814 est
3401 2757 3582 2831 igitur

1935 2849 2194 2907 schisma
2225 2847 2615 2920 periculosum
2650 2848 2850 2917 nimis,
2881 2848 2962 2903 ita
2992 2851 3193 2904 utnon
3224 2845 3421 2904 solum
3452 2862 3582 2920 quas

1935 2940 2088 2996 infra
2117 2938 2330 2995 Urbem
2362 2937 3005 3010 erantpericlitarentur
3032 2935 3289 2994 ecclesias
3311 2940 3369 2993 et
3393 2952 3576 3010 popu-

1934 3029 2028 3087 lus
2061 3035 2266 3087 mutua
2295 3030 2449 3085 caede
2479 3029 2720 3101 periret3
2754 3044 2952 3085 verum
3010 3029 3188 3085 etiam
3239 3043 3390 3100 pene
3419 3028 3576 3085 orbis

1937 3125 2339 3177 concuteretur
2372 3119 2699 3186 universus,
2733 3133 3028 3190 regnaque
3067 3115 3312 3173 diversis
3329 3131 3581 3173 accensa

1936 3210 2144 3267 studiis
2171 3209 2323 3264 inter
2339 3224 2400 3265 se
2422 3207 2857 3264 colliderentur.
2883 3205 3148 3263 Obtinuit
3177 3205 3584 3277 tandem,poet

1936 3299 2156 3355 multos
2187 3298 2413 3355 labores
2444 3305 2499 3353 et
2520 3298 2805 3354 immensa
2831 3295 3089 3368 pericula
3107 3295 3388 3352 dominus
3411 3295 3554 3352 lnuo

1936 3389 2179 3454 centius,
2214 3388 2484 3459 praedicto
2513 3388 2705 3452 Petro,
2721 3389 2968 3458 papatus
3003 3385 3236 3452 aemulo,
3265 3382 3434 3456 prius
3459 3385 3580 3440 vita

1936 3479 2307 3549 defungente.
2331 3477 2436 3533 Per
2456 3481 2691 3533 eosdem
2712 3476 2835 3531 dies
2860 3474 3132 3547 migravit
3160 3473 3231 3530 ad
3265 3473 3574 3530 Dominum

1937 3570 2132 3625 carnis
2161 3583 2334 3624 onere
2354 3567 2639 3639 deposito,
2673 3563 2982 3638 praedictus
3031 3569 3228 3620 noster
3258 3563 3577 3636 prodeces-

1937 3673 2034 3714 sor
2060 3656 2411 3727 Willelmus,
2447 3656 2672 3728 primus
2727 3655 3085 3721 Latinorum,
3113 3653 3459 3725 Tyrensium
3490 3669 3580 3708 ar-

1935 3746 2358 3818 chiepiscopus,
2390 3749 2520 3817 post
2567 3743 2723 3799 urbis
2765 3742 3191 3799 liberationem.
3221 3740 3372 3797 Nam
3433 3743 3575 3797 dum

1936 3835 2128 3893 adhuc
2166 3835 2238 3891 ab
2281 3834 2550 3890 hostibus
2571 3832 3267 3897 detineretur,ordinatus
3289 3831 3480 3888 suerat
3503 3832 3574 3887 ad

1938 3925 2173 3981 titulum
2230 3923 2493 3995 ejusdem
2531 3921 2785 3980 ecclesias
2834 3921 3073 3995 quidam
3129 3920 3278 3984 Odo,
3306 3920 3578 3993 quiante

1936 4014 2198 4084 ejusdem
2231 4012 2391 4068 urbis
2412 4011 2813 4068 liberationem
2828 4010 3310 4075 vitadecesserat,
3343 4014 3410 4066 ut
3429 4025 3579 4082 prae-

1939 4102 2178 4159 missum
2210 4105 2297 4158 est
2326 4116 2340 4168 ;
2365 4101 2829 4157 cuisubstitutus
2852 4099 3226 4157 estdominus
3259 4097 3578 4156 Fulcherus

1937 4190 2099 4248 bonoe
2133 4190 2424 4247 memorias
2454 4189 2838 4261 Aquitanicus
2875 4189 3132 4256 natione,
3164 4187 3351 4260 patria
3379 4186 3578 4259 Bugo-

1937 4279 2257 4348 lismensis,
2286 4281 2373 4336 vir
2403 4278 2707 4350 religiosus
2738 4295 2803 4335 ac
2860 4279 3075 4335 timens
3121 4283 3328 4345 Deum,
3355 4276 3580 4334 modice

1938 4370 2240 4438 litteratus,
2272 4372 2371 4427 sed
2432 4379 2701 4428 constans
2755 4374 2812 4425 et
2839 4373 3060 4426 amator
3094 4367 3440 4440 disciplina.
3475 4366 3580 4423 Hic

176 4456 379 4501 eorum
405 4441 634 4499 turbare
653 4443 1054 4514 possessiones
1074 4446 1282 4519 spiritu
1305 4454 1591 4523 superbiae
1608 4455 1818 4515 ductus
1850 4475 1897 4542 υ
1928 4461 2078 4533 apud
2111 4477 2248 4518 suos
2261 4460 2443 4518 abbas
2461 4460 2764 4516 exstiterat
2775 4458 3185 4516 canonicorum
3215 4455 3578 4529 regularium

174 4531 667 4607 presumpsisset,
699 4533 989 4605 potuisset
1018 4537 1342 4609 tranquillo
1364 4544 1516 4598 statu
1536 4543 1716 4601 vitam
1739 4546 1819 4604 ihi

171 4621 552 4695 transegisse.
575 4622 682 4679 Sed
705 4622 844 4694 quia
865 4630 1191 4695 verumest,
1212 4629 1367 4699 quod
1381 4633 1818 4703 proverbialiter

171 4710 287 4768 dici
316 4711 464 4767 solet
494 4726 508 4767 z
539 4712 780 4785 Difficile
805 4722 884 4770 est
912 4720 973 4770 ut
1006 4716 1139 4773 borio
1159 4716 1506 4776 claudantur
1531 4723 1662 4794 fine,
1696 4741 1818 4797 quae

169 4800 318 4858 mulo
343 4806 475 4857 sunt
507 4799 764 4859 inchoata
787 4805 1103 4877 principio:
1136 4808 1386 4879 peccatis
1417 4812 1542 4869 suis
1583 4814 1806 4887 exigen-

170 4889 352 4958 tibus,
377 4906 493 4960 prre
528 4892 900 4949 multitudiue
928 4894 1264 4954 divitiarum
1294 4898 1374 4956 ila
1403 4901 1592 4960 iactus
1622 4909 1713 4961 est
1733 4906 1820 4963 in·

172 4975 391 5046 solens,
422 4986 478 5034 et
509 4981 797 5037 neminem
819 4999 934 5055 prae
966 5000 1028 5042 se
1047 4985 1268 5043 ducens
1289 4987 1610 5060 hominem,
1635 4999 1699 5050 ut
1719 5012 1820 5067 po-

173 5066 294 5124 tius
330 5066 788 5141 Antiochiquam
810 5071 963 5128 Petri
982 5074 1070 5129 vel
1106 5076 1312 5147 Ignatii
1334 5094 1736 5139 successorum
1752 5101 1815 5142 se

169 5154 486 5213 exhiberet.
520 5156 767 5228 Maiores
812 5162 971 5218 enim
1038 5163 1314 5235 ecclesie,
1357 5170 1504 5226 alios
1534 5171 1816 5228 violenter

168 5243 359 5316 ejecit,
383 5243 530 5301 alios
582 5246 835 5306 vinculis
876 5253 934 5307 et
984 5254 1223 5322 carceri,
1258 5258 1424 5325 quasi
1476 5260 1814 5329 capitalium

168 5352 321 5406 reos,
336 5336 862 5407 mancipavit.1nter
878 5358 1024 5412 quos
1046 5346 1358 5416 quemdam
1377 5351 1689 5407 Arnulium
1708 5368 1815 5408 no-

165 5423 341 5493 mine,
368 5423 678 5485 Calabrum
709 5429 965 5499 natione,
996 5434 1186 5490 virum
1219 5436 1421 5509 utique
1464 5441 1715 5498 nobilem
1756 5447 1814 5499 et

162 5511 667 5588 litteratum,item
697 5518 1071 5582 humbertum
1087 5523 1249 5584 miro
1278 5528 1811 5614 simplicitatis-ho·-

1925 4550 1986 4607 in
2021 4549 2378 4606 monasterio
2437 4548 2531 4605 cui
2584 4546 2741 4603 Gella
2782 4563 3034 4615 nomem
3067 4546 3164 4603 sed
3196 4546 3577 4618 postmodum

1924 4646 2177 4712 tempore
2200 4637 2461 4711 praedicti
2487 4634 2841 4705 schismatis,
2866 4636 3022 4708 quod
3063 4635 3216 4692 inter
3269 4634 3576 4692 dominum

1927 4727 2325 4785 Innocentium
2350 4741 2558 4798 papam
2589 4730 2647 4781 et
2686 4724 2914 4781 Petrum
2962 4723 3107 4781 Petri
3138 4722 3345 4780 Leonis
3387 4723 3575 4780 fllium

1923 4822 2181 4875 exortum
2205 4820 2312 4884 cst,
2343 4814 2542 4871 favens
2569 4814 2838 4886 praedicto
2867 4814 3033 4871 Petro
3055 4812 3347 4870 Gerardus
3380 4816 3580 4886 Engo-

1925 4905 2218 4964 lismensis
2246 4907 2577 4977 episcopus,
2612 4902 2940 4975 apostolicae
2989 4902 3149 4960 sedis
3186 4901 3441 4974 legatus,
3471 4901 3574 4958 alii

1924 4998 2071 5068 parti
2103 5001 2446 5066 praestantes
2466 5009 2777 5049 assensum
2799 4992 3083 5049 molestiis
3118 4989 3572 5063 quampluribus

1922 5085 2219 5155 fatigabat.
2249 5087 2413 5152 Quod
2445 5084 2533 5139 vir
2586 5083 2716 5139 vitm
2769 5080 3120 5138 venerabilis
3191 5097 3309 5137 non
3355 5080 3571 5149 terens,

1921 5179 2156 5246 sumpta
2184 5173 2421 5229 licentia
2445 5190 2478 5227 a
2509 5171 2803 5231 tratribus,
2837 5169 3117 5226 orationis
3149 5168 3340 5242 gratia
3373 5167 3578 5226 Hiero-

1920 5265 2206 5336 solymam
2266 5262 2443 5329 venit,
2474 5261 2829 5331 tandemque
2895 5260 2953 5315 iu
3004 5260 3262 5316 claustro
3308 5257 3573 5314 ecelesias

1925 5353 2204 5409 Dominici
2235 5350 2500 5424 Sepulcri
2514 5349 2837 5421 regularem
2861 5349 3043 5405 vitam
3074 5352 3131 5405 et
3159 5347 3573 5404 assiduitatem

1922 5443 2240 5515 professus,
2271 5441 2343 5497 ad
2375 5438 2678 5497 ecclesiam
2708 5438 3019 5510 Tyn-ensem
3058 5443 3295 5494 vocatus
3325 5440 3438 5494 est.
3463 5433 3581 5492 Re·

1918 5530 2003 5590 xit
2043 5534 2242 5590 autem
2289 5529 2552 5588 eamdem
2599 5526 2908 5588 ecclesiam
2945 5530 3184 5586 strenue
3224 5529 3287 5585 et
3327 5522 3579 5588 feliciter
