3784 6000
100 294 175 355 81
1629 300 2062 364 EPISTOLAE.
3434 293 3516 357 82

101 430 159 485 in
174 427 1759 507 regularsscanonicosmonasteriumtransformari,ut
1785 440 1845 507 A
1873 435 2153 510 Magnum
2210 440 2298 492 est
2343 434 2498 507 quod
2526 433 2600 490 ad
2651 431 2853 490 horam
2884 430 3160 489 subvenit
3204 428 3514 505 indigenti,

102 517 234 590 ipsa
250 516 485 591 species
504 516 730 575 ordinis
746 517 1042 588 innovata,
1062 517 1295 591 plenius
1316 537 1548 579 omnem
1573 523 1759 595 possit

104 607 311 665 tollere
329 610 680 665 vetustatem
693 648 709 675 ,
741 610 801 665 et
812 611 1021 668 cetera
1044 610 1295 685 exempli
1318 612 1622 671 severitate
1639 630 1761 673 mo-

102 695 365 753 nasteria
384 698 735 752 terreantur.
771 695 924 753 Sunt
953 698 1114 754 enim
1147 698 1365 772 aliqua,
1415 715 1666 772 quorum
1696 701 1756 759 in

102 786 325 841 tantam
342 782 653 842 dissolutio
664 785 932 858 prorupit
944 787 1266 856 audaciam,
1282 793 1344 844 ut
1360 788 1757 847 confusionem

101 890 270 931 suam
297 874 674 946 deprebensa
691 874 868 932 etiam
891 892 1007 933 non
1022 880 1304 951 agnoscat
1325 878 1629 952 iniquitas,
1654 879 1756 938 sed

102 963 399 1021 induratis
430 963 721 1022 frontibus
755 981 986 1038 semper
1030 966 1341 1026 obstinatio
1389 969 1755 1027 convalescit.

101 1054 185 1111 Sic
218 1057 423 1110 autem
443 1052 614 1112 locus
642 1053 742 1111 ille
767 1055 826 1111 in
857 1059 1075 1113 statum
1107 1057 1394 1131 dignioris
1417 1059 1637 1117 ordinis
1658 1075 1759 1117 ex-

104 1148 388 1215 surgeret,
410 1147 473 1200 et
491 1143 711 1216 ubique
741 1161 972 1217 semper
993 1147 1161 1219 quasi
1182 1164 1441 1221 praesens
1457 1165 1588 1206 esse
1616 1166 1755 1221 apo-

105 1230 303 1290 stolica
340 1231 631 1290 severitas
660 1233 1011 1291 crederetur.
1072 1236 1359 1293 Praeterea
1399 1237 1756 1309 provinciam

105 1326 356 1380 nostram
375 1322 784 1394 frequentibus
795 1324 1450 1399 monasteriis,ipsisque
1460 1327 1759 1386 nobilibus

105 1414 323 1470 oenum
352 1414 450 1469 est
479 1410 807 1483 abundare,
835 1413 1144 1472 canonicas
1191 1415 1490 1491 regulares
1541 1434 1759 1489 paucas

108 1503 295 1573 babet,
308 1502 596 1576 ipsasque
614 1504 1040 1576 pauperrimas,
1057 1506 1202 1563 adeo
1217 1514 1277 1562 ut
1292 1507 1361 1562 ad
1380 1508 1758 1578 quaerendum

20 1648 23 1653 ,
110 1591 368 1650 ordinem
400 1590 571 1649 illum
601 1591 950 1666 plerumque
979 1598 1268 1652 nostrates
1285 1600 1550 1669 oporteat
1571 1598 1642 1653 ad
1669 1613 1758 1653 re-

111 1682 301 1755 giones
314 1685 633 1739 extraneas
646 1681 992 1755 demigrare.
1010 1684 1235 1741 Bonum
1260 1688 1456 1758 itaque
1466 1683 1762 1759 plerisque

1864 526 2054 598 malus
2074 525 2229 598 quod
2251 525 2311 581 in
2333 524 2457 583 dies
2477 538 2782 597 annosque
2800 520 3144 592 renascitur,
3163 524 3392 595 quotut
3411 537 3517 579 sat-

1864 615 1996 688 pius
2026 615 2281 673 conferat
2309 613 2599 687 frequenti
2619 610 2979 669 revolutione
3008 611 3201 668 denuo
3223 610 3510 669 reforma-

1862 710 1977 763 tur.
2009 707 2157 763 Sane
2186 704 2537 762 beneficium
2576 703 2688 759 boc
2726 718 2841 758 non
2891 699 3178 759 minuitur
3221 703 3516 773 tempore,

1862 796 1962 855 sed
1984 799 2252 868 augetur,
2275 798 2712 867 proventusque
2733 791 3226 864 perseverantiam
3249 790 3519 849 redivivo

1862 889 2163 943 conservat
2183 882 2478 940 industria
2496 881 2809 955 largitatis.
2843 878 3030 937 Multa
3058 879 3391 953 simplicem
3420 880 3518 937 do-

1861 975 2159 1034 nationem
2173 972 2466 1032 commoda
2479 968 3218 1044 prosequentur,totiesque
3231 969 3516 1027 donatum

1859 1062 1933 1119 iri
1963 1062 2277 1131 videbitur,
2333 1060 2556 1133 quoties
2606 1058 2740 1116 novi
2796 1057 3164 1116 redeuntium
3206 1058 3514 1114 fructuum

1863 1150 2147 1225 manipuli
2182 1158 2587 1224 congerentur.
2612 1147 2804 1220 Majus
2834 1147 3013 1204 etiam
3043 1151 3132 1205 est
3151 1147 3249 1218 Jus
3271 1144 3512 1218 aliquod

1864 1243 2116 1299 donasse
2143 1256 2318 1314 quam
2340 1255 2551 1311 corpus
2576 1237 2890 1311 :quoniam
2911 1237 3052 1309 jura
3070 1235 3362 1309 frequenti
3377 1250 3510 1308 per·

1865 1334 2127 1406 ceptione
2156 1332 2410 1390 subnixa
2437 1332 2595 1400 suut,
2623 1328 2879 1401 simplici
2909 1343 3042 1385 vero
3071 1325 3384 1384 traditione
3413 1341 3520 1385 cu·

1858 1422 2106 1495 ¹iuslibct
2116 1420 2376 1493 corporis
2387 1419 2624 1477 donatio
2637 1421 3099 1475 consummatur.
3113 1415 3146 1474 J
3154 1432 3225 1474 us
3239 1414 3516 1485 dedistis,

1868 1528 1940 1569 ne
1980 1510 2158 1568 citius
2198 1508 2617 1567 munificentiae
2637 1510 2839 1564 vestroe
2863 1505 3055 1580 gratia
3079 1503 3419 1577 preteriret,
3450 1510 3515 1560 ut

1865 1601 2017 1659 sicut
2035 1601 2188 1671 apud
2222 1616 2320 1656 vos
2339 1598 2572 1656 virtutis
2593 1613 2710 1655 non
2733 1595 2978 1669 tepescit
3006 1593 3258 1663 affectio,
3277 1592 3366 1651 ita
3384 1608 3519 1666 pro-

1869 1698 2074 1764 rogata
2103 1690 2163 1746 in
2195 1693 2548 1762 perpetuum
2606 1684 2972 1743 liberalitatis
2997 1688 3204 1742 vestro
3236 1681 3517 1743 benefida

20 1770 23 1781 '
111 1770 421 1837 videretur,
440 1771 490 1828 si
512 1770 778 1843 paucitas
793 1772 1211 1831 monachorum
1227 1774 1586 1833 dissolutain
1606 1775 1763 1833 mul·
1788 1801 1838 1867 Β
1867 1779 2258 1838 convalerent.
2279 1777 2564 1834 Praeterea
2592 1774 2929 1832 liberalitati
2957 1772 3264 1847 prudentia
3291 1772 3520 1831 disere·

20 1872 23 1881 ·
112 1859 419 1917 titudinem
442 1859 803 1934 regularium
823 1866 1176 1920 excresceret
1188 1863 1359 1921 cleric
1368 1872 1627 1934 orum,et
1644 1864 1756 1923 col·

112 1949 306 2007 locatis
326 1947 556 2007 utiliter
573 1949 658 2008 eis
680 1951 781 2024 qui
803 1949 876 2008 ab
902 1951 1262 2011 institutione
1284 1958 1549 2012 materna
1568 1955 1757 2012 desci-

114 2037 622 2109 vissenoscuntur,
634 2039 827 2096 caeteri
844 2048 1105 2100 materno
1116 2046 1360 2115 possent
1381 2043 1606 2117 gremio
1627 2061 1761 2100 con-

20 2130 29 2153 ’
116 2126 293 2195 tineri,
317 2143 398 2184 ne
416 2130 703 2200 tanquam
730 2128 1003 2186 ablactati
1040 2131 1112 2186 ad
1143 2130 1472 2204 ignotarum
1508 2138 1757 2190 matrum

20 2258 27 2299 :
118 2215 427 2273 severiores
440 2215 813 2289 depellantur
824 2216 1145 2291 amplexus.
1162 2218 1458 2295 Siquidem
1477 2220 1587 2279 hoc
1610 2221 1761 2279 facto

22 2310 27 2325 '
120 2306 168 2362 in
195 2308 485 2363 nocentes
515 2305 677 2363 utilis
711 2305 971 2364 vindicta
1015 2309 1311 2381 procedet,
1362 2326 1491 2383 ques
1533 2310 1765 2369 sublata

22 2388 31 2445 ἶ
122 2397 459 2471 corporibus
508 2398 792 2471 peccandi
844 2398 1102 2468 licentia,
1171 2406 1357 2459 totum
1405 2403 1471 2459 ad
1513 2402 1764 2462 salutem

124 2488 367 2545 conferet
392 2486 753 2557 animarum,
770 2490 908 2546 etad
931 2491 1321 2549 consecranda
1336 2491 1576 2550 novellas
1597 2492 1765 2566 plan-

124 2576 346 2634 tationis
376 2576 649 2650 auspicia
678 2578 955 2650 proniora
984 2580 1193 2637 favoris
1222 2581 1440 2653 publici
1469 2590 1602 2641 vota
1626 2599 1768 2642 cou-

28 2668 33 2675 '
127 2670 370 2724 current.

510 2862 587 2903 an
628 2863 892 2905 asenna
906 2757 1375 2907 Lgimmnusm.

184 2936 333 3002 Quot
394 2934 697 3007 scandala,
742 2953 870 3011 quie
915 2937 1266 2996 detrimenta
1324 2940 1523 2997 domui
1555 2944 1666 2997 tua
1696 2957 1766 2999 ex

128 3037 287 3079 eausa
296 3023 710 3081 absentiarum
723 3027 955 3083 tuarum
980 3029 1371 3099 provenerint,
1387 3032 1490 3085 tua
1508 3029 1765 3088 fraterni-

1865 1868 2046 1926 tionis
2065 1867 2332 1938 accessit,
2356 1866 2635 1938 quoniam
2665 1865 2718 1921 ei
2734 1863 3008 1934 dedistis,
3027 1864 3201 1935 quus
3220 1862 3387 1920 vobis
3403 1860 3512 1919 bo·

1869 1962 2091 2024 nestas,
2109 1956 2283 2027 cujus
2296 1955 2610 2022 industria,
2625 1953 2717 2025 cuj
2728 1970 2797 2009 us
2808 1951 3083 2009 sedulitas
3095 1950 3357 2008 officiosa
3367 1966 3523 2008 com-

1868 2046 2104 2121 placuit.
2128 2045 2242 2102 Nec
2267 2045 2477 2118 ignotae
2498 2059 2781 2115 persona,
2805 2056 2910 2098 nec
2936 2040 3128 2097 inutili
3152 2038 3510 2107 contulistis,

1869 2136 1921 2194 si
1951 2135 2003 2193 ei
2046 2135 2216 2206 cujus
2250 2133 2457 2189 merita
2489 2132 2903 2203 praecesserant
2931 2133 2989 2185 et
3027 2134 3368 2200 aequentur,
3407 2127 3510 2200 qul

1867 2225 2036 2282 vobis
2055 2222 2248 2280 animo
2268 2227 2327 2278 et
2347 2236 2587 2294 corpore
2607 2218 2683 2277 ad
2703 2217 3008 2277 cumulum
3026 2217 3344 2288 gratiarum
3365 2215 3517 2272 refe·

1871 2325 1961 2373 rat
1993 2315 2276 2376 actiones.
2308 2317 2373 2370 ut
2394 2313 2528 2384 Jure
2556 2309 2817 2369 debeatis
2848 2310 2919 2366 de
2949 2307 3219 2366 exteriori
3239 2307 3432 2364 fructu
3460 2310 3521 2364 et

1871 2403 2227 2464 conscientia
2247 2401 2648 2460 testimonium
2670 2399 2927 2472 gloriari.
2943 2398 3059 2469 Ego
3079 2401 3278 2454 tamen
3297 2396 3522 2468 impen-

1874 2509 2010 2552 sum
2024 2492 2181 2566 quod
2203 2490 2424 2548 fecistis
2449 2489 2639 2563 potius
2652 2488 2797 2545 mibi
2809 2494 3032 2558 reputo,
3046 2485 3183 2558 quia
3193 2484 3344 2557 quod
3358 2483 3522 2558 prius

1875 2584 2274 2651 differebatur,
2323 2582 2395 2639 ad
2443 2581 2632 2654 prima
2676 2579 2877 2636 statim
2908 2575 3348 2635 intercessionis
3377 2591 3519 2633 meas

1872 2674 2050 2730 verba
2079 2687 2427 2731 concessum
2458 2680 2566 2734 est,
2616 2673 2682 2727 ut
2736 2684 2927 2726 meam
2967 2665 3296 2739 specialiter
3341 2680 3412 2721 ex
3452 2680 3522 2722 eo

1870 2761 2216 2820 videremini
2249 2761 2499 2835 gratiam
2530 2759 2847 2817 affectasse.
2879 2758 3032 2814 Sane
3068 2756 3256 2826 major
3300 2752 3525 2813 exstitit

1872 2853 1935 2909 in
1957 2850 2284 2909 exhibendo
2300 2849 2602 2908 donatoris
2613 2847 2904 2917 hilaritas,
2917 2861 3095 2920 quam
3108 2844 3169 2902 in
3180 2843 3522 2917 accipiendo

1875 2940 2228 2999 desiderium
2248 2938 2619 3014 postulantis.
2633 2935 2949 2993 Pulchrum
2970 2949 3113 2992 sane
3127 2938 3189 2991 et
3205 2932 3523 3007 predican-

1874 3032 2017 3088 dum
2045 3030 2417 3098 beneficium,
2449 3027 2613 3085 nulla
2632 3041 2988 3098 suspensum
3011 3023 3313 3093 dilatione,
3345 3020 3522 3080 nullis

126 3114 205 3168 tas
234 3128 347 3171 non
384 3113 647 3186 ignorat.
677 3118 863 3188 Super
916 3131 1030 3188 quo
1059 3133 1196 3175 cum
1224 3133 1350 3176 rem
1398 3120 1468 3177 ad
1501 3123 1763 3179 nostram
1873 3124 2237 3193 redemptum
2277 3117 2571 3193 precibus,
2629 3115 2812 3173 nullis
2843 3113 3063 3171 meritis
3092 3115 3514 3186 comparatum.

123 3207 331 3260 certum
361 3203 446 3260 sit
467 3202 837 3277 diligentiam
858 3207 1169 3279 pertinere,
1186 3209 1569 3282 precepimus
1590 3215 1646 3267 te
1666 3228 1764 3269 va·
1790 3168 1835 3237 c
1874 3212 2028 3270 Nihil
2051 3211 2110 3267 in
2132 3225 2198 3268 eo
2222 3208 2332 3265 fuit
2352 3207 2511 3282 quod
2533 3205 2797 3265 beneficii
2811 3205 3104 3261 minueret
3125 3202 3514 3274 medestatem.

122 3291 511 3365 gnacobibere
530 3291 858 3364 discursus,
884 3299 944 3352 et
958 3295 1181 3354 debitas
1203 3314 1378 3371 super
1400 3314 1633 3374 gregem
1655 3300 1764 3358 tibi

121 3382 502 3439 commissum
525 3381 753 3454 vigilias
772 3382 1014 3458 vigilare
1037 3402 1051 3440 τ
1084 3402 1189 3443 nec
1208 3388 1279 3444 ad
1304 3392 1555 3446 remotas
1574 3390 1765 3449 disce-

120 3469 239 3529 dere
260 3471 563 3545 regiones,
596 3472 711 3529 nisi
741 3472 905 3547 prius
935 3473 1216 3549 disposita
1258 3478 1430 3536 domo
1478 3494 1761 3552 personas

118 3560 939 3635 nobisassignassesidoneas,
952 3580 1080 3636 quo
1097 3582 1292 3623 curam
1307 3567 1520 3625 domus
1531 3567 1762 3626 interim

117 3661 301 3719 gerere
320 3655 598 3722 possent,
618 3648 787 3722 eique
816 3650 878 3706 in
908 3651 1317 3723 spiritualibus
1337 3659 1396 3712 et
1424 3656 1761 3728 temporali-

117 3735 213 3792 bus
240 3737 474 3796 utiliter
493 3737 812 3811 providere.
848 3741 935 3797 Tu
958 3757 1089 3799 vero
1119 3745 1381 3818 neglecta
1409 3745 1758 3819 episcopalis

115 3826 457 3885 anctoritate
476 3827 765 3900 mandati,
786 3829 907 3887 imo
928 3836 1028 3888 tua
1044 3836 1104 3890 et
1123 3833 1452 3891 animarum
1474 3834 1581 3892 tibi
1600 3851 1759 3894 com-

118 3917 431 3975 mimarum
450 3915 641 3974 salute
660 3919 1004 3994 postposita,
1032 3920 1159 3980 sine
1174 3928 1373 3981 nostra
1402 3925 1757 3985 conscientia

118 4005 463 4077 dhoessisti,
486 4006 726 4065 nemine
749 4006 910 4067 domi
939 4008 1158 4081 relicto,
1183 4013 1354 4085 cujus
1388 4030 1478 4071 res
1505 4023 1601 4072 aut
1632 4031 1764 4082 pro·

117 4096 363 4155 videntia
380 4094 567 4170 dirigi
577 4101 771 4169 posset
782 4103 886 4155 aut
901 4098 1205 4175 diligentia
1220 4103 1556 4176 gubernari.
1571 4105 1763 4179 Unde,

118 4184 260 4244 sicut
280 4187 355 4244 ad
395 4189 571 4244 tuem
591 4187 884 4246 credimus
906 4188 1172 4246 notitiam
1209 4192 1564 4262 pervenisse,
1596 4198 1681 4251 tot
1700 4195 1759 4252 in

120 4275 307 4333 eodem
339 4274 477 4334 loco
507 4277 880 4349 postmodum
909 4278 1122 4351 probra
1149 4279 1468 4337 commissa
1496 4287 1657 4353 sunt,
1699 4286 1763 4340 ut

121 4369 173 4420 st
193 4367 495 4438 regionem
522 4367 783 4423 nostram
814 4368 1268 4426 scandalizatam
1291 4385 1421 4427 esse
1440 4376 1685 4444 constet,
1705 4377 1763 4431 et

122 4453 539 4512 monasterium
569 4454 818 4526 turpiter
861 4455 1233 4515 infamatum.
1290 4458 1397 4516 Per
1452 4462 1762 4532 prasentia

1870 3300 2241 3360 Proevenistis
2264 3315 2357 3356 me
2376 3298 2480 3371 qui
2501 3313 2705 3354 omnes
2726 3295 3062 3354 occasiones
3082 3292 3280 3352 venari
3310 3293 3520 3350 decre-

1868 3408 2089 3460 veram,
2124 3395 2186 3446 ut
2213 3406 2313 3447 vos
2343 3389 2612 3461 impenso
2653 3385 2915 3459 quolibet
2962 3383 3281 3441 liberaliter
3324 3381 3516 3439 cilicio

1870 3480 2266 3555 provenirem.
2289 3478 2465 3551 Igitur
2485 3493 2580 3534 me
2610 3476 2927 3533 debitorem
2952 3488 3045 3532 me
3075 3470 3516 3545 magnificentia

1867 3572 2063 3628 vestra
2088 3566 2411 3635 constituit,
2443 3569 2510 3622 ut
2536 3580 2606 3622 ex
2632 3565 2744 3621 boc
2773 3579 2932 3620 nunc
2987 3561 3213 3619 solvere
3239 3560 3510 3628 debeam,

1869 3677 1986 3720 non
2017 3659 2260 3726 donare,
2292 3657 2430 3730 quia
2475 3658 2629 3729 quod
2689 3657 2839 3713 bene
2869 3652 3114 3710 merenti
3145 3650 3514 3724 rependitur,

1866 3748 2148 3806 illustrari
2178 3746 2511 3805 donationis
2540 3745 2775 3802 nomine
2805 3759 2919 3800 non
2952 3744 3225 3799 meretur.

2622 3833 2763 3890 LIV.

1867 3943 1944 3985 an
1995 3940 2266 3983 nomam«
2304 3937 2608 3980 mancum
2657 3935 2968 3977 sensusne
3004 3930 3511 3974 ancnisriscom.

1942 4014 2277 4087 Philippum
2304 4016 2566 4069 vestrum
2595 4009 2668 4067 de
2693 4008 3025 4068 chaumont
3054 4022 3189 4066 cum
3218 4005 3373 4078 apud
3402 4020 3514 4063 nos

1868 4104 1927 4161 in
1963 4100 2419 4174 Rothomagensi
2450 4102 2781 4157 moraretur
2808 4096 3076 4166 eeclesia,
3106 4095 3354 4153 honesta
3382 4110 3514 4153 con·

1868 4192 2117 4252 versatio
2147 4198 2349 4248 notum
2380 4188 2550 4247 nobis
2592 4188 2848 4246 reddidit
2874 4191 2932 4244 et
2977 4188 3303 4258 acceptum.
3331 4184 3512 4242 Acoe-

1868 4282 2046 4341 debat
2073 4282 2144 4339 ad
2168 4279 2418 4353 gratiam
2449 4279 2605 4352 quod
2627 4277 2685 4334 in
2709 4277 2938 4335 actibus
2952 4275 3084 4347 ejus
3112 4273 3257 4348 regii
3278 4269 3515 4347 sangui-

1871 4373 1965 4429 nis
1977 4369 2313 4428 excellentia
2325 4368 3028 4441 reiulgebat,dignamque
3041 4362 3516 4425 tantanobilltate

1871 4460 2128 4519 liberalis
2140 4451 3516 4533 prudentiaformabatindustriam,utaliossicut

120 4540 305 4616 itaque
333 4541 560 4616 scripta
590 4542 699 4600 tibi
731 4544 1102 4614 mandamus,
1136 4551 1202 4603 ut
1232 4547 1383 4606 infra
1419 4548 1757 4607 vicesimam
1787 4537 1836 4603 D
1865 4565 2099 4625 genere,
2118 4550 2207 4607 sic
2238 4549 2503 4606 moribus
2530 4547 2806 4605 excedere
2826 4544 3142 4603 videretur.
3163 4542 3361 4599 Traxit
3373 4556 3508 4598 eum

120 4629 255 4690 diem
288 4636 433 4705 post
456 4632 851 4705 acceptionem
874 4636 1248 4706 presentium
1280 4635 1625 4708 litterarum,
1659 4656 1757 4697 re-

120 4725 262 4778 nota
288 4721 464 4779 omni
492 4721 800 4779 occasione
829 4722 1047 4791 redeas,
1080 4724 1194 4783 nisi
1224 4729 1327 4783 aut
1368 4727 1545 4785 maris
1571 4728 1757 4787 incle-

120 4813 355 4878 mentia,
390 4814 499 4867 aut
525 4809 838 4884 corporali,
872 4812 1027 4884 quod
1058 4814 1216 4871 absit
1246 4813 1262 4871 1
1296 4816 1476 4873 fueris
1505 4818 1755 4876 infirmi-

120 4903 223 4958 tate
247 4899 558 4959 detentus.
590 4898 863 4974 Alioquin
919 4917 988 4958 ex
1015 4918 1084 4960 ea
1109 4903 1203 4962 die
1232 4905 1305 4962 ab
1341 4906 1534 4964 officio
1562 4907 1759 4965 altaris

122 4989 426 5048 etintroitn
440 4989 709 5048 omnium
729 4989 1133 5064 ecclesiarum,
1148 5009 1217 5051 ea
1230 5010 1346 5066 qua
1363 4995 1470 5052 tibi
1483 5013 1596 5069 pro
1616 4998 1761 5055 emi-

122 5095 337 5149 nemus,
368 5083 431 5137 te
458 5079 690 5137 noveris
721 5080 1065 5139 auctoritate
1101 5098 1481 5155 suspensum.

178 5282 246 5324 so
282 5279 654 5324 unaarum«
691 5279 1369 5325 wmuonaersnisussu
1397 5284 1687 5329 assarta.

178 5354 281 5414 Pro
299 5356 545 5412 Simone
564 5356 767 5412 nostro
786 5352 1009 5427 gratias
1024 5357 1228 5412 vestras
1257 5357 1440 5415 refero
1461 5358 1759 5428 charitati,

128 5445 241 5518 {aia
255 5447 456 5520 ipsum
477 5444 699 5504 innato
728 5441 896 5502 vobis
913 5444 1187 5504 bonitatis
1208 5446 1372 5506 oculo
1393 5450 1758 5523 respexistis,

130 5535 329 5610 ipsique
358 5535 717 5592 beneficium
749 5549 869 5593 non
896 5535 1238 5611 temporale,
1269 5537 1461 5597 sedin
1491 5538 1758 5614 longiora

134 5621 453 5686 tiaratorum
469 5629 733 5700 tempora
741 5622 1382 5700 prcvidamunificsntia
1389 5628 1757 5704 prestiti-tin.

1867 4643 1927 4697 et
1944 4637 2251 4696 desideriis
2277 4637 2495 4694 nostris
2527 4635 2774 4693 abstulit
2816 4632 3157 4706 magnitudo
3204 4633 3419 4699 vestra,
3451 4633 3515 4685 ut

1866 4727 2214 4802 propinquis
2235 4741 2445 4799 genere
2465 4725 2629 4782 fleret
2648 4722 3087 4782 conversatione
3108 4717 3511 4791 propinquior,

1868 4817 2194 4890 vestrisque
2205 4817 2378 4888 cuius
2388 4818 2546 4872 totus
2556 4816 2645 4871 est
2659 4810 3019 4880 mancipatus
3029 4806 3510 4880 obsequiis,apud

1867 4905 2367 4979 magnificentiam
2380 4908 2632 4961 vestram
2649 4899 2924 4958 doctrino
2943 4900 3287 4971 proventum
3303 4896 3515 4955 faceret

1864 5002 1923 5054 et
1951 4996 2217 5051 fortuna.
2250 4992 2578 5051 Exsultavit
2607 4990 2803 5063 igitur,
2836 4992 2899 5045 et
2923 5004 2987 5046 se
3015 4987 3079 5045 in
3107 4986 3313 5046 multis
3329 4988 3508 5046 bene-

1865 5083 2160 5143 ficentiam
2187 5086 2441 5140 vestram
2471 5079 2732 5138 sensisse
2758 5078 2998 5152 gavisus
3025 5082 3134 5148 est,
3164 5081 3330 5136 tanto
3372 5093 3514 5135 sane

1867 5174 2134 5245 alacrior,
2167 5176 2387 5248 quanto
2434 5172 2507 5228 de
2554 5169 2828 5243 primitiis
2870 5169 3069 5242 gratia
3099 5171 3297 5225 vestras
3330 5166 3513 5238 major

1868 5268 2092 5339 poterat
2111 5264 2183 5321 de
2214 5263 2408 5319 futuro
2432 5260 2647 5318 fiducia
2677 5259 2996 5332 provenire.
3020 5256 3260 5315 Interim
3290 5259 3509 5324 tamen,

1866 5354 2017 5412 sicut
2037 5355 2163 5427 ipse
2182 5352 2506 5425 lacrymose
2526 5349 2925 5423 conqueritur,
2947 5351 3104 5405 mota
3124 5349 3216 5402 est
3234 5345 3512 5403 adversus

1864 5442 2258 5502 innocentiam
2280 5441 2410 5515 ejus
2431 5445 2622 5500 vestra
2648 5439 2955 5509 serenitas,
2975 5441 3087 5493 eta
3107 5441 3385 5508 concepta
3404 5450 3511 5509 spe

1863 5535 2174 5612 elongatus
2186 5539 2276 5596 est
2285 5532 2722 5609 aliquantulum
2734 5530 2961 5591 amicus
2973 5531 3029 5588 et
3043 5526 3370 5602 proximus,
3389 5526 3511 5586 nisi

1866 5629 2007 5704 quia
2037 5628 2497 5706 desperationem
2527 5625 2780 5687 excludit
2811 5621 3117 5683 sinceritas
3137 5618 3508 5681 conscientias
