3784 6000
178 300 295 363 187

1270 290 1616 354 ARNULFI
1662 291 2172 355 LEXOVIENSIS
2213 292 2339 355 EPI
2352 290 2567 354 SCOPI

3482 295 3602 360 188

173 438 442 508 tentiam,
485 436 740 504 insidiis,
789 436 907 491 imo
954 430 1223 506 potentiae
1262 445 1391 486 sese
1431 428 1821 485 Petri-Leonis
1850 431 1906 498 Α
1934 434 1992 486 et
2019 433 2179 487 extra
2207 431 2409 486 urbem
2442 445 2623 501 usque
2670 432 2741 487 ad
2774 430 2921 488 sines
2956 435 3128 490 terrae
3170 436 3292 493 teta
3316 435 3444 506 jam
3479 436 3602 495 fere

173 527 407 601 objecit.
441 528 507 582 In
541 540 607 582 eo
642 531 837 581 autem
871 538 987 594 quo
1018 520 1222 577 ordine
1254 518 1519 590 sequenti
1551 519 1642 574 die
1675 518 1824 575 Petri

174 616 556 690 processisset
582 614 853 682 intrusio,
882 628 991 667 non
1015 609 1233 666 diutius
1254 608 1627 677 immorabor,
1650 624 1822 678 quam

175 711 242 762 ut
261 703 505 761 dixerim
527 704 719 759 virum
745 706 995 774 turpem,
1015 699 1292 755 soedatum
1315 696 1827 768 infamia,fpublica

175 793 600 852 existimatione
651 794 992 849 damnatum
1019 806 1033 845 ε
1085 788 1372 862 posterius
1419 804 1453 842 a
1459 826 1589 843 ......
1634 793 1691 842 et
1720 803 1827 858 pa-

175 883 440 940 rentibus
456 899 587 939 esse
606 879 958 954 promotum.
975 880 1057 935 Ad
1083 885 1139 936 te
1153 878 1546 951 potissimum,
1562 876 1821 937 Girarde.

172 975 450 1042 revertar,
483 978 548 1028 ut
586 970 728 1044 quid
753 969 938 1043 egeris
959 974 1085 1026 orta
1106 971 1453 1040 tempestate
1484 981 1824 1038 cognoscas,

169 1063 228 1118 et
248 1077 418 1118 aures
435 1068 544 1117 tua)
566 1076 766 1118 eorum
792 1076 920 1131 quae
945 1056 1095 1113 male
1124 1055 1354 1130 gessisti
1396 1054 1828 1112 contundantur

174 1149 403 1207 auditu.

831 1237 1065 1293 CAPUT
1095 1234 1163 1293 V.

247 1329 527 1386 Nuntiato
558 1328 619 1384 in
651 1328 850 1385 Galliis
881 1328 1209 1395 schismate,
1240 1325 1377 1382 dum
1426 1341 1526 1396 pro
1567 1324 1827 1397 partibus

175 1419 331 1477 vario
380 1419 571 1475 favore
603 1417 775 1474 multi
807 1416 990 1474 multa
1017 1416 1363 1488 loquuntur,
1394 1413 1694 1487 fidelisque
1727 1430 1826 1484 po-

176 1509 352 1584 pulus
383 1509 623 1579 ancipiti
656 1514 920 1580 raptatur
948 1523 1162 1575 errore,
1206 1507 1429 1577 primus
1461 1520 1702 1577 regnum
1727 1503 1832 1559 Ca·

176 1598 427 1656 thelicus
463 1598 734 1671 princeps
764 1614 862 1654 rex
893 1597 1245 1653 Francorum
1274 1594 1589 1650 Ludovicus
1627 1609 1829 1649 occur-

178 1688 274 1747 rit.
306 1690 362 1744 Is
393 1687 606 1744 vocatis
627 1687 936 1759 episeopis,
959 1691 1015 1742 et
1035 1685 1308 1742 omnibus
1335 1685 1436 1756 qui
1468 1685 1719 1756 probatae
1744 1699 1831 1739 re-

182 1775 420 1849 ligionis
471 1776 531 1832 in
591 1774 792 1833 Galliis
848 1775 1228 1842 habebantur,
1288 1775 1596 1829 convocato
1654 1773 1828 1828 etiam

182 1866 337 1923 clero
369 1865 648 1938 regnique
703 1865 1047 1935 maioribus,
1079 1862 1392 1920 concilium
1426 1862 1634 1919 statuit
1663 1878 1834 1934 gene-

180 1955 319 2014 rale.
353 1955 617 2026 Cumque
640 1970 702 2010 ec
724 1953 1136 2010 Petro—Leonis
1159 1952 1232 2008 ob
1254 1969 1362 2008 sua
1381 1960 1433 2008 et
1466 1951 1647 2025 patris
1668 1954 1834 2008 obse·

183 2045 323 2119 quia
345 2045 624 2101 fateretur
641 2043 981 2109 obnoxium,
1003 2043 1146 2098 nihil
1177 2028 1372 2104 tamen
1395 2058 1573 2114 super
1594 2041 1699 2096 hoc
1721 2040 1834 2097 cel-

183 2133 427 2191 situdini
461 2133 626 2204 regiae
646 2131 827 2189 voluit
857 2147 1146 2203 arrogare.
1180 2132 1480 2204 Episcopis
1501 2137 1555 2186 et
1578 2130 1836 2203 patribus

188 2222 289 2295 qui
319 2239 388 2279 ex
419 2220 738 2278 monastica
767 2219 1046 2293 religione
1076 2223 1486 2287 convenerant,
1528 2218 1688 2274 omni
1718 2222 1837 2274 tra-

188 2311 311 2368 dita
361 2315 664 2384 potestate,
718 2313 779 2364 ut
819 2309 924 2379 eie,
964 2315 1022 2365 et
1069 2309 1128 2363 in
1177 2323 1275 2362 coe
1324 2307 1517 2363 omnis
1566 2306 1837 2362 distinitio

184 2399 581 2466 conferretur;
616 2414 682 2453 co
708 2398 866 2469 quod
918 2413 1093 2468 penes
1124 2401 1361 2452 sanctos
1404 2395 1708 2467 episcopos
1736 2396 1840 2452 Ec-

185 2483 376 2542 clesiae
407 2484 771 2557 dispensatio
805 2489 924 2541 tota
969 2483 1271 2540 consistit:
1306 2488 1363 2540 et
1401 2484 1662 2550 abbates,
1696 2499 1840 2555 quos

185 2576 506 2632 divinitatis
545 2576 961 2649 contemplatio
1003 2583 1235 2644 recreat,
1271 2574 1466 2630 diviua
1495 2574 1674 2631 latere
1704 2591 1839 2630 con·

190 2666 319 2723 eilia
351 2683 462 2720 non
496 2667 773 2722 creditur.
806 2663 910 2721 Cui
944 2664 1181 2721 consilio
1228 2665 1505 2737 quoniam
1536 2666 1840 2730 interesse,

194 2753 457 2819 Girarde,
486 2771 602 2810 non
626 2762 878 2827 poteras,
901 2770 1035 2811 cum
1068 2753 1297 2822 litteris,
1321 2759 1433 2810 tuae
1456 2754 1842 2811 deformitatis

192 2841 448 2914 imagine
478 2843 836 2914 consignatis
866 2843 1140 2899 nuntium
1162 2843 1491 2900 destinasti.
1527 2842 1845 2915 Utramque

192 2938 250 2992 tc
282 2935 506 2991 novisse
538 2950 867 3008 persenam,
900 2943 952 2990 et
991 2932 1286 2991 electionis
1316 2935 1580 2990 ordinem
1615 2935 1844 3008 plenius

195 3024 543 3096 exquisisse,
564 3023 763 3096 procul
785 3023 958 3080 dubio
991 3040 1120 3079 cum
1146 3023 1480 3081 innocentio
1511 3041 1661 3097 papa
1691 3029 1845 3080 stare

186 3111 501 3184 justitiam,
516 3129 584 3170 eo
598 3115 752 3186 quod
776 3112 940 3185 plane
957 3114 1045 3169 vir
1061 3113 1548 3170 essethonestatis
1569 3114 1839 3185 egregiae;

1935 520 2163 577 Patrem
2219 520 2589 577 confiteretur
2667 520 2939 578 Ecclesia.
3003 526 3250 598 Sumpta
3299 525 3484 598 igitur
3531 543 3600 583 ex

1936 608 2129 681 Magni
2163 609 2368 666 Leonis
2401 626 2564 681 papae
2593 610 2819 666 decreto
2866 613 3177 683 sententia,
3231 614 3333 670 ubi
3364 631 3428 672 se
3460 631 3600 688 par-

1934 696 2081 754 tium
2129 703 2260 755 vota
2308 698 2643 768 diviserant,
2674 699 2837 756 visus
2881 704 2972 756 est
3002 699 3123 758 illis
3153 704 3282 773 jure
3311 704 3596 760 canonico

1936 790 2326 862 praeferendus
2382 790 2452 860 is,
2500 791 2600 863 qui
2647 792 2968 860 majoribus
3008 793 3218 850 studiis
3277 794 3597 866 invehatur

1935 881 1991 933 et
2041 878 2287 934 meritis.
2340 881 2465 945 Qua
2506 878 2784 935 nimirum
2834 880 3054 938 ratione
3107 898 3237 938 cum
3273 882 3332 938 in
3378 900 3592 956 papam

1934 966 2339 1025 Innocentium
2369 967 2690 1039 inspirante
2726 970 2969 1025 Domino
3010 971 3439 1041 convenissent,
3476 972 3594 1046 ipsi

1936 1056 2137 1112 statim
2171 1056 2240 1112 de
2270 1056 2599 1113 obedientia
2626 1061 2742 1127 tua,
2776 1066 2827 1114 et
2850 1058 3041 1116 debita
3067 1060 3463 1132 subiectiones
3487 1061 3595 1117 cri·

1937 1144 2109 1217 peisti
2142 1161 2154 1201 :
2186 1145 2492 1217 postulasti
2525 1150 2722 1202 tamen
2758 1147 2948 1219 ipsius
2977 1148 3251 1205 honorari
3284 1149 3593 1224 rescripte,

1935 1237 1994 1290 et
2022 1248 2243 1290 munus
2291 1233 2596 1306 legationis
2637 1234 2842 1291 habita».
2873 1236 3226 1294 confirmari.
3264 1237 3473 1296 Visum
3504 1243 3595 1296 est

1937 1322 2359 1388 simoniacum,
2399 1323 2652 1380 favorem
2722 1329 2888 1382 tuum
2945 1326 3231 1384 redimere
3280 1326 3594 1402 legationis

1938 1411 2165 1469 officio:
2199 1416 2256 1468 et
2286 1428 2419 1469 cum
2452 1413 2575 1486 ipse
2607 1417 2799 1486 partes
2820 1414 2953 1471 illas
2985 1416 3219 1473 visitare
3248 1418 3362 1473 sub
3392 1416 3596 1474 eodem

1935 1504 2199 1573 tempore
2227 1501 2594 1568 decrevisset,
2619 1503 2814 1558 nullus
2839 1502 3000 1560 locus
3022 1508 3243 1577 poterat
3263 1506 3376 1562 suh
3406 1505 3595 1578 ipsius

1940 1591 2242 1663 praesentia
2272 1596 2488 1648 restare
2519 1590 2725 1663 legato.
2759 1593 2957 1666 Neque
2988 1596 3144 1651 enim
3177 1595 3409 1669 legatus
3443 1612 3595 1668 prae·

1941 1680 2126 1736 sentis
2177 1696 2458 1752 personae,
2508 1681 2606 1737 sed
2676 1681 2934 1738 absentis
2983 1683 3173 1757 explet
3217 1685 3595 1753 obsequium.

1940 1769 2192 1842 Jamque
2224 1773 2424 1825 tantus
2464 1772 2530 1824 ad
2585 1770 2877 1827 Romanas
2910 1789 3079 1830 auree
3125 1771 3292 1830 malae
3341 1773 3598 1830 admini-

1942 1858 2240 1916 strationis
2286 1864 2399 1914 tuae
2449 1860 2671 1917 clariter
2714 1863 3075 1931 ascenderat,
3131 1866 3196 1919 ut
3227 1866 3380 1920 esset
3409 1865 3482 1919 de
3531 1879 3598 1921 eo

1944 1949 2098 2023 quod
2132 1947 2271 2003 olim
2315 1948 2721 2018 impetraveras
2771 1952 3110 2021 poenitentia
3155 1954 3363 2022 major,
3414 1968 3597 2025 quam

1945 2045 2008 2094 ut
2028 2039 2192 2094 modo
2214 2038 2605 2094 restituereris
2626 2041 2890 2096 affectus.
2923 2041 3132 2097 Tulisti
3157 2042 3450 2115 repulsam
3475 2058 3601 2115 gra-

1944 2128 2105 2196 viter,
2156 2129 2212 2182 et
2255 2126 2517 2183 mutilata
2559 2130 2832 2200 potentia!
2884 2134 2995 2186 tuae
3052 2146 3272 2188 cornua
3331 2131 3594 2188 doluisti.

1947 2217 2125 2286 Atque
2161 2215 2536 2271 inferioribus
2584 2222 2754 2273 antea
2802 2219 2974 2277 modo
3021 2218 3209 2276 lactus
3254 2220 3515 2288 inferior,
3547 2225 3606 2278 et

1948 2304 2183 2361 velutin
2206 2311 2504 2361 senectute
2525 2310 2826 2378 reputatus
2848 2307 3092 2375 inutilis,
3118 2310 3383 2365 consueti
3415 2308 3605 2365 henc-

1950 2393 2064 2451 flcii
2100 2394 2301 2463 finem,
2331 2395 2545 2467 rapinae
2578 2400 2741 2452 ratus
2780 2396 3076 2468 injuriam,
3119 2396 3444 2454 temerarias
3475 2415 3604 2454 suc·

1951 2500 2160 2541 census
2206 2500 2267 2541 ce
2318 2484 2558 2542 ultionis
2589 2485 2817 2542 affectu.
2860 2487 3145 2553 Quoniam
3191 2487 3331 2546 dum
3365 2488 3605 2561 repulsa

1953 2574 2244 2631 ministrat
2275 2574 2589 2630 iracundia)
2622 2591 2861 2632 causas:
2896 2580 2951 2632 et
2988 2576 3192 2634 innata
3230 2578 3604 2651 dedignatio-

1952 2678 2085 2719 nem
2120 2662 2265 2732 parit
2295 2662 2505 2730 elatio;
2545 2663 2768 2721 addidit
2805 2665 3047 2722 ambitio
3094 2667 3439 2735 coecitatem,
3474 2683 3604 2739 qum

1953 2752 2191 2825 quidem
2223 2768 2314 2808 res
2344 2768 2478 2809 cum
2509 2755 2627 2809 otia
2659 2753 2941 2822 nesciant,
2976 2758 3032 2812 et
3070 2773 3104 2812 a
3146 2757 3269 2812 suis
3300 2755 3606 2814 effectibus

1953 2857 2155 2898 vacare
2177 2856 2291 2898 non
2317 2841 2559 2913 possint,
2585 2843 2983 2916 contemplum
3007 2844 3135 2916 jam
3156 2851 3441 2918 suscepta».
3476 2862 3611 2919 par-

1953 2929 2030 2986 tis
2061 2930 2391 3003 dedignatio
2423 2929 2579 2997 iecit,
2611 2932 3085 2990 indiscretionem
3108 2934 3339 2991 coecitas
3368 2941 3613 3008 operata

1954 3026 2062 3088 est,
2085 3022 2422 3077 temerarios
2445 3038 2622 3077 ausus
2643 3023 2944 3080 iracundia
2969 3025 3376 3098 praeformavit.
3402 3025 3610 3098 Spreto

1953 3109 2135 3181 igitur
2158 3124 2224 3165 eo
2255 3110 2407 3181 quod
2440 3115 2592 3165 recte
2621 3126 2977 3182 susceperas,
3023 3117 3082 3168 et
3119 3112 3433 3171 indiscrete
3465 3131 3611 3173 con-

192 3203 1611 3276 etipsiuselectioprimatempore,etapraecipuis
1636 3179 1916 3259 Roma-C
1956 3214 2159 3255 versus
2216 3199 2287 3253 ad
2338 3198 2515 3265 aliud,
2575 3202 2879 3257 temerarie
2949 3202 3242 3274 prioribus
3315 3205 3613 3261 contraria

198 3307 288 3350 nae
316 3291 583 3349 Ecclesiae
628 3292 815 3349 fuerat
859 3291 1147 3348 celebrata
1195 3292 1473 3363 personis.
1525 3295 1703 3348 Porro
1747 3292 1845 3349 Pe-

196 3389 352 3438 trum
399 3397 502 3453 per
529 3382 865 3454 opulentam
897 3398 1142 3438 manum
1173 3381 1519 3438 Cathedram
1551 3382 1844 3452 posterius

199 3486 537 3544 usurpasse,
570 3471 760 3528 virum
795 3471 937 3527 adeo
967 3471 1088 3527 vita
1105 3472 1472 3542 reprobatum
1496 3476 1551 3526 et
1586 3470 1841 3533 nomine,

195 3567 259 3617 ut
287 3561 338 3617 si
365 3560 559 3633 ipsum
590 3562 765 3619 etiam
797 3562 1076 3634 quaelibet
1101 3561 1400 3618 electionis
1425 3561 1610 3618 forma
1640 3561 1847 3617 defen-

195 3650 377 3719 deret,
409 3650 733 3723 promoveri
782 3656 978 3708 tamen
1023 3651 1145 3707 vitae
1195 3649 1467 3723 qualitas,
1500 3658 1555 3706 et
1600 3649 1846 3706 infamia

195 3738 437 3797 minime
459 3740 793 3798 sustineret.
827 3741 889 3797 Id
914 3740 1038 3809 tibi,
1061 3745 1117 3798 et
1136 3745 1244 3797 tuae
1267 3740 1541 3814 legationi
1563 3739 1844 3811 subjectis

195 3833 388 3887 ratum
421 3832 577 3901 fore;
629 3830 806 3904 idque
852 3847 988 3887 cum
1020 3831 1484 3902 Lugdunensem,
1513 3836 1637 3886 tum
1667 3829 1844 3886 Vien-

196 3935 440 3976 nensem
471 3920 808 3988 Ecclesiam,
839 3924 966 3977 tum
992 3925 1170 3977 totam
1204 3921 1319 3977 iere
1352 3919 1579 3976 ltaliam
1604 3920 1676 3976 ab
1697 3919 1845 3993 ipsis

199 4006 364 4063 urhis
413 4009 705 4065 moenibue
753 4009 1067 4083 excepisse.
1115 4010 1371 4066 Aderant
1399 4013 1595 4065 autem
1629 4006 1844 4065 ibidem

196 4096 553 4155 venerabiles
583 4116 706 4171 quae
738 4103 930 4155 Romae
980 4102 1206 4157 fuerant
1237 4101 1347 4157 sub
1392 4101 1595 4157 eadem
1625 4104 1844 4171 tempe-

199 4191 348 4243 state
369 4204 651 4259 personoe,
669 4205 794 4261 quoe
809 4205 1002 4245 rerum
1017 4191 1226 4246 seriem
1244 4191 1415 4263 plane
1437 4197 1846 4262 cognoverant,

200 4274 523 4348 pracsertim
573 4294 698 4350 quae
728 4279 957 4334 oculata
1001 4279 1113 4335 tide
1152 4278 1385 4351 singula
1428 4279 1846 4351 percepissent.

202 4363 583 4422 Habebantur
611 4383 836 4439 quoque
865 4383 1039 4440 super
1063 4369 1170 4425 hoc
1202 4369 1326 4441 ipso
1357 4373 1413 4425 et
1441 4367 1690 4424 aliarum
1722 4383 1848 4438 quae

205 4469 321 4510 non
343 4453 585 4511 aderant
607 4455 756 4512 ultro
778 4455 1042 4529 delegata
1064 4457 1421 4514 testimonia:
1444 4454 1617 4513 simul
1639 4465 1693 4513 et
1714 4471 1850 4528 per-

1952 3288 2302 3360 concepisti3
2338 3288 2674 3360 factumque
2705 3299 2788 3346 est
2817 3292 2972 3363 quod
2996 3292 3055 3348 in
3088 3294 3264 3350 rebus
3285 3311 3441 3368 saepe
3466 3311 3610 3351 con-

1950 3376 2117 3449 tingit
2144 3377 2441 3446 humanis,
2476 3383 2539 3431 ut
2564 3377 2717 3435 circa
2741 3397 2861 3436 rem
2885 3383 3229 3455 propensius
3246 3383 3604 3457 affectatam,

1950 3482 2113 3538 spem
2164 3466 2517 3539 praecipitem
2587 3467 2874 3525 desideria
2937 3477 3215 3543 concepta
3274 3474 3602 3531 ssrmareut.

1952 3555 2155 3612 Misisti
2176 3555 2436 3628 legatum
2456 3560 2725 3627 Romam,
2751 3559 2851 3631 qui
2874 3560 3058 3617 eidem
3083 3564 3395 3634 quemjam
3420 3565 3604 3621 devo·

1948 3662 2116 3701 veras
2162 3649 2327 3702 Petro
2378 3646 2629 3703 favorem
2676 3651 2845 3705 tuum
2890 3650 3171 3719 venalem,
3215 3667 3314 3723 pro
3359 3668 3605 3710 munere

1948 3734 2252 3808 legationis
2300 3735 2549 3802 offerret,
2599 3740 2656 3792 et
2685 3736 2936 3795 similem
2967 3738 3078 3795 sibi
3126 3740 3462 3797 ministrum
3497 3742 3604 3798 do-

1952 3826 2109 3882 mino
2156 3824 2482 3881 l'oederaret.
2535 3824 2843 3899 Expletum
2909 3833 2998 3885 eet
3060 3829 3186 3886 eine
3256 3817 3608 3889 difficultate

1951 3915 2362 3973 commercium
2395 3930 2410 3983 3
2442 3918 2499 3970 et
2540 3918 2680 3972 dum
2724 3921 2778 3973 te
2833 3918 3067 3976 coecitae
3111 3919 3426 3976 indiscreta
3459 3938 3608 3977 con-

1951 4004 2131 4074 ducit,
2167 4003 2500 4060 ministrum
2523 4008 2582 4061 te
2612 4005 2949 4062 schismatis
2981 4007 3276 4077 addixisti,
3318 4015 3379 4064 ut
3408 4010 3612 4068 inutili

1952 4093 2248 4168 privilegio
2298 4094 2617 4151 donareris.
2670 4095 2938 4152 Formata
2975 4102 3065 4152 est
3100 4096 3227 4164 tibi,
3279 4099 3380 4154 sed
3411 4098 3611 4156 inanis

1954 4199 2102 4240 nova
2131 4182 2363 4256 legatio,
2386 4189 2442 4240 et
2473 4184 2750 4256 quidquid
2777 4185 2847 4240 ab
2881 4185 3126 4256 Alpibus
3151 4203 3336 4260 usque
3362 4189 3432 4243 ad
3461 4189 3610 4246 sines

1954 4272 2284 4329 Occidentis
2336 4272 2659 4344 interjacet,
2724 4282 2837 4329 tute
2901 4275 3103 4332 ditioni
3159 4276 3260 4333 sed
3322 4277 3611 4336 inefficaci

1954 4362 2267 4418 donatione
2297 4362 2622 4433 subjectum
2661 4367 2765 4418 est.
2791 4363 2859 4419 Et
2889 4381 2960 4420 ne
2980 4365 3274 4422 excedenti
3302 4366 3614 4423 ambitioni

1953 4457 2065 4509 tuae
2095 4453 2356 4509 fortassis
2396 4454 2702 4525 angustior
2750 4455 3155 4525 praedictorum
3207 4456 3414 4514 finium
3457 4475 3613 4531 pree-

202 4543 508 4601 suasiones
559 4562 957 4618 personarum‚
1006 4563 1150 4619 quas
1197 4546 1469 4619 spiritum
1508 4545 1609 4602 Dei
1640 4545 1851 4601 hahere
1882 4549 1930 4616 D
1959 4542 2198 4615 scriptio
2265 4542 2578 4610 videretur,
2638 4544 2927 4614 adjectum
2988 4550 3097 4614 eet,
3158 4550 3220 4602 ut
3278 4547 3616 4620 ubicunque

201 4637 390 4691 certas
439 4634 583 4692 fides
627 4641 798 4706 esset,
850 4652 981 4693 cum
1035 4642 1121 4692 tot
1164 4636 1471 4692 hominum
1524 4651 1733 4692 sensus
1790 4635 1849 4690 in

203 4723 467 4781 eamdem
500 4725 644 4783 sorte
674 4725 1032 4783 confluerent
1060 4725 1436 4783 voluntatem.
1486 4725 1646 4780 Sicut
1694 4724 1850 4780 enim

204 4828 323 4867 una
352 4812 640 4871 honorum
662 4816 808 4873 ssdee
829 4821 938 4888 eet,
969 4817 1054 4872 sic
1084 4821 1140 4872 et
1169 4814 1409 4887 spiritus
1439 4828 1631 4870 unus:
1668 4811 1850 4869 malo·

205 4915 336 4955 rum
368 4917 500 4959 vero
529 4906 771 4977 spiritus
812 4905 1136 4980 multiplex,
1169 4910 1227 4962 et
1255 4906 1522 4961 voluntas
1555 4904 1847 4977 ambigua.

275 4987 534 5046 Tandem
586 5010 722 5066 ergo
755 4996 946 5053 favore
976 4994 1291 5052 divinitatis
1336 4994 1538 5051 multis
1578 4993 1852 5067 lacrymis

207 5077 541 5151 implorato,
571 5083 713 5138 dum
748 5086 1053 5158 utriusque
1097 5102 1354 5159 personae
1389 5084 1590 5142 merita
1626 5090 1683 5141 et
1713 5100 1855 5156 pro—

204 5171 508 5243 sequentia
548 5178 739 5244 partes
769 5176 965 5233 studia
1012 5180 1411 5247 conteruntur,
1460 5176 1737 5232 inventus
1767 5179 1856 5231 est

206 5259 413 5317 Petrus
453 5261 747 5335 indignior
775 5265 938 5335 aden,
989 5270 1051 5323 ut
1097 5283 1165 5323 ex
1207 5267 1394 5338 ipsius
1423 5263 1854 5338 comparatione

210 5347 378 5405 elteri
433 5367 692 5425 personae
740 5353 984 5428 irrogari
1041 5356 1229 5427 gravis
1284 5357 1501 5427 injuria
1543 5355 1855 5411 videretur.

210 5437 417 5495 Studia
444 5457 581 5499 vero
615 5446 864 5517 partium
899 5450 1061 5502 tanta
1101 5445 1393 5503 dividebat
1439 5446 1760 5517 imperitae,
1794 5451 1856 5500 ut

209 5525 378 5584 Petro
408 5533 667 5589 nondum
697 5541 857 5591 extra
886 5535 1047 5592 urbis
1079 5534 1289 5592 moenia
1320 5535 1628 5607 quisquam
1672 5535 1853 5601 favor,

206 5615 463 5679 alterum
493 5619 648 5680 inl'ra
677 5624 880 5682 urbem
910 5624 1147 5698 quidem
1179 5639 1315 5698 pars
1363 5624 1557 5697 potior
1583 5621 1857 5695 elegisset

1960 4634 2205 4687 calcaret
2237 4647 2336 4701 pes
2361 4634 2524 4699 tuus,
2565 4632 2647 4687 ihi
2695 4637 2849 4688 esset
2890 4632 3104 4704 legatio
3136 4639 3255 4690 tua.
3304 4633 3612 4706 Invenisti,

1961 4721 2221 4786 Girarde,
2251 4719 2545 4776 hominem
2577 4720 2649 4776 de
2678 4719 2865 4778 alienu
2915 4722 3281 4792 munificum,
3314 4725 3415 4781 sed
3447 4724 3495 4780 si
3529 4727 3615 4782 rei

1960 4813 2217 4869 fructum
2249 4812 2555 4881 diligenter
2583 4815 2871 4882 attendas,
2906 4816 3048 4870 dum
3073 4815 3176 4873 tibi
3211 4817 3619 4876 rescribuntur

1961 4900 2234 4969 maxima,
2279 4901 2520 4958 minima
2560 4904 2847 4975 recepisti.
2880 4903 3034 4960 Nihil
3064 4904 3222 4962 enim
3266 4906 3367 4962 tibi
3407 4906 3617 4967 Petrus

1959 4992 2270 5064 impendit,
2311 4981 2424 5047 n‘isi
2462 4992 2617 5064 quod
2650 5008 2755 5048 nec
2792 4993 2864 5049 ab
2896 4993 3022 5065 ipso
3064 5010 3169 5052 nec
3201 4995 3388 5068 ipsius
3424 5002 3622 5069 potest

1963 5081 2199 5139 nomine
2232 5081 2533 5154 possideri.
2572 5082 2840 5154 Implevit
2881 5088 3077 5139 tamen
3109 5100 3275 5141 aures
3313 5090 3446 5141 tuas
3478 5103 3621 5161 spa-

1962 5174 2191 5230 tiositas
2257 5172 2698 5245 circumscripta
2765 5176 3076 5245 terrarum,
3132 5178 3190 5232 et
3232 5175 3615 5248 cupiditatem

1965 5267 2125 5318 tuam
2158 5261 2241 5318 rei
2270 5262 2520 5333 qualitas
2550 5261 2835 5318 aestimata
2873 5262 2996 5320 solo
3038 5264 3238 5322 statim
3270 5265 3486 5338 gaudio
3521 5284 3619 5323 sa·

1966 5351 2150 5407 tiavit.
2184 5351 2290 5406 Sed
2342 5349 2721 5406 ambitionem
2767 5355 2928 5407 tuam
2967 5353 3346 5424 dignissimus
3388 5356 3621 5429 excepit

1965 5445 2226 5508 eventus,
2258 5438 2400 5495 dum
2451 5455 2668 5496 munus
2718 5440 2923 5496 inutile
2961 5443 3146 5513 prima
3184 5444 3383 5499 statim
3416 5459 3618 5502 rerum

1963 5528 2316 5603 experientia
2358 5528 2807 5600 deprehendisti.
2853 5531 3093 5589 Emissis
3139 5532 3314 5601 igitur
3345 5549 3412 5589 ex
3449 5534 3619 5591 omni

1963 5622 2129 5695 parte
2158 5619 2515 5695 cursoribus,
2544 5620 2770 5696 copisti
2799 5621 3091 5696 principes
3120 5621 3431 5681 sollicitare
3475 5623 3615 5681 ssni-
