3784 6000
118 262 239 327 681

568 261 769 326 mS'r.
818 264 1091 327 RERUM
1140 260 1683 328 TRANSMARIN.
1730 298 1805 312 —
1848 262 1996 328 [ΑΒ.
2043 269 2235 332 xvn.
2279 270 2722 339 BALDUINUS
2766 277 2850 340 111
2893 280 3072 342 REX.

3404 282 3523 348 682

116 405 380 463 dictione
420 404 531 459 est.
556 402 662 459 Cui
720 399 998 459 dominus
1056 401 1399 459 Fredericns
1451 402 1769 459 Suevorum
1803 402 1857 470 Α
1890 407 2144 461 traxerat
2164 405 2397 473 auxilia,
2430 413 2488 466 et
2509 414 2703 466 utrum
2740 413 2963 484 majora
2984 414 3534 474 accederentadmi-

122 497 244 554 dux
273 493 545 561 illustria,
579 493 681 567 qni
730 492 993 564 ejusdem
1054 491 1531 565 peregrinationis
1579 508 1774 550 comes

124 586 457 642 adhaeserat
483 583 788 648 indivisus,
835 599 904 638 ex
935 581 1111 638 fratre
1156 580 1536 653 primogenito
1598 598 1776 652 nepos

118 675 318 747 (cujus
344 689 529 744 supra
566 672 808 729 fecimus
849 670 1230 741 mentionem)
1274 669 1501 743 inclytae
1560 670 1776 728 indolis

121 763 496 831 adolescens,
527 762 587 817 in
623 761 870 832 imperio
897 760 1201 826 successit,
1225 760 1324 831 qui
1354 759 1527 816 bodie
1558 761 1779 817 Roma-

118 869 263 910 num
296 857 533 909 strenue
554 856 612 907 et
635 850 877 907 feliciter
899 849 1280 906 administrat
1302 851 1636 922 imperium.
1662 850 1778 908 Do-

126 944 335 1000 minus
353 959 489 998 vero
520 942 1015 1007 rex'Francorum,
1041 944 1270 1012 peracto
1294 941 1445 1012 apud
1467 957 1574 996 nos
1598 941 1773 996 unius

120 1033 263 1089 anni
297 1030 787 1096 curriculo‚circa
817 1029 1129 1084 transitum
1177 1028 1494 1097 vernalem,
1551 1028 1777 1086 Pascha

128 1120 552 1193 Hierosolymis
583 1119 894 1185 celebrate,
926 1133 1055 1174 cum
1089 1135 1265 1175 uxore
1314 1123 1370 1174 et
1409 1118 1773 1190 principibus

125 1209 258 1265 suis
289 1210 358 1265 ad
400 1208 635 1280 propria
680 1224 944 1264 reversus
989 1211 1096 1263 est.
1130 1209 1252 1273 Quo
1284 1207 1650 1279 pervenienS,
1680 1205 1772 1262 in·

111 1298 410 1370 jur-iarum
443 1313 688 1367 memor,
718 1313 866 1370 quas
899 1302 956 1352 in
988 1297 1079 1353 via
1111 1301 1168 1352 et
1196 1297 1256 1352 in
1290 1302 1409 1353 toto
1440 1296 1769 1369 peregrina-

120 1386 304 1442 tionis
336 1392 546 1456 tractu,
579 1403 720 1442 uxor
749 1385 800 1441 ei
823 1387 1193 1458 irrogaverat,
1216 1385 1276 1440 in
1300 1384 1607 1456 praesentia
1630 1402 1774 1457 pon-

125 1474 357 1532 tificum
394 1476 553 1547 regni
586 1476 678 1531 sui
701 1472 1039 1531 solemniter
1068 1475 1358 1531 celebrato
1398 1473 1666 1542 divortio,
1698 1475 1771 1530 ab

120 1581 325 1634 uxore,
382 1563 551 1620 titulo
598 1562 1120 1634 consanguinitatis
1199 1562 1448 1633 objecto,
1507 1561 1769 1619 divertis.

129 1658 319 1723 Quam
356 1656 625 1728 protinus
656 1656 783 1712 sine
814 1654 1093 1727 temporis
1124 1653 1447 1720 intervallo,
1487 1653 1769 1710 Henricus

120 1746 494 1802 Normanniae
542 1746 658 1801 dux
685 1749 741 1801 et
796 1744 1302 1816 Andegavensium
1342 1759 1563 1811 comes,
1596 1747 1769 1800 ante-

121 1851 303 1908 quam
341 1836 401 1892 in
458 1834 830 1907 Aquitaniam
877 1850 1066 1901 suam,
1101 1851 1227 1905 quas
1284 1834 1335 1889 ei
1360 1839 1602 1905 paterna
1649 1838 1774 1890 erat

118 1924 456 1990 haereditas,
487 1940 548 1978 se
588 1923 892 1994 reciperet,
926 1923 1086 1978 duxit
1109 1939 1365 1979 uxorem.
1400 1922 1507 1986 Qui
1568 1922 1770 1978 statim

118 2029 188 2068 ea
220 2012 424 2079 ducta,
458 2010 696 2067 domino
727 2009 1022 2081 Stephano
1068 2010 1386 2078 Anglorum
1439 2010 1583 2080 regi,
1645 2011 1773 2068 sine

119 2099 326 2157 liberis
357 2115 528 2155 sexus
562 2096 820 2154 melioris
865 2096 1136 2152 defuncto
1185 2097 1435 2152 sucessit
1477 2096 1536 2150 in
1571 2111 1770 2167 regne.

120 2187 415 2245 Dominus
447 2204 578 2245 vero
602 2204 699 2243 rex
728 2187 1102 2253 Francorum,
1130 2184 1544 2257 Hispaniarum
1591 2186 1771 2258 impe·

117 2278 340 2335 ratoris
364 2277 567 2343 liliam,
591 2276 826 2332 Mariam
860 2276 1109 2341 nomine,
1135 2275 1420 2345 virginem
1444 2274 1560 2329 Deo
1595 2274 1771 2344 placi-

118 2372 269 2433 tam,
296 2367 563 2422 moribus
585 2372 641 2422 et
662 2368 866 2422 sancta
878 2363 1318 2420 conversatione
1333 2363 1774 2419 commendabi-

119 2453 264 2521 lem,
295 2454 569 2512 secundis
598 2455 747 2510 votis
771 2452 1014 2517 felicior,
1046 2450 1157 2507 sibi
1181 2451 1556 2509 matrimonio
1597 2468 1775 2524 copu-

119 2544 296 2600 lavit.

767 2630 1000 2688 CAPUT
1042 2631 1131 2687 lx.

123 2739 457 2799 Noradinus
508 2741 818 2809 inat-editur
863 2741 999 2810 fines
1048 2739 1444 2802 Antiocheam:
1513 2740 1775 2809 princeps

204 2811 546 2869 linimundus
576 2809 844 2872 occurrit:
873 2818 1155 2883 puqnalur
1185 2813 1325 2867 inter
1355 2826 1464 2868 eos.
1513 2811 1776 2881 Princeps

204 2881 544 2940 [raimundus
571 2883 854 2940 occiditur.

197 2989 286 3046 Ab
308 3005 374 3047 ea
400 2989 492 3046 die
513 2988 684 3061 coepit
705 2988 1084 3045 Orientalium
1108 2988 1447 3045 Latinorum
1473 2988 1774 3045 manifeste

120 3080 379 3137 deterior
399 3079 523 3135 tisri
540 3079 822 3148 conditio;
849 3095 983 3134 nam
1001 3083 1335 3135 nostrorum
1352 3078 1681 3150 principum
1716 3082 1775 3134 et

121 3185 326 3241 regum
344 3167 1184 3242 maximorum,quiCbristiani
1211 3166 1767 3240 populividebantur

120 3261 297 3318 bases
317 3274 448 3317 esse
476 3258 802 3327 solidiores,
827 3258 1091 3315 viderunt
1114 3259 1311 3314 hostes
1324 3258 1528 3325 nostri,
1552 3260 1609 3313 et
1629 3256 1771 3314 sub-

121 3347 901 3408 sannaveruntlaboressine
921 3346 1265 3413 sructu,sine
1278 3347 1483 3403 effectu
1505 3356 1772 3415 conatus,

122 3440 280 3496 vires
310 3439 562 3507 attritas,
595 3437 951 3494 confractam
985 3436 1265 3508 gloriam;
1291 3440 1347 3492 et
1371 3452 1617 3508 quorum
1644 3434 1772 3491 sola

123 3528 369 3584 nomina
389 3526 657 3583 hostibus
680 3526 892 3583 nostris
912 3526 1072 3595 prius
1094 3532 1254 3581 erant
1276 3523 1593 3592 formidini,
1617 3538 1772 3579 nunc

123 3617 508 3690 praesentiam
564 3616 687 3673 sine
737 3616 948 3671 damno
1017 3615 1434 3686 despexerant;
1500 3613 1651 3668 unde
1707 3611 1769 3667 in

123 3711 360 3763 tantam
390 3706 528 3762 elati
561 3709 702 3761 sunt
727 3702 1239 3775 praesumptionem
1260 3706 1316 3758 et
1349 3701 1683 3769 audaciam,
1707 3704 1773 3757 ut

116 3796 242 3866 jam
275 3798 346 3853 de
375 3802 582 3853 caetero
615 3811 718 3853 nec
738 3811 938 3851 eorum
954 3795 1105 3849 vires
1130 3792 1407 3849 baberent
1437 3796 1766 3866 suspectas,

121 3902 230 3942 nec
263 3886 481 3941 nostris
502 3885 722 3941 instare
754 3883 928 3940 solito
957 3881 1222 3939 acerbius
1242 3887 1592 3939 vererentur.
1631 3881 1769 3938 lnde

118 3975 255 4045 ruit,
288 3976 444 4047 quod
468 3975 665 4032 statim
689 3978 823 4047 post
854 3974 1166 4046 utriusque
1227 3973 1378 4044 regis
1417 3973 1768 4039 discessum,

120 4064 479 4132 Noradinus,
499 4064 783 4136 sanguini
813 4062 993 4130 filius,
1027 4064 1199 4135 cujus
1218 4061 1489 4133 superius
1520 4061 1769 4116 fecimus

121 4153 503 4221 mentionem,
536 4158 852 4210 convocata
883 4150 1114 4207 infinita
1144 4151 1465 4204 Turcorum
1497 4163 1568 4203 ex
1608 4146 1770 4202 omni

118 4242 357 4299 Oriente
389 4257 591 4309 manu,
621 4242 778 4297 circa
809 4243 1000 4311 partes
1032 4237 1423 4294 Antiochense
1453 4234 1628 4308 coepit
1667 4250 1764 4290 so-

121 4332 226 4388 lito
276 4329 603 4403 protervius
650 4327 954 4396 desaevire3
1013 4327 1334 4397 vidensque
1427 4323 1764 4381 Latinorum

1883 494 2101 551 nicula.
2137 496 2413 570 Princeps
2441 516 2569 556 vers
2602 503 2871 572 praesenti
2930 520 3207 564 successu
3240 506 3429 565 slatus
3475 512 3533 564 et

1883 584 1955 639 de
1985 601 2069 651 se,
2102 600 2263 642 more
2291 587 2489 657 sclito,
2515 589 2650 661 plus
2671 608 2837 662 aequo
2860 608 3237 666 praesumens,
3260 598 3438 668 coepit
3468 612 3532 653 se

1883 672 2097 730 habere
2125 674 2446 746 incautius;
2471 685 2526 734 et
2556 680 2698 735 dum
2731 679 3240 741 baberetflnitima
3258 684 3531 758 praesidla

1883 761 1943 817 in
1975 763 2195 836 quibus
2225 781 2287 821 se
2318 766 2653 823 indemnem
2712 784 2845 825 cum
2876 770 3001 827 suis
3033 777 3260 843 poterat
3292 790 3532 831 conser-

1883 867 2067 920 vasse,
2092 857 2150 909 et
2170 870 2310 911 suos
2333 856 2625 913 reduxisse
2645 858 2994 926 incolumes,
3014 862 3216 917 maluit
3236 878 3298 919 ss
3312 862 3538 933 campis

1882 942 2116 999 credere
2159 945 2529 1015 patentibus;
2588 945 2898 1018 indignum
2941 949 3218 1020 judicans
3272 956 3336 1006 ut
3375 950 3532 1007 illius

1882 1031 2090 1086 timore
2119 1031 2413 1089 videretur
2442 1034 2687 1090 cessisse
2738 1035 2824 1093 vel
2858 1037 2929 1092 ad
2987 1041 3258 1110 tempus;
3316 1043 3376 1097 et
3431 1038 3538 1094 bo-

1884 1120 2063 1176 stium
2090 1121 2295 1177 maluit
2324 1127 2515 1193 patere
2538 1124 2792 1181 insidiis.
2818 1130 2894 1181 Ea
2913 1126 3090 1199 igitur
3111 1133 3301 1195 nocte,
3325 1126 3535 1185 videns

1881 1209 2209 1267 Noradinus
2244 1210 2437 1267 nullas
2472 1212 2720 1285 principi
2750 1213 2904 1270 vires
2923 1215 3247 1272 accrevisse
3274 1216 3534 1287 majores

1882 1314 2125 1369 sperans
2146 1316 2281 1354 cum
2313 1300 2437 1356 suis
2467 1317 2565 1357 eas
2587 1319 2736 1374 quas
2765 1319 2964 1359 secum
2997 1305 3337 1369 adduxerat,
3366 1304 3535 1361 facile

1881 1390 2605 1463 superaturum,principis
2630 1390 2972 1448 comitatum
2995 1392 3305 1465 vallat,per
3320 1408 3530 1465 gyrum

1882 1478 2212 1548 agminibus
2246 1479 2578 1550 dispositis3
2615 1485 2674 1536 et
2704 1483 2762 1537 in
2809 1484 3047 1539 modum
3078 1482 3241 1539 urbis
3271 1482 3527 1539 obsidet.

1883 1565 2049 1621 Mane
2081 1572 2273 1623 autem
2307 1567 2481 1637 facto,
2512 1567 2716 1624 videns
2740 1571 3010 1641 princeps
3041 1569 3300 1626 hostium
3325 1570 3529 1626 multi·

1884 1656 2171 1721 tudinem,
2202 1663 2256 1711 et
2285 1657 2357 1712 de
2386 1657 2609 1713 viribus
2633 1657 2778 1722 suis,
2802 1658 2936 1714 licet
2950 1675 3079 1715 sero
3101 1660 3399 1729 diffidens,
3426 1659 3532 1714 du-

1803 1769 1851 1836 B
1885 1743 2070 1799 bitare
2102 1746 2306 1816 coepi13
2340 1751 2530 1801 tamen
2555 1745 2707 1801 acies
2739 1747 2993 1810 instruit,
3056 1747 3329 1804 militiam
3378 1748 3531 1805 ordi-

1885 1838 2005 1901 nat,
2037 1838 2318 1906 tanquam
2344 1834 2610 1890 cominus
2643 1850 2773 1891 cum
2797 1836 3064 1892 hostibus
3085 1852 3530 1907 congressurus.

1883 1922 2034 1978 Inito
2064 1923 2261 1995 itaque
2293 1922 2509 1995 praelio,
2544 1924 2644 1995 qui
2675 1940 2803 1979 cum
2840 1940 2905 1980 ec
2938 1930 3121 1992 erant,
3159 1924 3383 1980 viribus
3417 1924 3529 1979 im-

1884 2027 2074 2080 pares,
2101 2012 2356 2068 hostium
2383 2028 2496 2067 non
2522 2014 2768 2067 ferentes
2793 2013 3245 2081 multitudinem,
3267 2011 3530 2084 principe

1882 2112 2017 2152 cum
2052 2099 2251 2168 paucis
2282 2098 2502 2165 relicto,
2535 2098 2596 2153 in
2639 2101 2834 2169 sugam
2867 2100 3015 2155 versi
3056 2105 3216 2156 sunt.
3252 2099 3528 2172 Princeps

1880 2205 2015 2245 vero
2047 2193 2325 2261 tanquam
2348 2187 2780 2259 magnanimus,
2802 2193 2860 2243 et
2879 2187 2938 2243 in
2961 2189 3138 2245 armis
3159 2188 3535 2261 singulariter

1882 2284 2186 2344 strenuus,
2218 2276 2459 2333 viriliter
2503 2277 2833 2345 decertans,
2890 2277 2947 2331 in
3009 2276 3201 2333 media
3270 2277 3532 2335 hostium

1884 2372 2077 2439 strage
2110 2383 2288 2440 quam
2320 2368 2675 2432 exercuerat,
2707 2366 2981 2421 caedendo
3016 2366 3291 2437 fatigatus
3348 2368 3406 2421 et
3433 2381 3534 2421 ex-

1886 2457 2134 2513 haustus
2161 2455 2390 2529 spiritu,
2428 2455 2637 2528 gladiis
2684 2456 2990 2512 confossus
3046 2454 3293 2524 interiit;
3353 2456 3525 2525 quus

1882 2551 2058 2618 caput
2087 2563 2218 2603 cum
2243 2545 2479 2601 brachio
2509 2545 2707 2601 dextro
2728 2562 2760 2601 a
2780 2560 3018 2616 corpore
3041 2547 3403 2615 separantes,
3434 2557 3535 2599 re·-

1883 2635 2112 2708 liquum
2145 2650 2357 2706 corpus
2389 2633 2687 2703 mutilum,
2718 2633 2869 2690 inter
2897 2634 3045 2690 alios
3075 2635 3189 2690 vita
3246 2633 3529 2705 privatos,

1883 2726 2261 2798 reliquerunt.
2295 2724 2512 2780 Cecidit
2531 2724 2614 2780 ibi
2645 2725 2796 2781 inter
2820 2726 2964 2782 alios
3018 2724 3106 2781 vir
3161 2740 3410 2798 magnus
3469 2726 3529 2780 et

1882 2819 2111 2886 potens,
2143 2829 2267 2870 suae
2299 2817 2577 2887 perpetuo
2625 2813 2913 2886 lugendus
2944 2812 3188 2886 regioni,
3258 2811 3532 2868 dominus

1883 2901 2209 2958 Raiualdus
2238 2902 2308 2958 de
2342 2902 2552 2968 Mares,
2583 2902 2673 2958 cui
2713 2918 2909 2959 comes
2956 2902 3291 2959 Edessanus
3347 2899 3530 2957 filiam

1882 3010 2051 3050 suam
2077 3010 2314 3050 uxorem
2346 2992 2603 3050 dederat.
2665 2991 3010 3050 Ceciderunt
3039 2996 3096 3049 et
3144 2991 3241 3048 alii
3301 2988 3529 3047 nobiles

1883 3081 2171 3151 nonnulli,
2206 3097 2451 3155 quorum
2476 3080 2708 3137 nomiae
2733 3098 2846 3137 non
2871 3088 3157 3136 tenemus.
3179 3080 3312 3135 Fuit
3342 3086 3531 3136 autem

1884 3171 2161 3228 dominus
2189 3171 2560 3227 Raimundus
2580 3171 2665 3227 vir
2688 3169 3124 3244 magnanimus,
3150 3169 3232 3226 rei
3253 3167 3525 3224 militaris

1883 3259 2448 3333 experientissimus,
2480 3259 2745 3316 hostibus
2778 3276 2955 3330 supra
2985 3259 3225 3315 modum
3251 3258 3526 3314 formida-

1882 3350 2040 3418 bilis,
2076 3365 2283 3421 parum
2309 3353 2503 3405 tamen
2524 3347 2680 3415 Felix,
2712 3349 2884 3420 cujus
2914 3349 3096 3404 multa
3116 3363 3243 3419 quae
3278 3350 3338 3402 ln
3370 3347 3530 3418 prin-

1882 3436 2078 3508 cipatu
2114 3442 2352 3493 strenue
2384 3442 2439 3493 et
2471 3436 2781 3508 magnifice
2802 3437 2984 3508 gessit
3014 3453 3210 3509 opera,
3244 3434 3525 3508 speciales

1881 3526 2121 3598 exigunt
2150 3528 2467 3593 tractatus;
2498 3525 2600 3580 sed
2633 3540 2738 3579 nos
2767 3524 2838 3579 ad
2891 3526 3301 3595 prosequenda
3356 3537 3525 3576 com-

1882 3615 2082 3671 munia
2101 3613 2432 3682 festinante,
2466 3611 2525 3667 in
2566 3610 2814 3683 singulis
2866 3608 3209 3681 hujusmodi
3260 3608 3527 3679 negotio-

1879 3719 2011 3759 rum
2043 3701 2303 3758 articulis
2326 3698 2723 3766 immorari,et
2753 3697 2846 3753 bis
2880 3698 3096 3769 stylum
3157 3695 3523 3753 committere

1879 3808 1998 3847 non
2028 3792 2311 3847 valemus.
2346 3788 2589 3845 Occisus
2628 3793 2715 3843 est
2744 3791 2937 3842 autem
2969 3802 3122 3842 anno
3146 3786 3217 3841 ab
3252 3785 3527 3841 lucarna-

1880 3881 2037 3938 tione
2070 3878 2297 3935 Domini
2320 3878 2479 3945 1¹48,
2504 3876 2867 3950 principatus
2900 3876 3025 3947 ejus
3054 3891 3206 3931 anno
3257 3873 3529 3930 tertiode-

1877 3972 2048 4037 cimo,
2084 3983 2284 4025 mense
2310 3967 2341 4023 J
2351 3968 2511 4035 unio,
2543 3964 2821 4023 vicesima
2878 3965 3129 4033 septima
3158 3965 3249 4018 die
3281 3963 3522 4036 mensis,

1877 4058 1972 4114 die
1987 4060 2129 4112 festo
2141 4061 2487 4109 Sanctorum
2503 4051 2914 4124 Apostolorum
2928 4051 3083 4107 Petri
3096 4055 3153 4108 et
3164 4050 3351 4116 Pauli,
3369 4050 3525 4108 inter

1880 4144 2082 4200 urbem
2106 4142 2411 4213 Apamiam
2445 4144 2504 4197 et
2533 4140 2817 4213 oppidum
2860 4139 3131 4211 Rugiam,
3178 4139 3240 4195 in
3296 4155 3363 4196 eo
3395 4139 3522 4198 loco

1880 4234 1984 4307 qui
2000 4232 2216 4288 dicitur
2232 4231 2697 4287 Fons-muratus.
2715 4229 2896 4300 Cujus
2937 4245 3148 4301 corpus
3168 4228 3530 4301 quibusdam

1881 4323 2036 4378 notis
2056 4325 2112 4378 et
2169 4319 2540 4377 cicatricibus
2598 4318 2919 4389 cognitum,
2974 4318 3126 4375 inter
3182 4323 3529 4375 caeterorum

120 4425 339 4476 terram
392 4419 678 4492 pricipum
760 4416 973 4473 auxilio
1043 4415 1408 4480 destitutam,
1493 4413 1773 4485 apposuit
1884 4410 2295 4466 defunctorum
2329 4424 2572 4480 corpora
2602 4411 2928 4479 repertum,
2979 4406 3337 4463 Antiochiam
3370 4407 3531 4464 dela-

125 4521 311 4566 eiiam
346 4513 627 4579 castrum,
677 4507 771 4564 cui
813 4521 1022 4562 nomen
1068 4505 1246 4576 Nepa,
1295 4503 1579 4559 obsidere.
1612 4501 1773 4566 Quod
1808 4488 1856 4555 D
1886 4504 2144 4568 tumeat,
2177 4502 2236 4555 et
2262 4499 2322 4555 in
2341 4496 2587 4555 vestiblo
2622 4496 2880 4553 ecclesias
2922 4496 3321 4569 apostolorum
3372 4495 3536 4550 Prin·

120 4604 438 4670 postquam
467 4598 705 4653 domino
747 4595 1074 4651 Raimundo
1118 4591 1364 4665 principi
1412 4589 1772 4647 Antiocheno

123 4686 363 4759 plenius
379 4684 809 4753 innotuit,sicut
824 4684 996 4739 bomo
1013 4682 1299 4738 animosus
1313 4687 1368 4736 et
1382 4679 1769 4751 impetuosus,

118 4792 228 4833 nec
260 4774 500 4832 alterius
531 4773 772 4831 consilio
803 4774 862 4829 in
891 4771 1234 4843 hujusmodi
1289 4769 1621 4842 regebatur,
1654 4784 1770 4825 non

116 4867 453 4937 exspectato
508 4880 751 4921 suorum
803 4863 1092 4935 equitum,
1143 4877 1289 4933 quos
1344 4858 1567 4916 evocari
1618 4874 1772 4931 prae-

118 4956 361 5024 ceperat
388 4952 695 5022 comitatu,
727 4967 856 5007 cum
889 4948 1470 5023 paucisimprudens
1502 4947 1573 5003 ad
1633 4962 1767 5018 par·

117 5048 209 5100 tes
232 5041 365 5098 illas
384 5041 779 5110 accelerat3et
818 5040 1008 5096 adbuc
1039 5041 1099 5094 in
1153 5037 1456 5094 obsidione
1505 5051 1767 5107 perseve-

119 5136 382 5202 rantem,
404 5132 562 5189 circa
584 5131 925 5203 praedictum
950 5126 1336 5200 municipium
1357 5124 1583 5182 invenit
1601 5123 1771 5179 Nora-

118 5222 354 5278 dinum.
377 5220 487 5285 Qui
512 5220 758 5277 audiens
781 5216 1102 5291 principem
1124 5214 1419 5281 advenire,
1443 5214 1655 5269 timens
1679 5226 1772 5266 ne-

119 5313 384 5383 majores
410 5326 614 5367 secum
647 5309 905 5367 traheret
934 5306 1154 5378 copias,
1187 5305 1522 5376 exspectare
1552 5306 1606 5358 et
1637 5317 1771 5358 cum

116 5417 189 5457 eo
221 5400 498 5472 congredi
529 5399 773 5467 veritus,
804 5398 878 5454 ab
909 5395 1207 5454 obsidione
1235 5391 1535 5461 discessit,
1566 5388 1772 5446 inloco

113 5495 247 5546 tuto
270 5505 332 5545 se
353 5490 686 5559 conferens,
708 5492 767 5545 et
812 5491 1191 5560 exspectans,
1248 5485 1306 5538 et
1364 5479 1774 5553 frequentibus

117 5577 353 5641 nuntiis
382 5576 609 5636 doctior
628 5577 753 5635 fleri
783 5576 1050 5651 cupiens,
1073 5570 1268 5648 qualia
1283 5586 1484 5631 secum
1505 5569 1774 5645 princeps

446 5678 715 5742 Parnoi..
762 5677 905 5740 col.

1879 4589 2049 4662 cipis,
2065 4589 2214 4645 inter
2226 4588 2353 4659 ejus
2369 4587 2845 4658 predecessores,
2860 4583 3223 4642 solemnibus
3235 4581 3524 4653 exsequiis

1882 4678 2209 4750 sepultum.

2531 4780 2770 4838 CAPUT
2810 4778 2877 4835 X.

1879 4890 2195 4949 Noradinus
2215 4891 2527 4945 universam
2558 4888 2835 4958 regionem
2855 4900 2952 4955 pro
2980 4899 3077 4940 suo
3122 4888 3333 4940 tractat
3364 4884 3519 4940 arbi·

1954 4962 2084 5019 trio.
2113 4962 2229 5019 Rex
2250 4959 2387 5015 illuc
2418 4961 2696 5031 properat,
2753 4956 3018 5011 solatium
3071 4957 3525 5011 ministraturus.

1951 5032 2221 5090 Soldanus
2266 5028 2567 5087 laoniensis
2644 5032 2850 5085 terram
2918 5026 3131 5083 comitis
3199 5025 3529 5097 inqu-editur

1952 5104 2235 5161 Edessani.

1951 5211 2283 5270 Noradinus
2303 5223 2436 5265 vero
2458 5207 2517 5264 in
2531 5208 2911 5278 augmentum
2931 5204 3128 5279 gloriae
3146 5205 3273 5261 etin
3288 5202 3526 5276 signum

1877 5299 2152 5366 victoriae,
2185 5306 2238 5353 et
2271 5295 2425 5368 quod
2459 5294 2750 5350 maximus
2791 5291 3134 5365 gentilitatis
3194 5294 3535 5362 persecutor

1878 5389 2217 5445 crederetur
2238 5383 2540 5451 occidisse,
2574 5388 2749 5454 caput
2766 5398 2900 5438 cum
2926 5398 3099 5438 manu
3125 5381 3380 5447 dextera,
3402 5394 3527 5450 quae

1878 5479 1953 5536 ad
1977 5478 2081 5535 bos
2112 5493 2252 5533 usus
2283 5476 2352 5531 de
2373 5488 2613 5547 corpore
2643 5472 2905 5545 praedicti
2930 5470 3038 5527 viri
3070 5469 3331 5543 separari
3373 5469 3533 5525 fece-

1879 5571 1990 5637 rat,
2019 5566 2090 5624 ad
2123 5564 2449 5624 maximum
2477 5563 2932 5621 sarracenorum
2966 5559 3290 5634 principem
3325 5562 3384 5616 st
3405 5573 3530 5615 mo-

3135 5662 3212 5721 22
