3784 6000
1346 192 1769 257 summum
1811 190 2197 256 rYeENffls
2240 166 2645 254 senemr(

3569 196 3691 260 264

276 333 432 405 chia,
464 331 662 390 fratris
708 330 940 389 Roberti
989 329 1338 398 Guischart;
1391 328 1696 399 Ranulsus,
1746 329 1929 386 frater
1957 340 2013 409 Α
2038 327 2231 384 cendia
2262 327 2354 395 too
2396 341 2628 395 cessare,
2672 325 2745 383 ad
2788 331 3032 384 nostram
3081 329 3410 400 quantocius
3438 328 3696 385 accedens

275 424 444 496 ejus3
479 421 769 480 Robertus
800 421 872 477 de
895 421 1081 488 Anxa,
1113 421 1482 476 normannus
1510 418 1583 474 de
1603 418 1796 486 Carni,
1825 416 1930 475 Ro·

183 540 187 545 ·
275 511 478 570 bertus
526 512 599 568 de
648 508 1008 577 Surdavalle,
1061 505 1369 578 Robertus,
1430 507 1585 564 tilius
1631 508 1930 579 Tristaui3

2034 419 2412 490 proesentiom,
2460 432 2683 473 securus
2720 418 2791 474 de
2826 415 3130 488 mulitplici
3174 418 3383 474 honore
3424 427 3478 474 et
3516 422 3697 487 qratia

2037 511 2253 574 nostro,
2284 522 2391 578 quo
2441 506 2826 574 multipliciter
2870 511 2921 562 te
2952 510 3333 579 proposuimus
3371 508 3693 579 proevenire.

277 601 638 668 Bunfredus,
672 598 828 655 silius
859 596 1130 667 Rodu1fl;
1165 596 1508 667 Richardus,
1529 596 1684 652 filius
1705 598 1933 655 comitis
2036 595 2411 652 Pro-sentium
2458 611 2672 669 quoque
2727 596 2992 654 latoribus
3027 597 3277 653 dedimus
3307 599 3366 651 in
3394 597 3693 667 mandatis,

276 690 530 760 Ranulfi,
562 696 617 745 et
645 703 843 744 comes
872 689 943 744 de
966 686 1237 744 Rosinolo
1269 701 1400 743 cum
1452 687 1733 743 fratribus
1780 687 1925 755 suis,

271 783 331 836 et
343 777 550 835 Boelus
564 777 943 835 carnotensis
967 793 983 845 3
1015 775 1335 831 Alberedus
1350 775 1420 831 de
1431 774 1703 847 Cagnano
1726 795 1740 844 ς
1774 773 1929 831 Hun-

273 868 476 925 fredus
509 866 580 922 de
612 869 802 923 Monte
840 863 1129 922 scabioso.
1173 863 1244 918 Ili
1287 880 1421 937 ergo
1467 880 1672 921 omnes
1704 864 1927 923 domini

271 955 596 1015 Boamundi
623 953 827 1012 vexilla
858 953 1065 1020 secuti,
1120 969 1306 1024 usque
1354 956 1422 1009 ad
1472 953 1677 1009 urbem
1722 953 1924 1010 Casto-

270 1061 450 1116 ream,
482 1045 584 1102 ubi
609 1042 919 1101 Dominicae
973 1041 1303 1099 Nativitatis
1344 1042 1468 1099 dies
1517 1041 1773 1099 celebres
1803 1058 1929 1115 ege-

270 1139 427 1204 runt,
463 1135 868 1207 pervenerant.
918 1129 1027 1187 Ubi
1079 1129 1351 1202 quoniam
1383 1146 1418 1186 a
1447 1128 1671 1186 civibus
1699 1130 1929 1187 venalia

268 1222 484 1296 populo
511 1220 880 1295 praetereunti
897 1235 1011 1277 non
1025 1218 1470 1288 exhibebantur,
1490 1218 1769 1290 compulsi
1785 1223 1928 1276 eunt

268 1325 477 1385 greges
507 1315 568 1367 et
599 1315 884 1378 armenta,
917 1312 975 1366 et
1004 1311 1208 1364 caetera
1234 1307 1410 1364 victui
1458 1306 1804 1374 necessaria,
1827 1324 1925 1366 ra-

270 1419 407 1478 pere
459 1402 773 1473 violenter3
833 1405 892 1459 et
927 1402 1140 1458 damna
1183 1401 1438 1457 locorum
1471 1399 1920 1469 habitatoribus,

270 1493 374 1568 qul
405 1509 506 1551 eos
553 1498 840 1567 tanquam
886 1491 1086 1548 hostes
1134 1489 1644 1557 abominabantur,
1688 1490 1921 1548 inferre.

270 1582 414 1640 Inde
461 1580 773 1657 progressi.
823 1581 883 1637 in
930 1581 1167 1653 regione
1210 1579 1528 1650 uberrima,
1570 1581 1663 1636 oui
1712 1595 1923 1637 nomen

271 1678 361 1732 est
414 1673 747 1748 Pelagonia.
797 1673 1189 1730 castrametati
1249 1676 1407 1731 sunt.
1456 1671 1563 1728 Ubi
1621 1671 1924 1730 audientes
1952 1715 2000 1782 B

271 1765 422 1838 quod
453 1763 515 1820 in
536 1763 726 1821 vicino
757 1765 880 1820 erat
911 1761 1301 1835 municipium
1329 1761 1468 1818 solis
1497 1760 1786 1819 haereticis
1815 1765 1920 1817 ba·

267 1852 626 1909 bitatoribus
654 1851 955 1920 refertum,
979 1851 1118 1908 illuc
1146 1852 1255 1908 sub
1276 1850 1434 1907 omni
1457 1851 1749 1908 celeritate
1777 1867 1918 1908 con·

265 1941 536 2011 tendunt,
569 1945 626 1998 et
655 1946 911 1999 castrum
951 1939 1226 1998 violenter
1256 1944 1633 2012 occupantes,
1681 1955 1920 1997 succen-

265 2029 348 2086 sis
376 2029 656 2101 aediflciis,
687 2027 996 2104 oppidanis
1035 2045 1269 2103 quoque
1299 2030 1504 2101 partlm
1537 2028 1751 2102 gladio,
1794 2047 1921 2102 par·

265 2119 372 2177 tim
432 2119 804 2192 consumptis
838 2119 1127 2186 incendio,
1177 2120 1430 2192 praedam
1480 2120 1815 2176 universam
1867 2126 1921 2176 et

260 2207 462 2283 opima
488 2209 628 2267 inde
657 2208 980 2267 retulerunt
1010 2207 1218 2280 spolia.
1257 2207 1583 2281 Imperator
1609 2224 1743 2265 vero
1772 2224 1923 2281 prse-

261 2298 401 2357 dicti
422 2298 649 2357 domini
667 2297 991 2355 Boamundi
1011 2297 1253 2353 audiens
1290 2297 1602 2354 adventare
1639 2297 1918 2368 legiones,

262 2386 614 2461 primiceriis
659 2388 1025 2443 exercituum
1075 2400 1336 2454 suorum,
1390 2401 1537 2459 quos
1595 2387 1656 2443 iu
1713 2387 1916 2444 iisdem

263 2474 598 2548 regionibus
637 2475 825 2548 gratia
854 2475 1148 2531 hiemandi
1181 2473 1558 2532 collocaverat
1590 2474 1741 2532 clam
1773 2492 1920 2548 prae-

262 2562 408 2638 cipit
438 2568 504 2620 ut
535 2580 722 2636 usque
752 2564 822 2620 ad
859 2564 1194 2620 Bar-darium
1235 2563 1479 2620 fluvium
1509 2579 1641 2622 cum
1684 2564 1921 2622 univer-

264 2645 347 2702 eis
376 2643 607 2702 illarum
656 2645 962 2716 regionum
1012 2644 1196 2718 copiis
1233 2661 1301 2700 ex
1348 2643 1525 2701 latere
1574 2645 1699 2701 sine
1739 2644 1920 2702 iuter·

265 2734 541 2792 missione
590 2738 1032 2808 prosequentur,
1084 2740 1147 2788 ut
1174 2733 1223 2790 si
1274 2733 1418 2790 forte
1447 2733 1533 2790 eis
1563 2735 1918 2793 conveniens

263 2824 505 2880 daretur
532 2823 782 2889 occasio,
811 2827 866 2878 et
913 2823 997 2880 ita
1015 2823 1423 2896 opportunitas
1452 2838 1516 2879 se
1544 2823 1775 2880 offerret
1805 2840 1907 2880 no-

264 2916 354 2969 cte
382 2911 468 2969 vel
500 2912 776 2982 interdiu,
807 2912 959 2969 clam
981 2913 1101 2968 sive
1130 2911 1317 2976 aliter,
1344 2913 1662 2969 exercitum
1707 2928 1913 2985 proce-

265 3004 501 3061 dentem
551 3007 841 3060 tentarent
891 3002 1151 3074 fatigare.
1191 3004 1703 3075 suspectissimum
1754 3004 1912 3061 enim

2038 688 2097 740 ut
2125 686 2457 743 exercitibus
2492 687 2600 740 tuis
2620 686 2773 756 justo
2818 687 2996 757 pretio
3033 687 3342 742 necessaria
3378 694 3694 757 procurent,

2036 783 2100 830 ut
2123 777 2246 831 sine
2273 776 2701 846 intermissione,
2733 791 2924 831 rerum
2963 776 3250 831 venalium
3278 791 3365 832 eos
3382 778 3540 848 eopia
3566 792 3694 848 pro·

2033 870 2319 935 sequatur.
2348 867 2478 918 Haec
2502 864 2870 936 imperatoris
2901 866 3096 935 verba,
3147 865 3256 921 etsi
3298 865 3356 920 in
3388 865 3695 936 superficie

2037 953 2281 1009 multam
2315 953 2667 1010 videbantur
2694 953 2909 1011 babere
2939 953 3391 1024 humanitatem,
3419 955 3691 1012 intrinse-

2035 1056 2141 1099 cus
2157 1046 2348 1099 tamen
2367 1040 2530 1099 virus
2550 1043 2919 1100 occultabant
2933 1045 3271 1101 admistum.
3294 1044 3511 1101 Verum
3545 1045 3689 1102 Boa-

2036 1133 2311 1201 mundus,
2336 1138 2618 1202 tanquam
2654 1133 2744 1190 vir
2779 1134 2961 1191 solers
2989 1142 3045 1191 et
3073 1143 3331 1208 argutus,
3378 1133 3689 1207 imperato·

2035 1220 2117 1277 ris
2147 1226 2508 1295 compertam
2541 1221 2764 1279 babens
2793 1223 3102 1293 malitiam,
3133 1225 3493 1295 propositum
3524 1224 3694 1281 dissi-

2034 1310 2290 1380 mulans,
2324 1311 2556 1368 cautius
2588 1328 2651 1368 se
2689 1311 2963 1382 babebat,
3014 1314 3232 1386 gratias
3279 1314 3541 1371 referens
3575 1314 3688 1370 im-

2032 1398 2283 1472 peratori
2312 1416 2416 1473 pro
2439 1415 2507 1456 eo
2537 1401 2690 1473 quod
2723 1402 2795 1458 de
2825 1404 2985 1458 statu
3024 1417 3132 1459 suo
3182 1402 3519 1474 dignaretur
3557 1419 3689 1460 esse

2032 1487 2342 1546 sollicitus.
2366 1488 2469 1546 His
2500 1489 2683 1561 igitur
2713 1490 2965 1548 ducibus
3004 1506 3191 1564 usque
3233 1491 3306 1549 ad
3339 1490 3686 1549 Bardarium

2032 1576 2273 1635 fluvium
2305 1576 2671 1651 perveniens,
2713 1595 2849 1635 cum
2874 1580 2997 1651 jam
3046 1595 3115 1636 ex
3148 1584 3334 1651 parte,
3380 1580 3687 1654 enavigato

2030 1682 2201 1724 amne
2231 1667 2291 1723 in
2339 1667 2616 1725 ulteriore
2653 1669 2779 1740 ripa
2824 1669 3166 1727 consisteret
3211 1669 3522 1740 exercitus,
3553 1687 3687 1743 pars

2028 1773 2161 1814 vero
2199 1757 2390 1815 adbuc
2440 1759 2788 1816 transeundi
2837 1763 3071 1833 urgeret
3119 1760 3508 1833 propositum,
3556 1777 3687 1819 ecce

2026 1846 2405 1919 imperatoris
2435 1847 2735 1918 satellites»,
2768 1849 2870 1921 qui
2901 1865 3035 1905 cum
3057 1849 3287 1906 infinita
3308 1865 3489 1907 manu
3521 1867 3682 1908 exer·

2028 1937 2179 1992 citus
2200 1937 2384 1993 nostri
2414 1938 2655 2009 vestigia
2691 1939 3110 2010 sequebantur,
3141 1939 3251 1996 rati
3280 1943 3687 2012 opportunita-

2026 2028 2146 2083 tem
2193 2042 2256 2083 se
2298 2026 2611 2097 invenisse,
2644 2028 2703 2084 in
2753 2044 2878 2084 eam
2943 2032 3163 2100 partem
3214 2029 3528 2097 exercitus,
3560 2046 3683 2101 qum

2030 2115 2220 2172 adhuc
2242 2115 2302 2172 in
2329 2117 2673 2174 transeundi
2723 2121 2847 2174 erat
2893 2117 3220 2189 procinctu,
3271 2117 3565 2176 hostiliter
3610 2119 3683 2174 ir-

2029 2210 2232 2271 ruunt,
2292 2210 2513 2278 quanta
2566 2209 2836 2278 poterant
2878 2206 3322 2280 importunitate
3366 2207 3680 2265 instantes.

2027 2295 2188 2358 Quod
2221 2295 2562 2352 Tancredus
2594 2295 2942 2370 intelligens,
2991 2297 3144 2354 sicut
3179 2297 3266 2353 vir
3298 2302 3424 2354 erat
3452 2297 3679 2370 expedi-

2028 2381 2319 2454 tissimus,
2354 2385 2674 2442 sulmineus
2716 2386 2983 2454 advolat;
3014 2390 3073 2444 et
3109 2386 3373 2455 fluvium,
3408 2388 3510 2460 qui
3559 2402 3680 2444 me·

2028 2472 2163 2529 dius
2186 2481 2325 2542 erat,
2358 2479 2623 2543 enatans,
2657 2484 2879 2547 partem
2925 2475 3193 2533 fluminis
3221 2477 3412 2549 attigit
3450 2477 3683 2533 ulterio-

2026 2575 2173 2617 rem.
2232 2563 2409 2628 Quem
2461 2563 2646 2620 secuti
2688 2565 2936 2636 equites,
2983 2565 3152 2637 quasi
3182 2567 3254 2621 ad
3305 2566 3420 2621 duo
3473 2564 3678 2629 millia,

2024 2651 2213 2720 primo
2231 2666 2434 2709 eorum
2460 2654 2657 2709 statim
2683 2654 2959 2723 adventu,
2984 2654 3387 2727 praedictorum
3408 2654 3681 2712 cobortes

2024 2738 2352 2798 dissolvunt
2381 2741 2592 2814 gladiis
2616 2760 2631 2812 ;
2660 2747 2718 2800 et
2746 2759 3057 2800 conversos
3088 2744 3148 2800 in
3167 2745 3387 2817 fugam,
3411 2745 3682 2803 caedendo

2024 2828 2454 2900 aliquantulum
2486 2837 2623 2888 eunt
2660 2833 2973 2904 prosecuti,
3031 2832 3468 2906 interfectisque
3498 2850 3567 2890 ex
3594 2834 3680 2892 els

2023 2919 2491 2991 quampluribus,
2527 2921 2837 2978 nonnullos
2879 2923 3055 2979 etiam
3100 2923 3677 2994 comprehendentes,

2022 3021 2156 3065 ante
2170 3009 2409 3066 dominu
2424 3027 2476 3067 m
2498 3011 2904 3068 lloamuudum
2922 3029 3020 3069 eos
3042 3017 3394 3071 statuerunt.
3419 3014 3676 3079 Quicum

265 3092 485 3150 domini
519 3092 840 3149 Boamundi
873 3091 1121 3148 habebat
1168 3092 1490 3150 introitum.
1524 3092 1668 3149 Nam
1700 3098 1821 3150 tam
1845 3095 1919 3150 ab
1950 3085 1994 3155 C
2033 3097 2372 3171 diligentius
2394 3102 2908 3174 interrogarentur,
2928 3120 3106 3173 quare
3126 3102 3521 3161 Christianum
3546 3121 3677 3175 per·

267 3198 335 3241 eo
366 3198 540 3255 quam
572 3182 647 3240 ab
696 3183 823 3255 ejus
873 3187 1053 3254 patre,
1104 3182 1315 3238 multas
1345 3187 1401 3238 et
1448 3183 1665 3254 saepius
1716 3200 1922 3256 passus

268 3272 459 3328 l'uerat
484 3270 756 3344 injurias.
805 3271 1223 3327 Verumtamen
1253 3271 1406 3327 sicut
1434 3272 1522 3327 vir
1552 3277 1678 3329 erat
1698 3272 1920 3328 subdo·

265 3362 382 3427 lus,
429 3366 636 3434 potens
686 3359 961 3418 simulare
1006 3365 1064 3417 et
1109 3360 1482 3417 dissimulare
1532 3363 1917 3434 propositum,

265 3452 468 3513 missis
499 3451 853 3525 quibusdam
889 3449 1183 3507 nobilibus
1230 3466 1298 3506 ex
1325 3450 1450 3508 suis
1480 3451 1815 3509 domesticis
1844 3452 1916 3509 ad

263 3540 537 3599 eumdem
567 3541 759 3597 virum
799 3540 1119 3613 egregium,
1165 3539 1360 3595 verbis
1386 3540 1646 3613 pacificis
1675 3541 1725 3598 ei
1753 3541 1921 3599 locu-

261 3632 362 3687 tus
390 3634 479 3687 est
508 3629 570 3686 in
609 3627 762 3698 dolo,
803 3632 1037 3685 tentans
1066 3628 1115 3685 si
1156 3643 1271 3701 quo
1321 3630 1494 3684 modo
1540 3644 1673 3685 eum
1720 3636 1919 3701 posset

263 3719 553 3792 decipere.
586 3718 720 3775 Erat
749 3723 943 3774 autem
983 3717 1292 3774 verborum
1323 3732 1454 3790 quae
1479 3721 1600 3773 tam
1629 3718 1758 3774 viva
1781 3734 1918 3775 voce

260 3822 441 3880 quam
471 3804 681 3863 litteris
709 3821 811 3879 per
839 3805 1078 3864 nuntios
1108 3810 1440 3877 porrexerat
1485 3806 1807 3879 praedictos,
1837 3810 1919 3865 te·

259 3910 370 3954 nor
399 3894 777 3967 hujusmodi:

890 4011 1122 4069 CAPUT
1149 4011 1292 4069 xlv,

259 4100 511 4173 Epistola
551 4102 902 4188 imperatoris
948 4101 1151 4186 Alexii·
1181 4100 1256 4187 ud
1307 4104 1708 4160 Boamundum.
1742 4104 1916 4191 irruit

329 4173 943 4364 {testatam
945 4176 1914 4318 3:203512-ttzm⁶tfiztfisstt¹¹325¹s2

323 4328 442 4384 qun
478 4349 492 4365 .

2032 3195 2414 3259 sequerentur
2460 3193 2804 3261 exercitum,
2835 3194 3282 3265 responderunt,
3316 3195 3471 3267 quod
3504 3194 3676 3251 homi·

2028 3292 2124 3333 nes
2146 3280 2500 3351 imperatoris
2526 3290 2723 3350 essent,
2752 3288 2806 3337 et
2854 3284 3123 3339 merendo
3154 3284 3425 3355 stipendia
3446 3284 3519 3340 od
3564 3286 3681 3354 eius

2024 3372 2360 3441 proeoeptum
2373 3369 2618 3427 militare
2645 3388 2733 3427 eos
2752 3376 3042 3444 oporteret.
3066 3373 3172 3430 Hic
3192 3374 3426 3430 demum
3445 3373 3678 3447 plenius

2027 3460 2258 3519 cunctis
2288 3459 2563 3530 innotuit,
2610 3462 2765 3534 quod
2797 3464 3076 3535 quidquid
3121 3464 3207 3520 eis
3236 3463 3557 3536 imperator
3583 3463 3678 3521 lo-

2027 3550 2339 3623 quebatur,
2373 3550 2530 3606 fraus
2552 3554 2679 3607 erat
2706 3555 2765 3608 et
2812 3551 3227 3610 circumventio
3256 3570 3272 3622 3
3300 3555 3498 3610 tamen
3541 3552 3681 3626 quia

2027 3654 2131 3712 per
2155 3654 2285 3695 eum
2320 3638 2625 3697 transituri
2665 3645 2851 3709 erant,
2882 3641 3080 3698 invitis
3119 3640 3249 3698 aliis
3298 3642 3679 3700 Boamundus

2026 3726 2397 3785 dissimulare
2426 3729 2621 3801 potius
2642 3730 3154 3803 volebatinjurias‚
3180 3746 3357 3803 quam
3379 3747 3514 3788 eum
3547 3732 3677 3788 inu·

2027 3812 2208 3872 tiliter
2236 3815 2309 3871 ad
2340 3815 2702 3873 iracundiam
2734 3833 3057 3889 provocare.

2650 3962 2886 4020 CAPUT
2912 3962 3034 4021 XV.

2026 4084 2278 4171 Oeeurrit
2310 4084 2427 4142 dux
2466 4087 2685 4171 domino
2717 4087 3053 4173 Boamundo.
3084 4092 3152 4173 et·
3165 4088 3403 4145 invitum
3424 4093 3587 4162 quasi
3604 4092 3676 4147 od

2095 4160 3303 4303 ’τ”ἇξῖνὲἕῗῶᾝι’ἑὲΐὲάῖἒέωᾲῖἴῖνὲἕιῖἷὲἒῖᾜ
3324 4162 3671 4304 έέἵῗῧῖἃὲἴ·

2096 4300 2195 4357 ubi
2222 4299 2378 4358 ducis
2406 4303 2713 4359 cohortibus
2741 4303 3039 4360 sociantur.
3655 4279 3670 4305 ⁹

327 4420 675 4490 COmPsser
717 4418 895 4491 '‘⁰50‘’
927 4426 980 4477 θ’
1018 4420 1345 4478 mmmmm
1399 4421 1613 4481 dubim
1658 4434 1910 4482 ”mrum
1937 4440 1984 4505 D
2084 4441 2443 4500 Transcursa
2472 4443 2645 4515 igitur
2675 4444 3013 4502 Macedonia
3032 4448 3089 4502 et
3119 4446 3392 4502 universa
3417 4444 3667 4518 Illyrico,

252 4512 567 4585 imperium,
617 4526 653 4567 a
694 4510 800 4568 Deo
834 4515 1166 4583 protectum,
1187 4513 1328 4585 quod
1365 4529 1597 4585 maynus
1641 4519 1693 4571 et
1718 4520 1907 4587 poiens

249 4602 327 4660 sis
350 4602 633 4675 princeps,
656 4604 707 4659 ei
736 4603 1004 4675 eyreqius,
1049 4602 1334 4675 moynifici
1360 4618 1591 4676 quoque,
1619 4607 1670 4661 et
1687 4621 1907 4679 proepo-

252 4696 440 4762 tentis,
480 4698 535 4750 et
573 4692 838 4750 industrii
880 4693 1158 4767 principis
1185 4694 1334 4765 filius
1359 4712 1378 4750 .·
1409 4702 1572 4767 teque
1616 4702 1901 4769 hactenus,

247 4782 466 4841 meritis
504 4784 614 4839 tuis
641 4782 700 4839 id
727 4783 1100 4856 exigentibus,
1129 4785 1352 4841 chorum
1379 4800 1594 4857 semper
1611 4786 1905 4845 habuimus

248 4859 313 4930 et'
332 4876 631 4944 acceptum,
664 4874 792 4930 lieet
820 4884 874 4930 te
894 4884 1218 4946 proeseueem
1255 4891 1365 4931 non
1387 4877 1812 4947 inspexerimus.
1831 4878 1906 4937 Ee

249 4976 415 5031 nune,
448 4963 704 5031 quoniam
732 4963 804 5019 od
845 4966 1174 5020 servitutem
1194 4963 1291 5021 Dei
1317 4973 1369 5021 et
1390 4966 1619 5038 pietatis
1646 4966 1903 5040 obsequia

249 5051 553 5108 accinctum
579 5052 631 5104 te
658 5052 708 5105 et
754 5052 996 5120 eiusdem
1041 5056 1502 5126 pereqrinationis
1539 5072 1664 5113 eum
1692 5059 1903 5114 coeteris

252 5144 355 5199 Deo
385 5140 588 5198 devotis
617 5142 957 5213 principibus
983 5147 1317 5201 consortium
1347 5147 1538 5203 iniisse
1566 5147 1896 5210 audivimus,

244 5230 447 5307 sorcius
475 5245 668 5287 amore
695 5235 747 5286 et
778 5229 1052 5289 honorare
1065 5236 1410 5306 propensius,
1440 5236 1595 5293 cordi
1618 5237 1775 5294 nobis
1796 5243 1899 5311 est,

246 5324 301 5379 et
326 5324 386 5377 in
415 5327 667 5394 prompto
693 5320 870 5391 fixum
898 5324 1142 5391 perimus
1182 5324 1485 5385 voluntate.
1537 5326 1900 5401 Quapropter.

248 5409 605 5467 dilectissime
624 5418 832 5480 noster,
853 5411 1069 5484 populis
1093 5416 1346 5486 proecipe.
1375 5418 1470 5487 qui
1489 5424 1543 5473 te
1568 5425 1898 5491 sequuntur,

247 5498 511 5571 subjectis
539 5500 746 5557 uostris
765 5515 1006 5570 parcere
1049 5501 1396 5573 uiolentiam,
1425 5510 1697 5579 ;ropinos
1732 5514 1784 5567 ei
1807 5510 1902 5566 in-

2008 4534 2376 4602 competendi
2393 4535 2789 4592 moderamine
2810 4535 3018 4592 itinere
3033 4540 3346 4605 maturato,
3371 4536 3439 4592 ad
3467 4537 3667 4594 urbem

2008 4622 2181 4695 coeplt
2207 4622 2700 4695 appropinquare.
2737 4624 2998 4697 Cumque
3025 4624 3084 4681 in
3115 4625 3306 4683 vicino
3352 4630 3504 4683 esset
3532 4643 3670 4683 eon-

2007 4709 2276 4781 stitutus,
2308 4712 2514 4784 quinta
2531 4713 2669 4770 seria
2698 4717 2832 4770 ante
2863 4713 3196 4771 Pascbalem
3212 4714 3665 4783 solemnitatem,

2007 4808 2281 4871 suscepta
2299 4799 2511 4858 iterum
2542 4801 2908 4876 imperatoris
2938 4802 3248 4877 legatione,
3280 4805 3666 4877 persuadente

2008 4891 2074 4945 ut
2093 4888 2335 4946 dimisso
2366 4892 2624 4948 exercitu
2651 4891 2725 4949 ad
2755 4908 2818 4949 se
2864 4908 2995 4950 cum
3026 4893 3229 4966 paucis
3276 4895 3334 4950 et
3364 4893 3668 4950 familiari·

2007 4976 2121 5035 bus
2154 4978 2281 5036 suis
2309 4978 2735 5053 ingrederetur,
2784 4981 3046 5040 substitit
3103 4982 3576 5056 aliquantulum3
3605 4986 3666 5040 et

2006 5068 2235 5127 effectui
2293 5072 2631 5145 mancipare
2688 5073 2842 5146 quod
2899 5071 3363 5146 praecipiebatur,
3412 5072 3661 5141 distulit,

2007 5163 2337 5232 suspectam
2370 5159 2527 5218 illius
2559 5160 2785 5219 habens
2814 5162 3122 5219 malitiam.
3147 5161 3418 5235 Dumque
3447 5162 3534 5218 sic
3558 5162 3665 5219 flu-

2007 5251 2235 5306 ctuaret
2255 5248 2315 5305 in
2334 5249 2575 5320 incerto,
2599 5266 2731 5309 ecce
2756 5251 2843 5308 vir
2860 5250 3113 5308 illustris
3142 5252 3259 5308 dux
3286 5249 3659 5320 Godet'ridus,

2008 5335 2080 5394 ab
2122 5338 2470 5412 imperatore
2514 5340 2701 5397 multa
2738 5357 2978 5415 precum
3026 5342 3217 5398 victus
3260 5339 3562 5409 instantia,
3597 5343 3663 5396 ut

2009 5426 2248 5485 domino
2305 5428 2646 5489 Boamundo
2702 5431 2880 5488 exiret
2926 5429 3182 5493 obviam.
3212 5434 3270 5488 et
3320 5444 3459 5487 eum
3487 5429 3561 5487 ad
3599 5445 3663 5488 se

2009 5514 2159 5573 nihil
2189 5517 2557 5578 dubitantem
2585 5518 3002 5592 introduceret,
3024 5534 3155 5579 cum
3170 5518 3417 5578 honesto
3437 5517 3663 5593 princi-
