3784 6000
197 239 325 305 ⁴13

1090 244 1293 310 ulsr.
1337 247 1611 312 RERUM
1652 244 2207 311 TRANSMAmN.
2247 277 2332 294 —
2369 244 2522 308 Lm.
2565 244 2725 312 vm.

200 374 500 433 derelicta.
524 380 644 435 Hoc
670 382 868 435 autem
899 395 967 437 ea
995 380 1206 438 dicitur
1254 382 1575 440 intentione
1621 384 1849 452 fecisse,
1880 386 1936 450 A
1964 383 2228 453 subjecta
2257 383 2766 454 materia,castella
2791 389 2850 442 et
2879 384 3604 459 machinasjuculatorias,

204 469 275 521 ut
302 470 363 520 et
389 465 623 522 facilius
648 468 717 524 ad
769 468 970 525 urbem
1000 473 1444 541 expugnandam
1486 474 1574 530 sui
1614 481 1854 546 possent

196 556 492 624 accedere,
524 559 585 613 et
614 557 944 627 predictam
972 561 1280 617 ecclesiam
1311 563 1383 618 ab
1414 562 1669 619 hostium
1697 563 1853 635 inju-

196 643 283 699 ria
312 644 483 701 tueri.
517 645 573 702 Is
592 647 743 703 enim
777 647 936 705 locus
964 655 1128 717 eratt,
1168 651 1226 706 in
1259 668 1375 724 quo
1407 653 1669 710 Salvator
1711 669 1844 710 cum

199 734 509 807 discipulis
535 751 818 808 coenasse,
840 743 893 794 et
926 754 1129 796 eorum
1160 740 1367 799 lavisse
1396 744 1571 815 pedes
1591 743 1842 814 dicitur3

197 821 421 879 ibidem
451 825 627 882 etiam
658 830 715 882 et
762 827 1012 899 Spiritus
1041 835 1285 887 sanctus
1315 848 1493 902 super
1521 832 1845 905 discipulos

198 910 261 966 in
314 910 538 985 linguis
583 914 677 971 die
733 925 932 973 sancto
990 918 1358 977 Pentecosten
1420 922 1798 979 descendisse
1833 940 1849 981 ε

200 999 283 1057 ibi
305 1001 479 1059 etiam
502 1008 560 1060 et
575 1005 728 1076 piam
753 1007 851 1063 Dei
875 1008 1225 1067 Genitricem
1259 1012 1463 1068 mortis
1493 1011 1738 1069 solvisse
1759 1013 1854 1068 de-

199 1087 412 1159 bitum,
441 1101 699 1150 veterum
733 1094 952 1153 habent
982 1098 1348 1166 traditiones,
1379 1100 1479 1157 ubi
1509 1101 1687 1156 etiam
1716 1117 1851 1173 pro-

194 1181 539 1325 tom‘artyris
569 1182 847 1256 Stephani
878 1186 1215 1257 sepulcrum
1264 1204 1455 1262 usque
1502 1190 1674 1247 hodie
1703 1190 1850 1247 desi·

190 1282 309 1342 gna
338 1285 429 1327 ur.

836 1379 1069 1439 CAPUT
1106 1383 1206 1439 Vi.

186 1465 403 1534 Quinto
427 1474 546 1533 pose
573 1466 915 1525 obsidionem
942 1470 1036 1527 die
1064 1474 1255 1530 urbem
1283 1475 1612 1548 impugnant
1638 1493 1658 1532 .-
1679 1476 1848 1534 ductu

256 1536 550 1621 cuiusdam
577 1537 754 1607 fidelis
782 1539 844 1596 in
866 1542 1033 1598 silvas
1080 1543 1430 1616 descendunt,
1469 1549 1646 1605 trabes
1690 1549 1848 1622 dese-

258 1616 416 1677 runt,
436 1614 657 1681 erigunt
685 1611 997 1669 machinas.

1964 490 2112 544 quas
2142 489 2431 545 magnana
2449 475 2534 530 vel
2569 477 2854 546 petrarias
2873 482 3102 540 vocant,
3132 477 3342 533 arietes
3371 490 3602 548 quoque

1966 563 2139 618 simul
2170 567 2228 619 et
2256 564 2535 635 scrophas
2566 566 2633 620 ad
2665 565 3099 623 suffodiendum
3132 581 3392 631 murum,
3423 568 3608 621 certa-

1966 651 2071 709 tim
2102 656 2158 709 et
2186 669 2420 709 summo
2452 658 2768 711 contexunt
2787 654 3105 727 diligentia.
3129 656 3384 712 Dabatur
3401 657 3602 711 autem

1965 740 2307 811 artificibus,
2337 742 2551 814 quibus
2582 743 2822 814 propriae
2856 760 2968 800 non
3002 745 3404 816 supputebant
3423 740 3604 798 facul-

1963 834 2136 898 tates,
2158 836 2222 888 ut
2252 832 2432 903 gratis
2460 848 2692 903 opernm
2718 836 2956 904 possent
2982 833 3598 902 impendere‚merces,

1961 920 2032 977 de
2053 920 2335 994 symbolis
2357 938 2501 992 quos
2518 921 2716 993 populi
2738 920 3013 978 offerebat
3033 922 3283 978 devotio.
3303 921 3451 977 Nam
3476 920 3603 977 nul·

1961 1009 2078 1066 lius
2109 1010 2438 1082 principum
2470 1011 2542 1065 ad
2573 1010 2681 1066 hoc
2711 1010 3079 1066 sufficiebant
3106 1011 3305 1082 copim,
3340 1014 3402 1066 ut
3420 1008 3604 1067 archi-

1960 1099 2128 1156 tectis
2159 1108 2390 1171 possent
2421 1099 2751 1155 ministrare
2780 1098 3084 1165 salarium,
3114 1102 3351 1171 excepto
3380 1097 3592 1155 comite

1959 1189 2378 1262 Tolosano‚qui
2400 1192 2677 1260 perpetuo
2699 1188 2832 1261 plus
2852 1188 3072 1245 caeteris
3096 1188 3450 1244 abundabat.
3465 1185 3599 1257 Ipse

1957 1277 2111 1336 enim
2143 1279 2215 1335 de
2250 1278 2483 1350 proprio
2525 1278 2725 1334 aerario
2773 1277 2994 1349 absque
3023 1275 3327 1333 collatione
3372 1274 3596 1347 populi,

1958 1368 2086 1425 suis
2114 1368 2439 1425 artificibus
2469 1368 2767 1439 impensas
2798 1365 3167 1423 ministrabat
3197 1364 3595 1434 necessarias3

1956 1458 2058 1515 sed
2091 1465 2144 1513 et
2176 1457 2378 1514 multis
2410 1456 2725 1525 nobilibus,
2746 1455 2965 1528 quibus
2993 1472 3100 1512 sua
3131 1454 3461 1511 deiecerant
3477 1453 3600 1510 via·

1955 1547 2096 1614 tica,
2126 1546 2420 1618 stipendia
2447 1546 2837 1602 ministrabat.
2868 1544 3137 1616 Dumque
3165 1543 3250 1599 sic
3273 1543 3429 1600 circa
3462 1556 3597 1599 ma-

1951 1635 2077 1706 jora
2107 1634 2338 1708 negotia
2367 1635 2619 1706 mojores
2659 1632 2949 1706 principes
2988 1639 3183 1689 essent
3212 1628 3473 1697 solliciti,
3496 1628 3598 1687 alii

264 1712 497 1772 Locatis
536 1715 737 1787 igitur,
779 1723 844 1773 ut
881 1720 1279 1791 praediximus,
1331 1724 1543 1782 castris
1591 1742 1625 1783 a
1677 1731 1843 1799 porta
1875 1759 1925 1826 B
1960 1724 2181 1781 nobiles
2226 1730 2282 1780 et
2333 1722 2588 1796 preclari
2636 1722 2765 1791 viri,
2788 1721 2994 1779 erectis
3041 1719 3288 1789 vexillis,
3317 1716 3596 1792 populum

190 1803 659 1874 septentrionali,
682 1821 809 1877 quae
841 1808 1011 1881 vulgo
1051 1810 1264 1868 dicitur
1310 1813 1508 1870 Sancti
1538 1815 1842 1888 Stephani,

190 1904 382 1962 usque
430 1892 502 1947 ed
554 1897 776 1950 turrem
820 1897 1178 1968 angularem,
1212 1918 1341 1973 quae
1388 1903 1521 1960 valli
1562 1903 1844 1976 Josaphat

191 1979 571 2051 paaeeminet3
599 1987 657 2039 et
677 1983 814 2041 inde
836 2002 1018 2059 usque
1040 1991 1112 2045 ad
1134 1993 1465 2062 oppositum
1483 1993 1741 2063 ejusdem
1765 1995 1843 2049 ci·

188 2068 391 2125 vitatis
412 2070 718 2143 angulum,
741 2075 841 2145 qui
861 2091 928 2131 su
938 2091 1038 2147 per
1057 2077 1270 2135 clivum
1293 2081 1557 2151 ejusdem
1579 2083 1747 2139 vallis
1768 2084 1841 2139 ab

189 2158 438 2215 australi
471 2160 618 2217 situs
646 2166 738 2218 est
775 2168 957 2236 parte,
979 2171 1038 2223 et
1086 2167 1219 2224 inde
1274 2186 1459 2242 usque
1491 2171 1561 2227 ad
1613 2176 1839 2244 portam

189 2247 535 2318 australem,
568 2266 696 2322 quae
727 2251 898 2309 hodie
931 2255 1145 2313 dicitur
1193 2259 1409 2314 montis
1438 2259 1599 2328 Sion,
1632 2262 1839 2320 civitas

188 2336 477 2393 remansit
524 2338 849 2407 inobsessa,
884 2343 976 2398 vix
1023 2344 1149 2416 ejus
1188 2346 1495 2405 dimidium
1536 2349 1840 2408 obsidione

184 2425 519 2485 claudente.
542 2429 757 2496 Quinta
783 2431 963 2504 igitur
993 2435 1107 2505 die,
1135 2441 1446 2509 postquam
1475 2443 1609 2496 ante
1633 2442 1837 2498 urbem

187 2519 397 2572 noster
411 2518 674 2574 constitit
698 2520 1007 2591 exercitus,
1032 2523 1314 2582 indictum
1349 2532 1440 2584 est
1467 2529 1835 2601 generaliter,

186 2608 244 2661 et
262 2620 409 2661 voce
427 2605 827 2677 significatum
843 2612 1451 2685 praeconia,quatenus
1473 2633 1680 2675 omnes
1702 2636 1838 2678 una-

188 2693 489 2752 nimitera
521 2697 739 2768 majore
768 2715 954 2771 usque
983 2702 1054 2757 ad
1088 2704 1400 2762 minimum
1423 2709 1602 2764 armis
1624 2709 1835 2767 instru-

189 2784 289 2849 cti,
322 2787 383 2839 et
414 2786 650 2855 protecti
681 2786 917 2861 clypeis,
939 2791 1010 2846 ad
1050 2792 1252 2849 urbem
1285 2793 1740 2867 impugnandam
1776 2815 1840 2856 se

188 2873 599 2945 accingerent:
622 2877 778 2946 quod
802 2882 859 2933 et
877 2877 1091 2936 factum
1113 2884 1657 2956 echeon-surgentes
1679 2888 1833 2944 enim

188 2976 400 3020 omnes
435 2963 766 3035 unanimes,
788 2969 950 3023 tanta
971 2968 1125 3026 circa
1151 2977 1347 3043 partos
1379 2973 1540 3031 urbis
1571 2975 1838 3035 obsessas

189 3051 497 3107 irruerunt
516 3052 821 3125 instantia,
854 3061 1135 3131 tantaque
1163 3076 1304 3119 cura
1342 3067 1400 3119 et
1421 3065 1633 3121 virtute
1661 3068 1841 3124 conti·

1952 1813 2275 1871 educebant
2298 1813 2369 1869 ad
2418 1812 2547 1869 loca
2567 1812 2664 1869 ubi
2701 1810 2920 1883 aliquid
2956 1811 3334 1866 frutectorum
3358 1815 3414 1863 et
3435 1807 3596 1865 silvo

1953 1902 2194 1960 humilis
2223 1918 2371 1968 esse,
2402 1919 2502 1974 per
2529 1902 2838 1973 indigenas
2869 1902 3294 1972 compererant,
3326 1900 3391 1952 ut
3408 1896 3596 1968 equis,

1953 1991 2155 2061 asinis,
2175 2000 2226 2048 et
2276 1991 2538 2048 omnium
2566 1992 2961 2061 jumentorum
2992 2002 3200 2060 genere
3223 1984 3468 2058 virgulta
3494 1985 3594 2043 de—

1953 2083 2165 2137 ferrent
2195 2080 2346 2150 inde,
2379 2085 2439 2136 et
2464 2080 2702 2147 vimina,
2736 2082 2801 2133 ut
2839 2077 2976 2133 inde
3004 2079 3191 2132 crates
3220 2084 3595 2130 contexeren-

1951 2174 2047 2225 tur
2080 2174 2138 2224 et
2168 2170 2393 2240 maiora
2438 2167 2848 2240 supplerentur
2879 2182 3077 2238 opera.
3109 2163 3381 2221 Fervebat
3421 2161 3598 2232 igitur

1950 2274 2119 2330 opus,
2144 2262 2203 2314 et
2230 2257 2496 2314 omnium
2533 2255 2875 2329 invigilabat
2903 2254 3187 2314 studium,
3221 2267 3327 2308 nec
3375 2254 3500 2307 erat
3527 2249 3589 2305 in

1949 2351 2113 2404 tanto
2161 2346 2375 2419 populo
2405 2346 2574 2403 deses
2620 2343 2933 2416 quispiam,
2964 2344 3067 2398 aut
3114 2341 3214 2413 qui
3254 2338 3371 2397 otio
3405 2344 3594 2411 torpe·

1950 2452 2113 2494 scere
2142 2437 2608 2506 permitteretur;
2650 2435 2749 2490 sed
2784 2431 3034 2504 quisque
3077 2430 3296 2502 aliquid
3327 2427 3592 2484 muneris

1949 2524 2346 2597 impendebat,
2380 2525 2611 2580 sublata
2640 2520 2991 2591 differentia,
3020 2520 3162 2593 quid
3194 2533 3486 2590 quemque
3506 2532 3597 2574 se-

1949 2614 2208 2670 cundum
2231 2628 2395 2669 suam
2410 2614 2638 2669 deceret
2660 2610 3078 2668 conditionem.
3102 2608 3392 2680 Quidquid
3437 2605 3594 2663 enim

1951 2702 2080 2759 usui
2113 2717 2242 2758 esse
2295 2704 2542 2772 poterat,
2581 2700 2637 2755 id
2689 2703 2871 2756 totum
2918 2701 3165 2754 tractare
3212 2695 3593 2767 reputabatur

1948 2793 2280 2848 honestum.
2318 2790 2626 2846 Instabant
2654 2787 2814 2862 operi
2843 2787 3020 2844 simul
3055 2786 3114 2841 in
3140 2800 3322 2842 unum
3346 2785 3506 2840 dives
3535 2791 3593 2841 et

1949 2896 2190 2954 pauper,
2221 2896 2325 2936 nec
2343 2878 2700 2936 conditionis
2730 2878 3117 2950 reputabatur
3144 2875 3467 2946 imparitas,
3488 2873 3589 2930 ubi

1950 2988 2055 3043 par
2083 2974 2209 3027 erat
2256 2970 2545 3037 studium,
2575 2974 2633 3025 et
2679 2968 2738 3025 in
2786 2965 3151 3039 exsequendo
3181 2979 3354 3037 opere
3401 2964 3588 3021 fervor

1951 3077 2066 3117 non
2092 3060 2417 3125 dissimilis„
2448 3060 2550 3132 qui
2579 3060 2768 3131 major
2794 3061 2917 3115 erat
2945 3057 3193 3122 meritis,
3220 3055 3407 3129 magis
3426 3054 3588 3112 solli-

192 3146 447 3198 nuentes
484 3156 885 3214 congressum,
916 3147 1068 3204 cives
1096 3146 1544 3223 impugnabant,
1578 3159 1642 3211 ut
1669 3155 1838 3212 effra-
1867 3127 1914 3196 C
1951 3150 2104 3208 citus
2123 3153 2246 3205 erat
2265 3148 2420 3205 circa
2437 3149 2708 3220 frequens
2731 3146 3123 3204 ministerium
3148 3164 3163 3216 ς
3196 3147 3297 3217 qui
3332 3161 3463 3201 vero
3496 3145 3586 3201 in·

186 3229 299 3288 ctis
328 3231 820 3299 antemuralibus,
854 3235 1006 3292 infra
1054 3253 1253 3296 muros
1300 3241 1601 3299 interiores
1647 3258 1746 3300 eos
1777 3261 1840 3303 se

186 3335 325 3376 cum
356 3321 571 3378 timore
602 3323 856 3395 recipere
888 3328 1300 3398 compellerent
1328 3337 1385 3387 et
1415 3333 1485 3389 de
1516 3334 1837 3392 resistendo

184 3408 456 3465 diffidere
480 3418 830 3482 cogerentur
863 3429 876 3470 :
908 3419 1061 3487 quod
1092 3416 1140 3473 si
1171 3418 1272 3475 illa
1300 3420 1415 3488 die,
1449 3422 1505 3478 in
1537 3439 1602 3481 eo
1635 3423 1837 3482 urbem

186 3497 580 3570 impugnandi
614 3500 852 3573 fervore,
869 3504 1059 3562 scalas
1079 3506 1423 3565 habuissent
1442 3515 1543 3567 aut
1562 3513 1630 3567 ad
1663 3530 1836 3571 occu-

186 3587 386 3660 panda
418 3587 637 3644 moenia
667 3590 970 3648 machinas
988 3598 1306 3664 aptassent,
1332 3599 1531 3668 procul
1554 3601 1836 3659 omnidu-

183 3676 279 3733 bio
327 3673 629 3733 civitatem
676 3679 789 3734 sibi
836 3687 1101 3752 poterant
1138 3683 1487 3744 vindicasse.
1518 3689 1778 3761 Cumque
1806 3710 1839 3750 a

180 3780 425 3823 summo
448 3779 620 3822 mane
639 3766 793 3825 circa
821 3768 1023 3827 boram
1046 3772 1162 3829 diei
1183 3776 1489 3846 septimam
1517 3779 1576 3834 in
1600 3796 1666 3836 eo
1689 3780 1838 3838 facto

178 3853 602 3924 desudassent,
630 3855 892 3914 videntes
940 3863 1096 3930 quod
1145 3861 1370 3936 absque
1401 3868 1691 3924 machinis
1724 3886 1839 3926 non

178 3942 445 4000 multum
476 3948 715 4014 possent
762 3947 1061 4017 proficere,
1096 3953 1457 4022 propositum
1501 3956 1572 4011 ad
1604 3960 1842 4030 tempus

177 4031 714 4104 distulerunt,opus
733 4043 965 4093 auctore
990 4039 1695 4110 Domino,consummatis
1718 4062 1843 4104 ma-

176 4118 397 4189 chinis,
412 4119 645 4177 felicius
664 4124 991 4195 repetituri.
1007 4127 1272 4200 Dumque
1291 4129 1444 4187 circa
1467 4131 1524 4187 id
1545 4131 1845 4207 principes

178 4207 759 4282 plenadsliberarent
772 4213 1193 4285 sollicitudine,
1210 4220 1307 4276 ubi
1335 4225 1471 4292 apta
1496 4221 1850 4281 instrumen-

178 4297 253 4354 tis
266 4297 477 4369 ligneis
500 4305 697 4371 posset
713 4303 952 4373 reperiri
974 4305 1213 4362 materia
1227 4307 1385 4380 (nam
1401 4311 1676 4381 adiacens
1721 4313 1850 4369 uni·

178 4402 353 4443 versa
362 4386 529 4459 regio
541 4388 761 4446 nullam
775 4391 1115 4464 hujusmodi
1130 4396 1436 4455 videbatur
1452 4412 1696 4471 opportu
1708 4403 1762 4458 ni
1773 4393 1849 4459 ta'

1947 3240 2143 3307 ferior,
2176 3240 2250 3296 ad
2280 3240 2515 3311 aliquod
2546 3248 2734 3295 tamen
2774 3238 3119 3310 obsequium
3150 3235 3587 3292 admittebatur.

1947 3331 2057 3387 Pro
2087 3329 2271 3385 nihilo
2293 3327 2645 3401 reputabant
2672 3327 2959 3399 quidquid
2989 3327 3046 3381 in
3080 3331 3199 3382 toto
3229 3325 3435 3381 ttinere
3467 3339 3594 3396 per·

1948 3418 2230 3486 tulerant,
2252 3417 2366 3474 nisi
2398 3418 2542 3474 tanti
2574 3416 2791 3473 laboris
2823 3417 3072 3473 fructum
3106 3415 3305 3471 liceret
3333 3428 3588 3486 carpere,

1948 3514 2006 3566 et
2056 3509 2257 3564 urbem
2290 3508 2552 3572 introire,
2587 3523 2689 3579 pro
2736 3523 2853 3577 qua
2881 3509 2968 3561 tot
2998 3520 3164 3561 casus
3194 3503 3589 3559 sustinuerant

1949 3599 2247 3656 adversos:
2264 3596 2730 3667 leveJ'udicabant
2750 3594 3036 3667 quidquid
3053 3591 3318 3648 mandari
3341 3595 3584 3662 poterat,

1949 3688 2090 3743 dum
2124 3686 2194 3742 ad
2233 3687 2288 3740 id
2319 3687 2548 3740 tantum
2598 3682 2770 3738 modo
2817 3679 3115 3752 cooperari
3144 3681 3496 3748 crederetur,
3525 3684 3590 3734 ut

1950 3780 2080 3833 vota
2105 3780 2402 3846 compotes
2433 3772 2557 3827 fleri
2585 3780 2966 3827 mererentur.

1949 3973 2055 4029 Siti
2083 3974 2312 4045 populus
2341 3878 3119 4041 [ατίραίαῖῗῗίῗιῖηᾳγιὲιὲιᾳααε
3147 3967 3405 4039 quaerunt
3433 3965 3592 4037 Ionae

2021 4047 2242 4117 positos,
2262 4051 2314 4099 et
2358 4045 2575 4113 reliqua
2612 4043 2738 4098 vitoe
2765 4039 3091 4110 necessario,
3119 4040 3189 4095 ab
3219 4038 3458 4095 hostibus
3494 4050 3587 4110 pe·

2023 4119 2307 4172 rimantur
2328 4117 2671 4186 frequenter.

2027 4226 2248 4281 Interea
2263 4222 2363 4278 siti
2383 4220 2740 4293 fatigabatur
2757 4220 3042 4277 exercitus
3056 4215 3591 4274 vehementissima.

1952 4315 2122 4384 Nam,
2146 4317 2209 4369 ut
2239 4311 2636 4383 proediximus,
2665 4310 2828 4366 locus
2854 4307 3074 4365 civitati
3102 4308 3373 4379 adjacens
3393 4303 3594 4361 aridus

1954 4409 2042 4463 est
2060 4409 2119 4461 et
2147 4403 2491 4475 inaquosus,
2515 4403 2667 4459 rivos
2697 4406 2798 4458 aut
2828 4401 3038 4466 fontes,
3058 4398 3146 4456 vel
3179 4397 3355 4455 etiam
3387 4400 3590 4468 puteos

180 4481 305 4532 tem
322 4475 676 4550 ministrare)
690 4495 824 4537 casu
847 4483 1038 4539 adfuit
1056 4486 1297 4556 quidam
1330 4486 1830 4564 fidelisindigena,
1862 4505 1910 4571 1)
1940 4510 2228 4568 aquarum
2259 4492 2579 4550 viventium
2607 4491 2719 4547 nisi
2759 4494 3032 4557 remotos,
3067 4505 3184 4545 uon
3214 4487 3435 4543 habens
3473 4484 3581 4540 ali-

184 4562 421 4622 natioue
441 4566 837 4639 Syrus,quiin
856 4571 1031 4628 valles
1055 4575 1337 4645 quasdam
1360 4578 1829 4648 secretiores,sex
1939 4601 2088 4658 quos
2119 4600 2136 4640 ι
2168 4599 2385 4656 eosque
2413 4584 2592 4653 ipsos,
2625 4580 2828 4637 audito
2861 4584 3193 4636 nostrorum
3226 4577 3499 4641 adventu,
3523 4581 3590 4631 ut

178 4655 291 4710 aut
317 4658 541 4726 septem
561 4656 636 4712 ab
657 4658 801 4715 urbe
830 4660 1121 4718 distantes
1153 4663 1522 4733 milliaribus,
1546 4669 1827 4739 quosdam

178 4742 257 4798 de
306 4742 675 4817 principibus
728 4747 959 4815 direxit,
984 4749 1084 4806 ubi
1122 4752 1375 4822 arbores,
1425 4757 1536 4812 etsi
1594 4771 1707 4813 uon
1754 4759 1826 4814 ad

180 4834 539 4904 conceptum
570 4850 716 4906 opus
754 4844 919 4908 aptas
949 4839 1204 4910 penitus,
1237 4847 1434 4900 tamen
1472 4846 1540 4901 ad
1572 4845 1828 4918 aliquem

186 4920 427 4980 modum
458 4939 727 4996 proceras
756 4926 1104 4986 invenerunt
1129 4930 1346 5001 plures.
1378 4932 1486 4990 Ubi
1543 4934 1827 4993 habentes

184 5009 443 5069 artifices
490 5019 551 5071 et
588 5013 883 5087 lignorum
931 5034 1196 5091 caesores,
1232 5028 1516 5094 quantum
1557 5026 1631 5080 ad
1682 5041 1829 5097 opus

176 5100 531 5172 pradictum
554 5105 945 5163 necessarium
975 5106 1296 5179 videbatur,
1316 5112 1558 5169 camelis
1585 5117 1645 5169 et
1665 5112 1825 5185 plan·

180 5187 331 5246 atris
370 5190 689 5263 impositis,
722 5194 797 5250 ad
847 5196 1053 5253 urbem
1103 5198 1457 5257 detulerunt.
1490 5201 1830 5259 Convocatis

180 5291 321 5348 ergo
338 5278 742 5351 artificibus,et
767 5284 865 5356 qui
893 5286 952 5342 in
982 5287 1325 5359 hujusmodi
1347 5290 1622 5348 exercitio
1642 5292 1828 5364 majo·

176 5380 307 5424 ren
332 5364 628 5426 habebant
668 5372 958 5443 peritiam,
990 5391 1225 5433 omnem
1266 5394 1506 5451 operam
1551 5379 1832 5438 adhibent

172 5459 235 5514 et
260 5456 535 5515 studium
564 5458 947 5533 indefessum,
970 5466 1028 5520 in
1055 5466 1242 5523 securi
1269 5472 1328 5523 et
1344 5469 1523 5538 ascia,
1545 5474 1603 5527 et
1630 5470 1693 5527 in
1724 5469 1830 5529 hu-

166 5545 445 5618 :mucci
489 5549 831 5610 omnimodo
894 5553 1419 5616 instrumentorum
1482 5573 1715 5634 genem,
1758 5578 1829 5620 ex

1940 4675 2103 4731 locus
2123 4673 2192 4728 ad
2230 4671 2691 4729 continuandam
2715 4669 3080 4725 obsidionem
3105 4665 3451 4721 redderetur
3475 4664 3594 4719 ine·

1938 4763 2110 4835 ptior‚
2131 4763 2290 4832 jactu
2314 4758 2568 4832 pulveris
2590 4762 2650 4815 et
2676 4756 2864 4813 modis
2895 4755 3028 4812 aliis
3049 4753 3264 4827 quibus
3297 4753 3587 4824 poterant,

1936 4852 2357 4923 oppilaverant,
2381 4848 2687 4904 universos
2710 4861 2726 4915 ς
2753 4847 2855 4903 sed
2884 4848 2942 4902 et
2961 4843 3250 4900 cisternas
3279 4845 3338 4898 et
3368 4840 3593 4914 pluvia·

1937 4939 2083 4996 lium
2114 4954 2393 5008 aquarum
2425 4934 2789 5008 receptacula
2819 4934 3273 5006 dissipaverant,
3307 4936 3373 4988 ut
3400 4947 3583 5006 aquas

1938 5045 2052 5085 non
2074 5028 2334 5084 valerent
2353 5026 2624 5084 cohibere
2642 5043 2656 5095 ;
2671 5031 2767 5079 aut
2790 5025 2861 5079 de
2880 5022 3101 5079 malitia
3119 5021 3579 5092 occultaverant,

1937 5135 2009 5175 ne
2056 5116 2458 5189 indigentibus
2486 5119 2543 5170 et
2572 5112 2786 5185 populo
2834 5112 3052 5168 sitienti
3097 5112 3421 5168 remedium
3478 5111 3587 5166 mi·

1936 5209 2266 5265 nistrarent.
2300 5205 2464 5261 Cives
2495 5208 2687 5260 tamen
2720 5202 3155 5261 Bethlehemitae
3187 5206 3245 5257 et
3292 5201 3388 5272 qui
3428 5200 3583 5271 apud

1933 5295 2233 5353 Thecuam
2260 5294 2673 5367 prophetarum
2701 5292 2903 5349 urbem
2927 5291 3274 5348 habitabant
3291 5290 3404 5346 viri
3441 5288 3580 5347 flde-

1932 5383 2035 5449 les,
2068 5385 2400 5456 trequentes
2447 5387 2615 5440 erant
2660 5382 2722 5439 in
2767 5380 3043 5445 exercitu,
3096 5394 3344 5452 quorum
3394 5379 3575 5435 ductu

1937 5473 2208 5529 utebatur
2235 5472 2484 5546 populus
2513 5472 2818 5545 egrediens
2838 5471 2913 5527 ad
2943 5470 3155 5539 fontes,
3176 5469 3277 5541 qui
3309 5485 3411 5541 per
3429 5485 3576 5541 qua-

1931 5566 2067 5622 tuor
2093 5562 2183 5628 ,vel
2211 5562 2470 5637 quinque
2484 5561 2559 5621 ab
2596 5561 2904 5621 obsidione
2935 5559 3236 5619 distabant
3261 5557 3528 5618 milliaria
3555 5571 3577 5617 ε

3483 244 3606 309 au
