3784 6000
292 237 393 294 831

1412 231 1801 291 GUILLELMI
1840 231 2197 290 TYRENSIS
2235 231 2569 292 ARCHIEP.

3596 232 3704 290 832

291 359 1943 434 re.Adjecitque,quodltiemsinproximoera13AEqyptus
1973 359 2018 413 A
2051 358 2230 415 nobis
2277 358 2579 416 videretur
2607 358 2925 432 optimum,
2958 357 3081 414 sive
3113 357 3174 414 in
3204 358 3552 431 AEgyptum,
3581 358 3707 415 sive

293 466 425 508 vero
448 452 617 523 aquis
637 451 769 507 Nili
791 450 1184 520 restagnantis
1201 448 1597 518 operiebatur.
1617 449 1837 505 Iterum
1853 447 1941 502 in·

289 542 522 610 finitam
570 542 897 596 Tur-eorum
927 538 1373 594 multitudinem
1403 536 1555 593 illuc
1593 535 1944 606 conslaeeoeisse

295 627 859 685 audierat.‘I'imebat
874 633 1050 699 praete
1059 643 1152 682 rea
1165 632 1241 692 ‚et
1254 625 1743 691 maxime,neiter
1758 639 1944 695 aqen-

294 718 467 783 tibus‚
484 724 589 773 aut
600 717 776 773 etiam
786 717 1281 788 pervenientibus,
1297 715 1584 772 alimenta
1603 715 1939 783 deficerent,

292 812 348 863 et
374 805 587 862 inediae
628 803 889 861 molestia
920 806 1312 873 conficeretur
1349 804 1664 862 exercitus.
1708 803 1798 858 Ad
1825 802 1942 857 hoc

291 907 422 959 nOS,
450 893 720 948 videntes
741 893 907 963 quod
929 893 1132 950 calvas
1158 897 1447 965 quaereret
1471 892 1845 955 occasiones,
1866 905 1941 945 ne

293 980 408 1036 sub
446 981 562 1037 hoc
601 986 868 1052 pretextu
909 981 1071 1036 viam
1136 981 1477 1043 declinaret,
1517 979 1848 1036 obtulimus
1887 977 1941 1034 ei

292 1074 607 1125 sexcentos
642 1070 922 1135 came103,
966 1071 1045 1126 ad
1082 1069 1380 1136 victualia,
1423 1085 1595 1125 arma
1633 1073 1690 1124 et
1727 1072 1943 1123 caetera

289 1158 861 1229 impedimentorum
888 1174 1107 1229 genera
1132 1174 1238 1229 per
1263 1164 1447 1214 terras
1459 1156 1834 1229 deportanda
1854 1173 1868 1225 ;
1885 1157 1943 1211 et

293 1261 481 1303 naves
509 1252 808 1320 quotquot
834 1248 1076 1304 haberet
1108 1247 1476 1304 necessarias
1520 1246 1599 1302 ad
1633 1245 1940 1310 alimenta,

210 1399 215 1407 ι
293 1334 415 1389 sive
431 1334 655 1392 bellicis
671 1335 877 1391 usibus
904 1336 1289 1400 necessarias,
1310 1334 1725 1392 machinarum
1752 1335 1943 1390 moles

287 1438 396 1497 per
453 1440 616 1480 mare
653 1424 1058 1481 devehendas».
1113 1425 1334 1492 Quibus
1387 1424 1664 1482 omnibus
1703 1424 1942 1496 spretiS,

293 1512 638 1569 subintulit:
671 1513 834 1581 Quod
853 1515 1088 1570 omnino
1118 1515 1180 1569 in
1193 1515 1537 1583 AEqyptam
1560 1528 1682 1568 non
1709 1513 1945 1569 deseen-

295 1602 456 1658 deret
469 1619 544 1658 no
552 1603 1041 1673 biseun1,neforte
1052 1605 1255 1672 ipse,et
1267 1603 1372 1674 qui
1384 1617 1515 1658 eum
1527 1607 1942 1673 sequerentur,

2052 447 2133 504 ad
2160 448 2306 505 alias
2336 455 2534 522 partes
2566 465 2671 504 nos
2697 448 2884 521 sequi.
2924 449 3051 514 Quo
3082 455 3409 518 comperto,
3439 455 3494 503 et
3520 448 3569 504 si
3600 463 3707 504 no·

2051 536 2148 593 bis
2173 538 2468 594 videretur
2499 537 2812 593 ridiculum
2849 539 3018 592 toties
3070 540 3302 591 mutare
3346 537 3705 601 sententiae,

2052 630 2112 682 et
2128 626 3015 682 nimia-,instabilitativideretur
3029 625 3705 696 meritoimputandum‚

2052 715 2196 771 nulli
2226 720 2386 773 certo
2413 714 2641 771 haerere
2661 714 2971 786 proposito
2996 730 3009 779 ;
3044 719 3245 769 tamen
3276 715 3530 780 Groecos,
3571 713 3708 771 licet

2053 803 2219 860 inviti
2250 803 2667 873 convenimus,
2699 802 2964 858 videntes
2995 801 3231 858 comitis
3285 801 3704 859 intentionem.

2052 894 2181 949 Non
2228 893 2388 949 enim
2431 896 2558 948 erat
2599 892 2729 962 ejus
2761 891 3047 963 propositi
3103 890 3264 946 dicta
3306 906 3705 963 compensare

2051 982 2335 1054 operibus
2364 999 2377 1051 ;
2406 981 2515 1037 sed
2548 981 2617 1037 ad
2645 981 2705 1037 id
2737 995 2977 1037 summa
3003 995 3117 1051 ope
3158 980 3481 1047 nitebatur,
3540 981 3707 1054 quod

2052 1085 2164 1127 nos
2190 1071 2252 1127 in
2281 1070 2523 1142 culpam
2554 1069 2831 1135 traheret,
2863 1073 2918 1125 et
2956 1069 3212 1124 scribere
3246 1069 3709 1125 ultramontanis

2053 1158 2356 1234 princibus
2399 1164 2618 1231 posset,
2649 1174 2756 1230 per
2800 1173 2911 1215 nos
2961 1158 3212 1223 stetisse,
3277 1157 3605 1229 quominus
3647 1158 3708 1214 in

2053 1248 2292 1318 negotio
2313 1253 2467 1304 esset
2496 1262 2859 1320 processum.
2887 1247 3132 1318 Culpam
3158 1261 3301 1316 ergo
3319 1247 3571 1301 suumin
3598 1263 3710 1303 nos

2053 1343 2394 1409 retorquere
2424 1336 2656 1401 volens,
2676 1336 2990 1408 praedictos
3012 1335 3085 1390 ad
3110 1350 3221 1390 nos
3241 1336 3518 1406 miserat,
3541 1335 3709 1392 nullo

2055 1426 2236 1482 modo
2263 1441 2511 1498 sperans
2530 1424 2694 1498 quod
2716 1424 2903 1481 Groeci
2929 1424 3008 1480 ad
3029 1428 3296 1481 nostram
3310 1423 3530 1480 iterum
3552 1423 3706 1481 redi-

2053 1521 2186 1571 rent
2213 1514 2598 1571 voluntatem.

2644 1601 2868 1659 CAPUT
2904 1602 3094 1658 XVIII.

292 1688 1948 1762 fameperirecompellerentur;adJecitetiam‚quodipse
1978 1709 2024 1765 B
2055 1710 2440 1779 Imperatoris
2496 1708 2681 1781 139032·
2726 1709 2807 1765 ad
2843 1710 3095 1778 propria
3160 1707 3439 1765 redeunt·
3507 1707 3709 1763 Come,

295 1787 679 1836 consueverat
687 1795 796 1850 per
805 1781 1109 1851 opulentas
1120 1779 1375 1851 reqiones
1385 1794 1516 1835 suos
1528 1780 1770 1837 trahere
1781 1793 1947 1836 exer·

299 1869 450 1926 citus
467 1885 485 1935 ;
505 1883 611 1924 nec
637 1874 873 1938 possent
895 1868 991 1924 sui
1013 1868 1357 1939 hujusmodi
1382 1869 1642 1925 tolerare
1671 1867 1904 1936 inopias
1929 1883 1945 1934 ;

294 1957 398 2013 sed
407 1956 752 2026 eliqeremus
765 1957 919 2013 alias
929 1955 1627 2026 partes‚ubieommodius
1639 1963 1690 2013 et
1701 1956 1947 2027 facilius

293 2046 375 2104 ad
425 2044 753 2102 Christiani
789 2045 1040 2101 nominis
1077 2045 1530 2111 incrementum,
1559 2050 1611 2100 et
1641 2045 1945 2101 exereitus

294 2135 530 2202 ducere,
556 2140 611 2190 et
642 2134 832 2191 hostes
865 2133 1092 2191 Christi
1106 2141 1406 2191 conterere
1429 2148 1727 2202 possemus
1748 2150 1767 2198 ;
1790 2139 1843 2189 et
1866 2132 1948 2189 ad

262 2300 269 2307 ἲ
295 2222 405 2280 hoe
431 2223 557 2293 ipse
593 2238 726 2279 cum
756 2223 877 2280 suis
909 2224 1159 2280 libenter
1186 2238 1247 2279 se
1275 2224 1630 2294 aceinqeret.

913 2321 1136 2377 CAPUT
1173 2322 1327 2376 XVII.

298 2401 501 2457 Comes
508 2401 741 2471 factum
761 2399 1099 2471 impedit,ab
1117 2400 1362 2457 honesto
1375 2401 1606 2457 alienus
1617 2400 1944 2471 proposito.

366 2492 543 2545 Porro
566 2488 742 2545 nobis
774 2504 884 2544 nec
909 2494 1100 2545 tutum
1129 2493 1275 2556 erat,
1309 2505 1418 2545 nec
1439 2489 1760 2546 honestum
1788 2505 1823 2544 a
1845 2504 1950 2562 pa-

295 2579 405 2633 ctis
467 2577 791 2633 discedere.
837 2581 981 2633 Nam
1021 2576 1253 2634 domini
1314 2577 1693 2649 imperatoris
1732 2578 1945 2647 nuntii,

293 2665 561 2738 praeclari
596 2670 652 2721 et
674 2665 905 2721 nobiles
936 2666 1064 2729 viri,
1094 2682 1234 2722 cum
1267 2666 1500 2722 infinita
1521 2666 1774 2738 pecunia
1797 2681 1948 2737 pras·

296 2759 492 2809 sentes
505 2758 694 2820 erant,
709 2758 952 2825 paratos
976 2768 1038 2808 se
1064 2760 1418 2819 asserentes,
1434 2761 1495 2810 ut
1513 2754 1942 2826 praemisimus,

2126 1797 2328 1839 versus
2362 1788 2560 1851 partes
2594 1779 3008 1839 Antiochenas
3046 1779 3364 1836 contendit.
3406 1779 3710 1835 Balianus

2124 1853 2350 1910 domini
2375 1853 2531 1924 reqis
2568 1851 2867 1909 Amalrici
2894 1850 3128 1908 viduam
3162 1865 3399 1907 uxorem
3427 1851 3622 1907 ducit.

2127 1959 2522 2016 Convenimus
2557 1974 2698 2029 ergo
2738 1959 2995 2023 Graecos,
3038 1961 3356 2023 tentantes.
3403 1956 3450 2012 si
3491 1955 3711 2012 vellent

2054 2048 2264 2104 iterum
2297 2047 2487 2120 pactis
2512 2051 2667 2103 stare
2698 2045 3035 2118 prioribus:
3077 2051 3131 2101 et
3162 2045 3212 2100 si
3252 2061 3458 2101 comes
3507 2045 3713 2100 nobis·

2054 2154 2194 2194 cum
2225 2138 2470 2203 veniret,
2503 2140 2700 2192 utrum
2741 2135 2951 2191 vellent
2988 2135 3051 2191 in
3089 2136 3412 2206 AEgyptum
3455 2133 3711 2189 descen-

2053 2225 2194 2283 dere
2212 2226 2241 2282 ?
2266 2225 2377 2292 Qui
2403 2225 2862 2297 respondentes:
2883 2223 3161 2291 Quamvis
3188 2229 3414 2293 tempus
3437 2229 3584 2279 esset
3610 2237 3710 2278 ar·

2053 2324 2208 2372 ctum
2237 2315 2433 2380 nimis,
2472 2314 2534 2369 ul
2562 2313 2860 2370 exercitus
2881 2319 3118 2383 possent
3144 2326 3496 2384 praeparare
3544 2326 3705 2375 suos,

2057 2411 2276 2470 tamen,
2301 2420 2351 2460 st
2366 2418 2553 2460 eomes
2567 2402 2815 2472 propria
2830 2417 3008 2458 manu
3022 2403 3153 2458 vult
3165 2403 3400 2471 jurare,
3422 2400 3587 2472 quod
3616 2415 3711 2457 ve-

2054 2495 2179 2550 niat
2210 2493 2622 2561 nobiscum,·et
2648 2493 2700 2547 si
2728 2490 3042 2561 contiyeric
3071 2505 3225 2555 eum,
3256 2490 3345 2545 vel
3373 2487 3496 2553 liic,
3524 2489 3624 2544 vel
3650 2491 3711 2544 in

2057 2584 2154 2641 via
2174 2581 2495 2652 infirmari,
2527 2579 2687 2652 quod
2709 2594 2845 2636 suos
2873 2578 3071 2634 mittat
3090 2577 3349 2650 ,·etquod
3373 2576 3438 2633 in
3458 2584 3586 2634 tota
3610 2591 3708 2633 ex·

2049 2672 2350 2743 peditione
2377 2670 2537 2725 bona
2566 2668 2707 2733 tide,
2740 2667 2865 2723 sine
2897 2667 3125 2732 fraude,
3157 2672 3213 2722 et
3237 2665 3400 2721 malo
3439 2665 3705 2736 ingenie,

2051 2775 2165 2830 pro
2180 2757 2648 2817 Christianitatis
2666 2758 3019 2813 incremento
3043 2754 3267 2811 laboret
3290 2773 3307 2813 .·
3332 2760 3387 2810 et
3410 2754 3573 2825 quod
3587 2769 3706 2809 non

296 2841 722 2898 conventiones
769 2842 921 2898 inter
951 2857 1060 2897 nos
1085 2847 1141 2898 et
1170 2841 1489 2899 dominum
1518 2843 1945 2915 imperatorem
2054 2849 2127 2906 sit
2154 2849 2215 2905 in
2245 2846 2496 2904 consilto
2523 2845 2613 2901 vel
2644 2845 2887 2909 auxilio,
2935 2844 3095 2917 quod
3118 2849 3299 2913 pacta
3334 2844 3489 2899 incer
3517 2842 3705 2899 domi.

294 2930 470 2987 initas
502 2931 755 2986 fideliter
780 2930 1109 3003 adimplere
1133 2948 1147 2998 3
1177 2931 1468 2987 habentes
1489 2931 1550 2987 in
1568 2937 1947 3004 P01'fflA000·
2053 2951 2405 3009 numreqem
2418 2942 2472 2992 et
2485 2935 2788 2991 dominum
2801 2934 3203 3002 imperatorem
3220 2938 3486 2988 tractata
3499 2938 3554 2989 et
3576 2947 3711 2987 con-

294 3020 464 3076 nensi
503 3021 886 3091 septuaginta
924 3021 1149 3091 galeas,
1183 3024 1446 3093 exceptis
1483 3022 1615 3077 aliis
1662 3023 1943 3088 navibus,
1986 3062 2027 3119 C
2054 3028 2281 3097 scripta
2310 3041 2385 3082 ex
2431 3025 2638 3096 aliqua
2668 3031 2837 3095 parte
2863 3023 3291 3093 infrinqantur
3310 3044 3329 3091 ‚-
3361 3025 3415 3077 et
3443 3020 3708 3090 idipsum

292 3109 372 3166 ad
398 3109 507 3166 iter
531 3115 588 3164 et
618 3125 766 3181 opus
791 3111 1137 3167 condictum
1194 3110 1587 3179 sufficientes;
1616 3111 1757 3167 item
1783 3111 1945 3181 jura·
2056 3116 2683 3184 hominessuosyurare
2698 3112 2916 3185 fecerit,
2934 3112 3063 3167 licet
3081 3111 3249 3167 nobis
3266 3110 3443 3165 nimis
3457 3110 3709 3176 durum,

295 3199 511 3253 mentis
542 3196 756 3256 nostris
781 3200 1047 3266 obviare,
1081 3199 1466 3256 inhonestum
1493 3200 1672 3256 nimis
1702 3204 1758 3255 et
1789 3200 1944 3272 peri·
2054 3212 2109 3262 et
2122 3211 2331 3261 contra
2347 3202 2576 3260 virilem
2590 3200 2985 3258 constantiam
3005 3200 3714 3257 videataeaertotiesmutare

294 3286 567 3343 culosum
608 3287 940 3344 videbatur.
983 3287 1154 3354 Quod
1211 3288 1260 3342 si
1300 3288 1477 3344 etiam
1517 3304 1655 3343 cum
1688 3303 1945 3344 assensu
2054 3292 2327 3359 consilia,
2361 3297 2580 3357 tamen,
2614 3296 2678 3345 ut
2718 3290 2883 3361 reyni
2912 3290 3093 3360 liujus
3141 3290 3260 3344 Deo
3307 3287 3614 3351 amabilis,
3647 3292 3704 3342 et

295 3374 697 3446 imperialium
717 3377 1064 3432 nuntiorum
1086 3392 1180 3432 res
1195 3378 1251 3432 in
1281 3376 1448 3433 aliud
1474 3382 1709 3449 tempus
1721 3376 1947 3433 differri
2053 3381 2669 3449 dominiimperatoris
2681 3378 3005 3448 amplietur
3025 3378 3243 3447 aleria,
3259 3375 3564 3433 venienus.
3585 3374 3709 3440 Hic,

291 3463 605 3536 potuisset,
661 3479 925 3537 praesens
955 3465 1187 3522 domini
1226 3466 1603 3538 imperatoris
1652 3466 1944 3523 auxilium

293 3552 564 3610 deserere
595 3569 715 3610 nou
763 3555 1197 3627 reputabamus
1228 3560 1443 3620 tutum,
1489 3556 1766 3611 timentes
1796 3555 1948 3612 indi·

292 3641 634 3711 gnationem
660 3642 811 3713 ejuS,
837 3659 974 3716 quae
997 3643 1171 3700 nobis
1189 3647 1422 3715 poterat
1443 3659 1576 3700 esse
1592 3643 1770 3700 nimis
1797 3644 1951 3716 peri-

291 3730 520 3787 culosa.
546 3732 1260 3803 Igitur-juxtacondictum
1288 3736 1583 3800 nostrum,
1609 3732 1948 3789 secundum

293 3819 457 3891 quod
495 3820 660 3891 prius
698 3826 1082 3887 convenerat,
1116 3820 1631 3878 consentientibus
1672 3820 1949 3893 partibus

295 3907 581 3980 utrisque,
623 3908 733 3965 iter
768 3914 1039 3966 nostrum
1078 3908 1478 3976 firmavimus,
1520 3909 1598 3966 ad
1645 3925 1800 3982 opus
1838 3926 1952 3967 nos

293 3997 693 4067 accingentes,
720 3999 886 4070 quod
917 4003 1053 4056 ante
1081 3999 1269 4055 multo
1295 4014 1434 4054 cum
1483 3998 1732 4056 domino
1760 3999 1951 4072 impe-

292 4089 489 4142 ratore
528 4086 1050 4143 constitueramus.
1104 4088 1234 4153 Quo
1269 4088 1500 4154 audito,
1538 4103 1742 4145 comes
1782 4089 1952 4146 Flan-

291 4174 529 4232 drensis
578 4175 791 4230 iterum
855 4180 1065 4231 contra
1122 4191 1232 4231 nos
1295 4176 1708 4233 vehementius
1767 4178 1951 4250 coepit

292 4262 1077 4335 inflammari,dicens:quod
1094 4264 1152 4320 in
1165 4264 1216 4336 ej
1228 4281 1296 4320 us
1311 4265 1736 4322 contumeliam
1753 4271 1947 4323 totum

296 4352 411 4408 hoc
432 4351 625 4408 fuerat
660 4351 1042 4409 fabricatum.
1088 4356 1150 4411 Et
1178 4353 1403 4410 factum
1434 4359 1522 4410 est
1560 4359 1696 4426 post
1733 4355 1947 4425 multa,

297 4445 358 4496 ut
389 4441 518 4512 ejus
540 4455 902 4513 quocunque
931 4442 1113 4498 modo
1126 4442 1608 4499 satisfaceremus
1633 4444 1946 4510 voluntati.

295 4530 458 4603 quod
473 4529 547 4585 de
568 4531 874 4587 communi
891 4538 1013 4588 tam
1037 4537 1577 4605 nostrorumquam
1603 4531 1949 4588 Graecorum

295 4618 562 4685 consili0,
605 4619 819 4676 iterum
880 4620 1178 4693 expeditio
1217 4620 1401 4677 dilata
1460 4625 1567 4686 est,
1612 4635 1802 4694 usque
1841 4637 1951 4694 per

297 4714 483 4766 totum
517 4709 774 4781 Aprilem
803 4717 1170 4783 sequentem.
1202 4710 1298 4766 His
1325 4710 1407 4766 ita
1435 4709 1949 4780 gestis,dominus

297 4813 521 4863 comes,
563 4814 702 4853 cum
743 4798 1170 4870 Hierosolymis
1235 4799 1411 4870 quasi
1451 4813 1558 4870 per
1594 4798 1947 4871 quindecim

297 4887 424 4943 dies
493 4887 721 4952 luisset,
780 4887 1092 4960 completis
1155 4886 1525 4943 orationibus
1585 4892 1643 4944 et
1702 4894 1949 4960 sumpta

298 4975 521 5048 palma,
550 4976 715 5048 quod
728 4982 812 5032 est
831 4976 994 5048 apud
1021 4992 1132 5032 nos
1155 4981 1592 5034 consummatae
1609 4978 1951 5050 peregrina-

299 5064 472 5120 tionis
496 5066 757 5135 signum,
783 5065 962 5138 quasi
986 5066 1234 5121 omnino
1264 5080 1608 5122 recessurus
1633 5066 1947 5138 Neapolim

299 5154 465 5211 abiit.
494 5154 659 5211 Unde
687 5159 822 5226 post
845 5153 974 5210 dies
1004 5154 1251 5228 aliquot,
1289 5154 1369 5212 ad
1401 5171 1512 5212 nos
1546 5154 1704 5212 misit
1745 5155 1952 5212 Hiero-

297 5243 596 5317 solymam
628 5243 983 5299 advocatum
1016 5244 1092 5300 de
1120 5245 1362 5310 Betuna,
1410 5260 1546 5300 cum
1574 5243 1945 5318 quibusdam

299 5332 432 5389 aliis
462 5332 537 5388 de
593 5332 714 5388 suis
738 5331 1122 5399 bominibus3
1150 5334 1255 5406 qui
1285 5332 1461 5390 nobis
1492 5348 1561 5390 ex
1616 5339 1789 5406 parte
1844 5331 1950 5390 do-

300 5421 442 5476 mini
470 5421 703 5477 comitis
733 5423 1083 5479 nuntiarunt
1109 5421 1274 5496 quod
1305 5436 1507 5478 eomes
1532 5427 1779 5495 paratus
1799 5427 1946 5491 erat,

254 5575 263 5584 Ι
300 5510 358 5562 et
378 5506 508 5565 haec
531 5515 657 5567 erat
676 5511 806 5583 ejus
821 5509 1265 5568 deliberationis
1286 5527 1551 5578 summa,
1577 5526 1944 5586 quocunque

201 5571 353 5649 hs.

2054 3486 2194 3527 cum
2220 3469 2845 3540 suumjuramentum,
2877 3468 3203 3522 advocatus
3253 3469 3310 3520 et
3338 3465 3442 3537 qui
3472 3479 3616 3519 cum
3642 3479 3713 3519 eo

2055 3559 2225 3617 missi
2252 3558 2506 3623 fucrant,
2525 3571 2705 3629 super
2728 3555 2901 3612 dictis
2924 3554 3369 3612 conditionibus
3392 3552 3711 3619 offerrent:

2056 3664 2168 3706 nec
2187 3648 2393 3704 omnia
2419 3652 2616 3703 tamen
2633 3646 2917 3717 praedicta
2946 3660 3083 3701 cum
3103 3659 3213 3699 suo
3227 3643 3584 3715 juramento
3601 3641 3716 3697 vel·

2057 3735 2833 3808 lentcomprehendere,nec
2847 3734 3081 3789 comitis
3103 3733 3513 3804 promitterent
3549 3731 3714 3802 jura·

2058 3831 2349 3891 mentum,
2380 3822 2683 3880 noluimus
2709 3821 2969 3893 amplius
2997 3821 3192 3877 verbis
3242 3819 3556 3876 inutilibus
3578 3819 3717 3874 insi-

2062 3918 2252 3978 stere:
2295 3911 2555 3968 solutum
2582 3916 2673 3968 est
2701 3910 3056 3983 colloquium
3083 3914 3356 3965 nostrum
3392 3925 3408 3975 ;
3441 3913 3718 3981 sumpta-

2059 4018 2177 4076 que
2202 4000 2458 4067 licentiu,
2486 3999 2827 4072 imperiales
2860 3999 3057 4069 legati,
3106 3997 3413 4068 negotium
3439 4012 3601 4069 saepe
3631 3995 3717 4053 di-

2060 4099 2244 4155 ctum,
2283 4105 2473 4163 usque
2520 4089 2583 4145 in
2621 4094 2859 4160 tempus
2888 4093 3296 4160 opportunum
3347 4085 3712 4152 differentes,

2060 4179 2139 4236 ad
2167 4180 2411 4253 propria
2440 4177 2763 4235 redierunt.
2813 4179 2948 4233 Post
2997 4176 3113 4232 hoc
3168 4178 3472 4246 coeperunt
3521 4175 3717 4231 nuntii

2059 4267 2293 4325 comitis
2322 4281 2610 4340 quoerere,
2633 4282 2703 4321 ex
2725 4280 2848 4339 quo
2876 4264 3164 4337 praedicta
3190 4279 3312 4320 non
3347 4266 3552 4335 posset
3579 4276 3717 4319 esse

2056 4356 2118 4414 in
2149 4358 2430 4429 praesenti
2453 4354 2752 4427 expeditio
2780 4370 2794 4410 ε
2826 4354 2982 4422 Quid
3006 4369 3138 4409 eum
3160 4352 3393 4409 auxilio
3410 4351 3592 4423 requi
3615 4350 3717 4408 do-

2056 4445 2255 4502 minus
2266 4459 2453 4502 comes
2468 4451 2660 4514 posset
2672 4444 2896 4514 faeere,
2912 4458 2987 4499 ne
2996 4442 3235 4499 omnino
3250 4441 3553 4497 videretur
3570 4440 3716 4496 otio-

2056 4534 2200 4590 sus?
2240 4534 2461 4590 Placuit
2502 4532 2743 4588 tandem
2783 4532 2856 4588 iis
2896 4530 3121 4603 quibus
3152 4529 3402 4586 verbum
3440 4533 3569 4585 erat
3596 4527 3714 4584 boc

2058 4622 2462 4696 propositum,
2488 4620 2654 4694 quod
2680 4621 2742 4677 in
2768 4624 2986 4676 terram
3014 4618 3444 4691 TripoIItanam
3475 4621 3580 4675 aut
3602 4622 3712 4673 An·

2058 4712 2397 4768 tiochenam
2419 4710 2902 4783 proficisceretur
2917 4752 2930 4777 ,
2947 4708 3028 4764 ibi
3043 4708 3200 4763 enim
3216 4704 3718 4780 videbatui-quod

2058 4799 2136 4856 ad
2162 4800 2455 4856 honorem
2487 4814 2667 4855 suum
2689 4802 2745 4855 et
2774 4796 3230 4855 Christianitatis
3249 4797 3715 4860 incrementum,

2057 4886 2281 4961 aliquid
2314 4895 2519 4960 posset
2542 4886 2799 4958 operari.
2820 4888 2998 4942 Erant
3017 4884 3311 4951 nonnulli,
3332 4884 3438 4956 qui
3462 4883 3718 4940 domino

2060 4975 2317 5050 principi
2347 4976 2741 5043 Antiocheno,
2769 4975 2875 5048 qui
2907 4991 3174 5048 praesens
3203 4978 3350 5039 erat,
3376 4976 3436 5029 et
3461 4972 3718 5029 domiuo

2058 5065 2262 5122 comiti
2284 5064 2645 5137 Tripolitano
2664 5064 3047 5137 imputabant
3072 5062 3239 5135 quod
3260 5077 3465 5118 comes
3485 5060 3569 5117 ita
3590 5065 3721 5117 erat

2058 5154 2348 5211 adversus
2413 5153 2764 5226 profectioni
2816 5153 2876 5209 in
2934 5152 3259 5225 AEgyptum
3286 5168 3301 5219 ;
3368 5152 3719 5208 nitebantur

2058 5244 2241 5309 enim,
2301 5248 2365 5300 ut
2418 5242 2656 5308 dicitur,
2697 5243 2777 5300 ad
2815 5258 2957 5299 suas
3010 5257 3148 5298 eum
3201 5245 3404 5312 partes
3456 5239 3715 5305 trahere,

2058 5338 2371 5406 sperantes
2402 5331 2529 5405 ejus
2574 5331 2799 5389 auxilio
2853 5331 3080 5405 aliquid
3129 5329 3373 5396 adoriri,
3407 5330 3486 5385 ad
3518 5328 3720 5386 incre·

2056 5428 2328 5480 mentum
2357 5437 2604 5478 suarum
2625 5421 2940 5493 regionum
2961 5419 3284 5492 respiciens
3302 5434 3318 5487 ;
3341 5417 3449 5475 sed
3474 5434 3583 5491 spe
3604 5433 3718 5476 sua

2055 5510 2322 5570 fructi-ati
2351 5514 2524 5580 sunt;
2556 5510 2701 5583 quia
2736 5525 2849 5568 nec
2878 5509 3045 5582 apud
3072 5522 3207 5573 nos,
3239 5523 3351 5565 nec
3400 5507 3572 5580 apud
3602 5522 3717 5565 nos
