3784 6000
137 232 277 289 1241

1136 230 1514 289 EPISTOLAE'.
1552 231 1639 288 ET
1676 227 2113 290 PRIVILEGIA.
2156 260 2224 273 —
2261 230 2383 288 AN.
2423 228 2583 290 1184.

3405 224 3550 282 12⁴2

133 352 477 410 abbascum
500 351 1127 410 consiliocoabbatum
1145 354 1466 412 suorumin
1480 370 1584 411 eos
1602 354 1787 411 duxe-
1818 352 1861 408 Α
1897 352 2207 411 verberare
2239 370 2345 411 seu
2375 355 2725 424 interficere,
2758 358 2863 412 aut
2890 353 3114 411 furtum
3144 351 3237 408 vel
3267 349 3547 423 rapinam

132 441 207 497 rit
226 441 573 498 auctoritate
593 441 825 498 ordinis
842 443 1371 514 promulgandam.
1386 443 1472 499 Ad
1490 443 1619 500 haec
1639 458 1787 515 quo·

133 530 300 586 niam
337 531 913 587 Praemonstratensis
946 529 1206 588 Ecclesia
1247 532 1442 603 prima
1479 536 1671 589 mater
1696 537 1786 588 est

132 619 406 675 omnium
424 617 826 676 Ecclesiarum
840 620 1018 676 totius
1039 620 1267 677 ordinis
1280 626 1337 679 et
1356 621 1587 678 Patrem
1605 637 1786 694 super

134 724 196 764 se
218 707 402 764 alium
424 724 544 765 non
565 707 766 774 habet,
787 708 938 765 sicut
954 709 1030 765 ad
1049 710 1345 768 cautelam
1370 717 1427 767 et
1450 711 1781 767 custodiam

131 796 360 853 ordinis
387 802 674 854 statutum
706 803 793 854 cst
813 813 917 870 per
941 804 1059 855 tres
1076 800 1306 872 primos
1335 800 1606 866 abbates,
1642 802 1784 856 Lau-

130 884 996 953 dunensem,Flauressiensem
1008 893 1066 945 et
1081 888 1185 945 Cui
1193 889 1786 959 ssiacensem,annua

132 972 357 1030 ibidem
381 974 639 1033 visitatio
666 974 809 1048 fiat3
842 976 970 1033 etsi
995 976 1143 1051 quid
1164 978 1224 1035 in
1249 978 1384 1051 ipsa
1401 978 1586 1035 domo
1606 977 1787 1035 corri-

28 1056 33 1061 ’
129 1063 398 1135 gendum
445 1064 636 1132 fuerit,
678 1065 910 1137 absque
940 1066 1157 1138 majori
1187 1082 1293 1140 per
1321 1083 1424 1125 eos
1475 1067 1786 1126 audientia

139 1152 489 1224 corrigatur.
523 1153 693 1220 Quod
731 1155 779 1211 si
817 1152 1011 1212 abbas
1044 1155 1106 1212 in
1143 1156 1498 1230 corrigendo
1542 1156 1785 1229 tepidus

129 1241 324 1313 fuerit,
357 1246 414 1299 et
442 1242 653 1299 fratres
687 1241 908 1316 saepius
949 1244 1158 1301 moniti
1185 1244 1617 1317 incorrigibiles
1651 1261 1788 1320 per-

130 1332 484 1401 manserint,
503 1331 582 1389 ad
602 1332 877 1404 generale
897 1333 1226 1406 capitulum
1251 1335 1556 1402 referatur,
1578 1341 1656 1401 et,
1678 1334 1787 1391 sic-

139 1423 206 1474 ut
242 1420 456 1477 melius
489 1420 685 1478 visum
716 1420 909 1488 fuerit,
936 1422 1187 1480 consilio
1215 1423 1512 1496 generalis
1543 1425 1784 1498 capituli

134 1509 508 1578 emendetur,
539 1515 596 1567 et
637 1511 929 1568 sententia
956 1512 1014 1568 in
1044 1511 1159 1570 hac
1186 1519 1356 1586 parte
1383 1513 1625 1587 capituli
1657 1515 1786 1571 sine

131 1599 547 1656 retractatione
568 1599 771 1673 aliqua
781 1599 1146 1658 observetur.
1165 1601 1406 1668 Quoties
1424 1617 1567 1660 vero
1595 1603 1785 1660 Eccle-

1896 443 2263 500 committere
2295 443 2534 500 audeat.
2559 442 2647 502 Ob
2672 443 2985 501 evitandas
3007 457 3146 499 vero
3168 439 3547 497 saecularium

1893 534 2159 590 virorum
2187 534 2571 606 frequentias,
2603 534 2857 591 liberum
2893 535 2967 590 sit
3005 532 3193 599 vobis,
3220 530 3388 586 salvo
3411 530 3546 602 jure

1892 621 2373 678 dioecesanorum
2395 623 2838 695 episcoporum,
2861 620 3121 678 oratoria
3141 621 3200 676 in
3214 619 3479 690 grangiis
3490 622 3549 675 et

1895 710 2163 767 curtibus
2195 712 2404 768 vestris
2431 719 2797 780 construere,
2837 718 2892 768 et
2922 713 2977 768 in
3002 711 3146 784 ipsis
3176 709 3348 765 vobis
3377 714 3433 765 et
3462 706 3547 764 fa-

1892 800 2073 858 milioe
2099 805 2307 857 vestrm
2330 801 2531 858 divina
2556 800 2775 870 officia,
2798 816 2937 858 cum
2962 815 3202 858 necesse
3233 797 3426 866 fuerit,
3452 812 3543 853 ce·

1890 889 2144 957 labrare,
2171 895 2227 946 et
2254 891 2451 963 ipsam
2491 890 2803 955 familiam,
2840 889 2954 945 nisi
2990 888 3174 962 aliqui
3208 888 3327 944 sint
3349 886 3455 960 qui
3484 886 3545 943 in

1888 979 2087 1037 vicina
2099 979 2343 1052 propria
2358 978 2620 1036 habeant
2642 979 2966 1045 domicilia,
2982 980 3057 1035 ad
3080 975 3538 1040 confessionem,

1892 1068 2385 1125 communionem
2425 1074 2481 1126 et
2519 1069 2887 1143 sepulturam
2930 1084 3065 1125 cum
3108 1067 3287 1123 vestri
3315 1064 3546 1122 ordinis

1892 1159 2195 1230 suscipere
2210 1158 2538 1216 honestate.
2565 1160 3015 1233 Liceatquoque
3043 1156 3215 1214 vobis
3231 1169 3543 1229 personas,

1895 1246 2114 1303 liberas
2139 1250 2199 1304 et
2222 1246 2526 1305 absolutas
2547 1263 2579 1305 e
2603 1246 2824 1305 saeculo
2854 1247 3165 1318 fugientes,
3197 1245 3276 1302 ad
3301 1259 3548 1302 conver·

1893 1335 2122 1393 sionem
2169 1337 2489 1409 suscipere,
2517 1352 2589 1393 ac
2617 1352 2721 1393 eas
2761 1352 2901 1394 cum
2930 1337 3111 1392 rebus
3141 1335 3266 1390 suis
3313 1334 3546 1407 absquo

1896 1425 2367 1483 contradictione
2404 1425 2608 1498 aliqua
2655 1425 2902 1481 retinere
2936 1442 2950 1492 ;
2995 1424 3264 1479 infirmos
3300 1435 3546 1496 quoque

1893 1513 2226 1582 absolutos,
2242 1515 2424 1587 quiin
2450 1519 2715 1571 extrema
2727 1513 3030 1570 voluntate
3050 1513 3129 1569 ad
3147 1527 3251 1567 vos
3268 1526 3332 1567 se
3355 1516 3548 1567 trans·

1892 1602 2051 1670 ferri,
2087 1608 2193 1660 aut
2221 1603 2385 1676 apud
2414 1619 2525 1660 vos
2558 1603 2789 1676 sepeliri
2831 1600 3313 1668 deliberaverint,
3346 1598 3546 1656 nullus

136 1688 228 1743 sia
254 1690 836 1745 Praemonstratensis
856 1690 982 1747 sine
1011 1690 1231 1748 abbate
1250 1690 1448 1761 fuerit,
1475 1691 1552 1749 ad
1577 1692 1782 1765 praefa—
1814 1696 1860 1754 B
1893 1691 2207 1766 impedire,
2230 1708 2334 1749 seu
2362 1709 2455 1750 res
2473 1706 2685 1750 eorum
2707 1693 3008 1763 legitimas
3036 1690 3287 1747 retinere
3317 1705 3544 1762 praesu·

129 1779 224 1833 tos
255 1780 369 1833 tres
390 1777 640 1834 abbates
670 1778 800 1850 ejus
829 1793 975 1836 cura
1002 1779 1302 1853 respiciat,
1330 1784 1388 1836 et
1409 1796 1446 1837 a
1472 1780 1781 1838 canonicis

129 1865 323 1937 ipsius
357 1866 652 1932 Ecclesiae,
693 1883 833 1923 cum
866 1883 1078 1926 eorum
1116 1869 1390 1937 consilio,
1429 1884 1688 1943 persona
1717 1869 1778 1927 in

125 1952 407 2010 abbatem
443 1954 664 2012 idonea
688 1955 940 2027 eligatur
965 1957 1043 2015 ad
1073 1957 1390 2015 consilium
1422 1974 1603 2015 suum
1631 1973 1780 2032 qua-

123 2047 258 2098 tuor
269 2041 402 2098 aliis
424 2041 747 2100 abbatibus
759 2044 837 2101 ad
849 2045 1126 2102 eamdem
1144 2046 1468 2103 Ecclesiam
1484 2047 1779 2121 pertinen-

123 2129 286 2186 tibus
313 2133 533 2203 pariter
563 2132 895 2199 advocatis,
927 2149 1082 2208 quos
1124 2135 1239 2207 ipsi
1268 2135 1544 2193 canonici
1576 2136 1777 2209 provi·

120 2217 316 2276 derint
336 2220 748 2279 advocandos.
774 2223 966 2280 Liceat
983 2238 1228 2297 quoque
1250 2223 1572 2299 unicuique
1599 2225 1775 2282 matri

124 2307 392 2364 Ecclesias
422 2310 649 2377 ordinis
676 2313 878 2380 vestri,
918 2328 1056 2369 cum
1081 2313 1334 2371 consilio
1359 2314 1597 2370 abbatis
1627 2314 1778 2372 Proe·

120 2399 602 2470 monstratensis,
632 2401 708 2457 de
747 2401 1068 2458 abbatibus
1096 2402 1511 2470 Ecclesiarum,
1534 2418 1668 2477 quoe
1694 2403 1774 2462 ab

119 2500 193 2542 ea
231 2489 594 2559 processisse
624 2494 974 2556 noscuntur,
1007 2490 1126 2547 sive
1156 2491 1336 2547 etiam
1365 2492 1440 2549 de
1467 2491 1585 2550 alia
1620 2493 1774 2565 ejus-

118 2574 259 2631 dem
284 2578 511 2633 ordinis
547 2577 827 2636 inferiore
869 2578 1150 2645 Ecclesia,
1182 2580 1317 2646 sibi,
1347 2596 1772 2657 quemcunque

117 2663 438 2734 voluerint,
464 2667 511 2722 si
542 2673 743 2724 tamen
777 2668 1029 2726 idoneus
1059 2669 1362 2736 exstiterit,
1394 2669 1456 2726 in
1487 2670 1770 2729 abbatem

117 2769 448 2812 assumere.
474 2758 788 2814 Personam
808 2763 1008 2815 autem
1028 2759 1103 2815 de
1120 2758 1236 2816 alio
1256 2758 1466 2817 ordine
1485 2760 1646 2817 nulla
1668 2763 1767 2817 Ec·

116 2841 435 2901 elesiarum
468 2852 796 2902 vestrarum
828 2847 943 2903 sibi
987 2848 1168 2919 eligat
1195 2849 1255 2904 in
1304 2848 1610 2915 abbatem,
1661 2864 1770 2907 nec

114 2932 295 2989 vestri
316 2934 542 2990 ordinis
564 2934 767 3009 aliqua
789 2937 847 2991 in
867 2935 1149 2993 abbatem
1173 2937 1769 2995 monasteriialterius

1893 1785 2036 1847 mat,
2078 1781 2246 1839 salva
2272 1786 2473 1839 tamen
2515 1781 2827 1839 hoeredum
2866 1781 3132 1854 legitima
3162 1778 3456 1850 portione,
3485 1781 3546 1836 et

1888 1870 2182 1928 canonica
2228 1870 2461 1943 Justitia
2510 1870 2747 1927 illarum
2804 1869 3191 1927 ecclesiarum
3239 1883 3278 1924 a
3318 1865 3543 1940 quibus

1887 1964 2260 2018 mortuorum
2290 1975 2546 2032 corpora
2573 1963 2986 2018 assumuntur.

1954 2049 2046 2107 Ad
2075 2049 2366 2121 majorem
2388 2049 2570 2105 etiam
2600 2046 2829 2105 ordinis
2859 2048 3040 2105 vestri
3064 2046 3458 2104 reverentiam
3481 2049 3543 2104 et

1884 2136 2176 2207 regularis
2185 2136 2520 2208 disciplinae
2531 2135 3005 2206 observantiam,
3024 2134 3214 2200 vobis,
3226 2134 3330 2191 filii
3345 2132 3540 2191 abba-

1886 2230 1993 2293 tes,
2024 2224 2326 2297 subjectos
2362 2231 2593 2283 vestros
2628 2224 2861 2297 ligandi
2890 2231 2947 2282 et
2983 2223 3255 2281 solvendi
3295 2223 3539 2295 plenam

1884 2315 2273 2373 concedimus
2297 2314 2666 2374 facultatem.
2685 2315 2834 2382 Quia
2855 2329 2997 2372 vero
3026 2311 3266 2385 singula
3290 2327 3428 2384 quae
3457 2309 3540 2368 ad

1883 2404 2183 2477 religionis
2211 2403 2545 2476 profectum
2574 2407 2632 2460 et
2651 2403 2993 2461 animarum
3014 2402 3266 2459 salutem
3292 2400 3541 2459 ordina-

1882 2492 2005 2560 stis,
2040 2492 2321 2567 praesenti
2357 2493 2787 2551 abbreviationi
2830 2493 3229 2567 nequiverunt
3273 2487 3537 2557 annecti,

1880 2597 1993 2640 nos
2034 2597 2175 2640 cum
2215 2582 2287 2638 iis
2325 2598 2462 2656 quae
2492 2581 2720 2655 scripta
2748 2585 2908 2648 sunt,
2937 2579 3400 2639 consuetudines
3435 2592 3536 2649 νοτ

1881 2677 2062 2743 stras‚
2094 2687 2249 2744 quas
2297 2672 2448 2729 inter
2477 2687 2585 2728 vos
2615 2670 2920 2742 religionis
2948 2670 3160 2728 intuitu
3187 2668 3536 2740 regulariter

1878 2760 2165 2818 statuistis
2185 2759 2560 2834 etdeinceps,
2580 2764 2821 2818 auctore
2835 2759 3114 2826 Domino,
3130 2758 3419 2823 statuetis,
3433 2770 3537 2814 au·

1879 2849 2151 2907 ctoritate
2170 2849 2498 2923 apostolica
2523 2849 2907 2916 roboramus,
2930 2853 2985 2905 et
3009 2848 3179 2905 vobis
3206 2846 3533 2918 vestrisque

1879 2936 2326 2996 successoribus
2363 2943 2418 2995 et
2468 2937 2752 2995 omnibus
2797 2937 2899 3009 qui
2943 2936 3217 2994 ordinem
3267 2940 3532 2993 vestrum

115 3024 362 3090 ordinis,
387 3023 502 3080 nisi
527 3024 602 3081 de
633 3026 979 3083 auctoritate
1011 3029 1294 3084 Romanoe
1316 3027 1591 3085 Ecclesiae
1616 3028 1771 3085 ordi·
1803 3043 1845 3101 c
1880 3027 2135 3101 professi
2154 3026 2373 3085 fuerint
2395 3028 2693 3101 perpetuis
2717 3027 3093 3099 temporibus
3115 3023 3535 3082 inviolabiliter

113 3116 309 3172 netur.
333 3113 477 3170 Nulli
501 3114 681 3170 etiam
706 3113 1028 3172 canonicos
1049 3115 1141 3172 vel
1165 3131 1485 3173 conversos
1516 3120 1768 3186 vestros,

114 3201 244 3258 sine
270 3200 503 3260 licentia
535 3202 829 3261 abbatum
858 3219 1131 3274 suorum,
1152 3206 1412 3278 recipere
1441 3210 1546 3264 aut
1574 3222 1768 3264 susce·

113 3295 248 3363 ptos
276 3290 450 3348 liceat
477 3294 748 3350 retinere.
783 3293 937 3349 Sane
969 3293 1112 3349 nulli
1155 3293 1430 3352 Ecclesiae
1469 3295 1649 3353 vestri
1678 3310 1771 3353 or-

114 3378 463 3437 diuisliceat
478 3381 555 3438 ad
582 3381 850 3455 aliquam
873 3382 1053 3439 aliam
1079 3382 1514 3456 professionem
1537 3385 1772 3443 temeri-

114 3472 231 3525 tate
274 3469 542 3543 qualibet
569 3485 632 3527 se
665 3469 1002 3529 transferre.
1035 3473 1091 3528 Si
1132 3488 1269 3545 quoe
1311 3488 1453 3530 vero
1493 3473 1767 3531 Ecclesiae

112 3560 543 3616 canonicorum
573 3560 816 3617 alterius
841 3559 1071 3617 ordinis
1101 3561 1179 3618 ad
1195 3561 1470 3620 ordinem
1497 3568 1764 3621 vestrum

108 3648 393 3705 venerint.
432 3649 508 3705 ad
540 3649 862 3707 Ecclesiam
887 3651 1064 3707 vestri
1088 3650 1318 3708 ordinis
1346 3651 1610 3709 habeant
1636 3651 1764 3710 sine

108 3733 505 3805 refragatione
531 3738 967 3813 respectum,in
991 3754 1116 3813 qua
1131 3745 1463 3798 noscuntur
1489 3740 1761 3798 ordinem

110 3829 372 3882 vestrum
403 3830 818 3901 assumpsisse.
899 3855 907 3865 ·

181 3917 486 3979 Praeterea,
510 3916 557 3971 si
588 3916 739 3974 inter
763 3917 1000 3992 aliquas
1023 3918 1315 3975 Ecclesiae
1329 3918 1513 3977 vestri
1532 3918 1762 3976 ordinis

106 4001 184 4058 de
213 4004 645 4076 temporalibus
668 4007 922 4080 quoestio
951 4008 1281 4079 emerserit,
1310 4023 1433 4064 non
1462 4012 1630 4086 extra
1661 4022 1762 4064 or-

106 4090 311 4146 dinem
332 4092 726 4151 ecclesiastica
746 4094 838 4152 vel
853 4095 1157 4152 saecularis
1178 4095 1484 4153 audientia
1498 4096 1760 4167 requira-

106 4183 235 4247 tur;
267 4181 393 4247 sed,
422 4182 720 4240 mediante
747 4184 1294 4241 praemonstratensi
1314 4182 1536 4242 abbate
1565 4189 1622 4241 et
1650 4201 1757 4244 coe-

104 4269 246 4326 teris
275 4285 430 4343 quos
461 4273 780 4340 vocaverit,
801 4277 904 4330 aut
929 4273 1280 4330 charitative
1304 4274 1458 4331 inter
1476 4289 1581 4331 eas
1600 4290 1761 4333 com-

1880 3116 2288 3175 observandas
2322 3117 2721 3174 decernimus.
2761 3119 2874 3173 Nec
2904 3116 3121 3190 aliqum
3175 3113 3382 3171 litterae
3421 3112 3532 3171 ha-

1878 3205 2064 3264 beant
2089 3205 2432 3263 firmitatem
2461 3221 2619 3278 quae,
2653 3204 2830 3262 tacito
2850 3205 3096 3262 nomine
3120 3203 3348 3262 ordinis
3375 3202 3536 3260 Pro-

1882 3296 2569 3360 monstratensis,contra
2580 3294 2913 3351 libertatem
2931 3294 3099 3351 vobis
3111 3292 3189 3349 ab
3202 3290 3534 3365 apostolica

1880 3383 2022 3440 sede
2059 3382 2351 3439 indultam
2401 3382 2619 3439 fuerint
2655 3382 3010 3454 impetratoe.
3053 3383 3206 3439 Sane
3249 3379 3530 3436 laborum

1880 3476 2213 3528 vestrorum
2225 3470 2300 3527 de
2315 3470 2801 3543 possessionibus
2823 3470 3044 3526 habitis
3059 3473 3198 3524 ante
3209 3466 3531 3526 concilium

1876 3560 2173 3632 generale,
2188 3575 2258 3616 ac
2269 3559 2447 3616 etiam
2466 3558 2795 3625 novalium,
2816 3574 2950 3631 quas
2969 3555 3226 3629 propriis
3245 3554 3529 3611 manibus

1873 3653 1977 3706 aut
2004 3648 2343 3720 sumptibus
2372 3646 2583 3707 colitis.
2610 3646 2685 3702 de
2708 3646 2933 3719 quibus
2963 3642 3283 3702 novalibus
3314 3640 3531 3715 aliquis

1871 3737 2164 3795 hactenus
2192 3751 2313 3793 non
2344 3737 2630 3811 percepit,
2670 3736 2789 3793 sive
2820 3735 2895 3792 de
2923 3733 3109 3791 hortis
3144 3738 3199 3788 et
3235 3729 3528 3803 virgultis,

1870 3828 2077 3902 pratis,
2099 3827 2364 3901 pascuis,
2392 3824 2468 3883 de
2489 3824 2916 3899 piscationibus
2940 3823 3173 3891 vestris,
3204 3820 3293 3878 vel
3317 3821 3393 3878 de
3420 3836 3530 3877 nu-

1872 3916 2161 3974 trimentis
2176 3915 2534 3973 animalium
2555 3921 2907 3981 vestrorum,
2922 3912 3123 3970 nullus
3135 3929 3171 3969 a
3185 3909 3356 3969 vobis
3367 3908 3529 3976 deci-

1871 4020 2003 4062 mas
2014 4007 2250 4076 exigere
2269 4003 2361 4061 vel
2383 4010 2735 4078 extorquere
2750 4006 3101 4075 praesumat.
3115 3998 3528 4057 interdicimus

1869 4109 2011 4152 vero
2024 4092 2325 4167 episcopis
2343 4097 2396 4151 et
2414 4091 2543 4151 aliis
2564 4091 2952 4149 ecclesiarum
2966 4089 3254 4164 proelatis,
3274 4087 3387 4145 nisi
3407 4101 3530 4144 ser·

1870 4186 2006 4239 vato
2062 4181 2373 4239 erectionis
2425 4195 2678 4238 numero
2726 4180 2786 4237 in
2844 4176 3231 4236 Lateranensi
3277 4174 3529 4233 concilio

1869 4272 2212 4335 constituto,
2229 4272 2285 4327 in
2305 4271 2514 4328 vestris
2530 4269 2909 4328 monasteriis
2924 4266 3231 4342 hospitari.
3246 4266 3333 4324 Ad
3348 4280 3531 4337 gran-

103 4363 386 4432 ponatur,
420 4363 544 4424 aut,
573 4359 794 4417 auditis
825 4362 1132 4433 utriusque
1159 4362 1517 4430 rationibus,
1544 4363 1759 4421 eadem
1791 4388 1837 4445 D
1870 4360 1999 4432 gias
2028 4366 2230 4418 autem
2256 4363 2485 4418 vestras
2509 4364 2566 4417 et
2595 4358 2675 4416 ad
2703 4364 2897 4415 curtes
2929 4355 3275 4430 hospitandi
3310 4353 3526 4427 gratia,

106 4448 506 4504 controversia
522 4448 687 4519 iusto
705 4449 727 4520 j
737 4447 935 4506 udicio
955 4449 1325 4507 terminetur.
1358 4449 1448 4508 Ad
1471 4452 1759 4524 majorem

105 4551 349 4609 quoque
376 4537 604 4593 ordinis
626 4538 805 4594 vestri
831 4553 1039 4610 pacem
1065 4539 1549 4597 conservandam
1566 4540 1760 4598 distri·

103 4624 253 4682 ctius
280 4625 691 4698 prohibemus,
713 4642 787 4684 ne
804 4627 1022 4701 aliquis
1044 4627 1428 4700 praelatorum
1441 4628 1536 4687 vel
1557 4629 1763 4688 subdi-

102 4718 299 4771 torum
331 4720 686 4783 vestrorum,
712 4716 775 4773 in
802 4716 874 4773 iis
908 4732 1043 4791 qua:
1081 4717 1162 4775 ad
1181 4717 1563 4791 disciplinam
1591 4723 1649 4776 et
1676 4720 1761 4777 in-

101 4802 304 4860 stituta
333 4803 563 4861 ordinis
588 4809 878 4879 spectant,
903 4805 1142 4873 audeat,
1162 4813 1340 4880 prout
1361 4812 1647 4866 statutum
1670 4812 1761 4866 est

100 4891 161 4946 in
178 4892 562 4951 Lateranensi
588 4894 862 4961 concilio,
880 4895 1188 4969 appellare
1211 4914 1226 4964 ;
1253 4895 1359 4954 sed
1382 4898 1432 4953 si
1453 4897 1756 4971 quispiam

100 4979 404 5051 appellare
430 4985 761 5051 tentaverit,
787 4984 1179 5041 nihilominus
1201 4985 1282 5044 illi
1298 5002 1561 5061 quorum
1579 4985 1755 5042 inter-

98 5072 190 5124 est
214 5070 548 5141 regularem
591 5072 971 5146 disciplinam
1002 5089 1277 5132 exercere
1314 5073 1642 5132 debebunt.
1675 5076 1754 5131 De

99 5160 334 5224 caetero,
377 5162 667 5232 quoniam
711 5178 747 5219 a
791 5163 1040 5235 strepitu
1073 5170 1129 5220 et
1177 5163 1438 5221 tumultu
1482 5161 1754 5221 saeculari

98 5248 334 5314 remoti,
353 5264 565 5321 pacem
581 5256 638 5307 et
660 5252 919 5325 quietem
946 5251 1204 5324 diligitis,
1226 5251 1508 5325 grangias
1529 5254 1753 5309 vestras

98 5339 157 5394 et
186 5341 401 5404 curtes,
462 5338 617 5397 sicut
643 5345 701 5397 et
737 5343 887 5399 atria
933 5341 1320 5399 ecclesiarum
1360 5360 1398 5397 a
1425 5354 1751 5413 pravorum

98 5424 346 5481 incursu
375 5433 431 5483 et
459 5426 738 5486 violentia
775 5430 994 5488 liberas
1023 5430 1150 5487 fore
1184 5431 1513 5498 sancimus,
1544 5428 1750 5503 prohi-

96 5514 308 5574 bentes
360 5520 419 5573 ut
465 5516 667 5576 nullus
714 5518 800 5577 ibi
842 5519 1154 5579 hominem
1205 5534 1439 5595 capere,
1469 5517 1746 5594 spoliare,

1871 4450 2112 4507 nonnisi
2157 4451 2218 4507 in
2259 4464 2486 4522 magna
2526 4449 2881 4506 necessitate
2927 4447 3261 4512 divertant3
3299 4448 3358 4502 et
3385 4448 3528 4501 tunc

1869 4540 2132 4596 contenti
2151 4540 2266 4597 sint
2282 4539 2549 4612 ipsarum
2565 4538 2951 4595 mansionum
2975 4535 3215 4592 cibariis
3227 4532 3527 4590 consuetis

1869 4644 2010 4686 cum
2039 4628 2347 4686 honestate
2373 4634 2553 4701 atque
2582 4626 2871 4684 charitate
2904 4623 3204 4681 exhibitis.
3233 4620 3383 4679 Nulli
3413 4636 3526 4678 au-

1870 4720 1987 4774 tem
2019 4716 2283 4775 saeculari
2324 4730 2600 4790 personoe
2629 4715 2721 4771 vel
2766 4712 3183 4771 ecclesiasticas
3219 4709 3278 4765 in
3322 4708 3528 4783 aliqua

1867 4805 2191 4864 domorum
2246 4810 2577 4862 vestrarum
2628 4803 2803 4862 liceat
2853 4801 3138 4858 carnibus
3193 4798 3371 4867 vesci,
3409 4797 3524 4855 nisi

1866 4893 2183 4952 manifeste
2203 4893 2576 4965 aegritudinis
2602 4908 2791 4951 causa
2810 4897 2868 4949 et
2895 4891 2959 4949 in
2973 4888 3115 4948 solis
3146 4886 3524 4946 monasteriis

1864 4982 2369 5042 conventualibus
2397 4983 2632 5041 vestris.

1935 5072 2325 5130 Prohibemus
2350 5072 2598 5145 insuper
2626 5085 2704 5128 ne
2732 5069 2938 5143 aliqua
2969 5081 3253 5143 persona,
3288 5066 3520 5138 fratres,

1862 5162 2090 5221 ordinis
2103 5160 2279 5219 vestri
2294 5160 2516 5219 audeat
2525 5159 2606 5219 ad
2616 5158 2927 5216 saecularia
2932 5157 2953 5229 j
2965 5156 3163 5213 udicia
3174 5169 3520 5230 provocare.

1861 5250 1979 5310 Sed
2007 5249 2058 5305 si
2084 5250 2221 5323 quis
2253 5248 2543 5306 adversus
2569 5263 2676 5305 vos
2706 5246 2937 5320 aliquid
2964 5244 3081 5302 sibi
3110 5242 3424 5302 crediderit
3446 5242 3522 5299 de

1854 5339 1990 5411 jure
2018 5341 2377 5411 competere,
2411 5336 2525 5393 sub
2564 5334 2955 5393 ecclesiastici
2983 5324 3261 5391 examine
3309 5329 3522 5404 judicii

1859 5425 2204 5501 experiendi
2250 5424 2473 5484 babeat
2523 5424 2889 5483 facultatem.
2933 5422 3180 5480 Licitum
3229 5425 3519 5494 praeterea

1861 5516 2036 5576 vobis
2056 5514 2130 5575 sit
2155 5515 2221 5588 in
2244 5515 2444 5588 causis
2454 5515 2666 5575 vestris
2683 5512 2895 5572 fratres
2914 5518 3142 5572 vestros
3156 5511 3413 5571 idoneos
3434 5510 3516 5571 ad
