3784 6000
114 284 246 351 '10³

122 423 357 494 septem
390 416 612 475 habens
622 413 791 483 solia,
811 415 965 472 unde
977 415 1184 474 civitas
1204 421 1326 474 tota
1338 417 1521 472 videri
1536 420 1775 487 poterat.
1806 419 1863 486 Α

122 510 565 568 Consti-cuntur
595 512 648 562 et
679 504 828 562 alliae
851 506 992 561 varii
1026 506 1258 578 generis
1296 505 1577 562 machinas
1615 523 1776 578 quae-

120 601 288 666 dam,
320 597 539 671 quibus
570 595 799 668 magnis
845 595 1167 651 molaribus
1209 597 1504 652 credantur
1523 597 1774 665 moenia3

124 688 422 762 quaedam,
480 683 697 757 quibus
744 685 913 757 quasi
962 685 1154 741 caveis
1203 684 1474 754 occultis,
1526 684 1776 741 fossores

124 792 330 834 muros
359 773 521 831 urbis
554 774 894 840 suffodiant,
942 782 998 830 et
1044 774 1439 831 subterraneis
1489 773 1776 830 meatibus

125 865 415 922 suffossos
461 861 814 930 compellant
861 862 933 917 ad
976 862 1228 919 ruinam.
1283 861 1637 919 Fabresactis
1685 861 1773 917 in·

123 952 302 1011 terim
335 950 642 1017 machinis,
698 953 755 1006 et
793 966 892 1023 per
940 950 1146 1007 itinera
1192 950 1562 1021 complanata
1606 966 1774 1007 secus

126 1060 365 1102 murum
399 1040 718 1112 collocatis,
751 1041 849 1114 qui
888 1040 949 1098 in
998 1042 1237 1099 castello
1281 1046 1466 1112 erant,
1517 1042 1775 1098 urbanos

125 1135 383 1207 sagittis,
414 1131 567 1188 saxis
597 1130 985 1203 pugillaribus
1007 1136 1062 1187 et
1092 1130 1272 1188 armis
1302 1131 1491 1204 qualia
1512 1130 1675 1188 furor
1718 1135 1777 1189 et

126 1224 239 1281 loci
274 1220 548 1294 angustia
568 1220 958 1291 ministrabat,
993 1221 1275 1291 urgebant
1302 1237 1433 1277 cum
1458 1221 1774 1291 instantia3

126 1312 229 1387 qui
261 1327 396 1368 vero
424 1310 535 1366 sub
557 1309 925 1381 jaculatoriis
952 1311 1279 1378 tormentis,
1310 1309 1506 1366 missis
1539 1308 1776 1366 molari-

125 1404 266 1466 bus,
299 1399 559 1457 certatim
590 1398 825 1466 moenia,
852 1402 908 1454 et
932 1399 1133 1468 Juncta
1156 1399 1446 1456 moenibus
1476 1397 1773 1456 domicilia

124 1492 379 1564 dejicere
407 1489 774 1546 adoriuntur.
808 1488 924 1545 Hoc
955 1489 1220 1545 videntes
1238 1489 1536 1561 oppidani,
1568 1493 1634 1544 ut
1655 1496 1776 1545 arte

124 1582 316 1636 artem
347 1576 649 1640 deludant,
680 1578 736 1631 et
766 1575 982 1632 nostris
997 1575 1395 1631 moliminibus
1411 1577 1612 1633 eadem
1636 1575 1776 1631 sub·

125 1666 342 1724 tilitate
368 1663 620 1734 obvient,
651 1679 681 1720 e
704 1664 938 1737 regione
967 1665 1152 1720 nostri
1180 1665 1486 1721 castellum
1517 1665 1778 1721 educunt

124 1757 188 1812 in
210 1753 503 1822 sublime;
531 1757 787 1811 armatos
815 1754 1257 1826 imponunt,qui
1285 1754 1503 1810 nostris
1517 1754 1776 1811 renitan-

126 1848 231 1900 tur
258 1859 292 1898 a
322 1841 472 1914 pari,
493 1845 551 1898 et
578 1841 660 1896 eis
690 1838 1085 1914 aequipollenti
1118 1846 1324 1897 conatu
1358 1842 1775 1914 respondeant3

126 1938 425 1992 tormenta
437 1931 818 1988 nibilominus
835 1932 1141 1988 tormentis
1154 1931 1436 2003 objiciunt
1459 1957 1474 2001 ς
1500 1936 1557 1988 et
1592 1933 1660 1988 ad
1675 1949 1782 1988 no-

128 2028 257 2082 stra
306 2021 727 2096 confringenda
756 2022 1114 2091 argumentis
1144 2023 1358 2094 quibus
1381 2029 1640 2092 possunt,
1666 2030 1782 2079 tota

130 2111 532 2171 sollicitudine
559 2127 620 2167 se
651 2112 1042 2183 suspendunt.
1077 2111 1244 2167 Fiunt
1273 2113 1344 2167 ad
1369 2112 1780 2168 suituitionem

130 2205 396 2270 solertes,
447 2204 506 2256 et
550 2200 856 2272 ingenium
906 2218 940 2256 a
979 2201 1328 2257 necessitate
1374 2201 1523 2256 vires
1575 2200 1777 2256 sumit.

131 2293 362 2364 Quique
412 2290 572 2360 prius
625 2289 1058 2346 arbitrabantur
1105 2305 1168 2345 se
1214 2291 1288 2347 ad
1336 2290 1445 2345 hoc
1493 2307 1609 2346 non
1656 2289 1780 2346 sut*-

134 2381 331 2450 ficere,
388 2378 751 2435 necessitatis
800 2381 984 2450 pressi
1043 2378 1432 2447 articulo,vias
1479 2379 1786 2436 inveniunt

135 2471 300 2544 prius
357 2468 705 2538 incognitas,
755 2473 812 2524 et
858 2469 930 2524 ad
981 2471 1223 2540 propriae
1272 2470 1479 2526 salutis
1537 2470 1781 2526 tutelam

133 2559 289 2615 flunt
317 2574 387 2614 ex
417 2556 638 2614 obtusis
684 2557 1038 2614 subtiliores.
1091 2558 1174 2615 Ibi
1222 2563 1345 2615 erat
1391 2560 1785 2631 experimento

133 2662 509 2720 cognoscere,
534 2662 706 2719 quam
737 2662 941 2703 verum
975 2647 1053 2703 sit
1083 2647 1676 2720 illudproverbialiter
1702 2648 1789 2703 di·

136 2742 343 2793 ctum:

423 2879 736 2951 literisque
763 2882 911 2937 venit
938 2879 1171 2938 solercia
1199 2881 1379 2939 rebus.

1279 2970 1491 3044 (Ovio.)

670 280 871 344 ms'r.
919 281 1194 346 RERUM
1232 280 1765 347 TRANsuamN.
1812 316 1891 331 —
1934 284 2088 348 LIB.
2129 285 2260 349 XX.
2307 284 2765 350 AMALRIGUS
2816 286 3000 349 REX.

3422 287 3542 352 ⁷94

2496 417 2728 475 CAPUT
2755 417 2936 476 XVII.

1880 527 2070 584 Oritur
2099 530 2159 583 in
2185 530 2386 584 castris
2411 528 2606 596 fames,
2638 536 2695 581 et
2724 532 2917 583 nostra
2945 528 3136 584 classis
3153 544 3293 601 pene
3314 533 3432 587 tota
3451 531 3542 586 in·

1948 599 2219 667 conditur,
2253 599 2473 655 tandem
2500 596 2741 655 solvitur
2769 598 3001 669 obsidio,
3033 616 3200 671 opera
3215 611 3539 675 consumpta

1952 671 2256 727 inutiliter.

1949 778 2209 835 Accessit
2224 785 2492 850 praeterea
2508 776 2839 834 miserabile
2850 778 3149 850 quiddam,
3173 779 3330 853 quod
3343 795 3541 839 omnis

1877 863 1980 921 illa
2009 883 2138 939 quas
2169 866 2228 922 in
2252 867 2439 923 classe
2459 871 2694 923 venerat
2711 866 3045 923 Graecorum
3074 868 3392 927 multitudo
3411 874 3540 927 tan-

1879 958 1940 1009 ta
1968 955 2139 1026 coepit
2170 954 2582 1012 alimentorum
2603 954 2797 1026 inopia
2841 955 3126 1023 laborare,
3179 962 3245 1013 ut
3293 958 3535 1016 omniuo

1882 1043 2052 1115 panis
2080 1044 2166 1100 eis
2196 1044 2470 1101 omnibus
2500 1043 2793 1108 deficeret,
2817 1060 2921 1101 nec
2945 1043 3209 1102 ciborum
3233 1045 3535 1119 quidpiam

1881 1133 2034 1204 apud
2094 1149 2193 1190 eos
2224 1132 2601 1191 inveniretur.
2661 1134 3003 1191 caedebatur
3053 1134 3128 1192 ad
3158 1150 3295 1192 usus
3346 1135 3537 1194 varios

1882 1221 2028 1278 silva
2057 1221 2384 1295 palmarum
2417 1222 2627 1280 castris
2646 1224 3046 1292 contermina;
3081 1223 3441 1297 dejectisque
3461 1225 3536 1282 ad

1876 1313 2095 1367 terram
2127 1312 2391 1368 certatim
2424 1311 2754 1381 arboribus,
2784 1310 2845 1368 in
2873 1328 3109 1368 summo
3123 1328 3354 1382 earum,
3380 1309 3537 1371 unde

1881 1398 2260 1456 ramihabent
2287 1399 2595 1471 originem,
2629 1400 2812 1458 Graeci
2835 1400 2986 1457 t'ame
3006 1400 3364 1468 laborantes,
3386 1418 3543 1474 quae·

1881 1488 2087 1545 rebant
2115 1487 2298 1545 multo
2316 1489 2513 1545 studio
2532 1490 2854 1561 quamdam
2879 1490 3356 1559 teneritudinem,
3380 1490 3539 1549 unde

1882 1579 2064 1634 ramis
2086 1578 2297 1635 humor
2319 1578 2521 1634 vivalis
2543 1578 2937 1647 ministratur,
2955 1580 3082 1636 esui
3103 1580 3537 1652 quodammodo

1880 1665 2182 1737 habilem3
2220 1669 2374 1723 unde
2406 1684 2599 1737 suam,
2632 1668 2764 1725 licet
2798 1669 3032 1737 misere,
3083 1669 3538 1728 consolabantur

1883 1757 2157 1814 esuriem.
2191 1757 2498 1826 Quaerendi
2526 1760 2699 1814 victus
2729 1767 2904 1814 arcem
2934 1770 3111 1830 [ames
3150 1765 3439 1822 auxerat:
3485 1766 3540 1818 et

1884 1848 2093 1903 ventris
2119 1846 2396 1919 appetitus
2429 1848 2723 1920 rapientis,
2753 1847 3033 1905 solertium
3084 1849 3381 1906 induxerat
3417 1866 3540 1907 am-

1880 1936 2141 2008 pliorem.
2167 1937 2280 1992 Hoc
2303 1952 2444 1994 sane
2475 1953 2574 2009 per
2604 1937 2728 1993 dies
2759 1936 2983 2009 aliquot
3008 1936 3204 1994 edulio
3226 1938 3399 1995 vitam
3425 1936 3542 1994 mi-

1883 2039 2011 2081 sere
2067 2024 2495 2097 protrahentes,
2529 2025 2738 2081 tamem
2796 2025 3143 2082 laborabant
3218 2024 3527 2096 depellere.

1887 2112 2249 2180 Quibusdam
2283 2120 2501 2181 tamen,
2532 2114 2633 2186 qui
2662 2129 2775 2169 non
2799 2113 3026 2186 penitus
3072 2117 3238 2169 erant
3255 2112 3537 2172 alimonia

1887 2201 2169 2269 destituti,
2202 2200 2498 2271 avellanas,
2532 2219 2715 2274 passas
2744 2208 2802 2258 et
2830 2202 2996 2258 siccae
3036 2207 3288 2259 castano
3326 2206 3532 2260 contra

1888 2290 2062 2346 famis
2092 2291 2599 2363 importunitatem
2620 2291 2832 2347 solatia
2850 2290 3282 2353 ministrabant.
3302 2290 3533 2349 Nostris

1889 2383 2083 2436 autem
2119 2382 2307 2451 panis,
2341 2385 2399 2436 et
2429 2379 2571 2436 varii
2602 2380 2832 2451 generis
2864 2378 3278 2436 alimentorum
3301 2395 3414 2437 non
3440 2380 3540 2437 de-

1889 2468 2383 2524 eratsufticientia
2408 2486 2422 2535 3
2453 2469 2551 2524 sed
2574 2467 2893 2540 cogitantes
2910 2467 2982 2524 de
2994 2469 3271 2539 crastino,
3290 2468 3546 2526 sacculis

1890 2557 2226 2630 parcebant,
2257 2556 2535 2613 timentes
2557 2572 2629 2613 ne
2659 2556 2708 2613 si
2732 2556 2844 2628 ipsi
2869 2558 3030 2612 cibos
3055 2574 3169 2612 non
3191 2556 3545 2615 habentibus

1889 2645 2127 2702 incaute
2147 2646 2490 2714 dividerent,
2518 2645 2831 2718 aliquando
2852 2652 2904 2703 et
2926 2644 3076 2718 ipsis
3095 2645 3408 2716 (ἰοῦσαι-οῖς
3442 2645 3550 2703 ite·

1891 2751 2024 2791 rum
2056 2739 2115 2790 et
2145 2735 2215 2791 de
2246 2750 2413 2790 mora
2435 2734 2660 2802 incerti,
2684 2739 2920 2808 tempus
2944 2734 3226 2807 prolixius
3248 2735 3546 2792 habebant

1895 2831 2253 2896 suspectum.
2296 2822 2573 2880 Praeterea
2620 2828 2787 2880 tanta
2833 2823 3114 2879 imbrium
3163 2824 3541 2897 abundantia,

1896 2919 2054 2970 tanta
2075 2912 2405 2983 pluviarum
2437 2912 2811 2984 intemperies
2829 2912 3107 2985 peridem
3130 2917 3362 2987 tempus
3381 2913 3544 2971 incu-

1895 3003 2043 3073 buit,
2078 3008 2141 3059 ut
2179 3018 2368 3075 neque
2396 3002 2649 3075 tuguriis
2680 3002 3072 3076 pauperiores,
3106 3019 3211 3059 nec
3235 3000 3543 3076 papilioni-

131 3095 333 3154 Nostri
354 3109 491 3152 vero
520 3110 654 3151 cum
701 3094 921 3151 instare
969 3095 1130 3151 acius
1179 3095 1536 3163 debuissent,
1586 3094 1792 3152 timide
1896 3093 2009 3149 bus
2039 3093 2248 3149 divites
2277 3102 2402 3150 arte
2432 3092 2693 3165 qualibet
2722 3107 2919 3149 arcere
2957 3097 3193 3166 possent
3220 3092 3546 3162 stillicidia,

130 3184 450 3261 gelideque
479 3187 780 3255 coeperunt
811 3192 1017 3240 cuncta
1056 3184 1424 3254 ministrare;
1478 3188 1646 3241 erant
1691 3185 1790 3257 qui
1821 3167 1865 3235 C
1903 3181 2370 3239 imonimborum
2392 3179 3546 3256 redundantiam.Valloigiturclngentes

130 3274 356 3345 fraudi,
389 3276 554 3329 erant
582 3278 638 3329 et
666 3273 767 3345 qui
796 3272 1037 3329 incurias
1067 3277 1123 3329 et
1150 3273 1508 3347 negligentia!
1538 3273 1789 3345 imputa-

130 3367 289 3420 rent.
321 3362 406 3419 1bi
436 3361 687 3434 profecto
718 3362 909 3435 patuit
938 3361 1153 3434 statim,
1190 3372 1417 3420 nostros
1449 3375 1545 3419 aut
1588 3364 1786 3419 minus

126 3453 503 3526 experientiae
532 3453 833 3521 habuisse,
866 3458 968 3510 aut
998 3454 1215 3511 asolita
1234 3454 1516 3510 defecisse
1539 3454 1786 3523 pruden-

127 3542 239 3611 tia,
273 3549 374 3598 aut
402 3543 691 3599 exercitus
742 3543 1135 3599 moderatores
1170 3543 1452 3599 malitiose
1485 3548 1782 3613 versatos3

124 3647 264 3688 cum
292 3630 597 3687 castellum
620 3632 767 3702 quod
793 3637 1045 3688 erectum
1072 3633 1279 3699 suerat,
1306 3648 1402 3703 per
1422 3631 1544 3687 loca
1566 3631 1784 3688 clivosa

126 3724 191 3776 et
222 3735 371 3792 pene
400 3720 554 3776 invia
586 3720 767 3776 muris
800 3720 1073 3791 applicari
1097 3722 1422 3793 jusserunt.
1463 3720 1609 3776 Nam
1649 3736 1782 3776 cum

128 3813 333 3866 essent
352 3809 410 3863 in
433 3808 631 3865 eadem
656 3813 814 3879 parte
827 3809 1075 3866 civitatis
1099 3812 1312 3866 moenia
1333 3810 1390 3866 in
1415 3809 1617 3866 multis
1637 3809 1781 3866 locis

128 3897 450 3954 humiliora
476 3903 534 3953 et
560 3897 799 3954 infirma
831 3899 1007 3955 nimis
1033 3904 1090 3955 et
1111 3899 1234 3955 loca
1259 3903 1444 3954 multa
1464 3898 1784 3955 assultibus

124 3989 192 4043 et
220 3986 639 4058 expugnationi
669 3986 896 4043 facilius
922 3986 1135 4058 pervia,
1157 3987 1458 4044 castellum
1477 3990 1786 4044 erexerunt

127 4074 193 4129 in
219 4089 288 4130 ea
318 4083 475 4146 parte
497 4075 770 4141 civitatis,
803 4092 927 4149 quae
952 4076 1177 4133 tirmior
1205 4081 1264 4131 et
1306 4077 1490 4147 magis
1552 4077 1780 4133 munita

129 4161 478 4234 habebatur,
511 4167 568 4220 et
597 4162 697 4218 ubi
727 4179 862 4220 cum
894 4168 1057 4220 tanta
1102 4164 1447 4221 difficultate
1493 4165 1784 4221 moenibus

126 4257 215 4307 est
249 4250 630 4323 applicatum,
662 4257 883 4324 quanta
916 4254 1051 4310 alibi
1080 4270 1368 4326 nusquam
1393 4256 1780 4323 occurrisset3

128 4355 241 4397 nec
271 4339 351 4395 ibi
381 4340 606 4397 civibus
636 4343 954 4415 quidquam
1005 4344 1293 4400 inferebat
1341 4343 1638 4412 molestia,
1684 4347 1785 4399 aut

128 4444 337 4485 eorum
366 4429 645 4499 aedificiis,
677 4431 781 4488 sed
812 4432 921 4488 soli
953 4432 1210 4489 basilicae
1241 4438 1454 4490 sanctae
1477 4434 1578 4490 Dei
1604 4434 1783 4491 Geni-

1890 3272 2163 3339 tentoria,
2196 3275 2260 3327 ut
2289 3271 2431 3327 illuc
2462 3269 2794 3344 pluviarum
2821 3269 3101 3328 deflueret
3130 3271 3404 3342 impetus,
3451 3271 3546 3330 vix

1892 3361 1952 3417 in
1983 3365 2109 3416 tuto
2141 3374 2203 3416 se
2236 3364 2498 3431 poterant
2548 3359 2848 3416 collocare.
2902 3359 3117 3416 Accidit
3164 3376 3398 3433 quoque
3439 3376 3547 3436 per

1891 3449 2131 3506 eosdem
2165 3448 2291 3505 dies
2320 3450 2537 3520 grande
2568 3449 2746 3505 nimis
2773 3448 3177 3505 infortunium.
3215 3449 3360 3507 Nam
3408 3466 3542 3509 cum

1891 3538 2112 3611 galeas,
2140 3542 2198 3594 et
2244 3543 2486 3594 caeteras
2534 3537 2746 3595 diversi
2794 3537 3021 3610 generis
3069 3554 3267 3607 naves,
3313 3555 3346 3594 a
3392 3539 3545 3596 mari

1891 3628 2152 3697 eductas,
2186 3627 2248 3683 in
2271 3627 2528 3683 fluminis
2551 3628 2776 3683 alveum
2801 3626 3281 3697 introduxissent,
3305 3631 3362 3683 et
3375 3627 3548 3698 juxta

1891 3716 2185 3774 civitatem
2246 3722 2390 3783 tuta,
2454 3721 2517 3772 ut
2573 3716 2903 3785 videbatur,
2963 3717 3216 3772 statione
3270 3715 3548 3772 ordinas-

1890 3811 2060 3875 sent,
2089 3806 2350 3863 videntes
2380 3805 2657 3879 oppidani
2689 3806 2840 3878 quod
2889 3809 3097 3860 ventus
3144 3821 3180 3861 a
3228 3805 3546 3877 superiori-

1890 3898 1999 3953 bus
2024 3898 2421 3964 descenderet,
2453 3900 2510 3952 et
2558 3896 2724 3969 quasi
2769 3895 2885 3952 Nili
2940 3893 3162 3953 fluenta
3196 3899 3545 3968 sequeretur

1889 3984 3539 4060 aliquantulumvehementior,quodconceperant,ioopus

1887 4073 2116 4130 trahere
2138 4072 2424 4128 nituntur.
2456 4071 2817 4143 Accipientes
2843 4071 2999 4127 enim
3018 4070 3222 4128 medias
3245 4070 3537 4145 quantita-

1889 4161 1963 4218 tis
1993 4161 2287 4234 cymbam,
2320 4160 2498 4233 lignis
2516 4159 2712 4229 aridis,
2748 4160 2874 4233 pice
2894 4167 2948 4217 et
2971 4160 3314 4233 liquamine,
3336 4164 3396 4218 et
3415 4176 3538 4218 om-

1888 4252 2065 4308 nibus
2088 4252 2179 4308 his
2198 4269 2326 4324 quae
2344 4253 2532 4308 solent
2553 4252 2792 4324 ignibus
2808 4250 3166 4308 incentivum
3183 4251 3538 4322 ministrare,

1886 4357 2016 4398 eam
2040 4358 2225 4414 usque
2245 4343 2312 4397 ad
2347 4357 2643 4398 summum
2675 4342 2806 4411 eJus
2839 4341 3151 4414 replentes,
3185 4341 3381 4414 ignem
3407 4340 3546 4398 sub·

1880 4431 2131 4503 jiciunt;
2165 4436 2223 4488 et
2250 4448 2579 4501 accensam,
2614 4432 2674 4488 in
2706 4432 2958 4489 classem
2989 4436 3272 4501 nostram,
3299 4431 3546 4488 flumine

130 4520 320 4587 tricis,
350 4535 479 4592 quae
501 4520 671 4591 juxta
701 4537 902 4579 muros
934 4522 1041 4578 sita
1061 4522 1336 4580 est.111ud
1365 4540 1505 4580 sane
1520 4523 1662 4580 nihil
1686 4524 1782 4580 ha-
1814 4514 1861 4579 D
1892 4537 2022 4578 eam
2053 4522 2237 4596 gratis
2266 4521 2584 4589 deferente,
2617 4521 2914 4591 dirigunt3
2964 4536 3070 4576 nec
3116 4520 3316 4575 deerat
3360 4519 3544 4576 austri

131 4609 228 4664 bet
258 4608 542 4681 ambigui,
575 4609 675 4680 qui
707 4610 779 4665 de
805 4611 1047 4676 malitia,
1065 4628 1222 4668 more
1237 4614 1601 4684 processerit,
1624 4614 1779 4688 quod

131 4698 325 4772 primo
364 4702 697 4756 nostrorum
719 4701 965 4756 adventu
984 4702 1166 4757 dilata
1179 4710 1266 4758 est
1290 4702 1453 4758 urbis
1474 4702 1783 4775 impugna·

130 4786 214 4842 tio
237 4806 257 4852 ,-
281 4801 415 4842 nam
435 4802 677 4844 vacuam
700 4791 1055 4861 reperientes
1071 4807 1220 4861 eam,
1245 4793 1386 4848 dum
1411 4809 1526 4849 aon
1549 4794 1661 4849 nisi
1683 4795 1779 4851 do-

134 4874 411 4933 mesticos
430 4877 665 4935 haberet
695 4894 855 4947 suos,
883 4880 1040 4936 viros
1070 4880 1359 4949 imbelles,
1400 4881 1780 4950 effeminatos,

130 4963 461 5038 praeliorum
491 4966 750 5038 ignaros,
775 4970 820 5024 si
847 4985 949 5040 pro
973 4970 1166 5025 debito
1188 4970 1516 5028 animosius
1536 4973 1781 5029 institis·

128 5057 284 5124 sent,
315 5053 520 5126 primis
542 5059 1055 5130 congressionibus
1084 5075 1212 5117 eam
1262 5065 1647 5133 occupassent
1665 5063 1784 5119 vio·

131 5141 338 5199 lenter.
400 5143 702 5203 Concessae
756 5163 1011 5219 namque
1071 5148 1223 5205 ferite
1291 5155 1519 5206 tantum
1568 5150 1778 5208 virium

133 5232 393 5290 obsessis
421 5235 775 5304 intulerunt,
814 5242 1092 5311 tantaque
1141 5242 1333 5297 medio
1385 5245 1643 5311 tempore
1687 5241 1781 5297 vi-

132 5337 334 5378 rorum
348 5323 584 5381 fortium
607 5329 665 5382 et
684 5328 909 5400 egregie
924 5334 1283 5386 armatorum
1307 5329 1550 5386 accessit
1570 5346 1780 5388 nume-

129 5410 369 5478 rositas,
420 5418 486 5469 ut
542 5431 657 5471 non
705 5415 897 5473 solum
953 5418 1107 5475 intra
1160 5420 1394 5491 moenia‚
1453 5419 1555 5476 sed
1603 5420 1778 5479 etiam

129 5499 193 5556 in
224 5502 655 5573 campestribus
684 5512 1015 5563 nostrorum
1046 5507 1307 5580 impetus
1335 5513 1573 5582 possent
1597 5509 1780 5568 susti-

128 5603 291 5648 nere.

1896 4612 2092 4683 flatus,
2125 4611 2219 4684 qui
2269 4611 2589 4683 suppositis
2638 4610 2879 4682 ignibus
2924 4607 3306 4664 ministrabat
3352 4607 3545 4665 irrita-

1897 4705 2182 4770 mentum,
2216 4704 2454 4772 sumpta
2496 4698 2801 4757 occasione
2846 4712 2914 4754 ex
2964 4696 3222 4769 subjecta
3271 4694 3538 4753 materia.

1893 4789 2263 4847 Descendens
2292 4791 2466 4862 igitur
2496 4788 2735 4844 incensa
2766 4784 3032 4843 navicula
3060 4785 3122 4841 in
3150 4784 3420 4852 classem,
3451 4800 3540 4842 re-

1896 4881 2243 4954 periensque
2270 4896 2399 4936 eam
2430 4879 2600 4952 quasi
2624 4878 2980 4950 contiguam,
3012 4876 3258 4933 transire
3287 4892 3403 4933 non
3433 4891 3541 4933 va·-

1893 4971 2042 5040 lens,
2067 4972 2234 5029 hoesit
2263 4972 2411 5028 inter
2442 4975 2632 5039 rates;
2674 4967 3024 5040 praebitoque
3070 4967 3225 5040 quod
3274 4965 3541 5041 gestabat

1895 5061 2185 5127 incendio,
2219 5077 2319 5118 sex
2347 5077 2415 5117 ex
2447 5060 2714 5116 rostratis
2737 5057 3007 5125 navibus,
3043 5072 3191 5130 quas
3221 5055 3415 5129 galeas
3443 5073 3540 5114 vo·

1891 5156 2240 5222 cant,usque
2269 5149 2328 5205 in
2353 5147 2576 5205 favillas
2606 5147 2867 5205 exussit:
2900 5145 3355 5218 universamque
3383 5144 3535 5203 clas-

1889 5256 2012 5297 sem
2045 5240 2198 5313 ignis
2218 5238 2581 5296 invalescens
2605 5238 2834 5309 penitus
2864 5241 3227 5309 occupasset,
3260 5233 3376 5291 nisi
3425 5235 3534 5291 do-

1890 5329 2036 5387 mini
2067 5330 2218 5402 regis
2235 5328 2582 5397 sollicitudo,
2598 5328 2700 5401 qui
2722 5330 3015 5398 comperto
3037 5324 3328 5392 incendio,
3353 5324 3530 5382 nudis

1891 5417 2083 5476 adhuc
2111 5417 2376 5491 pedibus,
2410 5433 2627 5492 equum
2660 5415 2933 5473 velociter
2951 5413 3374 5483 conscendens,
3397 5427 3535 5471 nau·

1888 5517 1981 5567 tas
1992 5509 2064 5567 ad
2083 5510 2471 5567 resistendum
2493 5507 2753 5583 ignibus,
2774 5521 2950 5564 manu
2972 5504 3290 5579 multisque
3309 5503 3532 5563 clamo-

1887 5598 2052 5658 ribus
2072 5599 2392 5660 excitasset.
2421 5598 2756 5658 Dividentes
2781 5596 2978 5671 itaque
3004 5611 3105 5655 eas
3133 5594 3209 5654 ab
3255 5592 3528 5665 invicem,
