3784 6000
176 276 257 343 95
1229 275 1576 340 ARNULFI
1622 274 2144 339 Luxovmnsls
2190 273 2543 336 EPISGOPI
3510 272 3592 331 96

172 414 529 475 excusationi
557 414 780 473 malitia
807 410 1086 486 temporis
1110 408 1368 479 adhibet,
1401 409 1504 467 sed
1534 409 1693 482 quod
1724 408 1819 465 in·
1849 409 1905 478 Α
1933 406 2238 466 occasione
2278 405 2563 464 levissima
2607 404 2868 462 violastis
2893 422 2907 474 ;
2943 420 3158 477 vosque
3188 401 3249 459 in
3299 403 3584 460 omnibus

169 504 474 564 firmitatis
487 503 872 578 est1desidiam
887 504 1137 574 reputat,
1152 502 1254 556 aut
1265 501 1604 574 figmentum
1619 519 1635 570 ς
1652 500 1821 569 adeo,

172 598 240 652 ut
269 596 483 669 sapius
514 595 573 651 in
623 593 946 666 potentiam
975 591 1162 661 ipsam
1202 596 1444 662 cogatur
1490 604 1826 663 expugnare

172 686 511 754 necessitas,
528 681 875 753 miserisque
894 679 1204 737 conatibus
1215 678 1461 752 sepultas
1480 678 1714 735 virtutis
1735 679 1826 735 in-

174 777 439 830 staurare
469 771 783 829 defectum.
816 769 1217 826 Perniciosum
1255 771 1450 824 autem
1481 772 1568 824 est
1600 768 1827 824 valetu-

174 861 370 918 dinem
405 860 683 916 infestare
712 858 1128 924 laboribus,ne
1158 858 1307 915 forte
1327 858 1553 915 vexatio
1583 857 1698 913 vim
1722 858 1826 912 do-

170 949 313 1007 loris
344 950 574 1022 augeat,
588 955 640 1004 et
663 964 875 1005 novum
906 946 1141 1020 aliquod
1177 945 1456 1019 ssgritudo
1485 949 1556 1002 de
1591 962 1831 1004 concus-

169 1038 352 1096 sionis
382 1037 602 1110 injuria
630 1037 937 1094 contrahat
983 1037 1426 1093 incrementum.
1459 1034 1686 1092 Invenit
1714 1035 1828 1109 igi-

171 1135 270 1185 tur
297 1125 486 1200 gratia
516 1132 708 1184 vestra
727 1124 1063 1183 subsidium
1093 1124 1722 1198 senectuti,laborique
1745 1140 1830 1180 re-

171 1216 458 1285 medium,
493 1231 608 1289 quo
649 1218 773 1272 tam
804 1214 996 1271 debile
1025 1230 1238 1287 corpus
1289 1212 1543 1286 vegetari
1587 1213 1826 1281 debeat,

175 1320 353 1379 quam
395 1304 768 1361 vexationum
796 1303 1099 1375 2instantia
1133 1302 1470 1374 temperari.
1525 1301 1832 1374 Siquidem

177 1394 328 1452 duos
356 1409 542 1464 equos
575 1410 609 1449 a
635 1392 800 1448 vobis
828 1390 1113 1448 exactiore
1143 1388 1447 1462 diligentia
1476 1387 1836 1463 perquisitos

177 1483 395 1555 accepi,
411 1497 562 1555 quos
579 1482 709 1554 ipsa
721 1480 920 1538 statim
935 1479 1313 1553 pulchritudo
1332 1479 1518 1551 primo
1540 1495 1835 1537 commen·

181 1571 347 1629 davit
377 1574 640 1642 aspectu,
681 1569 1056 1642 postmodum
1105 1568 1256 1627 omni
1293 1568 1433 1626 vitio
1464 1568 1715 1625 mundos
1742 1568 1837 1624 in·

173 1660 398 1734 spectio
428 1659 763 1732 diligentior
792 1658 1153 1732 approbavit.
1189 1657 1481 1715 Feruntur
1510 1657 1701 1731 plane,
1732 1673 1837 1714 ne·

1931 498 2076 555 adeo
2099 496 2451 554 exhibuistis
2482 493 2844 565 instabilem,
2868 494 3022 568 quod
3054 510 3170 552 non
3193 493 3494 551 adhibebit
3521 494 3595 551 de

1940 591 2151 643 caetero
2182 586 2348 643 vobis
2369 585 2707 643 fldem.Non
2738 583 2816 640 sit
2841 583 3028 653 vobis,
3048 599 3148 640 rex
3168 581 3590 653 illustrissimo,

1929 695 2263 747 onerosum,
2293 677 2341 733 si
2396 677 2548 749 quod
2581 674 2931 744 audivimus,
2977 673 3296 748 loquimur.
3329 677 3459 731 Haec
3488 676 3587 731 est

1931 769 2087 826 enim
2121 767 2465 824 nuntiorum
2498 763 2773 833 conditio,
2798 768 2858 820 ut
2885 766 2958 821 de
2986 763 3252 835 injuncto
3272 762 3384 820 sibi
3414 780 3587 820 man·

1932 858 2070 915 dato
2096 857 2188 913 nil
2225 855 2572 924 subticeant,
2593 853 2676 912 nil
2698 853 3054 919 rescindant,
3067 853 3155 910 vel
3178 852 3598 911 diminuantde

1933 961 2246 1019 responso.
2280 944 2545 1001 Addebat
2566 943 2765 1012 etiam,
2788 959 2850 1000 se
2871 942 3278 1000 firmissimum
3307 940 3589 998 habuisse

1933 1034 2296 1109 propositum
2328 1032 2702 1108 expugnandi
2732 1049 2857 1099 vos,
2907 1035 3224 1104 antequam
3277 1030 3597 1088 Carnutum

1937 1124 2093 1184 iilius
2105 1130 2294 1183 vester
2307 1124 2678 1182 adventasset
2694 1141 2706 1178 :
2727 1123 2985 1196 istasque
2999 1122 3336 1180 occasiones
3356 1121 3591 1179 dissen-

1936 1215 2122 1274 sionis
2139 1218 2198 1271 et
2217 1213 2335 1270 odii
2356 1213 2732 1287 proponebat,
2750 1212 2900 1283 quod
2918 1211 3098 1268 tiliam
3116 1227 3289 1268 suam
3300 1211 3374 1266 ad
3392 1210 3593 1267 virum

1937 1320 2115 1362 suum
2146 1301 2337 1360 redire
2383 1319 2500 1367 non
2533 1301 2749 1373 sinitis,
2778 1301 2935 1373 quod
2965 1301 3018 1358 ei
3048 1301 3247 1357 dotem
3295 1301 3425 1372 ejus
3475 1317 3592 1358 non

1939 1389 2363 1463 redditis,quod
2377 1388 2638 1446 subditos
2651 1405 2774 1445 suae
2785 1387 2990 1444 ditioni
3006 1386 3251 1461 populos
3261 1386 3599 1444 amentibus

1939 1478 2224 1536 Alverniae
2247 1494 2436 1551 usque
2454 1480 2526 1534 ad
2549 1476 2926 1544 Rhodanum,
2945 1477 3003 1533 in
3025 1477 3215 1549 ipsius
3235 1476 3438 1534 odium
3457 1493 3599 1534 con-

1942 1568 2189 1636 citastis,
2221 1569 2374 1641 quod
2407 1568 2467 1624 in
2498 1582 2720 1625 coronas
2748 1583 2869 1623 suae
2899 1565 3277 1640 dispendium
3316 1567 3597 1623 comitem

1945 1662 2007 1715 8.
2040 1656 2223 1729 Egidii
2258 1657 2316 1713 in
2366 1654 2576 1728 ligium
2624 1655 2927 1712 hominem
2978 1654 3300 1726 recepistis.
3331 1653 3596 1711 Tandem

173 1765 290 1823 que
310 1764 598 1806 sessorem
623 1746 889 1820 qualibet
916 1747 1311 1820 inaequalitate
1344 1748 1709 1816 concutiunt,
1728 1762 1835 1803 nec
1864 1781 1913 1847 B
1945 1749 2121 1806 etiam
2148 1749 2483 1819 juramento
2532 1747 2811 1814 firmavit,
2842 1764 2904 1803 se
2935 1762 3239 1819 nunquam
3270 1746 3343 1802 de
3386 1749 3595 1803 caetero

173 1839 532 1897 celeritatem
554 1838 812 1895 retardat
833 1837 1159 1910 aequalitas,
1173 1852 1362 1909 neque
1385 1852 1489 1908 pes
1509 1835 1701 1907 aliquo
1725 1851 1832 1892 un-

176 1945 355 2003 quam
385 1926 604 2001 cespite
656 1931 891 1984 retusus
944 1925 1208 1983 offendit.
1251 1930 1376 1983 Non
1417 1930 1507 1983 est
1535 1942 1684 1997 opus
1733 1939 1834 1981 eos

175 2019 338 2076 freno
362 2016 655 2085 cohibere,
673 2015 762 2073 vel
786 2030 992 2088 urgere
1012 2014 1339 2072 calcaribus
1361 2034 1376 2085 ;
1403 2013 1542 2088 quia
1563 2018 1728 2071 tanta
1748 2015 1834 2070 fa-

174 2106 395 2165 cilitate
423 2105 662 2163 cuilibet
709 2106 1125 2178 mancipantur
1172 2103 1469 2177 obsequio,
1503 2107 1570 2160 ut
1597 2119 1831 2160 omnem

175 2195 426 2254 sessoris
484 2195 818 2269 explorasse
865 2195 1175 2252 videantur
1212 2194 1506 2250 affectum.
1570 2193 1832 2266 Denique

176 2288 338 2343 tanta
368 2300 714 2358 progressus
737 2299 938 2340 eorum
966 2283 1257 2339 suavitate
1308 2282 1593 2355 procedit,
1626 2286 1690 2338 ut
1729 2284 1831 2355 qui

176 2375 397 2434 insidet
426 2392 543 2433 non
574 2374 866 2442 incedere,
889 2374 990 2430 sed
1011 2372 1129 2429 labi
1153 2392 1168 2443 ;
1203 2388 1308 2428 nec
1336 2389 1399 2429 se
1429 2379 1541 2428 tam
1565 2387 1716 2445 equo
1740 2386 1834 2427 ve-

171 2463 255 2534 hi,
288 2480 464 2537 quam
494 2464 662 2536 quasi
682 2460 948 2519 navicula
976 2462 1232 2534 quadam
1256 2459 1502 2517 subvehi
1523 2460 1718 2517 verius
1740 2477 1832 2516 ar-

174 2553 443 2611 bitretur.
471 2552 649 2609 Porro
679 2551 932 2608 varietas
977 2550 1107 2622 ipsa
1136 2549 1212 2606 ad
1248 2557 1625 2623 augmentum
1673 2565 1828 2621 quo-

175 2658 289 2717 que
309 2640 619 2715 voluptatis
641 2639 884 2710 accedit,
907 2639 1042 2711 quia
1056 2639 1293 2695 tedium
1318 2636 1637 2696 identitatis
1659 2638 1830 2694 novi-

177 2731 295 2787 tate
325 2728 731 2802 distinguitur,
750 2745 853 2785 nec
878 2728 1069 2785 eidem
1101 2727 1260 2784 sellai
1283 2743 1511 2800 semper
1542 2726 1825 2784 inhaerere

175 2833 407 2877 necesse
434 2821 541 2885 est,
576 2821 672 2874 sed
707 2817 879 2874 modo
926 2816 1088 2885 huic,
1121 2816 1293 2873 modo
1323 2815 1487 2872 alteri
1538 2823 1826 2888 quantum

172 2907 412 2967 libuerit
466 2907 744 2964 insidere.
781 2906 1062 2963 Videntur
1109 2905 1254 2962 mihi
1304 2906 1577 2962 virtutem
1627 2904 1829 2979 pristi-

1941 1837 2246 1894 vobiscum
2271 1836 2459 1894 foedus
2481 1839 2583 1891 aut
2602 1835 2976 1893 concordiam
3009 1833 3367 1903 habiturum,
3385 1834 3502 1891 nisi
3524 1836 3597 1891 de

1939 1932 2144 1982 vestrae
2178 1924 2394 1992 uxoris,
2419 1933 2472 1982 et
2502 1922 2757 1981 tiliorum
2789 1928 3107 1980 vestrorum
3133 1939 3401 1980 assensu.
3424 1921 3594 1980 Nunc

1940 2015 2116 2088 igitur
2140 2014 2198 2069 in
2221 2012 2621 2070 custodiendis
2645 2012 3074 2070 munitionibus
3093 2014 3321 2080 vestris,
3338 2015 3397 2069 et
3419 2012 3595 2084 potis·

1943 2106 2091 2163 sime
2122 2105 2183 2163 in
2213 2103 2472 2178 corporis
2503 2104 2678 2161 vestri
2708 2102 2892 2160 tutela
2944 2104 3173 2160 saniore
3229 2101 3474 2160 consilio
3504 2107 3595 2159 est

1942 2195 2253 2252 utendum.
2294 2194 2609 2251 Communi
2630 2193 2788 2249 enim
2811 2195 2942 2250 voto
2963 2192 3023 2249 in
3054 2191 3297 2249 exitium
3326 2196 3586 2248 vestrum

1945 2287 2065 2341 tota
2091 2283 2331 2341 Francia
2374 2282 2746 2353 conspiravit.
2778 2283 2895 2338 Nec
2924 2281 3067 2338 satis
3096 2285 3185 2339 cst
3215 2280 3268 2339 ei
3322 2280 3592 2339 extermi-

1943 2391 2083 2432 nare
2116 2379 2281 2430 terrm
2314 2373 2521 2431 taciem
2566 2373 2699 2445 igne
2728 2377 2786 2429 et
2833 2371 3065 2447 gladio;
3099 2374 3201 2430 sed
3232 2371 3292 2428 in
3341 2380 3590 2430 vestram

1939 2480 2244 2537 personam
2254 2465 2425 2536 ,quod
2439 2462 2589 2519 absit
2601 2462 2614 2518 l
2629 2461 2820 2520 scelus
2830 2460 3183 2519 exsecrabile
3196 2477 3246 2518 m
3258 2460 3590 2532 achinatur,

1938 2554 2316 2612 Consulimus
2329 2569 2490 2621 sane,
2506 2552 2553 2609 si
2566 2569 2681 2625 qua
2694 2552 3011 2623 abstulisti,
3025 2552 3076 2611 si
3093 2552 3292 2611 laesisti
3306 2552 3589 2626 aliquem,

1941 2643 2135 2700 ablata
2166 2643 2489 2713 restituere,
2520 2646 2578 2698 et
2596 2642 2730 2699 odia
2751 2642 3065 2700 reformare
3088 2642 3147 2698 in
3174 2640 3444 2715 gratiam.
3467 2645 3586 2698 Hoc

1939 2732 2096 2789 enim
2131 2732 2401 2788 inimicos
2421 2735 2646 2789 vestros
2669 2729 2970 2803 potissime
2991 2729 3197 2787 invitat
3215 2729 3285 2788 ad
3310 2743 3567 2803 pugnam

1939 2822 2087 2892 quod
2120 2819 2433 2878 intestinos
2459 2819 2658 2877 hostes
2687 2820 2953 2876 sentiunt
2974 2835 3076 2876 vos
3108 2818 3353 2876 hahere:
3385 2822 3445 2875 et
3472 2817 3578 2890 qui

1935 2910 2241 2970 vobiscum
2272 2909 2472 2967 dulces
2500 2909 2743 2982 capiunt
2771 2909 2931 2966 cibos
2977 2909 3108 2964 data
3156 2905 3591 2981 opportunitate

176 2995 690 3070 nam,patientiam
708 2994 1012 3070 pristinam
1040 2995 1388 3063 reddidisse,
1406 2995 1826 3068 juniorumque
1936 2999 2397 3074 magnificabunt
2425 3014 2597 3071 super
2628 3015 2729 3055 vos
2769 2997 3325 3071 supplantationem.
3359 2994 3592 3053 Maledi-

173 3087 478 3147 discursus
506 3091 670 3146 tanta
713 3088 945 3146 levitate
973 3090 1298 3154 consector,
1328 3090 1393 3143 ut
1422 3087 1683 3143 membra
1730 3102 1829 3143 ne-
1936 3099 2052 3149 ctus
2082 3093 2178 3163 qui
2204 3089 2426 3162 confidit
2454 3091 2519 3146 in
2549 3089 2789 3159 homs’ne,
2823 3094 2876 3145 et
2902 3088 3060 3161 ponit
3098 3101 3328 3143 carnem
3353 3085 3594 3158 sortitu-

173 3190 468 3250 quaquam
509 3175 819 3243 contineri,
852 3176 954 3232 sed
1002 3175 1176 3230 etiam
1210 3175 1404 3245 potius
1435 3174 1603 3231 suavi
1660 3180 1824 3233 motu
1864 3141 1909 3209 C
1936 3179 2120 3237 dinem
2134 3175 2959 3249 brachiisui(lcr.xvn).0uid
2978 3180 3069 3233 est
3085 3173 3400 3232 amabilius
3414 3172 3597 3231 tiliis?

172 3265 422 3323 flffltissm
454 3264 726 3337 V080t01'i·
756 3263 1116 3320 Rssddidifflss
1136 3280 1231 3320 ¹1²0
1264 3263 1427 3333 mibi,
1459 3265 1578 3320 imo
1610 3265 1696 3322 eis
1725 3264 1827 3337 qui
1938 3269 2083 3344 quid
2115 3285 2293 3326 uxore
2324 3266 2719 3325 familiarius?
2748 3266 2990 3324 recessit
3036 3270 3236 3323 tamen
3265 3279 3409 3322 uxor
3438 3281 3474 3322 a
3502 3263 3592 3324 la-

175 3368 305 3411 mec
334 3354 627 3425 quondam
658 3352 1023 3423 fruebantur,
1069 3353 1169 3409 sed
1205 3353 1377 3410 modo
1433 3353 1829 3426 iungebantur
1938 3366 2056 3416 tere
2085 3361 2299 3428 vestro,
2331 3361 2391 3414 et
2439 3354 2548 3412 filii
2592 3354 2909 3430 insurgunt
2938 3356 2998 3412 in
3029 3358 3274 3428 patrem.
3307 3354 3444 3413 Ideo
3473 3370 3590 3412 non

178 3442 482 3515 obsequio,
504 3442 653 3499 etde
683 3441 956 3498 claustris
986 3441 1327 3499 domesticis
1348 3443 1664 3501 clementer
1690 3444 1830 3500 edu·
1938 3446 2300 3506 frustratorie
2320 3447 2672 3521 loquobatur
2697 3446 2869 3502 homo
2889 3444 2985 3501 illo
3005 3444 3312 3502 hominum
3335 3443 3592 3518 pradon-

179 3533 341 3587 ctum
370 3530 443 3587 ad
474 3529 642 3587 solita
672 3529 920 3603 publicas
949 3530 1472 3604 congratulationis
1499 3531 1713 3603 gaudia
1742 3549 1828 3589 re-
1936 3540 2224 3607 tigflimug,
2253 3539 2356 3613 qui
2384 3539 2615 3597 dioebnt
2646 3555 2660 3595 :
2694 3539 2878 3595 Amico
2906 3552 2976 3594 m
3002 3536 3207 3593 credas.
3240 3536 3317 3593 Ab
3362 3550 3430 3591 aa
3468 3550 3593 3608 qum

181 3620 456 3679 duffii&
1934 3628 2134 3688 dormit
2160 3631 2222 3684 in
2248 3628 2379 3685 sinu
2426 3633 2521 3685 luo
2551 3626 2760 3686 custodi
2804 3625 3052 3683 claustra
3096 3628 3206 3682 oris
3234 3624 3342 3682 tui.
3399 3621 3592 3681 Filius

1935 3716 2088 3776 enim
2114 3718 2509 3774 contumeliam
2526 3719 2668 3787 facit
2693 3716 2875 3788 patri:
2896 3723 2948 3773 et
2978 3716 3193 3771 inimici
3215 3713 3452 3770 hominis
3491 3712 3590 3769 do-

1934 3805 2147 3865 mastica·
2173 3806 2291 3875 eius
2322 3806 2509 3879 (uiola.
2538 3806 2661 3879 vu).
2694 3806 2844 3862 Sane
2874 3804 3151 3875 suffragia
3179 3802 3340 3859 illius
3365 3802 3593 3875 implo-

241 3893 498 3947 flfflm‘ffl
531 3888 632 3947 ⁰⁰¹
678 3890 870 3963 &¹⁸⁸²st
899 3888 1114 3946 illustri
1148 3890 1269 3962 ‘⁰8¹
1320 3890 1661 3961 Ansslomm·
1715 3894 1826 3948 020·
1938 3898 2125 3956 randa
2153 3913 2480 3968 censemus,
2499 3897 2559 3954 in
2589 3898 2760 3969 cujus
2789 3911 2971 3952 manu
3002 3898 3140 3952 sunt
3156 3894 3332 3950 corda
3361 3908 3594 3966 regum,

175 3977 245 4036 R·
269 3977 710 4052 Βθῑῦῐῦὓὸθΰθῑῦ
730 3979 1210 4054 a¹⁸‘stfielfiflt30pus
1228 3984 1287 4038 et
1307 3985 1624 4040 Annuarus
1642 3982 1829 4039 Lexo-
1940 3988 2003 4045 1n
2033 3987 2163 4060 eJus
2193 3987 2421 4045 nomine
2443 3986 2714 4059 parvitati
2750 3983 2936 4041 David
2963 3983 3141 4042 Golia
3162 3981 3459 4053 sublacuit
3477 3997 3597 4040 ma·

176 4066 399 4123 viensis
426 4068 756 4140 episcopus,
809 4068 1052 4126 salutem
1081 4069 1145 4126 in
1170 4085 1238 4127 eo
1286 4085 1389 4143 per
1441 4087 1617 4143 quem
1668 4087 1830 4146 reges
1936 4076 2203 4151 gnitudo.
2237 4079 2302 4132 In
2328 4076 2457 4147 ejus
2501 4074 2735 4133 nomine
2779 4072 3045 4130 Samaria
3073 4073 3218 4129 adeo
3267 4072 3420 4128 tame
3449 4086 3594 4130 con-

178 4160 451 4228 regnant.
1937 4166 2090 4225 tecta
2138 4165 2441 4225 obsidente
2488 4164 2782 4232 Benadab,
2815 4163 2971 4235 quod
3004 4161 3244 4236 triginta
3297 4159 3593 4234 argenteis

251 4245 439 4303 Tanto
459 4245 937 4318 tempestivitate
959 4246 1299 4321 diligentius
1323 4248 1647 4321 injunctam
1661 4249 1831 4307 nobis
1941 4261 2116 4327 caput
2145 4256 2292 4314 asini
2325 4254 2710 4319 vendebatur,
2731 4253 2841 4310 sub
2871 4253 2993 4309 ictu
3020 4249 3172 4309 oculi
3206 4250 3454 4307 liberata
3482 4257 3591 4320 est,

94 4401 99 4412 Ι
173 4332 529 4406 legationem
552 4334 827 4391 duximus
849 4336 1333 4406 prosequendam,
1354 4347 1574 4409 quanto
1600 4338 1823 4408 pericu·
1935 4343 2390 4417 exuberantique
2419 4343 2765 4400 victualium
2810 4341 3112 4399 affluentia
3141 4340 3504 4398 redundavit.
3520 4341 3590 4396 In

177 4420 440 4480 losiorin
462 4426 620 4479 tanto
644 4422 983 4480 discrimine
1006 4422 1212 4481 dilatio
1232 4425 1538 4482 videbatur
1572 4427 1831 4484 Accincti
1938 4447 2005 4489 eo
2035 4434 2326 4505 siquidem
2355 4449 2602 4506 sperans
2631 4448 2749 4489 non
2780 4429 3198 4490 infirmabitur.
3228 4428 3284 4487 Si
3314 4433 3588 4501 exsurgat

176 4510 379 4583 summ
397 4511 469 4567 ⁸⁶
492 4508 755 4569 ¹⁸b01'0m
788 4514 1050 4586 Βῦθθθβῑῑ
1085 4513 1328 4581 itineri&
1357 4530 1551 4587 rogem
1586 4516 1834 4573 Franco·
1861 4510 1911 4575 D
1938 4524 2220 4580 adversus
2248 4540 2350 4579 vos
2380 4522 2668 4595 prelium,
2690 4520 2750 4577 in
2780 4521 2890 4577 hoo
2912 4524 3158 4594 sperate.
3190 4519 3252 4576 Si
3271 4525 3592 4592 exsurgant

173 4600 1167 4674 rumaudivimus,blandissimaque
1180 4602 1834 4677 salutationeprssmiesa
1943 4614 2223 4670 advorsus
2245 4628 2342 4668 vos
2371 4616 2583 4681 eastra,
2603 4626 2719 4667 non
2750 4609 2982 4666 timebit
3001 4624 3100 4666 σοι·
3127 4611 3385 4665 vestrum
3412 4607 3587 4679 (psal.

177 4687 367 4764 ipsius
381 4689 794 4762 pravenientes
807 4689 1276 4759 offensam,nulla
1287 4692 1516 4750 cautela
1530 4694 1830 4766 potuimus
1939 4703 2094 4775 xxm)
2118 4718 2132 4757 :
2153 4703 2275 4775 ipse
2294 4701 2453 4758 enim
2473 4700 2704 4758 docebit
2748 4715 2959 4758 manus
2983 4704 3202 4756 vestras
3222 4696 3296 4754 ad
3318 4696 3587 4769 prelium

173 4782 380 4837 vestro
409 4778 782 4837 salutationis
802 4781 1145 4854 extorquere
1167 4796 1534 4854 responsum.
1554 4782 1830 4857 Singulos
1938 4791 2016 4863 (11
2040 4792 2168 4861 ηερ,
2199 4791 2361 4863 1111),
2383 4790 2645 4862 Accipite
2672 4788 2838 4845 vobi.
2865 4788 2925 4844 in
2957 4786 3240 4844 auxilium
3267 4801 3463 4859 pmoos
3483 4785 3590 4841 Ερ-

891 3709 1118 3767 vau.

482 3815 557 3857 ao
595 3814 899 3856 nsnmcuu
937 3814 1130 3856 ascen
1167 3814 1502 3857 suesorum.

176 4874 393 4926 nostrai
420 4868 730 4942 legationis
776 4868 1058 4927 articulos
1098 4869 1516 4943 explicavimus
1547 4870 1830 4941 seriatim,

174 4956 484 5015 commoda
500 4956 687 5029 pacis,
702 4963 755 5013 et
772 4956 1145 5016 incommoda
1156 4959 1547 5018 dissensionis
1563 4962 1831 5035 frequen·

174 5046 291 5103 tius
320 5046 702 5103 inculcantes.
730 5048 861 5120 Ipse
893 5065 1030 5106 vero
1060 5049 1302 5107 verbum
1335 5056 1591 5109 nostrum
1626 5054 1684 5109 in
1716 5070 1832 5110 om·

172 5135 371 5204 nibus,
401 5135 525 5192 sola
569 5133 923 5192 salutatione
954 5143 1193 5212 excepta
1240 5139 1519 5212 patienter
1568 5140 1828 5199 admisit.

176 5225 456 5297 Expedite
466 5225 665 5296 itaque
685 5223 993 5297 diligenter
1005 5233 1213 5282 nostre
1224 5225 1537 5300 legationis
1558 5246 1829 5296 excursu,

177 5313 369 5387 spatio
386 5313 602 5372 modici
614 5312 1215 5404 temporlsinterJecto
1235 5318 1646 5376 contumeliose
1659 5320 1832 5393 coepit

177 5403 350 5463 noble
365 5403 600 5462 fraudes
622 5407 679 5462 et
698 5404 982 5464 versutias
1002 5405 1372 5476 exprobrare,
1387 5408 1598 5480 quibus
1615 5426 1675 5467 se
1696 5426 1829 5468 con-

179 5494 537 5568 querebatur
558 5497 881 5567 saepissime
900 5496 1389 5554 circumventum.
1411 5500 1828 5573 Dicebat,quod

180 5583 360 5648 fidem
396 5585 553 5646 inter
580 5602 682 5646 vos
710 5591 918 5648 mutuo
967 5587 1458 5660 compromissam
1504 5590 1833 5665 frequenter

1940 4880 2151 4949 cleslae,
2184 4895 2383 4950 quam,
2413 4880 2462 4937 si
2483 4878 2543 4934 in
2575 4878 2772 4950 aliquo
2810 4875 3157 4945 offendistis,
3184 4876 3382 4933 debita
3410 4873 3593 4933 satis-

1939 4969 2193 5027 factione
2221 4968 2489 5042 impensa
2517 4967 2568 5024 ei
2600 4968 2671 5025 de
2699 4970 2906 5024 caetero
2936 4981 3171 5023 omnem
3205 4964 3590 5022 reverentiam

1939 5059 2224 5117 exhibete.
2278 5059 2510 5131 Sponsa
2574 5057 2729 5115 enim
2788 5056 3002 5114 Christi
3061 5062 3169 5125 est,
3228 5064 3287 5113 et
3342 5055 3591 5127 inJ‘urias

1939 5164 2170 5222 sponsae
2197 5147 2465 5206 Christus
2487 5149 2714 5217 reputat
2744 5161 2882 5203 suas
2912 5162 2926 5202 :
2961 5161 3063 5202 nec
3084 5153 3188 5215 est,
3213 5145 3365 5218 quod
3399 5146 3590 5218 magis

1939 5237 2136 5295 hostes
2165 5242 2388 5295 vestros
2416 5237 2617 5293 incitet
2645 5236 2717 5290 ad
2734 5233 3286 5308 conflictum,quam
3309 5233 3467 5308 quod
3496 5251 3590 5291 ar-

1940 5327 2234 5385 bitrantur
2252 5342 2353 5383 vos
2373 5324 2645 5383 Ecclesia
2663 5323 2761 5382 Dei
2778 5323 2975 5382 minus
2990 5325 3277 5382 exstitisse
3286 5324 3589 5382 devotum.

1938 5412 2093 5471 Bene
2122 5411 2309 5469 valeat
2327 5409 2717 5468 charissimus
2745 5409 3020 5468 dominus
3049 5415 3272 5481 noster,
3291 5412 3350 5469 et
3377 5410 3448 5467 de
3469 5409 3588 5479 his,

1938 5502 2041 5576 qui
2072 5518 2135 5558 se
2163 5505 2368 5558 contra
2386 5516 2523 5558 eum
2548 5498 2608 5555 in
2639 5499 2913 5571 superbia
2935 5502 2994 5557 et
3021 5498 3304 5558 abusione
3332 5499 3590 5571 erigunt,

1944 5592 2200 5665 reportet
2216 5588 2278 5649 in
2300 5589 2516 5650 virtute
2534 5586 2823 5649 Altissimi
2845 5586 3092 5661 gloriam
3113 5595 3169 5647 et
3192 5585 3589 5664 triumphum,
