3784 6000
131 224 278 282 1109

1131 224 1502 284 ΕΡῙΞἸῸΙΛΕ
1538 224 1623 283 ΕΤ
1658 222 2097 283 valLEfflA.
2139 257 2207 268 -
2246 226 2362 283 AN.
2406 228 2564 285 1182.

3404 227 3546 286 uto

130 364 245 425 pro
270 349 391 407 fllia
410 366 525 407 sua
549 350 608 406 in
631 350 885 408 ecclesia
905 356 1099 409 vestra
1128 367 1440 411 conversa.
1466 354 1699 408 pratu-21
1726 355 1782 406 et
1809 352 1855 407 Α
1890 352 2302 423 possessiones
2318 354 2569 417 auterre.
2586 359 2690 410 aut
2706 354 2943 412 ablatas
2958 355 3229 422 retinere,
3248 355 3515 413 minuere

131 439 371 496 vineam
403 439 890 512 quaededitvobis
904 442 1035 498 Otto
1058 442 1224 498 miles
1250 440 1324 496 de
1356 441 1586 498 Bruleio
1604 442 1782 513 (Bru-

130 529 273 601 ley)‚
303 544 556 586 assensu
587 529 784 586 uxoris
811 546 935 587 suae
951 530 1299 597 Thecelinae,
1328 530 1577 603 profilia
1597 528 1780 586 suain

129 617 382 676 eeclesia
415 624 616 675 vestra
639 634 930 677 conversa
957 637 971 688 ;
997 620 1206 678 vineas
1232 636 1387 694 quas
1417 619 1581 677 dedit
1613 618 1780 675 vobis

131 706 282 774 Ode,
305 723 457 764 uxor
474 709 823 774 Themanni,
843 710 901 766 in
919 712 1111 767 Monte
1135 711 1312 775 Barri,
1326 726 1436 784 pro
1452 709 1575 767 fllia
1595 724 1706 765 sua
1722 708 1781 765 in

128 796 383 855 ecclesia
393 802 586 856 vestra
596 801 1120 866 conversa3vineas
1130 816 1285 873 quas
1295 799 1461 857 dedit
1473 798 1642 856 vobis
1658 797 1783 855 Val-

129 892 294 945 terus
310 886 385 944 de
411 887 616 954 vodio,
636 903 958 947 conversus
989 893 1199 955 vester.
1225 891 1283 946 in
1309 891 1523 947 eodem
1549 893 1740 947 Monte
1763 904 1779 956 ;

126 977 337 1035 vineas
348 993 501 1051 quas
515 977 679 1035 dedit
693 978 864 1035 vobis
880 979 1556 1044 Fridericus,conversus
1567 982 1778 1046 vester,

127 1071 287 1123 retro
331 1068 763 1125 monasterium
790 1084 805 1135 ;
832 1069 1042 1125 vineas
1070 1086 1223 1142 quas
1255 1069 1419 1127 dedit
1444 1069 1774 1126 Rainaldus

131 1155 207 1214 de
240 1156 466 1213 Bruleio
493 1172 817 1213 conversus
842 1164 1033 1215 vester
1062 1159 1123 1216 in
1155 1159 1373 1227 Risset;
1391 1160 1598 1215 vineas
1625 1173 1780 1231 quas

131 1244 481 1303 deditvobis
512 1247 932 1318 Ermengardis
958 1248 1031 1304 de
1055 1249 1294 1307 Broceio
1319 1263 1429 1322 pro
1456 1247 1579 1305 filia
1592 1262 1697 1304 sua
1718 1247 1778 1303 in

132 1334 385 1392 ecelesia
416 1340 607 1393 vestra
631 1336 892 1409 sepulta3
915 1338 1115 1395 vineas
1139 1354 1293 1412 quas
1339 1337 1634 1395 dederunt
1680 1353 1784 1393 vo·

129 1423 224 1482 bis
244 1424 640 1481 Theodericus
660 1431 717 1482 et
736 1425 1043 1484 Wlfardus
1065 1435 1121 1484 et
1150 1432 1342 1499 Drogo
1358 1435 1411 1485 et
1437 1431 1622 1499 nugo,
1642 1443 1781 1484 con-

131 1514 287 1571 versi
331 1515 502 1570 vestri
528 1533 541 1584 ;
565 1516 771 1573 vineas
821 1533 977 1590 quas
1024 1517 1187 1574 dedit
1232 1518 1406 1575 vobis
1459 1517 1781 1575 Rainaldus

129 1603 324 1660 Borrei
347 1619 487 1660 cnm
519 1604 708 1661 tribus
733 1605 1071 1678 jornalibus
1090 1613 1255 1664 terroe
1277 1608 1338 1664 in
1368 1608 1647 1664 Estrimes
1671 1623 1780 1680 pro

1892 456 2001 497 seu
2030 441 2396 513 quibuslibet
2426 444 2840 500 vexationibus
2872 441 3141 515 fatigare,
3198 444 3309 500 sed
3334 446 3539 503 omnia

1889 530 2119 602 integra
2138 538 2563 589 conserventur
2580 548 2814 598 eorum,
2838 549 2944 606 pro
2960 549 3214 606 quorum
3239 534 3542 604 guberna·

1890 620 2051 677 tione
2078 625 2182 677 aut
2206 621 2634 678 sustentatione
2659 637 2950 679 concessa
2979 629 3135 690 sunt,
3169 623 3379 679 usibus
3410 640 3542 682 om-

1890 708 2153 765 nimodis
2192 710 2521 782 profutura,
2555 711 2720 768 salva
2750 711 2907 767 sedis
2935 711 3278 784 apostolicoe
3327 717 3539 773 aucto·

1890 799 2059 855 ritate
2082 804 2137 855 et
2158 800 2450 856 canonica
2474 800 2697 872 justitia
2729 800 3056 857 dioeeesani
3081 801 3372 874 episcopi.

1965 888 2171 961 Siqua
2201 888 2379 958 igitur
2415 889 2475 945 in
2523 889 2793 946 futurum
2834 889 3234 947 ecclesiastica
3284 891 3535 948 soecnla-

1890 978 2048 1035 risve
2075 994 2330 1050 persona
2353 978 2510 1035 hane
2540 982 2760 1036 nostrae
2790 979 3230 1036 constitutionis
3252 979 3537 1052 paginam

1889 1069 2106 1134 sciens,
2147 1073 2355 1124 contra
2381 1083 2517 1125 eam
2549 1073 2769 1125 temere
2823 1068 3021 1124 venire
3071 1068 3403 1135 tentaverit,
3444 1085 3539 1127 se-

1889 1158 2109 1225 cundo,
2140 1157 2383 1214 tertiove
2412 1157 2801 1223 commonita,
2830 1157 2941 1213 nisi
2975 1163 3207 1214 reatum
3237 1174 3419 1214 suum
3453 1158 3538 1214 di-

1891 1262 2011 1318 gna
2028 1245 2434 1304 satisfactione
2472 1246 2810 1311 correxerit,
2837 1246 3144 1318 potestatis
3172 1247 3541 1320 honorisque

1891 1338 1982 1394 sui
2000 1337 2289 1408 dignitate
2307 1342 2523 1401 careat.
2542 1351 2827 1409 reamque
2849 1335 3368 1408 sedivioojndicin
3392 1335 3542 1392 exis-

1892 1432 2011 1485 tere
2032 1427 2106 1483 de
2140 1430 2477 1500 perpetrata
2495 1425 2804 1498 iniquitate
2821 1429 3170 1495 cognoscat,
3198 1430 3255 1482 et
3286 1440 3322 1482 a
3346 1441 3543 1483 sacra-

1891 1518 2123 1575 tissimo
2150 1531 2400 1589 corpore
2420 1519 2477 1572 et
2501 1516 2795 1588 sanguine
2827 1515 2925 1572 Dei
2953 1519 3009 1572 et
3035 1515 3270 1572 Domini
3294 1514 3543 1572 Redem-

1891 1608 2072 1680 ptoris
2116 1606 2297 1663 nostri
2326 1605 2468 1662 Jesu
2510 1605 2720 1663 Christi
2749 1604 2946 1661 aliena
2974 1604 3094 1672 flat,
3128 1609 3309 1678 atque
3357 1605 3415 1661 in
3445 1620 3543 1662 ex·

127 1695 373 1762 lingone
402 1693 527 1749 filio
556 1710 665 1751 suo
694 1695 755 1751 in
802 1695 1056 1754 ecclesia
1086 1703 1286 1754 vestra
1329 1697 1643 1754 canonico.
1687 1697 1780 1753 Vi·
1816 1700 1858 1756 B
1892 1700 2083 1754 tremo
2113 1696 2387 1752 examine
2407 1693 2625 1750 divinae
2657 1693 2865 1750 ultioni
2897 1693 3226 1765 subjaceat.

127 1796 273 1838 neas
295 1786 351 1838 et
370 1786 542 1854 prata
571 1788 627 1839 et
657 1787 842 1842 terras
873 1801 1026 1858 quas
1055 1786 1220 1842 dedit
1250 1785 1423 1844 vobis
1463 1787 1776 1845 Theoderi-

121 1886 252 1938 cus,
264 1886 584 1928 conversus
599 1879 812 1940 vester,
827 1875 885 1931 in
899 1875 1113 1933 eadem
1131 1875 1284 1932 villa.
1309 1877 1594 1934 Proeterea
1606 1877 1779 1949 qnid-

121 1959 267 2034 quid
293 1959 529 2017 habetis
558 1961 711 2019 infra
742 1964 1079 2037 parochias,
1114 1964 1386 2023 videlicet.
1406 1965 1481 2023 de
1512 1966 1774 2032 Brureio,

119 2049 198 2106 de
223 2050 472 2107 Lucceio
503 2052 655 2108 etde
687 2054 1008 2125 Langneio,
1032 2055 1089 2111 in
1112 2055 1302 2122 terris,
1330 2055 1538 2129 pratis,
1560 2054 1772 2121 vineis,

119 2139 371 2196 decimis
394 2145 452 2197 et
466 2141 822 2200 molendinis
836 2142 1228 2201 nihilominus
1242 2144 1700 2202 confirmamus.

193 2231 349 2286 Sane
367 2231 668 2288 novalium
685 2239 1039 2301 vestrorum,
1054 2249 1189 2307 quas
1213 2234 1469 2307 propriis
1489 2233 1773 2292 inanibus

118 2322 223 2379 aut
247 2319 592 2391 sumptibus
623 2320 835 2389 colitis,
863 2323 985 2379 sive
1012 2322 1088 2379 de
1134 2323 1511 2381 nutrimentis
1540 2325 1771 2382 anima-

116 2412 265 2470 lium
315 2415 647 2467 vestrorum
693 2411 893 2468 nullus
943 2428 979 2468 a
1018 2411 1190 2470 vobis
1234 2413 1499 2471 decimas
1540 2414 1777 2485 exigere

118 2507 467 2580 praesumat.
502 2502 692 2558 Liceat
714 2517 957 2575 quoqne
989 2501 1161 2560 vobis
1185 2502 1430 2559 clericos
1451 2507 1508 2560 et
1530 2502 1716 2561 laicos
1739 2521 1778 2563 a

118 2594 342 2653 soeculo
359 2593 676 2664 fugientes,
695 2590 913 2649 liberos
926 2595 983 2648 et
1002 2590 1310 2648 absolutos
1332 2593 1411 2649 ad
1437 2596 1778 2652 conversio·

121 2700 262 2742 nem
289 2684 571 2756 recipere,
603 2684 657 2737 et
689 2696 792 2736 eos
824 2683 1054 2754 absque
1073 2681 1540 2739 contradictione
1571 2683 1775 2757 aliqua

119 2774 394 2829 retinere.

112 2878 119 2884 ·
188 2859 577 2919 Prohibemns
603 2859 865 2933 insuper,
900 2859 1125 2916 utnulli
1152 2859 1402 2916 fratrum
1436 2867 1771 2921 vestrorum

113 2955 255 3027 post
290 2950 511 3008 factam
562 2949 622 3005 in
652 2948 866 3006 eodem
895 2948 1027 3006 loco
1071 2949 1507 3023 professionem
1547 2951 1638 3009 fas
1671 2954 1763 3020 sit,

1961 1788 2198 1845 Cunctis
2237 1788 2437 1841 autem
2479 1782 2674 1839 eidem
2697 1781 2831 1839 loco
2861 1798 2974 1839 sua
2996 1783 3133 1853 jura
3161 1782 3540 1841 servantibus

1880 1877 1962 1934 sit
1989 1892 2107 1949 pax
2132 1874 2368 1932 Domini
2399 1872 2585 1930 nostri
2610 1873 2750 1928 Jesu
2775 1871 3004 1940 Christi,
3036 1876 3335 1946 quatenns
3360 1872 3539 1930 ethic

1884 1965 2146 2023 fructum
2173 1964 2352 2021 bonoe
2396 1961 2645 2020 actionis
2674 1960 3027 2034 percipiant,
3060 1966 3116 2018 et
3143 1961 3309 2035 apud
3338 1960 3532 2018 distri·

1884 2060 2049 2113 ctum
2083 2054 2347 2127 judicem
2403 2051 2651 2125 praemia
2700 2056 2936 2108 aeternus
2981 2050 3150 2123 pacis
3204 2050 3532 2108 inveniant.

1878 2147 2094 2203 Amen.

1959 2238 2079 2306 Ego
2107 2234 2343 2304 Lucius,
2367 2232 2687 2291 Catholicoe
2727 2230 3001 2286 Ecclesiae
3033 2229 3378 2302 episcopus.

1957 2327 2080 2395 Ego
2116 2323 2477 2391 Theodinus,
2543 2319 2882 2378 Portuensis
2946 2324 3004 2376 et
3045 2321 3100 2377 S.
3143 2317 3367 2375 Rufinae
3408 2317 3535 2390 epi-

1884 2429 2127 2486 scopus.

1957 2506 2078 2575 Ego
2109 2502 2330 2560 Paulus
2356 2500 2771 2568 Praenestinus,
2799 2499 2981 2571 episc.

1958 2597 2079 2665 Ego
2105 2593 2331 2657 Petrus,
2372 2592 2582 2665 presb.
2616 2588 2783 2646 card.
2824 2589 2886 2644 S.
2934 2589 3244 2644 Susannoe.

1955 2685 2079 2754 Ego
2102 2682 2383 2739 vivianus
2409 2682 2466 2738 S.
2492 2678 2777 2751 Stephani
2797 2676 2872 2733 de
2898 2675 3303 2741 Caelio-Monte,
3327 2675 3529 2734 Presb.

1881 2772 2050 2830 card.

1952 2862 2073 2932 Ego
2100 2859 2410 2933 Cynthius,
2444 2855 2641 2930 presb.
2675 2854 2842 2913 card.
2883 2854 2967 2912 tit.
2998 2855 3061 2912 S.
3101 2853 3378 2911 Caeciliae.

1881 2953 2000 3023 Ego
2029 2952 2236 3022 Hugo„
2271 2945 2473 3022 presb.
2502 2945 2665 3003 card.
2708 2946 2787 3000 tit.
2822 2944 2880 2999 S.
2912 2942 3255 2999 Clementis.

113 3041 344 3113 absque
361 3039 594 3097 abbatis
611 3040 702 3095 sui
718 3038 1761 3112 licentiaabeodemlocodiscedere;
1798 3067 1839 3125 C
1946 3043 2069 3113 Ego
2098 3039 2399 3097 Arduinus
2423 3034 2621 3111 presb.
2651 3033 2815 3092 card.
2846 3034 2928 3090 tit.
2956 3035 3010 3090 S.
3041 3033 3241 3089 Crucis
3270 3032 3330 3089 in
3368 3033 3533 3091 Jeru-

113 3129 518 3188 discedentem
548 3144 687 3185 vero
727 3126 958 3201 absque
988 3130 1403 3185 communium
1436 3129 1764 3191 litterarum

113 3219 394 3277 cautione
423 3217 621 3274 nullus
647 3217 867 3275 audeat
897 3218 1168 3275 retinere.
1202 3218 1549 3277 inhibemus
1581 3222 1763 3280 etiam

113 3323 189 3367 ne
219 3307 524 3375 ecclesias,
554 3313 656 3363 aut.
693 3312 898 3375 terras,
931 3323 1036 3364 seu
1066 3307 1375 3381 quodlibet
1403 3308 1764 3369 beneficium

114 3398 377 3457 ecclesiae
402 3402 612 3454 vestrm
641 3396 927 3454 collatum
965 3396 1139 3454 liceat.
1170 3396 1347 3454 alicui
1374 3400 1767 3472 personaliter

109 3487 246 3546 dari
273 3486 392 3544 sive
422 3487 537 3545 alio
579 3486 764 3543 modo
795 3485 1059 3555 alienari,
1093 3487 1220 3543 sine
1254 3502 1553 3545 consensu
1583 3489 1764 3547 totius

115 3576 361 3650 capituli
393 3576 590 3647 vestri,
621 3580 723 3632 aut
754 3576 1000 3647 majoris
1026 3580 1082 3633 et
1107 3576 1363 3634 sanioris
1391 3579 1577 3650 partis
1608 3580 1768 3651 ejus-

116 3666 253 3722 dem
282 3682 296 3733 ;
316 3666 365 3722 si
387 3681 522 3738 quae
540 3680 677 3721 vero
697 3664 1058 3722 donationes
1076 3664 1170 3722 vel
1192 3665 1582 3725 alienationes
1599 3666 1768 3726 aliter

113 3771 299 3829 quam
330 3754 559 3812 dictum
606 3761 714 3823 est,
763 3753 933 3812 factae
978 3754 1214 3822 fuerint,
1262 3772 1366 3813 eas
1396 3756 1593 3815 irritas
1632 3772 1765 3815 esse

111 3843 452 3902 censemus.

182 3935 271 3992 Ob
303 3934 612 3991 evitandas
643 3949 781 3992 vero
816 3934 1193 3991 saecularium
1234 3934 1595 4010 frequentias
1618 3937 1764 3996 libe-

110 4039 247 4081 rum
278 4025 352 4081 sit
377 4023 559 4091 vobis,
585 4022 752 4082 salvo
772 4024 905 4097 jure
930 4023 1258 4081 dioecesani
1284 4026 1567 4102 episcopi,
1596 4032 1652 4085 et
1673 4043 1766 4084 ec·

112 4113 304 4170 clesiae
325 4112 708 4187 parochialis,
737 4113 998 4170 oratoria
1023 4114 1083 4169 in
1105 4116 1369 4186 grangiis
1394 4117 1601 4173 vestris
1623 4133 1768 4174 con-

112 4209 359 4268 struere.
392 4212 445 4259 et
476 4205 534 4260 in
567 4204 730 4275 ipsis,
782 4219 919 4259 eum
969 4219 1213 4260 necesse
1261 4202 1453 4273 fuerit,
1490 4204 1661 4263 vobis
1709 4213 1766 4266 et

111 4292 355 4350 familiae
389 4297 599 4349 vestrae
621 4291 822 4348 divina
859 4292 1058 4349 officia
1092 4292 1407 4351 celebrare.

183 4381 564 4454 Sepulturam
586 4391 874 4453 praeterea
889 4381 1083 4455 ipsius
1103 4382 1217 4440 loci
1241 4382 1494 4442 liberam
1510 4401 1642 4443 esse
1663 4387 1768 4445 de-

114 4470 438 4535 cernimus,
457 4476 738 4527 uteorum
759 4470 1059 4529 devotioni
1076 4477 1134 4529 et
1151 4476 1431 4531 extremae
1447 4474 1764 4546 voluntati,

111 4559 217 4633 qui
240 4574 303 4615 se
324 4558 438 4615 illic
460 4558 694 4631 sepeliri
715 4559 1193 4629 deliberaverint,
1219 4561 1332 4620 nisi
1359 4562 1507 4621 forte
1529 4579 1768 4624 excom·

110 4648 397 4706 municati
447 4654 502 4706 et
559 4648 850 4706 interdicti
905 4650 1141 4719 fuerint,
1204 4651 1408 4709 nullus
1462 4652 1715 4712 obsistat
1741 4674 1759 4728 ;

111 4738 281 4796 salva
313 4744 511 4795 tamen
530 4738 760 4809 justitia
780 4738 1016 4796 illarum
1038 4739 1453 4808 ecclesiarum,
1478 4757 1513 4798 a
1541 4742 1765 4816 quibus

112 4835 485 4885 mortuorum
518 4843 771 4901 corpora
795 4834 1216 4889 assumuntur.
1248 4830 1383 4888 Paci
1435 4847 1680 4906 quoque
1708 4840 1766 4894 et

109 4919 495 4992 tranquilitati
520 4923 731 4974 vestrae
763 4924 1012 4991 paterna
1037 4918 1432 4977 sollicitudine
1455 4922 1763 4993 providere

107 5006 394 5078 volentes,
427 5008 773 5064 anctoritate
796 5007 1127 5081 apostolica
1151 5008 1559 5084 prohibemus,
1598 5012 1767 5070 utin-

107 5095 196 5152 fra
234 5095 544 5154 clausuras
572 5096 840 5154 locorum
873 5113 980 5153 seu
1007 5098 1399 5169 grangiarum
1428 5104 1764 5160 vestrarum

111 5184 312 5240 nullus
335 5185 703 5251 violentiam,
717 5186 808 5243 vel
824 5186 1125 5259 rapinam,
1141 5187 1233 5244 vel
1250 5186 1476 5247 furtum
1491 5190 1765 5249 commit-

111 5279 251 5340 tere,
286 5275 480 5346 ignem
506 5290 827 5348 apponere,
850 5291 951 5332 sen
979 5276 1286 5333 hominem
1305 5293 1520 5352 capere
1545 5283 1649 5336 aut
1672 5281 1767 5337 in-

115 5362 375 5419 terficere
404 5363 644 5422 audeat.

184 5452 562 5509 Decernimus
593 5468 756 5526 ergo,
789 5458 851 5510 nt
881 5454 1026 5512 nulli
1055 5454 1305 5513 omnino
1327 5456 1645 5516 hominum
1668 5457 1762 5517 fas

114 5543 188 5599 sit
208 5539 521 5616 praefatam
543 5542 856 5603 ecclesiam
878 5547 1101 5604 temere
1117 5544 1488 5622 perturbare,
1510 5550 1614 5607 aut
1631 5548 1771 5624 ejus

1874 3132 2420 3293 'agg-Marcellus,
2449 3214 2649 3290 presb.
2683 3213 2847 3271 card.
2881 3212 2972 3273 tit.
2998 3213 3057 3268 S.
3091 3211 3368 3270 Marcelli.

1944 3310 2068 3382 Ego
2086 3309 2416 3377 Laborem,
2441 3304 2643 3380 presb.
2664 3304 2835 3362 card.
2874 3304 2931 3361 S.
2956 3302 3150 3370 Marioe
3173 3306 3337 3360 trans
3360 3302 3526 3360 Tibe·

1873 3400 1989 3458 rim
2016 3400 2100 3455 tit.
2140 3396 2370 3456 Calixti.

1951 3491 2067 3559 Ego
2095 3487 2376 3552 lacobus,
2404 3483 2558 3541 diac.
2605 3481 2770 3539 card.
2828 3483 3060 3539 Sanctoe
3108 3480 3308 3539 Mariae
3333 3480 3396 3539 in
3425 3483 3533 3540 Co-

1876 3578 2429 3738 ³¹altegittnlolamerius,
2470 3662 2626 3720 diac.
2667 3660 2833 3717 card.
2861 3661 2918 3717 S.
2952 3659 3183 3731 Georgii
3215 3658 3294 3716 ad
3315 3657 3531 3716 velum

1873 3758 2444 3919 Augggugmianus'
2486 3842 2843 3900 Sanctorum
2873 3838 3106 3896 Cosmae
3145 3841 3203 3896 et
3250 3836 3522 3898 Damiani

1874 3937 2031 3999 dioc.
2065 3935 2230 3994 card.

1878 4039 1883 4044 ·
1947 4028 2068 4099 Ego
2101 4023 2410 4089 Ranerius,
2443 4025 2507 4081 S.
2544 4017 2792 4077 Adriani
2815 4018 2974 4076 diac.
3003 4018 3171 4076 card.

1948 4116 2096 4172 Data
2127 4112 2395 4170 Laterani
2427 4125 2533 4185 per
2579 4123 2828 4165 manum
2875 4106 3120 4177 Alberti,
3160 4109 3384 4164 sanctae
3416 4107 3536 4165 Ro-

1877 4221 2075 4264 manoe
2107 4201 2380 4260 Ecclesioe
2396 4197 2728 4276 presbyteri
2746 4195 3070 4255 cardinalis
3089 4201 3147 4254 et
3166 4195 3528 4265 cancellarii,

1875 4310 1936 4351 ιν
1960 4293 2088 4351 Kal.
2123 4290 2443 4360 Februarii,
2472 4286 2796 4346 indictione
2824 4303 2919 4355 xv,
2953 4285 3388 4345 incarnationis
3416 4284 3531 4343 Do-

1876 4382 2113 4440 minicoe
2134 4395 2296 4438 anno
2325 4379 2454 4436 118¹
2493 4393 2509 4446 ;
2533 4374 2910 4452 pontificatus
2935 4391 3077 4434 vero
3106 4374 3339 4435 domini
3365 4373 3528 4434 Lucii

1875 4489 2050 4548 papoe
2077 4471 2147 4528 ΙΙΙ
2177 4486 2339 4529 anno
2362 4468 2540 4542 prim.

1874 4670 2225 4730 Monosterii
2259 4669 2323 4727 S.
2346 4666 2554 4725 Marias
2581 4666 2652 4721 de
2676 4665 2928 4723 Nemore
2951 4663 3371 4734 protectionem
3396 4676 3529 4720 sus·-

1960 4743 2101 4815 cipit
2129 4742 2628 4813 possessionesque
2651 4751 2724 4794 ac
2741 4734 3066 4806 pm'vileqia
3100 4734 3438 4803 confirmat.

2389 4825 2705 4898 (Laterani,
2733 4823 2867 4882 Jan.
2895 4825 3012 4895 30.)

1877 4922 2080 4994 muco,
2096 4921 2253 4978 sacri
2269 4924 2325 4975 et
2346 4914 2621 4975 canonici
2642 4913 2866 4971 ordinis
2881 4912 3231 4970 Proemonst.
3245 4909 3523 4980 Annales,

2316 5011 2361 5064 t.
2400 5004 2470 5075 11,
2502 5002 2700 5071 Prob.,
2734 5018 2795 5076 p.
2820 4999 3088 5074 cxxxv1.]

1948 5101 2147 5157 Lucius
2178 5096 2514 5171 epiecopus,
2566 5109 2775 5150 servus
2794 5106 3107 5148 servorum
3138 5089 3262 5157 Dei,
3293 5088 3526 5148 dilectis

1872 5189 2010 5248 filiis
2058 5189 2345 5254 Gusnsao,
2390 5182 2595 5241 abbati
2643 5181 2908 5239 ecclesiae
2940 5181 3171 5237 Sanctae
3214 5179 3409 5237 Merite
3449 5178 3526 5238 de

1873 5283 2148 5342 Nemore,
2174 5275 2424 5347 ejusque
2452 5269 2733 5329 fratribus
2757 5273 2882 5328 tam
2905 5268 3306 5342 praesentibus
3335 5283 3524 5342 quam

1872 5368 2086 5425 futuris
2122 5361 2458 5435 regularem
2519 5359 2703 5417 vitam
2752 5357 3034 5432 professis
3078 5358 3139 5415 in
3168 5360 3523 5431 perpetuam

1872 5455 2251 5516 memoriam.

1943 5544 2306 5620 Religionem
2326 5540 2510 5600 vitam
2520 5537 2875 5616 eligentibus
2890 5535 3287 5615 apostolicum
3307 5551 3520 5598 conve·
