3784 6000
209 213 349 274 1301

1219 217 1595 278 EPISTOLAE
1629 215 1719 274 ET
1755 214 2198 276 PRIVILEGIA.
2240 248 2307 261 —
2343 219 2462 278 AN.
2502 219 2664 278 1184.

3490 220 3628 280 1302

209 338 350 397 hilis
375 339 572 397 fratris
596 341 786 399 nostri
812 340 1242 400 Lincolnienssi
1269 344 1560 417 episcopi,
1582 342 1862 401 unanimi
1892 345 1942 401 A
1975 345 2037 398 ut
2055 341 2490 418 archiepiscopi
2522 348 2578 402 el
2606 344 2872 419 episcopi
2899 345 2958 402 in
2998 346 3356 419 recipiendis
3393 350 3627 420 profes-

213 433 425 486 vestrae
447 430 1102 488 universitatisassensu
1116 432 1317 489 debito
1335 434 1585 490 ordinae
1602 432 1865 489 celebra-

212 520 360 587 tam,
400 523 702 588 gratanter
733 519 1114 590 admisimus,
1158 537 1231 578 eo
1263 523 1606 594 proniorem
1646 522 1866 594 imper·

216 606 424 664 tientes
453 622 767 664 assensum
807 609 974 680 quod
1028 625 1349 682 personam
1382 613 1695 668 memorati
1744 609 1866 682 epi·

216 693 383 766 scopi
426 693 764 752 ferventiori
812 695 1097 754 charitate
1144 698 1471 769 diligimus,
1519 703 1576 755 et
1620 712 1864 772 promo-

215 782 365 840 tioni
392 783 524 855 ejus
555 788 613 840 et
640 784 851 842 honori
879 786 1175 859 amplium
1205 788 1594 855 intendimus,
1623 792 1865 845 auctore

216 870 497 937 Domino,
540 873 875 944 providere.
913 874 1164 933 Pallium
1211 892 1374 943 vero,
1430 875 1863 950 plenitudinem

215 960 575 1032 pontificalis
615 961 818 1030 officii,
847 963 925 1021 ad
954 969 1161 1022 vestrm
1193 965 1610 1037 postulationis
1637 966 1866 1023 instan-

216 1048 380 1117 tiam,
404 1065 510 1122 per
533 1048 816 1107 dilectum
838 1051 1031 1110 tilium
1054 1053 1395 1111 Hubaldum
1419 1054 1863 1111 subdiaconum

213 1142 485 1194 nostrum
529 1140 871 1197 curavimus
924 1141 1246 1198 destinare.
1291 1142 1607 1200 Praet'atum
1658 1143 1863 1214 itaque

215 1225 577 1293 Hubaldum,
608 1243 790 1300 quem
834 1230 1086 1287 charum
1121 1231 1414 1288 habemus
1443 1230 1776 1289 admodum
1808 1237 1865 1289 et

213 1320 547 1386 acceptum,
576 1315 840 1387 benigno
871 1319 1180 1390 accipiatis
1206 1319 1442 1385 affectu,
1475 1325 1532 1376 et
1560 1336 1667 1393 pro
1696 1334 1864 1376 reve-

210 1403 402 1459 rentia
434 1403 595 1461 beati
625 1406 771 1462 Petri
801 1412 859 1463 et
888 1411 1096 1465 nostra
1143 1409 1437 1465 honorem
1489 1409 1539 1465 ei
1591 1408 1860 1465 debitum

211 1491 593 1563 impendatis,
626 1500 682 1550 et
727 1495 1001 1553 habeatis
1038 1498 1240 1571 ipsum
1292 1497 1654 1570 propensius
1700 1514 1864 1555 com-

213 1581 591 1638 mandatum.

282 1670 499 1728 Datum
528 1672 797 1744 Veronae,
826 1689 907 1730 xv
938 1675 1065 1732 Kal.
1093 1676 1457 1733 Decembris.

902 1763 1168 1823 CLXXlV.

215 1848 457 1906 Ordinis
479 1849 888 1909 cisterciensis
907 1853 1221 1911 abbatibus
1241 1855 1505 1913 concedit
1537 1874 1567 1908 α
1606 1862 1670 1911 ut
1699 1854 1861 1912 nulli

285 1921 524 1979 omnino
551 1922 720 1980 liceat
749 1923 812 1979 in
843 1938 938 1982 eos
980 1927 1074 1982 vet
1123 1927 1487 1983 monasteria
1523 1941 1725 1984 eoram
1758 1941 1858 1983 seu

279 1993 504 2062 fratres
535 1994 686 2051 inibi
731 1995 1080 2052 constitutos
1104 1997 1732 2055 eoecommunicationis
1764 1999 1859 2055 vel

283 2066 686 2132 suspensionis
715 2082 815 2122 seu
845 2067 1150 2124 interdicti
1175 2069 1524 2126 sententiam
1561 2084 1853 2139 promere,

282 2149 427 2263 aeae
446 2136 684 2194 abbates
714 2138 903 2195 ullam
928 2140 1347 2209 professionem
1374 2142 1580 2211 facere
1606 2142 1857 2211 compet·

346 2212 509 2263 ntur.
542 2229 572 2258 »ι

720 2298 1016 2368 (Veronae,
1047 2302 1192 2356 Nov.
1221 2300 1340 2372 21.)

425 2386 760 2457 [Massicum
791 2386 1022 2445 Annal.
1065 2389 1327 2455 Cisterc„
1360 2389 1455 2455 111,
1493 2389 1636 2461 131.]

277 2473 479 2533 Luctus
509 2475 847 2548 episcopus,
881 2493 1088 2535 servus
1117 2494 1428 2536 servorum
1473 2479 1596 2546 Dei,
1625 2478 1853 2536 dilectis

204 2562 344 2620 filiis
375 2563 580 2621 abbati
620 2565 989 2623 cisterciensi
1021 2572 1077 2624 et
1107 2568 1403 2624 universis
1452 2567 1851 2624 coabbatibus

205 2653 359 2724 ejus,
394 2652 511 2710 sub
533 2655 747 2711 eodem
793 2655 1001 2713 ordine
1039 2657 1292 2714 Domino
1316 2657 1730 2724 servientibus,
1759 2672 1852 2714 sa·

201 2741 386 2798 lutem
415 2749 471 2798 et
500 2743 892 2815 apostolicam
923 2745 1423 2804 benedictionem.

273 2832 605 2889 Monasticae
635 2832 945 2890 sinceritas
991 2834 1349 2908 disciplinas,
1378 2851 1563 2908 quam
1596 2835 1656 2891 in
1688 2835 1852 2907 puri·

200 2926 319 2977 tate
348 2922 575 2977 ordinis
603 2937 786 2994 quem
832 2924 1061 2991 tenetis,
1104 2926 1308 2981 oeterni
1352 2925 1686 2982 conditoris
1716 2940 1849 2997 pro-

1974 430 2272 498 siontbus,
2304 449 2439 506 qum
2466 451 2502 491 a
2528 433 2858 491 benedictis
2885 435 2975 491 vel
3003 451 3039 492 a
3069 435 3494 493 benedicendis
3522 437 3627 495 ab·

1972 519 2215 577 batibus
2244 522 2615 587 exhibentur,
2644 539 2716 579 ea
2747 524 2863 578 sint
2914 523 3108 580 forma
3153 529 3211 580 et
3241 527 3626 598 expressione

1972 609 2235 666 contenti
2264 626 2400 683 quae
2431 612 2510 668 ab
2540 611 2767 680 origine
2794 613 3020 668 ordinis
3049 614 3311 669 noscitur
3337 616 3623 683 instituta,

1973 698 2215 767 scilicet,
2250 704 2312 756 ut
2349 700 2600 757 abbates
2633 702 2767 773 ipsi,
2793 702 2960 757 salvo
2982 701 3191 758 ordine
3210 718 3335 768 sua,
3363 704 3625 774 profiteri

1973 787 2254 856 debeant,
2286 795 2344 845 et
2373 794 2582 845 contra
2636 790 2905 846 instituta
2963 790 3191 847 ordinis
3223 791 3450 847 nullam
3491 808 3627 864 pro-

1973 875 2293 933 fessionem
2319 877 2515 934 facere
2534 877 2991 950 compellantur.
3026 878 3178 935 Nulli
3204 894 3346 949 ergo
3373 880 3625 937 omnino

1971 964 2288 1021 hominum
2320 966 2495 1023 liceat
2521 967 2678 1023 hanc
2703 968 2994 1039 paginam
3034 974 3253 1025 nostrae
3281 969 3624 1026 constitutio

1976 1054 2068 1110 nis
2087 1059 2145 1111 et
2169 1056 2632 1113 confirmationis
2652 1056 2993 1125 infringere,
3021 1055 3113 1113 vel
3148 1058 3201 1113 ei
3253 1074 3405 1114 ausu
3438 1062 3626 1115 teme-

1975 1144 2129 1200 rario
2159 1146 2472 1201 contraire.
2508 1147 2563 1203 Si
2607 1146 2744 1218 quis
2776 1151 2974 1202 autem
3006 1146 3122 1202 hoc
3148 1151 3439 1204 attentare
3470 1163 3626 1220 pras-

1974 1233 2312 1302 sumpserit.
2338 1234 2814 1306 indignationem
2835 1236 3261 1307 omnipotentis
3274 1236 3398 1303 Dei,
3418 1236 3626 1294 811188-

1973 1324 2169 1378 1811181
2206 1323 2352 1378 Ρ8111
2393 1328 2448 1380 81
2476 1324 2635 1380 Pauli
2669 1324 3080 1397 apostolorum
3126 1326 3258 1395 ejus
3288 1341 3350 1380 se
3393 1325 3624 1382 noverit

1972 1408 2384 1468 incursurum.

2043 1498 2258 1556 Datum
2298 1504 2561 1567 Veronae,
2600 1518 2654 1557 x1
2697 1500 2998 1558 Kalendas
3027 1501 3391 1567 DecembriS,
3418 1501 3616 1574 ponti-

1970 1587 2182 1645 ficatus
2210 1589 2486 1660 ejusdem
2517 1589 2750 1646 domini
2779 1605 2953 1662 papae
2984 1589 3148 1646 Lucii
3178 1605 3340 1647 anno
3367 1605 3447 1645 111.

2675 1695 2917 1752 CLXXV.

2093 1799 2473 1872 Priviteqium
2503 1816 2615 1872 pro
2644 1803 3106 1873 con97·eqatione
3154 1803 3494 1861 Veronensi.

2480 1909 2775 1983 (Veronae,
2806 1910 2956 1968 Nov.
2991 1910 3107 1982 22.)

2280 2018 2568 2089 [Usar-Lm,
2613 2018 2796 2075 Italia
2823 2034 3016 2089 sacra,
3046 2018 3113 2086 V,
3142 2019 3289 2090 80t.]

2038 2123 2234 2180 Luctus
2258 2123 2601 2196 episcopus,
2645 2140 2856 2181 servus
2890 2140 3202 2182 servorum
3234 2125 3355 2191 Dei,
3386 2124 3619 2182 dilectis

1964 2210 2101 2267 filiis
2156 2213 2411 2269 Sicut-:mo
2442 2212 2963 2286 archipresbytero
2994 2213 3481 2284 congregationis
3511 2216 3620 2271 Ve-

1965 2314 2149 2368 18818,
2175 2303 2446 2375 {ejusque
2488 2302 2794 2371 fratribus,
2836 2308 2958 2360 tam
3002 2302 3400 2376 praesentibus
3428 2319 3615 2378 quam

1965 2389 2179 2447 tuturis
2210 2390 2269 2447 in
2303 2396 2685 2464 perpetuum.

2036 2480 2298 2549 Quoties,
2322 2487 2459 2548 818.,
2485 2481 2712 2538 illibata
2728 2486 3141 2554 permaneant.
3159 2482 3223 2538 ln
3247 2481 3469 2554 quibus
3484 2483 3614 2539 hoec

1963 2567 2133 2624 vobis
2147 2569 2401 2641 propriis
2416 2569 2702 2627 duximus
2715 2571 3107 2643 exprimenda
3122 2569 3449 2627 vocabulis.
3482 2573 3616 2628 Ter-

1964 2671 2094 2713 ram
2135 2658 2195 2712 in
2225 2663 2422 2715 castro
2466 2659 2732 2726 Victoris,
2785 2664 3002 2715 terram
3033 2659 3356 2721 Bovarium,
3391 2664 3612 2716 terram

1962 2745 2336 2811 Piscantinoe,
2353 2754 2571 2803 terram
2603 2747 2838 2814 Bondis‚
2852 2753 3072 2804 terram
3088 2747 3486 2815 Valdesassoe,
3502 2752 3613 2807 ter-

1959 2850 2091 2892 ram
2131 2838 2404 2903 casanae,
2436 2841 2656 2894 terram
2679 2840 2904 2905 Averae,
2937 2841 3155 2893 terram
3188 2837 3347 2902 Saxi,
3388 2842 3606 2894 terram

1959 2924 2285 2990 Subclevae.
2319 2933 2539 2983 terram
2573 2928 2628 2983 S.
2673 2927 2859 2983 Marias
2887 2927 2948 2981 in
2990 2925 3199 2993 Stellis,
3242 2930 3465 2981 terram
3502 2925 3609 2982 Po-

196 3010 457 3067 videntia
487 3013 863 3078 restauravit,
892 3013 1054 3069 illam
1083 3030 1322 3086 semper
1348 3014 1574 3070 invenit
1604 3015 1662 3069 in
1706 3030 1850 3086 apo·
1877 3054 1919 3110 C
1957 3013 2133 3080 lanae,
2179 3022 2397 3072 terram
2429 3016 2787 3084 11881188811,
2820 3022 3039 3073 1811818
3081 3014 3340 3080 Novalis,
3386 3020 3604 3072 terram

197 3098 402 3155 stolica
444 3099 586 3156 sede
612 3100 1011 3169 clementiam,
1055 3117 1179 3176 qua
1208 3107 1265 3160 et
1295 3103 1467 3159 vobis
1505 3104 1566 3159 in
1594 3102 1845 3159 Domino

193 3194 561 3246 accresceret
586 3189 961 3263 propositum
992 3192 1246 3258 virtutis,
1280 3196 1338 3249 et
1384 3192 1641 3249 aliorum
1666 3192 1841 3248 devo·

193 3278 279 3334 tio
306 3278 510 3336 vestris
530 3284 948 3351 provocaretur
974 3280 1284 3353 exemplis,
1306 3285 1364 3338 ut
1386 3296 1492 3354 per
1512 3279 1843 3337 coelestium

194 3367 467 3424 semitam
493 3369 919 3425 mandatorum
943 3368 1021 3425 ad
1042 3370 1418 3441 propositum
1442 3366 1687 3425 feliciter
1710 3369 1844 3426 bra-

191 3456 352 3513 vium
405 3455 731 3513 festinaret.
770 3459 923 3514 lnter
952 3463 1164 3514 caetera
1197 3473 1361 3524 vero,
1395 3457 1528 3514 licet
1571 3457 1719 3515 ordo
1747 3473 1843 3515 ve-

187 3548 304 3601 ster
337 3561 409 3602 ea
439 3562 500 3600 se
547 3547 877 3602 servaverit
931 3548 1231 3620 episcopis
1260 3546 1594 3604 humilitate
1644 3546 1842 3618 subje-

189 3638 375 3700 ctum,
437 3641 499 3692 ut
563 3635 742 3692 salvis
810 3636 1205 3706 originalibus
1270 3636 1570 3703 institutis,
1628 3651 1839 3694 eorum

189 3739 427 3796 semper
470 3725 648 3782 vellet
704 3725 1049 3795 magisterio
1092 3725 1426 3798 subjacere,
1460 3725 1605 3781 illud
1636 3730 1836 3783 tamen

182 3811 475 3869 hactenus
512 3814 587 3870 de
617 3813 822 3870 favore
863 3819 921 3871 et
949 3816 1317 3886 protectione
1357 3813 1704 3887 apostolicae
1754 3830 1839 3871 se-

186 3900 279 3956 dis
304 3902 566 3958 obtinuit
593 3907 660 3959 ut
718 3900 920 3959 nullus
948 3904 1011 3959 in
1040 3903 1408 3960 monasteria
1460 3901 1554 3959 vel
1584 3902 1837 3961 abbates

184 3990 410 4046 ordinis
465 3992 777 4049 memorati
805 3992 1138 4065 quamlibet
1186 3992 1649 4049 ecclesiasticam
1706 4008 1836 4049 sen-

187 4079 432 4136 tentiam
462 4086 799 4153 promeret;
842 4082 936 4138 vel
964 4097 1253 4154 personas
1282 4082 1342 4139 in
1376 4081 1588 4139 eodem
1621 4082 1833 4140 ordine

183 4168 537 4226 constitutas
565 4171 1222 4241 excommunicationis,
1272 4171 1364 4228 vel
1390 4171 1828 4244 suspensionis,

183 4273 289 4313 seu
320 4257 610 4314 interdicti
634 4259 1120 4331 promulgatione
1147 4264 1439 4331 gravaret.

254 4346 405 4413 Quia
436 4362 576 4403 vero
605 4348 1017 4419 refrigescente
1045 4350 1331 4407 charitate
1354 4350 1699 4418 multorum,
1733 4367 1832 4407 us-

180 4451 298 4509 que
315 4434 469 4493 adeo
508 4436 738 4495 malitia
767 4439 1032 4495 noscitur
1060 4439 1426 4505 abundasse,
1457 4444 1524 4496 ut
1558 4440 1831 4497 nonnulli

179 4539 410 4596 eorum,
429 4524 534 4598 qui
554 4525 823 4583 Ecclesiis
841 4527 936 4583 Dei
960 4528 1266 4584 modernis
1289 4529 1668 4601 temporibus
1691 4534 1828 4586 sunt

177 4612 429 4685 praelati,
462 4615 1275 4686 transgredianturterminos
1287 4616 1368 4674 ab
1379 4617 1825 4690 antiquioribus

176 4702 549 4772 constitutos,
590 4709 648 4760 et
675 4705 736 4761 in
765 4710 1030 4762 vestrum
1062 4705 1394 4778 specialiter
1422 4706 1699 4763 ordinem
1740 4706 1827 4764 in-

176 4791 443 4848 debitam
482 4808 751 4850 exercere
781 4808 903 4849 non
933 4792 1207 4852 dubitent
1236 4794 1541 4860 ultionem.
1564 4809 1827 4868 111111888-

176 4880 325 4938 111181
351 4881 679 4939 litterarum
710 4882 1095 4955 inscriptione
1125 4883 1444 4940 statuimus
1487 4888 1544 4941 et
1568 4885 1823 4941 auctori-

176 4974 292 5026 tate
320 4971 650 5043 apostolica
677 4970 1132 5039 confirmamus,
1183 4978 1248 5029 ut
1275 4972 1421 5030 nulli
1463 4974 1708 5031 omnino
1759 4972 1825 5030 li·

175 5062 304 5115 8881
339 5059 399 5114 18
430 5076 534 5116 vos
563 5062 653 5116 vel
686 5059 1053 5117 monasteria
1081 5066 1277 5118 vestra
1296 5078 1405 5119 seu
1434 5061 1646 5120 tratres
1675 5060 1821 5119 inibi

174 5148 528 5204 constitutos
556 5153 769 5205 contra
797 5148 858 5205 id
883 5148 1048 5222 quod
1081 5148 1159 5205 ab
1187 5149 1421 5220 origine
1457 5148 1687 5207 ordinis
1716 5164 1823 5206 no-

174 5235 360 5290 scitur
376 5234 778 5305 observatum,
802 5237 1440 5295 excommunicationis
1463 5238 1554 5295 vel
1574 5253 1822 5311 suspen·

172 5323 361 5380 sionis
409 5339 516 5381 seu
541 5325 833 5384 interdicti
874 5327 1231 5386 sententiam
1259 5342 1560 5401 promere.
1600 5328 1816 5397 Quam,

170 5411 222 5469 81
249 5411 611 5486 deprompta
629 5414 821 5484 tuerit,
835 5421 1182 5475 auctoritate
1201 5416 1533 5491 apostolica
1553 5415 1820 5475 decerni-

1956 3103 2154 3170 lllasii,
2196 3109 2413 3161 terram
2440 3104 2796 3176 Calegnolae‚
2831 3111 3047 3162 terram
3072 3103 3356 3169 Porcillis,
3385 3107 3603 3162 terram

1956 3190 2277 3263 Pupeclare
2293 3208 2430 3248 cum
2457 3192 2708 3249 decimis
2733 3193 2876 3258 suis,
2908 3198 3125 3250 terram
3147 3192 3404 3259 Leniaci,
3425 3195 3608 3250 Mara-

1952 3276 2162 3336 liscam
2205 3296 2343 3337 cum
2393 3282 2563 3338 omni
2608 3281 3021 3353 jurisdictione
3051 3299 3182 3348 sua,
3226 3281 3600 3339 cavaredum

1954 3383 2091 3424 cum
2121 3368 2356 3425 decima
2385 3386 2518 3435 sua,
2549 3369 2863 3426 ecclesiam
2894 3372 2949 3427 S.
2983 3370 3215 3438 Georgii
3243 3386 3383 3425 cum
3423 3370 3599 3442 perti-

1951 3455 2168 3512 nentiis
2216 3458 2360 3523 suis,
2396 3456 2714 3515 ecclesiam
2746 3458 3026 3514 Omnium
3058 3457 3418 3515 Sanctorum
3459 3474 3602 3516 cum

1951 3544 2322 3617 pertinentiis
2375 3546 2518 3610 suis,
2552 3544 2870 3602 ecclesiam
2931 3547 2986 3602 S.
3039 3545 3213 3601 1118181
3240 3560 3380 3600 81118
3426 3546 3602 3617 perti·

1949 3634 2165 3690 nentiis
2217 3633 2362 3701 suis,
2415 3634 2731 3690 ecclesiam
2816 3635 2917 3692 SS.
2963 3632 3174 3690 Jacobi
3226 3638 3284 3689 et
3341 3631 3598 3707 Philippi

1948 3737 2087 3779 cum
2118 3722 2488 3794 pertinentiis
2539 3723 2686 3789 suis,
2746 3727 2964 3779 terram
3007 3720 3299 3789 Tumulae,
3356 3727 3600 3793 terram,

1946 3827 2084 3886 quae
2109 3815 2198 3868 est
2220 3811 2299 3868 ad
2330 3813 2578 3869 Crucem
2624 3812 2988 3869 Maraticam.
3023 3811 3173 3877 Quia
3206 3827 3348 3868 vero
3373 3814 3499 3868 tam
3532 3811 3596 3868 in

1948 3905 2164 3967 vetere,
2195 3916 2382 3973 quam
2422 3916 2582 3958 nova
2609 3900 2738 3971 lege
2774 3900 3011 3973 justitiae
3042 3898 3307 3956 ecclesiis
3336 3914 3600 3957 noscun-

1948 3994 2042 4047 tur
2060 4005 2193 4047 esse
2215 4005 2537 4058 concessas,
2554 3990 2668 4047 sub
2680 3990 3086 4047 anathematis
3109 3987 3595 4046 interminatione

1945 4079 2354 4152 prohibemus,
2385 4095 2459 4136 ne
2491 4077 2646 4135 ullus
2684 4078 2875 4135 laicus
2905 4094 2938 4135 a
2973 4077 3144 4136 vobis
3172 4076 3440 4134 decimas
3470 4077 3596 4136 exi-

1942 4182 2082 4239 gere
2112 4173 2461 4240 proesumat.
2493 4168 2843 4225 Inhibemus
2866 4182 3194 4241 quoquene
3214 4166 3352 4239 quis
3371 4167 3433 4223 in
3462 4181 3592 4234 vos,

1941 4256 2035 4313 vel
2062 4257 2344 4314 ecclesias
2381 4263 2608 4316 vestras
2640 4257 2769 4316 sine
2799 4258 3122 4315 manifesta
3161 4263 3218 4314 et
3252 4254 3594 4314 rationabili

1941 4361 2125 4404 causa
2134 4347 2797 4413 excommunicationis,
2818 4345 2908 4404 vel
2924 4345 3591 4404 interdictisententiam

1940 4436 2320 4510 promulgare
2333 4436 2570 4509 audeat,
2598 4437 2776 4494 etiam
2804 4435 3087 4509 antiquas
3109 4434 3413 4492 libertates
3440 4448 3593 4508 quo·

1937 4540 2077 4599 que,
2108 4532 2166 4583 et
2196 4526 2605 4585 immunitates
2661 4527 2721 4583 in
2752 4524 3016 4582 ecclesiis
3056 4524 3261 4579 vestris
3318 4523 3588 4581 rationa-

1935 4613 2128 4671 biliter
2156 4614 2325 4672 vobis
2354 4629 2693 4681 concessas,
2724 4619 2781 4672 et
2805 4614 3094 4670 1188188118
3120 4599 3469 4668 observatas
3494 4625 3589 4670 ra-

1935 4706 2026 4760 tas
2052 4703 2368 4771 habemus,
2391 4718 2613 4776 easque
2642 4704 2702 4759 in
2734 4701 2948 4760 futuris
2978 4700 3348 4774 temporibus
3392 4698 3585 4758 illiba-

1934 4796 2026 4848 tas
2054 4807 2297 4849 manere
2318 4807 2655 4848 censemus.
2675 4789 3093 4847 Interdicimus
3114 4790 3360 4861 insuper
3386 4804 3460 4845 ne
3480 4787 3587 4847 ali-

1931 4880 2069 4953 quis
2089 4895 2298 4946 novas,
2323 4879 2691 4938 etindebitas
2712 4879 3050 4937 exactiones
3067 4877 3260 4944 vobis,
3288 4878 3378 4934 vel
3397 4878 3584 4936 eccle-

1932 4969 2037 5026 siis
2067 4970 2278 5026 vestris
2306 4970 2594 5042 imponat.
2630 4967 3013 5025 Decernimus
3037 4981 3200 5037 ergo,
3236 4970 3372 5033 818.,
3412 4966 3586 5027 salva

1934 5058 2096 5114 sedis
2123 5057 2466 5132 apostolicas
2494 5058 2862 5121 auctoritate,
2883 5054 3280 5113 etdioecesani
3308 5054 3580 5128 episcopi

1931 5146 2225 5205 canonica
2247 5146 2499 5218 iustitia.
2532 5146 2588 5203 Si
2618 5161 2743 5220 qua
2765 5145 2964 5216 igitur,
2995 5148 3108 5202 etc.

2001 5240 2126 5309 Ego
2149 5235 2361 5293 Lucius
2387 5234 2691 5293 catholicae
2720 5232 2989 5290 Ecclesia»
3017 5231 3338 5306 episcopus
3369 5229 3573 5287 subsc.

2000 5329 2123 5398 Ego
2160 5327 2419 5383 Joannes
2441 5324 2636 5397 presb.
2658 5322 2824 5382 card.
2858 5322 2943 5380 tit.
2968 5322 3028 5377 S.
3062 5320 3235 5379 Marci
3265 5318 3465 5376 subsc.

1999 5416 2123 5487 Ego
2151 5414 2456 5474 Laborans
2485 5412 2684 5489 presb.
2711 5411 2877 5472 card.
2909 5411 2992 5469 tit.
3020 5412 3078 5467 S.
3095 5408 3288 5468 Marias
3316 5407 3575 5468 Transti-

170 5517 311 5562 mus
338 5516 464 5562 non
487 5506 707 5564 tenere.
738 5504 1103 5581 Adjicientes
1147 5520 1394 5582 quoque
1433 5505 1815 5565 decernimus
1923 5504 2118 5568 herim
2147 5504 2236 5564 tit.
2258 5503 2474 5565 Callisti
2496 5502 2701 5564 subsc.
