3784 6000
135 221 260 284 543

646 221 852 284 HlsT.
899 223 1168 287 RERUM
1215 228 1748 293 TRANSMARIN.
1794 267 1872 279 —
1917 236 2064 298 LIB.
2110 234 2240 297 xn.
2284 234 2732 300 BALDUINUS
2774 236 2833 298 11
2876 238 3057 300 REX.

3428 247 3550 308 546

131 364 438 427 mentiones,
482 360 826 418 sanctissimo
881 366 1237 435 evanqelistoe
1267 370 1476 436 Marco,
1521 371 1786 442 praedicto
1816 373 1872 440 Α
1902 372 2036 429 dam
2060 371 2287 428 loannis
2315 373 2498 442 luerat
2524 372 2761 441 Iuliani,
2816 389 2985 446 usqae
3022 374 3244 433 domum
3303 377 3548 437 Guiberti

133 449 271 508 duci
294 452 518 522 suisque
546 453 967 520 successoribus,
990 456 1158 527 atque
1186 459 1339 527 qenti
1403 459 1788 518 Veneticoram

131 541 306 601 simul
332 550 634 601 statuentes
656 543 1086 617 affirmavimus,
1120 556 1389 620 quatenus
1432 552 1551 608 sine
1597 553 1791 626 aliqua

132 633 595 701 contradictione,
628 650 748 707 qaoe
779 634 924 691 dicta
955 642 1005 693 et
1049 639 1504 709 quemadmodum
1552 642 1790 716 inferias

131 723 439 797 subscripta
466 731 621 793 sunt,
654 724 808 780 itaet
836 731 981 793 rata,
1033 733 1084 782 et
1111 728 1174 781 in
1225 728 1487 797 [uturum
1541 729 1786 799 illibata,

131 812 245 869 sibi
270 829 497 886 suaeqae
524 815 685 883 qenti
705 815 763 869 in
798 821 1127 884 perpetuum
1170 826 1551 888 permaneant.
1595 822 1784 878 Amen.

212 902 278 958 ln
307 902 561 960 omnibus
588 903 794 959 scilicet
827 903 1131 976 supradicti
1162 908 1329 976 reqis,
1387 908 1615 981 ejusque
1659 926 1788 967 suc-

132 1006 414 1049 cessorum
433 992 530 1049 sub
560 992 823 1060 dominio,
850 999 1016 1066 atque
1070 999 1318 1052 omnium
1357 1013 1585 1054 suorum
1628 999 1786 1057 baro·

125 1097 274 1137 num
303 1081 645 1150 civitatibus,
671 1081 784 1155 ipsi
811 1083 1060 1140 Venetici
1105 1086 1389 1142 ecclesiam
1418 1094 1469 1143 et
1513 1086 1788 1161 inteqram

138 1188 372 1244 ruqam,
403 1188 685 1245 unamque
709 1173 959 1245 plateam
986 1174 1102 1230 sive
1149 1176 1423 1244 balneam,
1469 1193 1568 1235 nec
1606 1196 1718 1236 non
1760 1197 1790 1238 e

123 1263 366 1332 turnum
395 1261 802 1335 habeant,Jure
816 1263 1165 1321 haereditario
1203 1268 1260 1320 in
1304 1274 1628 1339 perpetuum
1656 1286 1786 1342 pos-

127 1350 380 1421 sidenda,
412 1351 484 1408 ab
517 1353 670 1410 omni
697 1353 982 1410 exactione
1014 1354 1210 1423 libera,
1254 1354 1395 1412 sicut
1452 1362 1581 1414 sunt
1637 1360 1788 1433 reqis

130 1442 378 1513 propria.
450 1442 639 1499 Veram
688 1444 748 1498 in
802 1442 985 1514 platea
1039 1443 1378 1501 Hierusalem
1440 1451 1657 1504 tantam
1716 1448 1789 1506 ad

126 1529 426 1602 proprium
473 1529 733 1599 habeant,
766 1540 1034 1603 quantum
1064 1549 1161 1589 rex
1205 1534 1402 1592 habere
1430 1535 1628 1594 solitus
1682 1542 1779 1595 est.

133 1618 286 1687 Quod
311 1617 365 1675 si
394 1619 543 1691 apud
571 1621 767 1687 Aci-on,
794 1625 1047 1691 sarnam,
1079 1623 1478 1695 molendinum,
1503 1626 1784 1699 balneum,

1899 457 1964 516 de
1991 462 2194 532 loppen
2224 462 2437 531 qeneris
2468 459 2684 529 Laudae,
2720 468 2866 517 recto
2922 465 3151 521 tramite
3205 467 3549 538 procedente,

1898 550 2049 605 vobis
2097 550 2343 605 eamdem
2372 566 2536 620 quam
2585 566 2683 606 rex
2703 551 2957 606 habuerit
2980 559 3301 624 potestatem
3328 560 3548 627 penitus

1901 637 2114 694 damas.
2161 637 2305 705 Quin
2362 641 2531 694 etiam
2576 640 2767 695 nullus
2823 641 3198 700 Veneticoram
3255 646 3313 700 in
3378 648 3547 703 totius

1901 729 2066 785 terrae
2098 728 2261 799 repis,
2293 743 2622 799 suorumque
2655 728 2917 785 baronum
2973 730 3237 802 dominio,
3294 733 3547 807 aliquam

1898 813 2176 872 dationem
2198 817 2258 871 in
2274 816 2653 886 inqrediendo,
2676 817 2760 873 vel
2777 817 2855 873 ibi
2874 820 3156 890 morando,
3180 831 3278 880 aut
3297 825 3549 881 exeundo

1895 920 1994 976 per
2022 905 2199 961 ullum
2227 904 2514 977 inqeniam
2543 905 2679 963 dare
2706 907 2927 972 debeat:
2954 909 3051 965 sed
3078 910 3160 968 sic
3210 912 3352 970 liber
3404 915 3549 971 sicut

1898 994 1958 1048 in
1989 995 2109 1064 ipsa
2142 994 2373 1050 Venetia
2392 996 2483 1050 sit.
2514 994 2575 1051 Si
2603 1010 2726 1052 vero
2753 995 2993 1069 aliquod
3017 999 3306 1070 placitum,
3344 1003 3548 1060 velali-

1902 1083 2061 1155 cajas
2086 1082 2296 1153 neqotii
2327 1082 2718 1152 litiqationem,
2756 1086 3035 1142 Veneticae
3061 1104 3200 1162 erqa
3232 1090 3545 1149 Veneticum

1896 1173 2178 1243 habuerit,
2208 1175 2268 1228 in
2296 1175 2454 1229 curia
2500 1173 2866 1230 Veneticoram
2893 1175 3228 1247 diffiniatur.
3262 1179 3348 1236 Vel
3372 1180 3424 1236 si
3442 1182 3546 1237 ali·

1896 1264 2018 1333 quis
2050 1262 2309 1319 adversus
2343 1261 2662 1319 Veneticum
2700 1264 2978 1334 querelam
3033 1274 3130 1322 aut
3183 1266 3549 1340 litiqationem

1896 1367 1950 1408 se
1978 1353 2177 1408 habere
2204 1351 2511 1414 crediderit,
2545 1354 2603 1408 in
2624 1352 2813 1409 eadem
2841 1353 3001 1410 curia
3036 1356 3405 1414 Veneticorum
3449 1358 3547 1415 de-

1900 1441 2248 1498 terminetur.
2316 1443 2511 1498 Veram
2563 1440 2617 1497 si
2679 1442 2958 1499 Veneticae
3007 1460 3174 1512 super
3250 1447 3547 1519 quemlibet

1895 1529 2072 1586 alium
2103 1531 2396 1598 hominem,
2427 1546 2593 1601 quam
2622 1529 2950 1600 Veneticum,
2985 1534 3284 1590 clamorem
3332 1536 3541 1606 fecerit,
3566 1527 3571 1532 ¹

1896 1619 1957 1674 in
1988 1620 2147 1674 curia
2178 1620 2320 1689 reqis
2349 1618 2694 1674 emendetur.
2716 1620 2949 1692 Insuper
2969 1620 3064 1676 ubi
3090 1622 3368 1680 Veneticae
3388 1625 3545 1682 ordi-

132 1714 424 1777 stateram,
457 1708 666 1766 modios
692 1716 745 1766 et
779 1710 941 1767 buzas
969 1711 1041 1768 ad
1070 1715 1263 1784 vivian,
1295 1715 1493 1784 oleum,
1538 1717 1622 1773 vel
1677 1718 1785 1774 mel
1814 1742 1863 1808 Β
1896 1714 2060 1764 ηαῑῑῶ
2090 1709 2173 1764 vel
2195 1707 2567 1777 ῡῑθΐᾶῐηαῑῑόδ»
2606 1708 2750 1781 ‘l'wd
2777 1724 2875 1766 '20⁸
2895 1710 3014 1766 ⁸5⁷2&
3043 1711 3238 1782 linqua
3282 1712 3541 1783 dicimus·

138 1798 571 1855 mensurandum
601 1802 661 1855 in
691 1799 809 1856 vico
856 1817 953 1857 sao
1011 1801 1204 1858 Veneti
1247 1805 1430 1874 [acere
1484 1806 1778 1878 voluerint,

127 1889 387 1945 omuibus
415 1889 557 1945 inibi
584 1889 962 1947 habitantibus
978 1892 1179 1963 absque
1197 1894 1627 1951 contradictione
1653 1899 1779 1969 qai·

127 1993 352 2050 cunque
379 1976 612 2034 voluerit
641 1994 889 2050 coquere,
923 1982 1150 2048 molere,
1186 1981 1472 2051 balneare,
1522 1988 1665 2040 sicut
1711 1986 1783 2043 ad

127 2068 363 2140 propria
394 2070 537 2138 reqis
570 2068 738 2125 libere
785 2068 965 2125 liceat.
1027 2070 1131 2127 Sed
1187 2071 1510 2140 mediorum,
1566 2079 1782 2132 staterae

127 2159 294 2227 atque
322 2155 478 2214 buzae
531 2159 831 2225 mensuris,
901 2157 999 2214 hoc
1051 2159 1208 2216 modo
1275 2162 1359 2216 uti
1413 2161 1594 2218 liceat.
1643 2164 1784 2220 Nam

127 2244 350 2317 quando
382 2245 614 2302 Venetici
643 2244 785 2302 inter
811 2262 869 2303 se
897 2249 1277 2320 neqotiantur‚
1300 2265 1426 2306 cum
1440 2253 1703 2324 propriis,
1725 2254 1783 2310 id

129 2343 214 2390 est
278 2335 664 2393 Veneticorum
711 2339 980 2393 mensuris
1028 2355 1346 2396 mensurare
1386 2340 1578 2397 debent
1589 2359 1611 2408 ;
1656 2359 1780 2399 cum

129 2439 256 2480 vero
293 2425 529 2481 Venetici
556 2440 642 2481 res
668 2440 795 2481 suas
851 2426 980 2482 aliis
1026 2428 1281 2497 qenlibus
1339 2429 1599 2498 vendunt,
1657 2448 1782 2489 cam

126 2513 261 2573 suis,
295 2512 453 2569 idest
486 2514 874 2571 Veneticorum
913 2515 1188 2572 mensuris
1235 2521 1478 2591 propriis
1552 2520 1782 2579 vendere

132 2600 353 2658 debent.
386 2602 610 2671 Quando
639 2612 819 2661 autem
855 2607 1087 2662 Venetici
1112 2608 1181 2662 ab
1208 2607 1490 2679 aliquibus
1530 2611 1781 2681 qentibus

127 2693 412 2747 extraneis
440 2708 602 2763 quam
657 2693 935 2762 Veneticis,
992 2699 1304 2752 commercio
1362 2697 1578 2771 aliquid
1633 2703 1779 2757 acci-

123 2778 335 2849 pientes
363 2789 705 2854 comparant,
735 2799 858 2839 eum
885 2784 1056 2854 reqiis
1088 2788 1360 2843 mensuris
1389 2788 1625 2859 datoque
1661 2805 1779 2861 pre·

128 2872 209 2925 tio
242 2871 491 2942 accipere
519 2871 663 2928 licet.
695 2872 774 2928 Ad
805 2874 917 2928 haec
951 2873 1196 2931 Venetici
1223 2877 1437 2933 nullam
1479 2878 1776 2950 dationem,

123 2960 210 3017 vel
237 2960 536 3017 secundum
556 2977 737 3034 usum,
769 2964 852 3020 vel
898 2964 1196 3022 secandam
1256 2966 1430 3023 allam
1482 2970 1779 3042 rationem,

1892 1797 2115 1867 obierit,
2147 1815 2236 1853 res
2264 1815 2378 1854 suae
2403 1800 2463 1852 in
2490 1807 2810 1870 potestatem
2844 1800 3217 1857 Veneticorum
3274 1803 3543 1860 reducan-

1892 1895 2004 1943 tur.
2038 1887 2100 1943 Si
2122 1903 2248 1944 vero
2277 1888 2491 1958 aliquis
2523 1887 2901 1944 Veneticorum
2932 1892 3305 1964 naufraqiam
3341 1908 3543 1963 passas

1885 1978 2082 2048 suerit,
2117 1977 2337 2032 nullum
2365 1976 2431 2033 de
2459 1976 2575 2032 sais
2622 1978 2782 2033 rebus
2836 1978 3086 2049 patiatur
3139 1980 3424 2037 damnum.
3480 1969 3544 2038 Si

1889 2067 2184 2136 naufraqio
2212 2076 2466 2121 mortuus
2501 2066 2698 2134 fuerit,
2729 2066 2846 2121 sais
2894 2067 3207 2125 haeredibus
3261 2077 3365 2125 aut
3415 2071 3543 2128 aliis

1897 2156 2169 2211 Veneticis
2208 2171 2296 2209 res
2342 2171 2454 2210 suae
2502 2158 2844 2211 remanentes
2889 2156 3209 2214 reddantur.
3265 2160 3540 2217 Praeterea

1888 2260 2057 2315 saper
2085 2245 2241 2316 cujas
2267 2247 2449 2316 qentis
2479 2244 2766 2314 burqenses
2795 2245 2857 2299 in
2885 2244 3005 2301 vico
3031 2249 3085 2302 et
3132 2246 3381 2304 domibus
3439 2250 3541 2306 Ve-

1890 2336 2197 2390 neticoram
2229 2333 2568 2399 habitantes,
2597 2332 2845 2389 eamdem
2870 2335 3147 2403 iustitiam
3202 2343 3253 2392 et
3307 2351 3539 2394 consue-

1892 2421 2105 2478 tudines
2133 2438 2269 2494 quas
2298 2438 2399 2479 rex
2426 2438 2591 2493 super
2617 2436 2762 2492 suos,
2801 2423 3048 2479 Venetici
3078 2424 3332 2481 habeant.
3380 2427 3541 2483 Deni-

1891 2526 1995 2583 que
2013 2512 2251 2568 daarum
2279 2514 2560 2568 civitatum
2590 2511 2721 2583 Tyri
2748 2517 2802 2567 et
2824 2512 3111 2569 ascalonis
3139 2513 3367 2570 tertiam
3410 2530 3539 2586 par-

1892 2609 2026 2669 tem,
2059 2617 2183 2657 cum
2211 2602 2330 2656 suis
2356 2602 2733 2673 pertinentiis,
2774 2607 2825 2655 et
2854 2603 3077 2657 tertiam
3102 2608 3318 2673 partem
3368 2612 3541 2661 terra·

1891 2708 2014 2746 rum
2035 2692 2285 2746 omnium
2309 2689 2417 2746 sibi
2442 2690 2868 2761 pertinentium,
2915 2707 2949 2746 a
2993 2691 3081 2747 die
3121 2692 3315 2748 Sancti
3356 2694 3535 2758 Petri,

1895 2781 2182 2838 Saracenis
2200 2783 2439 2837 tantiam
2463 2782 2844 2846 servientium,
2869 2796 2994 2853 qaae
3011 2798 3121 2838 non
3140 2782 3348 2839 suntin
3367 2785 3541 2840 Fran-

1890 2887 2080 2928 corum
2113 2872 2385 2940 manibas,
2419 2873 2657 2928 alteram
2695 2887 2957 2944 quarum,
2988 2872 3073 2928 vel
3121 2875 3191 2942 si,
3222 2872 3329 2930 Deo
3374 2875 3540 2930 auxi-

1893 2963 2089 3033 liante,
2121 2967 2408 3035 utramque
2435 2978 2532 3034 per
2564 2978 2748 3019 eorum
2806 2963 3111 3032 auxilium,
3166 2969 3265 3019 aut
3319 2965 3539 3039 aliquod

125 3050 285 3106 nullo
315 3051 488 3118 modo,
519 3052 797 3122 intrando,
830 3054 1045 3123 stende,
1077 3057 1376 3124 vendendo,
1415 3059 1781 3131 comparando
1889 3054 2184 3123 inueniam
2215 3057 2271 3107 ἰη
2305 3050 2746 3108 Christianorum
2773 3057 3092 3124 potestatem
3119 3052 3358 3125 Spiritu-5
3410 3071 3534 3110 «tan-

126 3140 218 3196 vel
247 3143 529 3210 meranda,
560 3148 658 3198 aut
677 3143 923 3200 exeundo
952 3145 1021 3200 de
1049 3146 1213 3203 nulla
1243 3150 1457 3219 penitas
1474 3164 1638 3206 causa
1666 3151 1775 3207 ali·

123 3244 296 3301 quam
325 3229 602 3287 dationem
628 3230 942 3304 persolvere
970 3234 1189 3301 debent,
1220 3237 1335 3292 nisi
1353 3237 1529 3294 solam
1559 3239 1776 3312 quando

121 3318 378 3388 veniunt,
407 3324 508 3377 aut
535 3328 744 3378 exeunt
768 3337 892 3378 cum
912 3324 1034 3380 sais
1053 3323 1286 3382 navibus
1301 3330 1622 3398 pereqrinos
1651 3345 1776 3401 por-

121 3415 355 3465 tantes:
382 3413 513 3466 tunc
540 3414 739 3484 quippe
767 3415 1066 3469 secundum
1105 3416 1252 3485 reqis
1308 3418 1772 3491 consuetudinem,

121 3499 352 3555 tertiam
398 3508 610 3571 partem
663 3502 774 3572 ipsi
833 3505 949 3573 reqi
992 3502 1125 3560 dare
1179 3504 1387 3561 debent.
1452 3507 1601 3563 Unde
1657 3510 1773 3580 ipse

117 3604 228 3643 rex
256 3586 623 3657 Hierusalem,
657 3597 712 3647 et
739 3607 837 3648 nos
866 3608 1070 3659 omnes,
1102 3592 1229 3649 duci
1273 3595 1655 3653 Veneticorum
1712 3597 1778 3655 de

113 3676 298 3749 landa
322 3677 567 3750 Yyri,ex
592 3689 751 3753 parte
775 3684 942 3754 reqis,
998 3684 1136 3754 sesto
1190 3685 1564 3753 apostoloram
1623 3689 1775 3744 Petri

117 3770 168 3822 et
201 3768 391 3834 Pauli,
412 3773 676 3825 trecentos
694 3770 755 3824 in
779 3786 1106 3843 unoquoque
1137 3789 1282 3829 anno
1313 3774 1585 3831 bizantios
1602 3775 1777 3833 Sara·

115 3859 360 3923 cenatos,
418 3857 684 3915 exdebiti
736 3860 1045 3917 conditione
1120 3863 1425 3933 persolvere
1497 3865 1771 3924 debemus.

127 3946 300 4002 Vobis
327 3963 559 4020 quoque,
590 3947 718 4005 daci
749 3949 1003 4020 Venetiae,
1033 3957 1085 4007 et
1114 3957 1313 4011 vestrae
1333 3954 1492 4025 uenti
1548 3958 1776 4026 promit·

121 4038 318 4107 timus,
353 4038 494 4110 quod
522 4039 669 4095 nihil
697 4042 822 4112 plus
854 4044 1192 4114 accipiemus
1219 4044 1285 4099 ab
1316 4044 1442 4100 illis
1498 4045 1774 4117 pentibus,

121 4141 253 4199 quae
281 4127 563 4185 vobiscum
581 4132 954 4201 nepotiantur,
985 4133 1098 4187 nisi
1125 4139 1394 4204 quantum
1437 4134 1590 4191 soliti
1646 4142 1775 4191 sunt

122 4214 284 4278 dare,
319 4221 373 4273 et
402 4226 614 4290 quanta
642 4219 946 4290 accipimus
975 4223 1043 4277 ab
1077 4221 1192 4278 illis
1220 4224 1316 4295 qui
1343 4238 1468 4279 cam
1505 4224 1635 4280 aliis
1687 4240 1778 4282 ne·

120 4304 412 4376 qotiantur
439 4309 710 4379 pentibus.
746 4311 1029 4367 Praeterea
1077 4313 1234 4367 illam
1265 4311 1509 4382 eJ‘asdem
1552 4313 1775 4386 ptateae,

122 4410 392 4468 ruqaeque
412 4397 593 4454 Achon
620 4404 837 4470 partem
858 4418 1030 4457 unum
1055 4410 1214 4474 caput
1245 4405 1300 4458 in
1321 4404 1606 4461 mansione
1629 4407 1778 4462 Petri

1891 3146 2009 3198 ctus
2038 3142 2261 3198 tradere
2292 3139 2566 3207 1·oluerit,·
2593 3141 2773 3209 illam,
2820 3142 3069 3212 inquam,
3129 3141 3351 3198 tertiam
3407 3159 3537 3216 par·

1890 3235 2020 3295 tem,
2050 3232 2189 3287 sicut
2220 3229 2427 3286 dictum
2458 3232 2558 3299 est,
2607 3229 2778 3287 libere
2801 3233 2852 3286 et
2902 3230 3184 3301 reqaliter,
3242 3232 3385 3288 sicut
3440 3246 3541 3288 rex

1883 3325 2045 3394 duas,
2083 3322 2319 3380 Venetici
2348 3323 2597 3378 habituri
2627 3324 2683 3376 in
2722 3327 3064 3394 perpetuum,
3124 3327 3239 3380 sine
3293 3325 3539 3397 alicujus

1883 3412 2340 3469 contradictionis
2370 3411 2749 3484 impeditione,
2781 3412 2902 3479 y‘ure
2958 3412 3304 3470 haereditario
3357 3416 3539 3486 possi·

1887 3502 2074 3558 deant.

1960 3590 2352 3648 Universaliter
2381 3590 2564 3660 iqitur
2582 3587 2926 3658 supradictas
2946 3589 3323 3646 conventiones
3345 3591 3530 3661 ipsum

1884 3696 2088 3752 reqem,
2118 3682 2227 3735 Deo
2271 3676 2609 3742 auxiliante,
2635 3678 2684 3730 si
2739 3675 3041 3747 aliquando
3095 3691 3412 3744 earessurus
3465 3680 3533 3735 de

1883 3771 2198 3843 captivitate
2227 3773 2322 3835 est,
2354 3784 2450 3824 nos
2491 3768 2832 3824 Gormundas
2878 3768 3223 3825 Hierusalem
3274 3768 3527 3842 patriar-

1883 3861 1987 3916 cha
2014 3858 2341 3929 confirmare
2380 3873 2477 3927 per
2532 3856 2894 3927 Evanqelium
2948 3858 3237 3929 faciemus.
3298 3857 3358 3914 Si
3402 3873 3529 3914 vero

1882 3950 2023 4005 alter
2048 3949 2120 4004 acl
2148 3947 2705 4019 Hierosolymitanum
2737 3962 2985 4016 reanum,
3008 3949 3063 4002 in
3092 3962 3279 4017 reqem
3311 3963 3534 4019 promo-

1882 4039 2090 4096 vendas
2145 4038 2450 4105 advenerit,
2507 4039 2605 4093 aut
2653 4038 2904 4109 superias
2958 4037 3244 4094 ordinatas
3298 4038 3535 4110 promis-

1885 4129 2066 4183 siones
2093 4131 2390 4198 antequam
2417 4131 2824 4198 promoveatur,
2848 4126 2996 4181 sicut
3040 4128 3169 4180 ante
3188 4125 3397 4182 dictum
3425 4129 3527 4187 est.

1884 4219 2064 4287 ipsam
2099 4213 2429 4285 confirmare
2480 4214 2741 4283 faciemus
2756 4231 2778 4279 ;
2834 4212 3084 4285 alioquin
3129 4213 3320 4281 ipsam
3372 4213 3530 4270 nullo

1886 4304 2043 4361 modo
2072 4303 2141 4360 ad
2168 4319 2404 4373 reanum
2431 4301 2654 4375 provehi
2682 4301 3066 4359 assentiemus.
3101 4300 3380 4359 Similiter
3408 4318 3533 4360 eas-

1889 4396 2020 4452 dem
2048 4402 2099 4452 et
2125 4394 2315 4450 eodem
2354 4394 2513 4450 modo
2569 4392 3032 4464 confirmationes,
3090 4392 3361 4449 baronum
3407 4409 3536 4451 ωε·

119 4485 322 4556 zanni,
360 4487 517 4544 aliud
549 4505 671 4547 vero
703 4491 762 4547 in
794 4490 985 4547 Sancti
1032 4490 1259 4549 Dimitri
1311 4497 1643 4553 monasterio
1687 4497 1779 4567 fir-
1809 4488 1854 4554 D
1884 4498 2117 4541 0⁶⁸507'05
2144 4485 2342 4540 etnovi
2367 4484 2550 4554 futuri
2579 4482 2807 4538 hamne*
2833 4484 3057 4580 faciens·
3091 4481 3167 4538 ⁰⁶
3202 4497 3364 4537 caum
3406 4496 3531 4539 *ΨΟ

123 4579 403 4643 mantem,·
433 4584 486 4633 et
508 4579 751 4650 ejusdem
775 4597 926 4651 raqoe
954 4581 1123 4637 etiam
1148 4593 1389 4655 partem,
1423 4601 1592 4640 unam
1646 4602 1779 4641 ma·
1888 4573 2251 4639 Antiochen&
2273 4589 2440 4645 <luam
2465 4572 2611 4628 2'0b2'3
2630 4586 2813 4642 ream
2833 4570 3169 4628 Baldumum
3210 4568 3529 4673 ficundum·

125 4664 426 4722 teriarium
453 4673 507 4723 et
536 4668 674 4725 duas
706 4669 949 4742 lapideas
987 4671 1297 4728 mansiones
1326 4673 1601 4742 habentes,
1658 4688 1782 4746 quat
1889 4664 1990 4720 sub
2009 4663 2196 4720 eadem
2226 4663 2633 4718 σθ’ῑδΐίἰϋῑὶθηὶὃ
2680 4659 2992 4760 depactione
3039 4673 3356 4762 Pf0lf⁸²³²8⁸⁶
3400 4657 3532 4760 ⁶238·ss

121 4754 406 4826 quondam
435 4758 638 4814 casulae
667 4761 741 4815 de
767 4762 961 4815 cannis
991 4776 1104 4817 esse
1128 4762 1394 4833 solebant,
1450 4780 1620 4836 qaam
1675 4781 1775 4822 rex
1882 4756 2102 4819 Scimus,
2135 4756 2194 4808 ὓ·
2223 4751 2560 4807 Α’ῑὶἱθθῆθηθ
2588 4750 2999 4849 Winssllfffl‘uf‘
3041 4748 3222 4847 ”9⁶²⁸-
3257 4747 3530 4847 Vssnss‘mf

125 4842 431 4902 Βαιάμίηω
463 4846 802 4905 Hierusalem
830 4851 1089 4920 primistlg
1121 4850 1275 4908 beato
1330 4857 1537 4921 May-00,
1593 4853 1774 4910 domi.
1881 4842 2182 4897 daturum:
2211 4840 2464 4895 videlice!
2490 4840 2569 4893 8ίο
2591 4839 2647 4890 ἱη
2676 4837 2983 4903 Antiochia,
3025 4838 3169 4892 sicul
3198 4851 3259 4889 ln
3313 4842 3528 4891 caelerts

123 4947 309 5002 noque
335 4935 459 4990 duci
485 4937 766 5009 ordolafo,
794 4940 1013 5011 suisque
1040 4944 1431 4999 successoribus
1456 4945 1514 4999 in
1556 4943 1776 5000 Sidonis
1881 4933 2027 5001 ⁷⁸⁶0ss
2057 4928 2391 4996 θῑυῐῑαῑῑῦαὸυ
2422 4929 2473 4982 '²'
2500 4925 2719 4997 quidem
2752 4925 3087 4981 Α’ῑῑῑθθῆθηὶ
3118 4923 3339 4995 ''09⁰¹‘'ss
3392 4940 3527 4996 ΡΜ·

123 5019 498 5092 acquisitione
553 5025 706 5083 dedit
729 5044 751 5092 ;
822 5030 962 5099 ipsa,
1030 5027 1281 5101 inquam,
1350 5038 1557 5104 partes,
1623 5032 1775 5088 beato

123 5108 328 5178 Narco,
367 5113 621 5186 vobisque
677 5116 957 5172 Dominico
1001 5117 1269 5190 Michaeli,
1329 5121 1572 5177 Venetiae
1625 5120 1773 5192 daci,

125 5201 325 5256 vestris
351 5216 569 5275 qaoque
595 5207 993 5263 successoribus
1022 5223 1122 5278 per
1152 5219 1470 5273 praesentem
1505 5212 1777 5283 paqinam

122 5289 552 5359 conttrmamus;
595 5295 854 5368 vobisque
908 5298 1223 5368 potestatem
1268 5300 1630 5367 concedimus,
1689 5302 1779 5355 te-

120 5376 322 5445 nendi,
350 5380 662 5451 possidendi
690 5386 741 5439 et
769 5383 1039 5456 quidquid
1069 5384 1213 5442 vobis
1243 5387 1370 5444 inde
1392 5385 1688 5460 placuerit,
1718 5387 1778 5443 in

115 5472 451 5540 perpetuum
478 5472 742 5542 faciendi.
777 5473 952 5547 Super
979 5474 1230 5543 eiusdem
1258 5486 1441 5534 autem
1470 5492 1623 5549 ruqoe
1660 5474 1778 5534 alia

114 5562 295 5630 parte,
327 5574 364 5613 a
391 5557 552 5618 domo
581 5564 857 5621 Bernardi
882 5564 1104 5625 denovo
1132 5566 1386 5635 Castello,
1435 5580 1564 5641 quse
1604 5582 1779 5639 quon·

1882 5019 2207 5074 missionum
2234 5016 2445 5088 fredera
2458 5016 2608 5071 vobis
2627 5012 2910 5069 attendere
2927 5014 3199 5069 voluerint
3216 5032 3236 5077 ,·
3260 5028 3357 5069 nos
3377 5012 3525 5069 idem

1883 5108 2226 5166 Gormundas
2256 5106 2595 5163 Hierusalem
2618 5104 2963 5176 patriarcha,
2994 5119 3119 5160 cam
3150 5103 3356 5160 nostris
3386 5102 3530 5174 epis·

1883 5200 2080 5270 scopis,
2111 5198 2276 5264 clero,
2309 5195 2603 5252 baronibus
2636 5194 2939 5266 populoque
2986 5193 3345 5260 Hierusalem,
3402 5207 3529 5249 con-

1884 5290 2077 5345 silium
2106 5294 2161 5344 et
2189 5287 2462 5343 auxilium
2490 5283 2642 5341 vobis
2669 5283 2888 5353 dantes,
2919 5285 3070 5355 qaod
3097 5281 3254 5339 nobis
3273 5279 3529 5339 dominas

1880 5396 2026 5451 papa
2056 5378 2186 5433 inde
2211 5374 2514 5447 scripserit,
2548 5375 2687 5431 bona
2715 5372 2822 5442 fide
2869 5377 3038 5431 totam
3093 5372 3415 5445 adimplere,
3472 5380 3527 5429 et

1887 5471 2006 5526 hzc
2032 5470 2221 5523 omnia
2247 5470 2557 5539 superiora,
2587 5465 2657 5521 ad
2687 5466 2943 5523 honorem
2983 5465 3351 5520 Veneticorum
3389 5476 3532 5536 pro-

1887 5557 2179 5615 mittimus.
