3784 6000
177 261 292 323 343

1251 250 1677 318 GUILLELMI
1721 246 2109 313 TYRENSIS
2150 251 2520 314 Anulum).

3466 245 3588 309 eu

180 391 324 447 dum
375 393 611 449 monent
657 393 715 447 et
743 389 1050 446 hortantur
1095 385 1399 454 attentius,
1431 386 1721 457 quatenus
1751 381 1822 438 ad
1854 380 1911 449 Α
1940 380 2137 440 vitatis
2183 383 2505 457 principem
2555 381 2797 448 adeunt,
2842 392 3018 450 super
3060 394 3127 435 eo
3174 376 3350 437 verbo
3387 378 3593 435 consi-

182 481 263 538 rei
294 479 859 539 consummationem
910 481 1034 535 tota
1059 478 1364 534 incumbat
1410 473 1828 542 sollicitudine,

182 585 256 627 ne
276 571 660 642 periculosam
691 567 1049 625 intercedere
1069 566 1327 640 patiatur
1353 580 1602 623 moram.
1628 562 1830 621 Soluto

182 659 379 732 itaque
408 662 718 728 conventu,
749 655 847 714 ille
877 657 1029 714 sicut
1057 657 1147 713 vir
1174 660 1299 714 erat
1320 671 1491 714 moras
1519 653 1831 727 impatiens

183 750 239 802 et
270 748 536 804 ardenter
556 761 767 817 urgens
798 745 1188 819 propositum,
1212 744 1466 802 amicum
1489 743 1678 800 solitis
1700 758 1831 799 con-

181 835 342 892 venit
360 835 780 906 internuntiis;
814 839 872 893 st
892 835 1231 909 significans
1251 835 1406 908 quod
1443 833 1593 905 apud
1618 832 1833 906 priuci-

183 938 287 999 pes
318 928 528 982 cuncta
574 941 678 996 pro
706 923 855 981 votis
900 924 1316 997 impetraverit,
1348 922 1519 981 amici
1567 922 1830 978 animum

184 1013 361 1071 solito
409 1014 665 1071 reddidit
711 1013 1011 1071 laetiorem.
1047 1013 1243 1071 Monet
1269 1029 1405 1086 ergo
1436 1020 1490 1068 et
1528 1028 1631 1085 per
1658 1012 1831 1068 fidem

184 1102 396 1161 invitat
444 1103 698 1161 mediam
746 1108 829 1173 ut,
879 1108 1048 1161 nocte
1094 1103 1353 1176 proxime
1410 1103 1828 1177 subsequente,

188 1198 423 1250 auctore
450 1192 717 1262 Domino,
741 1209 834 1250 res
863 1192 1095 1251 effectui
1118 1193 1503 1266 mancipetur.
1526 1192 1836 1250 Acciderat

189 1283 385 1339 autem
416 1282 628 1352 medio,
661 1286 725 1339 ut
771 1283 1004 1353 dicitur,
1035 1287 1298 1355 tempore
1343 1282 1644 1355 quiddam,
1676 1281 1832 1354 quod

186 1370 259 1427 ad
276 1373 617 1442 conceptum
642 1370 806 1444 prius
822 1388 968 1444 opus
987 1386 1119 1428 eum
1139 1370 1525 1428 nihilominus
1545 1370 1835 1427 animave·

186 1463 296 1514 rat.
330 1457 496 1528 Nam,
529 1460 670 1516 dum
716 1458 872 1516 circa
905 1460 1178 1532 frequens
1224 1459 1616 1517 ministerium
1647 1465 1702 1516 et
1731 1474 1833 1516 cu·

188 1563 335 1613 rum,
369 1563 539 1619 quam
569 1548 628 1603 in
662 1548 835 1604 domo
883 1547 1104 1605 domini
1150 1547 1242 1604 sui
1293 1555 1349 1605 et
1378 1549 1515 1605 urbe
1563 1547 1835 1605 universa

185 1635 437 1692 babebat
460 1635 906 1708 amplissimam,
935 1637 1289 1694 detineretur
1331 1645 1664 1709 occupatus,
1695 1653 1833 1694 casu

1936 470 2082 528 lium
2131 471 2429 541 habituri;
2460 470 2768 528 videbatur
2804 469 2960 526 enim
2987 467 3325 539 verisimile,
3345 471 3406 525 et
3445 467 3594 526 mul·

1941 570 2008 618 tae
2036 560 2111 618 ad
2140 562 2198 618 id
2231 562 2656 618 concurrebant
2686 558 3192 633 praesumptiones.
3224 561 3402 614 Erant
3430 558 3587 616 enim

1940 650 2000 706 in
2022 651 2224 709 eadem
2263 651 2597 719 civitate,ut
2617 647 3201 723 praediximus,multi
3241 646 3443 705 fideles
3487 648 3589 721 qui

1939 740 2050 798 etsi
2096 740 2334 797 omnino
2362 740 2542 811 hujus
2589 743 2783 796 reatus
2828 742 2995 795 eraut
3040 738 3361 808 immunes,
3388 740 3588 795 tamen

1939 831 2198 901 suspecti
2239 830 2603 886 habebantur
2633 846 2646 885 ε
2679 828 2828 885 inter
2857 843 3003 900 quos
3035 827 3343 898 praedictus
3376 825 3589 884 nobilis

1940 919 2137 989 homo,
2170 923 2225 976 et
2254 919 2303 976 si
2335 919 2406 976 de
2452 919 2579 987 eius
2612 918 2743 976 ssdei
2774 917 3103 975 sinceritate
3144 915 3441 973 Acxianus
3470 933 3588 975 non

1943 1009 2169 1065 modice
2218 1011 2618 1080 praesumeret,
2651 1025 2685 1064 a
2709 1006 2952 1079 reliquis
3000 1005 3375 1079 magnatibus
3404 1005 3466 1062 in
3496 1022 3588 1065 ea-

1941 1098 2071 1153 dem
2095 1096 2417 1153 habebatur
2437 1095 2844 1170 suscipicionc.
2867 1095 3081 1152 Verum
3104 1103 3157 1150 et
3176 1110 3372 1152 coram
3393 1096 3590 1153 Acala-

1943 1202 2017 1243 no
2048 1186 2243 1257 positi,
2276 1186 2418 1243 dum
2457 1202 2635 1260 super
2680 1201 2746 1242 eo
2775 1185 2926 1242 facto
2972 1182 3453 1241 deliberationem
3485 1184 3587 1241 ha-

1940 1275 2149 1332 berent
2176 1274 2507 1343 sollicitam,
2531 1275 2684 1332 inter
2713 1274 2858 1331 alios
2880 1272 2982 1347 qui
3012 1273 3363 1330 videbantur
3388 1290 3588 1346 suspe-

1942 1364 2041 1434 cti,
2063 1362 2237 1435 hujus
2258 1362 2992 1431 babueruntmentionem;
3016 1361 3261 1435 ideoque
3278 1363 3588 1434 majorem,

1942 1454 2290 1511 videbantur
2363 1455 2433 1511 de
2490 1454 2618 1526 ejus
2684 1452 3017 1524 suspicione
3072 1452 3241 1509 abere
3298 1452 3586 1509 rationem

1944 1544 2096 1616 quod
2128 1546 2185 1599 et
2212 1545 2298 1599 vir
2327 1543 2801 1600 eratindustrius
2831 1551 2883 1599 et
2915 1559 3031 1615 prae.
3060 1541 3284 1600 caeteris
3314 1541 3589 1599 fidelibus

1944 1632 2003 1689 in
2037 1632 2179 1688 urbe
2209 1632 2515 1705 potentior.
2548 1633 2773 1700 Quibus
2804 1632 3116 1705 praedictus
3148 1631 3413 1705 principe
3443 1649 3589 1704 quo·

189 1722 373 1780 tilium
403 1740 579 1796 quem
629 1725 899 1795 habebat,
926 1726 1040 1794 iam
1086 1726 1386 1799 puberem,
1416 1742 1485 1783 ex
1532 1743 1707 1784 causa
1736 1743 1834 1783 ur·
1866 1744 1915 1812 B
1944 1722 2257 1779 dammodo
2305 1739 2645 1796 persuasus,
2676 1738 2810 1779 eum
2842 1723 2911 1778 ad
2962 1739 3021 1779 se
3051 1721 3315 1795 praecipit
3344 1722 3589 1789 evocari,

186 1817 376 1886 gente,
406 1813 509 1870 sed
539 1813 706 1871 nobis
730 1814 975 1881 occulta,
1003 1816 1242 1873 domum
1285 1816 1567 1874 direxisse
1596 1817 1832 1885 dicitur,

187 1902 282 1974 qui
302 1899 442 1957 illuc
458 1902 802 1974 perveniens
822 1920 943 1961 rem
962 1904 1178 1961 invenit
1199 1905 1629 1962 detestabilem.
1647 1906 1833 1963 Unum

186 1989 344 2046 enim
408 1990 478 2047 de
525 1991 846 2064 majoribus
905 1993 1228 2050 Turcorum
1280 1992 1642 2065 principibus
1697 2009 1833 2050 cum

188 2084 374 2137 matre
392 2080 603 2152 reperit
631 2097 795 2152 puer,
815 2080 1021 2139 illicita
1050 2084 1243 2141 carnis
1265 2084 1469 2156 copula
1499 2084 1834 2141 commisce.

188 2169 274 2236 ri;
306 2169 462 2241 quod
509 2169 799 2227 abhorens
831 2176 889 2228 et
919 2171 1118 2230 dolore
1146 2173 1340 2230 cordis
1389 2178 1579 2231 tactus
1623 2173 1836 2230 intrin-

186 2274 375 2326 secus,
407 2259 479 2315 ad
530 2263 754 2332 patrem
807 2275 1092 2334 properus
1141 2262 1332 2331 rediit,
1355 2278 1474 2318 rem
1523 2263 1836 2319 nefandam

185 2347 446 2404 seriatim
472 2348 756 2419 pandens.
792 2347 893 2406 Ille
919 2365 1050 2405 vero
1083 2350 1214 2406 l'acti
1248 2350 1566 2407 acerbitate
1596 2367 1834 2422 permo-

186 2441 282 2491 tus
313 2441 371 2491 et
399 2434 521 2492 zelo
554 2435 808 2493 maritali
839 2453 1178 2504 succensus,
1210 2438 1423 2496 dixisse
1455 2441 1636 2496 fertur
1667 2456 1680 2494 :
1715 2440 1833 2495 Non

181 2525 389 2595 sufficit
417 2524 647 2580 canibus
670 2525 971 2582 immundis
991 2526 1136 2600 quod
1163 2543 1261 2584 nos
1284 2528 1532 2586 indebite
1553 2531 1689 2602 juqo
1707 2545 1836 2602 pre-

181 2617 343 2670 munt
382 2613 664 2671 servitutis
721 2623 774 2671 et
818 2622 1007 2673 nostra
1057 2617 1396 2690 quotidianis
1459 2620 1836 2676 exactionibus

181 2701 473 2760 debilitant
515 2705 854 2776 patrimonia
871 2724 894 2771 ,·
933 2706 1044 2763 nisi
1090 2713 1142 2763 et
1189 2708 1303 2764 tori
1350 2708 1489 2778 leues
1532 2708 1736 2763 violent
1781 2717 1836 2767 et

169 2778 311 2850 iura
355 2792 652 2850 dissolvant
699 2795 1036 2866 conjupalia.
1066 2798 1200 2863 Eoo,
1236 2795 1288 2853 si
1334 2799 1539 2864 vixero,
1573 2797 1716 2855 hanc
1744 2814 1833 2856 eo·

180 2897 328 2952 rum,
374 2889 595 2940 auctore
644 2884 897 2954 Domino,
945 2884 1269 2941 abbreviabo
1325 2885 1700 2956 insolentiam,
1749 2887 1833 2943 di·

176 2985 348 3040 9nam
398 2985 498 3043 pro
550 2970 770 3030 meritis
816 2973 1318 3044 compensationem
1365 2973 1689 3032 retribuens.
1731 2975 1834 3032 His

178 3059 373 3131 dictis,
419 3060 699 3133 injuriam
748 3061 1149 3129 dissimulans,
1192 3062 1377 3120 filium
1429 3065 1637 3121 sucreti
1683 3081 1824 3122 con-

177 3148 362 3205 scium
393 3153 452 3205 ct
479 3151 549 3206 de
578 3150 742 3207 illata
768 3152 937 3208 matri
967 3152 1331 3224 turpitudine
1361 3154 1692 3224 contusum,
1723 3172 1821 3211 so-

178 3237 281 3295 lito
313 3238 518 3296 itinere
562 3239 633 3294 ad
665 3239 967 3297 dominum
997 3240 1197 3312 dirigit
1238 3241 1669 3311 Boamundum‚
1698 3261 1826 3302 mo—

177 3343 326 3384 nens
356 3327 638 3386 attentius
663 3334 727 3386 ut
750 3331 822 3386 ad
855 3345 1003 3401 opus
1024 3330 1366 3402 praedictum
1398 3332 1667 3388 universa
1687 3349 1825 3405 prae-

178 3419 411 3487 pararet
438 3417 770 3475 necessarie
795 3434 812 3486 ;
843 3417 903 3474 in
926 3434 989 3475 se
1007 3434 1141 3475 vero
1172 3418 1394 3476 nullam
1418 3436 1546 3478 esse
1578 3438 1821 3493 moram,

178 3520 295 3577 quo
326 3504 525 3562 minus
554 3510 722 3563 nocte
772 3505 1031 3578 proxima
1081 3506 1440 3580 promissum
1488 3508 1820 3581 impleatur.

177 3592 552 3667 significabat
575 3594 960 3653 nihilominus
982 3600 1047 3653 ut
1067 3596 1221 3653 circa
1240 3596 1445 3655 horam
1467 3613 1679 3655 nonam
1703 3615 1824 3655 om·

177 3698 280 3741 nes
311 3682 602 3755 principes
645 3683 860 3757 singuli
891 3699 1024 3741 cum
1057 3702 1160 3742 suo
1209 3685 1511 3753 comitatu,
1545 3691 1822 3759 tanquam

176 3771 448 3829 hostibus
477 3772 707 3830 obviam
740 3774 1056 3845 protecturi
1086 3776 1157 3831 de
1178 3776 1385 3833 castris
1411 3775 1820 3849 egrediantur:

175 3862 329 3920 circa
359 3862 607 3935 primam
635 3878 770 3921 vero
800 3864 988 3921 noctis
1018 3864 1305 3938 vigiliam,
1328 3865 1477 3923 clam
1509 3871 1719 3924 etcum
1750 3868 1823 3924 si-

174 3950 356 4010 lentio
379 3956 754 4018 revertentes,
779 3954 963 4024 parati
992 3953 1110 4011 siut
1138 3954 1293 4012 circa
1321 3954 1511 4012 noctis
1540 3955 1818 4026 medium,

167 4040 335 4112 juxta
363 4041 491 4112 eius
519 4041 738 4098 monita
766 4058 831 4100 se
859 4042 1093 4100 habere.
1125 4048 1473 4114 susceptum
1515 4060 1650 4118 ergo
1681 4047 1822 4103 ado-

173 4128 490 4187 lescentem
524 4131 593 4187 ad
625 4131 918 4205 principes
947 4134 1154 4189 secreti
1184 4133 1447 4191 conscios
1473 4134 1698 4192 occulte
1727 4152 1820 4192 se-

174 4234 309 4274 cum
339 4218 610 4288 deducit;
644 4224 702 4277 et
729 4220 958 4278 consilii
998 4222 1265 4292 sormam,
1299 4238 1476 4295 quam
1508 4239 1611 4295 per
1655 4239 1821 4282 eum-

176 4306 309 4364 dem
333 4324 368 4363 a
389 4312 552 4379 patre
573 4314 909 4382 susceperat
930 4311 1282 4382 ordinatam,
1300 4313 1504 4385 pandit
1522 4315 1818 4372 exordine.

176 4395 276 4453 ille
306 4412 438 4453 vero
468 4398 575 4454 viri
605 4403 1011 4473 argumentum
1044 4404 1101 4457 et
1130 4401 1267 4458 fidei
1297 4406 1599 4476 stupentes
1621 4404 1820 4462 since-

1942 1829 2059 1884 quo
2089 1812 2147 1868 in
2178 1813 2304 1885 ejus
2336 1812 2645 1884 praesentia
2688 1812 3029 1885 constituto,
3060 1812 3131 1868 de
3160 1807 3366 1869 eode'm
3417 1812 3588 1870 verbo

1938 1916 2137 1956 coram
2168 1915 2235 1956 eo
2254 1902 2428 1971 coepit
2450 1901 2715 1957 studiose
2739 1901 2892 1958 idem
2928 1901 3258 1958 continuari
3279 1904 3588 1969 tractatus,

1939 1993 2005 2047 ut
2034 1991 2161 2060 ejus
2192 2006 2370 2063 super
2416 1990 2525 2047 hoc
2556 1989 2870 2048 consilium
2919 1990 3256 2059 audiretur3
3289 1998 3342 2048 et
3387 1991 3590 2064 depre-

1941 2077 2296 2136 henderetur
2321 2095 2390 2136 ex
2419 2080 2544 2151 ejus
2571 2081 2745 2136 verbo
2777 2080 3105 2150 manifeste,
3136 2083 3332 2138 utrum
3382 2081 3591 2138 merito

1942 2171 2250 2239 suspectus
2279 2174 2430 2225 esset
2460 2168 2544 2226 vel
2576 2184 2713 2225 non.
2736 2169 3029 2243 Contingit
3073 2176 3293 2239 autem,
3324 2169 3479 2227 sicut
3507 2171 3592 2227 vir

1943 2255 2265 2314 industrius
2331 2264 2467 2325 erat,
2517 2261 2575 2314 et
2621 2257 2824 2315 celeris
2887 2258 3050 2316 valde
3098 2258 3587 2331 perspicacitatis,

1943 2344 2099 2417 quod
2140 2345 2403 2417 protinus
2434 2346 2701 2419 cognovit
2729 2346 2887 2420 quod
2924 2348 3049 2420 ejus
3081 2348 3269 2421 gratia
3315 2347 3416 2405 ille
3454 2348 3590 2406 talis

1946 2432 2255 2491 baberetur
2283 2440 2622 2504 conventus,
2645 2437 2798 2509 quod
2832 2438 2986 2509 apud
3018 2453 3116 2494 eos
3147 2442 3456 2509 suspectus
3486 2438 3589 2497 ha-

1944 2523 2218 2591 beretur;
2253 2525 2429 2594 unde,
2462 2529 2526 2581 ut
2552 2526 2867 2583 artificiose
2896 2526 3108 2584 celaret
3136 2527 3503 2600 propositum
3535 2532 3593 2585 et

1943 2626 2007 2668 se
2037 2611 2190 2682 apud
2218 2627 2316 2668 eos
2338 2617 2619 2670 assereret
2648 2613 3037 2685 innocentem,
3064 2615 3248 2672 l'ertur
3266 2616 3478 2675 dixisse
3499 2617 3592 2676 bis

1943 2700 2046 2773 qui
2068 2705 2462 2758 convenerant
2482 2706 2547 2758 ut
2566 2707 2857 2761 tentarent
2878 2708 2940 2760 ut
2960 2721 3090 2762 eum
3109 2722 3122 2760 ε
3141 2703 3593 2764 Sollicitudinem

1942 2789 2159 2862 peritis,
2190 2790 2299 2847 viri
2339 2793 2671 2849 venerabiles
2714 2796 2764 2849 et
2812 2793 2976 2866 liujus
3020 2794 3263 2852 civitatis
3304 2798 3590 2868 principes

1940 2879 2198 2949 maximi,
2227 2880 2385 2936 valde
2432 2882 2940 2952 commendabilem,
2993 2893 3043 2942 et
3087 2902 3205 2959 quae
3251 2886 3488 2944 nonnisi
3531 2890 3590 2943 in

1939 2969 2207 3041 prudente
2234 2970 2411 3028 locum
2439 2976 2610 3043 potest
2639 2971 2852 3029 habere.
2887 2973 3202 3033 Prudenter
3228 2976 3390 3034 enim
3421 2977 3588 3035 time·

1940 3064 2058 3116 tur.
2091 3060 2246 3133 quod
2276 3060 2534 3118 accidere
2563 3066 2787 3134 potest;
2820 3067 2877 3120 et
2904 3065 3215 3123 abundans
3246 3067 3307 3124 in
3339 3083 3399 3124 re
3429 3067 3583 3141 capi·

1937 3149 2040 3205 tali
2070 3148 2291 3206 cautela
2320 3166 2438 3209 nou
2467 3156 2654 3208 nocet.
2690 3151 2837 3210 Unde
2880 3170 2989 3209 non
3023 3153 3134 3211 levi
3183 3162 3337 3213 motu
3373 3156 3586 3216 inducti

1932 3254 2045 3294 esse
2091 3237 2377 3307 videmini,
2410 3249 2471 3295 ut
2522 3256 2620 3312 pro
2651 3242 2929 3314 libertate,
2954 3245 3091 3312 vita,
3123 3245 3394 3303 uxoribus
3418 3254 3478 3303 et
3509 3245 3579 3302 li-

1936 3326 2080 3383 beris
2126 3328 2270 3384 lianc
2314 3328 2518 3398 peratis
2557 3328 3009 3388 sollicitudinem.
3041 3335 3137 3389 Est
3167 3341 3369 3402 tamen,
3399 3338 3456 3392 si
3485 3351 3581 3394 no-

1931 3425 2047 3471 stro
2069 3415 2235 3472 vultis
2264 3417 2601 3488 acquiescere
2630 3418 2881 3480 consilio,
2904 3421 2997 3477 via
3018 3423 3398 3495 compendiosa
3420 3427 3578 3496 satis,

1934 3521 2042 3577 qua
2087 3505 2215 3562 huic
2250 3506 2435 3563 morbo
2481 3522 2640 3580 quem
2690 3514 2981 3565 venturum
3027 3512 3363 3584 formidatis,
3412 3518 3581 3586 possit

1932 3594 2260 3651 conveniens
2284 3598 2470 3668 aptari
2498 3596 2821 3667 remedium,
2851 3605 2906 3654 et
2935 3615 3070 3656 cura
3098 3607 3402 3673 competens
3428 3602 3579 3659 adlei-

1934 3684 2070 3740 beri.
2106 3690 2220 3741 Hoc
2249 3688 2530 3753 neqotium
2559 3696 2672 3744 tam
2710 3688 3043 3747 dedestabile
3070 3692 3211 3764 quod
3239 3694 3317 3749 ita
3341 3694 3581 3766 pruden-

1932 3779 2013 3830 ter
2039 3776 2309 3831 veremini
2334 3791 2486 3847 posse
2514 3777 2778 3841 accidere,
2810 3779 3129 3836 nullatenus
3160 3786 3337 3855 potest
3363 3784 3581 3857 effectui

1931 3864 2254 3936 mancipari,
2297 3866 2410 3920 nisi
2442 3880 2545 3937 per
2588 3882 2781 3923 eorum
2825 3884 3067 3941 operam,
3099 3872 3197 3943 qui
3243 3873 3498 3931 turribus
3525 3878 3582 3931 et

1931 3956 2107 4011 muris
2136 3963 2266 4011 sunt
2306 3957 2556 4028 praesecti
2584 3963 2636 4014 et
2677 3958 2748 4014 ad
2773 3967 3066 4031 portarum
3112 3961 3360 4036 deputati
3403 3971 3578 4023 custo·

1929 4040 2099 4099 diam.
2134 4043 2288 4113 Quod
2316 4044 2368 4101 si
2395 4045 2462 4102 de
2489 4061 2678 4103 eorum
2695 4046 3017 4107 sinceritate
3060 4050 3335 4123 diffiditis,
3364 4058 3580 4112 muten-

1930 4139 2024 4189 tur
2047 4134 2416 4206 srequentius,
2447 4151 2516 4192 ne
2558 4138 2619 4192 in
2655 4136 2842 4210 aliquo
2884 4143 3028 4196 certo
3077 4138 3195 4199 loco
3231 4158 3447 4200 moram
3487 4148 3577 4218 sa·

1928 4222 2134 4279 cientes
2162 4223 2512 4296 diuturnam,
2550 4226 2918 4297 perniciosam
2943 4244 3067 4285 cum
3096 4230 3336 4288 hostibus
3363 4235 3577 4305 possint

1929 4313 2258 4371 contrahere
2284 4315 2745 4385 familiaritatem.
2767 4318 3089 4385 Huiusmodi
3116 4322 3266 4377 enim
3294 4325 3578 4394 nepotium

1928 4416 2038 4458 non
2065 4403 2233 4473 facile
2260 4403 2580 4475 absolvitur,
2607 4404 2701 4461 sed
2742 4410 3000 4478 temporis
3029 4408 3238 4480 indiae!
3283 4411 3579 4470 diuturni·

174 4484 422 4554 ritatem,
458 4487 767 4545 consilium
796 4489 1157 4562 approbant;
1191 4494 1247 4547 et
1275 4491 1356 4548 ita
1383 4491 1510 4548 fleri
1555 4499 1820 4564 oportere
1847 4484 1895 4549 D
1926 4495 2036 4548 tate
2053 4509 2076 4556 ,·
2104 4507 2204 4549 nec
2229 4507 2393 4565 penes
2438 4495 2707 4567 privatem
2751 4512 3042 4568 personam
3071 4504 3238 4557 tantoe
3287 4504 3369 4559 rei
3387 4508 3579 4575 potest

174 4575 564 4636 consentiunt.

756 4667 992 4725 CAPUT
1030 4667 1229 4728 xv111.

174 4754 320 4814 Cives
337 4756 668 4829 praedictum
695 4758 878 4814 virum
895 4763 1201 4830 suspectum
1229 4757 1471 4822 habent,-
1500 4762 1614 4831 ipse
1631 4773 1817 4818 coram

430 4830 685 4903 principe
710 4846 867 4887 suam
897 4831 1145 4887 declarat
1175 4832 1565 4887 innocentiam.

241 4934 470 4992 Accidit
487 4940 685 4995 autem
717 4954 821 5011 per
841 4938 1077 4997 eosdem
1107 4937 1232 4995 dies
1253 4938 1554 5011 quiddam,
1580 4941 1732 5012 quod
1754 4942 1814 4999 in

171 5021 491 5095 majoribus
510 5026 757 5098 negotiis
787 5026 934 5085 solet
954 5027 1288 5101 contingere
1319 5028 1706 5102 frequentius.
1729 5031 1816 5089 Ci-

167 5114 328 5171 vium
349 5112 506 5170 enim
534 5119 810 5173 eteorum
840 5120 1091 5176 maxime
1110 5119 1212 5192 qui
1243 5135 1442 5178 curam
1464 5121 1628 5178 urbis
1656 5136 1812 5193 gere·

168 5205 312 5264 bant
356 5203 774 5278 proposiorem,
815 5207 987 5278 coepit
1040 5209 1270 5266 animus
1324 5210 1652 5284 praesagire,
1696 5227 1811 5270 non

168 5310 242 5352 ex
269 5294 569 5367 aliquibus
596 5293 962 5353 evidentibus
993 5296 1246 5367 indiciis,
1267 5300 1367 5357 sed
1400 5300 1587 5373 magis
1616 5316 1687 5358 ex
1716 5317 1814 5358 su-

169 5383 450 5457 spicione,
475 5384 629 5457 quod
658 5384 732 5441 de
761 5385 906 5442 urbe
935 5387 1215 5445 tradenda
1244 5388 1468 5447 occulte
1496 5388 1811 5450 baberetur

169 5477 450 5531 tractatus
472 5492 487 5543 ;
514 5473 805 5547 coepitque
824 5492 1017 5535 sermo
1037 5477 1148 5535 iste
1167 5476 1229 5533 in
1250 5480 1514 5537 omnium
1544 5497 1644 5538 ore
1662 5497 1811 5554 pene

167 5562 404 5622 versari.
433 5565 599 5621 Unde
625 5564 1031 5626 convenientes
1079 5566 1403 5627 adinvicem
1446 5570 1698 5642 majores
1727 5570 1808 5629 ci-

1930 4583 2224 4638 consistere
2259 4589 2616 4651 momentum,
2649 4587 2759 4641 nisi
2785 4596 2838 4641 et
2876 4586 2944 4643 de
2991 4589 3296 4660 majoribus
3331 4593 3578 4650 civitatis

1925 4672 2053 4741 pari
2078 4672 2339 4740 [actionis
2374 4672 2577 4728 scelere
2620 4674 2869 4746 corrupti
2912 4678 3255 4750 muneribus,
3280 4683 3576 4742 involvan-

1926 4762 2037 4814 tur.
2073 4762 2307 4817 Mutatio
2335 4776 2459 4819 vero
2506 4760 2627 4820 liaec
2654 4768 2943 4836 repentina
2971 4770 3024 4823 et
3060 4771 3337 4843 frequens,
3362 4790 3577 4833 omnem

1927 4846 2243 4916 huiusmodi
2278 4851 2601 4922 periculosae
2631 4853 3019 4922 nepotiationis
3045 4862 3355 4930 amputabit
3381 4880 3577 4938 oppor-

1927 4939 2239 4999 tunitatem.
2291 4945 2419 5001 Haec
2462 4960 2595 5001 cum
2645 4946 2908 5013 dixisset,
2959 4945 3356 5009 innocentiam
3406 4954 3573 5015 visus

1925 5033 2016 5086 est
2062 5032 2382 5090 astruxisse
2428 5050 2621 5103 suam,
2651 5039 2707 5092 et
2752 5036 3146 5109 suspicionem
3177 5057 3355 5114 quam
3401 5045 3473 5102 de
3503 5061 3571 5103 eo

1924 5126 2330 5195 conceperant,
2361 5123 2732 5196 aliquatenus
2761 5126 3082 5198 mitigasse.
3116 5134 3339 5190 Placuit
3370 5135 3573 5209 itaque

1922 5212 2049 5284 ejus
2076 5229 2270 5271 sermo
2317 5219 2373 5271 et
2402 5215 2461 5271 in
2501 5215 2689 5272 oculis
2731 5217 2999 5276 omnium
3029 5221 3194 5280 visus
3217 5232 3303 5281 est
3336 5226 3571 5302 bonus;

1920 5299 2246 5374 fuissetque
2276 5304 2475 5360 statim
2503 5303 2731 5361 effectui
2762 5307 3163 5382 mancipatum
3209 5313 3338 5383 eius
3366 5318 3565 5375 consi-

1921 5388 2092 5460 lium,
2116 5392 2225 5448 nisi
2255 5392 2396 5465 quia
2416 5396 2581 5451 nocte
2601 5394 2859 5452 irruente
2882 5397 3003 5454 dies
3023 5399 3150 5471 jam
3179 5400 3571 5466 declineverat

1918 5480 1999 5539 lta
2027 5485 2094 5538 ut
2122 5498 2495 5556 nequaquam
2525 5485 2678 5541 circa
2717 5485 2876 5545 urbis
2923 5491 3141 5548 statum
3171 5495 3336 5550 tante
3365 5504 3570 5567 posset

1920 5569 2046 5631 fieri
2073 5573 2338 5633 mutatio.
2360 5574 2508 5633 Cura
2532 5577 2726 5635 tamen
2749 5575 2914 5650 vigili
2943 5582 3002 5637 et
3028 5584 3229 5641 exacta
3260 5583 3567 5658 diligentia
