3784 6000
246 192 366 269 463

1313 184 1741 251 sumuntur
1781 184 2171 249 'fratensis
2215 186 2578 267 Attumne.

3455 192 3466 199 ’
3529 194 3651 281 {6⁴

248 322 507 394 possent,
555 333 696 374 suas
724 331 859 372 vero
897 313 1262 371 conditiones
1291 314 1529 373 reddere
1576 316 1885 384 meliores3
1921 318 1979 383 A
2008 314 2144 371 viris
2173 315 2543 387 quibusdam,
2575 312 2791 386 quibus
2812 314 3068 385 idipsum
3089 315 3263 375 officii
3292 322 3441 390 erat,
3472 321 3655 392 regio·

249 409 397 464 nihil
428 414 626 465 tamen
658 411 774 463 toto
803 404 902 461 illo
935 403 1139 460 itinere
1172 405 1556 477 profecerunt,
1589 405 1701 461 nisi
1733 406 1887 477 quod

249 497 324 555 de
351 495 522 554 bonis
544 495 802 553 hostium
826 509 910 561 se,
935 508 1118 564 equos
1145 499 1202 548 et
1225 494 1497 564 jumenta
1517 493 1888 550 exhibebant.

247 583 604 658 Praecognito
638 583 795 640 enim
843 597 1049 639 eorum
1080 582 1355 651 adventu,
1390 582 1642 654 regionis
1689 581 1889 639 incoiae

249 677 321 734 ad
355 678 580 731 montes
607 672 920 745 impervios
941 675 997 729 et
1027 675 1265 727 assueta
1289 673 1672 743 confugerant
1691 670 1889 744 praesi-

247 764 366 835 dia,
396 763 478 820 ita
506 767 571 819 ut
603 762 934 818 universam
989 760 1174 816 nostri
1221 760 1665 817 deambulantes
1697 762 1889 832 regio-

248 868 408 922 nem,
454 867 696 908 vacuam
727 853 787 906 et
815 848 942 905 sine
987 847 1214 904 cultore
1259 848 1597 920 reperirent.
1632 848 1889 904 Tandem

243 943 448 1001 videns
476 940 754 999 dominus
784 955 980 995 comes
998 938 1150 1010 quod
1186 954 1298 994 non
1333 938 1636 1010 proficeret
1656 943 1712 992 et
1735 939 1887 1008 quod

245 1031 579 1090 Nativitatis
621 1029 941 1086 Dominicae
969 1027 1304 1084 immineret
1331 1026 1691 1092 solemnitas,
1727 1043 1892 1083 eam·

246 1123 376 1180 dem
425 1120 578 1177 viam
624 1135 744 1192 qua
798 1119 1030 1174 venerat
1075 1132 1401 1185 remensus,
1449 1133 1531 1172 xtt
1580 1115 1704 1178 Kal.
1752 1116 1885 1172 Jan.

244 1211 338 1268 die
374 1212 518 1267 testo
547 1209 732 1266 sancti
761 1207 997 1263 Thomae
1036 1204 1304 1278 apostoli,
1345 1207 1765 1280 Jerosolymam
1798 1205 1888 1261 in-

245 1315 483 1375 gressus
511 1307 615 1356 est.
867 1366 1101 1424 CAPUT
1143 1369 1244 1431 IX·

241 1461 654 1519 Reconcilitatis
701 1457 1005 1514 adinvicem
1034 1457 1358 1526 patrum-cha
1388 1464 1440 1514 ee
1467 1459 1683 1528 comite,
1714 1472 1889 1514 comes

774 1532 832 1585 in
864 1544 1043 1600 regem
1073 1531 1384 1607 inurgqitur.

309 1626 475 1682 Anno
494 1621 670 1693 igitur
686 1621 758 1677 ab
779 1619 1181 1676 lucar-natione
1193 1619 1424 1675 Domini
1444 1619 1600 1680 1101,
1628 1620 1882 1677 reconci-

238 1710 740 1771 liatisadinvicem
765 1707 998 1765 domino
1017 1706 1347 1763 Daimberto
1373 1708 1702 1780 patriarcha
1723 1716 1777 1763 et
1797 1708 1888 1763 do-

241 1805 400 1860 mino
419 1800 628 1857 comite
647 1798 960 1864 Balduido,
990 1813 1092 1869 per
1111 1799 1500 1869 quorumdam
1530 1799 1884 1868 prudentum

238 1888 760 1948 commendabilem
777 1887 1192 1954 interventum,
1212 1887 1268 1941 in
1289 1887 1382 1942 die
1396 1890 1596 1942 sancto
1609 1885 1885 1942 Nativita-

237 1981 312 2038 tis
339 1978 677 2048 Dominicae,
711 1980 769 2034 in
809 1977 1053 2033 ecclesia
1089 1975 1520 2043 Bethlemitica,
1554 1976 1882 2032 astantibus

235 2071 389 2129 clero
437 2074 495 2127 et
543 2066 774 2141 populu,
826 2064 1219 2122 Ecclesiarum
1269 2081 1503 2138 quoque
1545 2065 1797 2138 praelatis
1827 2070 1881 2120 et

234 2161 396 2235 regni
430 2157 815 2232 principibus,
846 2160 1221 2213 consecratus
1253 2160 1360 2222 est,
1391 2163 1447 2211 et
1477 2156 1534 2209 in
1565 2170 1756 2225 regem
1790 2155 1882 2211 in-

233 2254 462 2317 unctus,
508 2264 608 2318 per
639 2260 875 2300 manum
927 2243 1150 2299 domini
1200 2242 1523 2299 Daimberti
1577 2244 1878 2300 memorati

230 2336 594 2410 patriarchae,
622 2333 896 2389 dominus
920 2331 1241 2388 Balduinus
1274 2338 1329 2388 et
1360 2334 1517 2403 regio
1550 2332 1878 2389 diademate

230 2425 572 2484 solemniter
602 2422 918 2477 laureatus.

879 2507 1108 2565 CAPUT
1148 2512 1218 2565 X.

232 2600 539 2661 Tanai-edus
557 2598 759 2656 veteris
792 2614 997 2653 memor
1026 2599 1274 2665 iniuriae,
1330 2599 1398 2654 ab
1436 2613 1495 2654 eo
1520 2598 1774 2667 discedit,
1802 2598 1871 2655 ab

736 2670 1083 2725 Antiochcnis
1120 2680 1358 2724 vocatus.

297 2763 546 2822 Domino
591 2761 788 2833 itaque
839 2758 1141 2824 Balduin0,
1179 2762 1242 2814 ut
1271 2757 1608 2831 praedictum
1642 2763 1752 2827 est,
1781 2776 1872 2818 re-

227 2855 327 2929 gni
369 2853 578 2910 solium
627 2849 921 2906 obtinente
952 2852 1009 2903 et
1036 2847 1096 2902 in
1129 2863 1305 2920 regno
1354 2849 1714 2914 confirmato,
1766 2850 1869 2905 do-

225 2943 425 3002 minus
469 2941 820 3009 Tancredus,
869 2937 1096 3011 inclytae
1145 2936 1558 2993 recordationis
1588 2942 1646 2993 et
1675 2938 1779 3010 pioe
1810 2938 1866 2994 in

222 3035 452 3091 Christo
519 3013 809 3088 memoriae
864 3028 1089 3097 iniurias
1154 3044 1378 3084 memor
1424 3045 1602 3102 quam
1650 3031 1721 3086 ab
1769 3047 1866 3087 eo-

222 3125 353 3180 dem
401 3120 636 3177 domino
687 3117 972 3174 Balduino
1018 3117 1171 3188 apud
1204 3118 1441 3173 Tarsum
1475 3117 1684 3175 Ciliciis
1717 3137 1863 3192 proe·

221 3216 313 3268 ter
353 3209 557 3265 merita
607 3222 818 3280 passus
869 3205 1072 3273 suerat,
1122 3204 1276 3262 sicut
1304 3206 1391 3262 vir
1420 3207 1726 3278 religiosus
1755 3218 1874 3265 erat

224 3307 277 3356 et
326 3298 572 3371 propriae
624 3300 846 3351 amator
889 3293 1280 3360 conscientias,
1333 3294 1548 3351 timens
1587 3296 1640 3352 ei
1681 3295 1873 3369 aliquo

226 3387 524 3444 fidelitatis
554 3384 802 3457 obligari
836 3384 1086 3452 vinculo,
1116 3399 1290 3456 quem
1326 3401 1440 3440 uon
1468 3390 1691 3456 poterat
1730 3402 1876 3458 pura

226 3477 507 3534 charitate
538 3475 800 3547 diligere,
853 3474 1059 3530 urbem
1108 3472 1581 3532 Tiberiadensem
1614 3476 1788 3532 simul
1819 3482 1876 3532 et

229 3566 544 3640 Csypham,
594 3580 721 3636 quae
767 3562 1013 3620 illustris
1060 3564 1355 3619 memoriae
1386 3564 1661 3619 dominus
1692 3564 1887 3640 Cede-⁸

228 3655 417 3713 fridus
445 3655 518 3713 ob
544 3652 800 3724 insignia
828 3651 953 3723 ejus
985 3652 1195 3708 merita
1212 3652 1263 3709 ei
1295 3650 1611 3709 liberaliter
1641 3668 1874 3710 conces·

229 3747 407 3811 serat,
439 3744 498 3800 in
530 3758 739 3798 manus
779 3741 1003 3797 domini
1035 3739 1187 3812 regie
1221 3740 1536 3813 resignavit
1569 3758 1582 3797 ε
1615 3750 1876 3812 sumpta·

231 3851 345 3908 que
389 3832 646 3899 licentia,
703 3832 1027 3887 discessum
1081 3830 1207 3901 ejus
1262 3831 1504 3888 moleste
1550 3832 1880 3889 ferentibus

231 3922 548 3991 universis,
596 3920 667 3976 ad
718 3928 910 3992 partes
974 3920 1215 3977 secessit
1258 3920 1670 3976 Antiochense.
1719 3922 1880 3995 Saepe

232 4013 389 4069 enim
437 4016 494 4067 et
542 4010 755 4079 saepius
805 4010 876 4065 ab
925 4010 1190 4081 ejusdem
1234 4008 1881 4082 regionisprincipibus

231 4108 503 4158 evocatus
567 4099 777 4165 tuerat,
837 4105 902 4153 ut
960 4114 1148 4170 usque
1206 4100 1276 4154 acl
1338 4098 1585 4155 reditum
1658 4100 1881 4157 domini

231 4187 574 4252 Bosmundi,
622 4185 673 4241 si
718 4186 947 4255 quando
998 4202 1133 4242 eum
1184 4188 1470 4243 Dominus
1535 4189 1605 4244 de
1657 4206 1884 4247 carcere

231 4278 479 4333 educere
525 4273 881 4345 dignaretur,
935 4275 1292 4348 principatus
1343 4293 1544 4334 curam
1578 4293 1801 4349 gereret
1827 4283 1886 4336 et

233 4363 714 4430 sollicitudinem,
747 4366 1030 4434 tanquam
1066 4363 1115 4419 is
1146 4365 1215 4419 ad
1247 4381 1423 4437 quem
1457 4367 1677 4439 dejure
1707 4368 1885 4427 haere-

1999 420 2138 460 num
2208 404 2582 460 finitimarum
2623 408 2863 472 statum,
2915 408 2975 478 et
3021 404 3284 464 hostium
3343 408 3653 482 explorare

1998 493 2252 561 infirma,
2307 492 2464 565 quod
2519 508 2636 561 rex,
2692 497 3008 550 convocata
3073 494 3358 559 seoretius
3417 497 3651 572 ingenti

2001 583 2230 653 militia,
2258 583 2567 639 Iordanem
2599 581 2912 653 transiens,
2959 581 3108 640 ssnes
3136 585 3394 644 Arabum
3423 586 3651 662 ingres·

2001 686 2104 726 sus
2131 674 2258 739 est3
2293 672 2351 725 et
2380 669 2771 741 pertransiens
2801 686 2990 743 usque
3024 672 3099 726 ad
3129 671 3410 731 interiora
3440 676 3652 735 solitu-

2000 759 2177 827 dinis,
2203 775 2374 831 quam
2408 760 2720 832 praedictus
2745 757 2998 832 populus
3019 760 3168 818 solet
3191 761 3550 836 inhabitare,
3577 769 3650 826 ad

2000 846 2189 904 locum
2224 849 2485 920 pervenit
2522 848 2921 917 destinatum;
2974 849 3071 905 ubi
3123 857 3299 908 noctu
3346 857 3404 911 et
3450 856 3652 915 subito

2001 953 2176 1008 super
2215 937 2481 993 incautos
2520 938 2768 1008 irruens,
2800 939 2859 992 in
2895 937 3040 1010 ipsis
3069 955 3266 997 eorum
3300 943 3650 1003 tabernacu-

2002 1027 2073 1083 tis
2104 1029 2176 1084 de
2204 1027 2342 1083 viris
2373 1026 2710 1097 nonnullos,
2763 1043 2973 1084 uxores
3017 1044 3154 1085 vero
3202 1046 3334 1087 oum
3385 1034 3646 1104 parvulis

2000 1117 2303 1184 universio,
2335 1121 2393 1173 et
2421 1132 2656 1174 omnem
2688 1133 2887 1174 eorum
2931 1119 3326 1178 substantiam
3354 1122 3470 1180 sibi
3501 1125 3649 1182 fece-

1999 1212 2140 1264 runt
2167 1207 2226 1263 in
2258 1208 2538 1278 praedam,
2586 1208 2881 1263 trahentes
2930 1224 3129 1266 secum
3170 1211 3358 1284 spolia
3387 1212 3642 1287 influit-a,

1998 1296 2353 1354 camelorum
2377 1311 2607 1368 quoque
2628 1300 2683 1352 et
2700 1295 2996 1353 asinorum
3021 1298 3454 1360 multitudinem
3472 1301 3641 1362 inau-

1998 1387 2202 1443 ditam.
2251 1386 2371 1441 Viri
2420 1393 2615 1442 autem
2661 1402 2728 1442 ex
2779 1388 3031 1459 plurima
3079 1393 3260 1460 parte,
3310 1391 3385 1449 de
3412 1398 3640 1453 remoto

1996 1478 2313 1535 sentientes
2344 1482 2678 1533 nostrorum
2725 1476 3062 1545 adventum,
3108 1495 3390 1552 equorum
3419 1484 3642 1542 veloci-

1996 1572 2111 1623 tate
2142 1566 2314 1639 rapti,
2348 1567 2417 1623 ad
2453 1565 2727 1623 ulteriora
2775 1567 2986 1623 deserti
3031 1568 3168 1642 suga
3197 1572 3446 1629 salutem
3476 1591 3639 1646 quai·

1918 1690 1966 1757 B
1998 1662 2189 1758 rentes
2220 1673 2282 1712 se
2311 1657 2681 1712 contulerunt
2713 1674 2727 1713 :
2771 1657 3038 1727 tentoria,
3072 1675 3280 1716 uxores
3309 1665 3367 1717 et
3396 1661 3635 1732 liberos,

1995 1745 2174 1801 simul
2203 1750 2259 1801 et
2288 1761 2521 1802 omnem
2571 1745 2963 1803 substantiam
3013 1764 3177 1804 suam
3231 1749 3500 1809 hostibus
3529 1769 3639 1810 ex·

1995 1840 2295 1905 ponentes.
2343 1835 2569 1890 Accidit
2607 1840 2800 1892 autem
2850 1837 3002 1908 quod
3036 1838 3176 1893 dum
3226 1839 3285 1894 in
3335 1841 3640 1900 redeundo

1992 1931 2259 1981 armenta
2288 1930 2343 1981 et
2376 1924 2666 1997 mancipia
2697 1933 2828 1982 ante
2861 1943 2923 1982 se
2954 1927 3252 1985 trahentes
3295 1930 3639 2002 proficisce-

1993 2020 2215 2081 rentur,
2246 2016 2504 2085 quaetlom
2545 2013 2790 2070 illustris
2822 2015 3059 2083 femina,
3092 2017 3399 2089 cujusdam
3435 2022 3637 2096 magni

1990 2107 2047 2159 et
2081 2103 2328 2172 potentis
2381 2103 2660 2174 principis
2708 2120 2869 2162 uxor:
2912 2105 2968 2161 in
2999 2107 3202 2163 eadem
3252 2109 3638 2184 transmigra-

1992 2192 2163 2261 tione,
2220 2192 2451 2248 casibus
2511 2192 2770 2250 involuta
2841 2195 3275 2261 communibus,
3324 2199 3635 2258 inciderat.

1991 2281 2132 2336 Huic
2182 2282 2498 2352 praegnanti
2547 2291 2747 2354 partus
2793 2283 3139 2340 imminebat
3184 2287 3333 2352 dies,
3367 2288 3448 2344 ita
3478 2289 3634 2348 utin

1984 2368 2113 2442 ipso
2144 2371 2371 2439 itinere,
2405 2389 2519 2442 prae
2548 2371 2763 2429 doloris
2797 2371 3073 2429 deficiens
3107 2379 3397 2446 angustia.
3431 2378 3630 2450 qualis

1985 2458 2136 2515 solet
2164 2476 2291 2517 esse
2332 2462 2729 2532 parturientis,
2773 2467 3000 2534 partum
3032 2464 3297 2521 ediderit.
3328 2466 3494 2532 Quod
3525 2486 3629 2526 au-

1984 2548 2152 2603 diens
2201 2565 2322 2615 rex,
2370 2551 2637 2621 proecepit
2667 2567 2792 2607 eam
2825 2553 2894 2607 de
2925 2552 3147 2609 camelo
3193 2555 3285 2611 cui
3334 2554 3628 2615 insidebat

1984 2635 2193 2707 deponi
2224 2643 2279 2694 et
2311 2639 2381 2693 de
2411 2638 2616 2709 spoliis
2637 2640 2693 2695 in
2718 2644 2870 2695 terra
2903 2641 3116 2698 lectum
3149 2644 3335 2711 parari
3367 2661 3626 2704 commo·

1981 2725 2120 2781 dum
2153 2743 2255 2799 pro
2306 2731 2585 2800 tempore,
2632 2728 2881 2800 datoque
2931 2728 3059 2787 cibo
3088 2735 3145 2787 et
3176 2732 3404 2791 utribus
3452 2751 3621 2808 aquo

1978 2812 2243 2884 duobus;
2275 2817 2413 2873 data
2459 2817 2630 2873 etiam
2679 2817 2753 2888 ei,
2813 2821 3129 2875 secundum
3179 2823 3333 2893 quod
3374 2824 3617 2897 optavit.

1978 2904 2211 2970 ancilla,
2236 2912 2294 2961 et
2318 2907 2543 2962 duabus
2572 2908 2834 2976 camelis,
2869 2910 2939 2965 de
2967 2925 3217 2981 quarum
3251 2910 3399 2967 lacte
3427 2914 3623 2972 nutri·

1975 3000 2156 3065 retur,
2196 2997 2530 3068 designatis,
2585 2997 2859 3054 mantello
2889 3015 3012 3069 suo,
3046 3016 3163 3072 quo
3194 3007 3320 3058 erat
3348 3003 3624 3075 indutus,

1898 3070 1941 3138 C
1979 3102 2106 3142 eam
2140 3086 2462 3160 involvens,
2507 3087 2769 3156 dimisit3
2801 3093 2858 3143 et
2886 3104 3018 3145 cum
3048 3092 3298 3147 exercitu
3342 3108 3452 3149 suo
3482 3110 3623 3167 pro-

1979 3176 2158 3232 fectus
2210 3181 2317 3233 est.
2367 3177 2582 3233 Eadem
2614 3193 2746 3233 vero
2788 3177 2881 3233 die
2909 3177 2997 3233 vel
3031 3180 3323 3251 sequenti,
3365 3197 3621 3257 magnus

1977 3265 2076 3323 ille
2106 3268 2362 3323 Arabum
2396 3272 2649 3338 satrapa,
2681 3283 2815 3323 cum
2841 3268 3024 3324 multo
3045 3285 3288 3326 suorum
3319 3271 3624 3345 comitatu,

1981 3356 2265 3413 exercitus
2296 3357 2471 3412 nostri
2502 3360 2570 3412 de
2602 3373 2758 3414 more
2790 3357 2981 3429 gentis
3010 3374 3131 3415 suas
3161 3376 3414 3433 sequens
3441 3363 3627 3420 vesti·

1982 3445 2099 3516 gia,
2130 3445 2331 3501 dolens
2360 3451 2418 3501 et
2448 3445 2627 3501 tristis
2659 3447 2993 3515 admodum,
3026 3448 3185 3519 quod
3216 3466 3473 3522 uxorem,
3511 3469 3631 3510 mo·

1986 3534 2160 3590 bilem
2200 3540 2527 3592 matronam
2560 3536 2700 3591 etin
2737 3536 2997 3607 proximo
3045 3538 3359 3607 parituram
3410 3542 3628 3600 amise-

1985 3629 2095 3692 rat,
2148 3625 2368 3696 reliqua
2414 3625 2612 3680 omnia
2643 3628 2804 3698 quasi
2837 3643 2940 3698 pro
2971 3627 3153 3685 nihilo
3202 3629 3445 3700 ducens,
3485 3648 3627 3690 casu

1987 3713 2044 3768 in
2080 3729 2316 3769 uxorem
2350 3714 2429 3769 sic
2454 3715 2744 3784 jacentem
2779 3716 2986 3773 incidit
3018 3733 3032 3772 t
3066 3716 3380 3791 vidensque
3400 3724 3461 3777 et
3499 3725 3633 3779 stu·

1988 3819 2131 3877 pens
2184 3803 2605 3860 humanitatem
2659 3822 2772 3877 qua
2819 3821 2958 3879 erga
3014 3824 3139 3864 eam
3191 3809 3468 3867 dominus
3530 3828 3632 3868 rex

1990 3893 2405 3962 abundaverat,
2457 3896 2628 3967 coepit
2682 3912 2868 3968 usque
2915 3897 2985 3953 ad
3038 3898 3232 3954 sidera
3287 3899 3630 3959 Latinorum

1990 3999 2203 4040 nomen
2235 3993 2288 4040 et
2319 3983 2568 4040 maxime
2596 3985 2818 4041 domini
2858 3987 3014 4058 regis
3044 3987 3415 4046 clementiam
3447 3990 3632 4048 extol-

1993 4074 2109 4132 lere
2139 4093 2154 4142 ;
2188 4078 2245 4129 et
2272 4075 2456 4131 eidem
2485 4075 2557 4131 de
2598 4082 2825 4142 caetero,
2871 4081 3155 4148 quantum
3208 4084 3451 4150 poterat.
3505 4095 3633 4138 esse

1994 4164 2203 4232 tidelis,
2253 4163 2401 4220 sicut
2435 4165 2803 4234 postmodum
2837 4165 2892 4220 iu
2924 4164 3110 4222 multo
3142 4168 3510 4226 necessitatis
3541 4185 3631 4227 ar·

1993 4254 2172 4310 ticulo
2201 4254 2451 4312 evidenti
2480 4254 2828 4327 significavit
2867 4263 3231 4329 argumento.

2611 4361 2843 4420 CAPUT
2882 4364 3010 4421 XII.

233 4452 467 4524 ditari0‚
498 4452 549 4508 si
579 4451 818 4508 domino
869 4451 1210 4509 Boamundo
1258 4455 1446 4510 redire
1477 4471 1591 4512 non
1623 4458 1877 4526 daretur,
1910 4449 1956 4515 D
1988 4452 2277 4514 Princivex
2321 4453 2684 4509 occidentales
2730 4454 2928 4510 iterum
2967 4454 3036 4511 ad
3084 4457 3191 4511 iter
3217 4473 3276 4512 se
3314 4460 3631 4530 accinqtmt,

234 4543 504 4602 universa
532 4540 929 4599 devolveretur
951 4541 1279 4598 haereditas.
1306 4542 1680 4603 Perveniente
1700 4547 1880 4620 igitur

232 4632 624 4703 Antiochiam,
658 4629 909 4705 populus
939 4638 996 4689 et
1021 4632 1273 4703 majores
1295 4634 1621 4705 generalem
1653 4642 1709 4693 et
1738 4637 1879 4695 lihe-

234 4741 355 4782 ram
399 4723 600 4781 statim
631 4722 681 4778 ei
714 4722 1087 4780 contulerunt
1133 4722 1724 4782 administrationem.
1758 4727 1879 4783 Rex

234 4829 365 4871 vero
414 4813 767 4885 resignatam
811 4812 922 4868 sibi
969 4812 1335 4869 Tiberiadem
1388 4814 1617 4871 cuidam
1659 4815 1883 4890 Hngoni

234 4903 305 4958 dc
335 4903 548 4960 Sancto
566 4902 1036 4969 Aldemaro,viro
1054 4902 1229 4959 nobili
1257 4902 1389 4958 etin
1408 4903 1587 4960 armis
1619 4910 1881 4978 strenue,

227 4990 364 5062 jure
384 4992 674 5047 concessit
693 4990 1059 5046 hereditario
1085 4991 1523 5063 possidendam.
1544 4995 1883 5068 ouievitque

234 5095 480 5152 regnum
514 5078 819 5134 mensibus
853 5084 1121 5147 quatuor.

877 5169 1106 5226 CAPUT
1136 5169 1238 5225 XI.

235 5259 370 5322 Rex,
417 5256 653 5315 Jordano
699 5260 954 5322 traniiw,
998 5260 1065 5313 de
1094 5258 1338 5314 hostium
1383 5258 1588 5329 finibus
1633 5263 1880 5331 praednm

303 5330 858 5457 {i'ear'czb‘i't'trclffmemm
886 5349 907 5397 ,·
954 5336 1007 5386 et
1061 5336 1273 5401 factum
1302 5332 1420 5403 ejvs
1447 5337 1883 5395 commendabile

306 5486 560 5563 Contigit
601 5495 793 5547 autem
846 5506 946 5564 per
983 5490 1217 5549 eosdem
1249 5491 1390 5566 dies,
1424 5496 1873 5567 suggerentibus

2059 4532 2269 4653 εειςαηι
2311 4523 2622 4594 inuentibus
2667 4524 2840 4596 copiis
2883 4529 3207 4597 perveniunt
3239 4528 3635 4589 Constantino-

2055 4613 2125 4671 ρο
2151 4614 2247 4653 tm.

2058 4688 2208 4744 Dum
2254 4686 2376 4742 heac
2419 4685 2480 4741 in
2511 4685 2742 4744 Oriente
2785 4693 3086 4759 geruntur,
3135 4689 3439 4749 audientes
3487 4693 3638 4750 occi·

1993 4775 2250 4833 dentales
2282 4772 2573 4846 principes
2599 4775 2886 4833 mirabilia
2918 4794 3123 4848 magna
3155 4795 3282 4851 quse
3310 4796 3413 4848 per
3441 4797 3643 4840 servos

1990 4880 2150 4937 suos,
2183 4865 2280 4936 qui
2327 4863 2848 4936 peregrinationem
2899 4865 3148 4939 ingressi
3194 4869 3442 4936 fuerant,
3493 4887 3635 4944 ope-

1990 4959 2151 5011 ratus
2195 4959 2285 5010 est
2341 4952 2672 5012 Dominus:
2725 4958 3010 5028 quomodo
3066 4974 3170 5030 per
3214 4962 3300 5015 tot
3345 4964 3634 5019 terrarum

1989 5046 2196 5117 spatia,
2231 5061 2333 5118 per
2372 5048 2460 5100 tot
2502 5045 2688 5101 varios
2736 5046 3207 5120 multiplicesque
3254 5066 3432 5107 casus
3477 5067 3642 5110 exer·

1988 5138 2167 5193 citum
2193 5150 2368 5192 suum
2402 5135 2459 5191 in
2487 5139 2697 5191 terram
2737 5137 3075 5193 traduxerat
3106 5137 3538 5208 promissionis,
3569 5146 3631 5199 et

2022 5226 2275 5283 uomodo
2323 5235 2455 5281 ante
2516 5223 2722 5281 taciem
2770 5241 2970 5282 eorum
3023 5227 3360 5298 subjecerat
3406 5235 3637 5302 gentes,

1987 5331 2166 5385 regna
2190 5313 2596 5370 humiliaverat
2627 5330 2640 5369 ε
2672 5312 2788 5370 laeti
2817 5317 2886 5371 de
2927 5316 3164 5374 fratrum
3196 5333 3500 5388 successu;
3532 5323 3635 5379 sed

1986 5403 2095 5462 hoo
2133 5419 2282 5479 tegre
2322 5405 2590 5471 terentes,
2635 5405 2787 5475 quod
2832 5420 3035 5462 eorum
3074 5405 3345 5464 felicibus
3398 5410 3633 5469 actibus

1986 5494 2144 5570 digni
2178 5510 2294 5552 non
2321 5493 2561 5552 ruerunt
2587 5492 2914 5552 interesse:
2962 5499 3266 5570 apponunt
3294 5496 3399 5572 qui
3443 5500 3635 5561 relicti
