3784 6000
285 236 403 299 1¹5

1335 248 1687 310 ARNULFI
1730 246 2248 310 LEXOVIENSIS
2292 244 2646 306 EPlSCOPI

3581 243 3701 302 116

282 372 581 440 stamenti,
596 375 929 431 censuimus
948 376 1348 449 dividendam;
1372 379 1703 437 sicutnobis
1722 397 1926 439 eorum
1957 385 2011 450 Α
2040 379 2171 438 silio
2201 378 2596 452 praeformatos
2613 376 2750 434 olim
2773 393 2981 434 sensus
3002 378 3062 434 in
3086 377 3407 434 contrarios
3427 378 3698 449 quando·

287 462 428 533 quia
447 477 481 517 a
503 462 779 520 fratribus
800 464 1116 535 Hospitalis
1139 468 1401 539 producti
1420 473 1575 536 sunt,
1599 471 1934 527 tertimonio

290 548 508 606 factum
531 556 623 607 est
640 553 1039 609 manifestum.
1058 554 1217 612 Unde
1237 557 1530 629 assignata
1551 559 1935 617 creditoribus

289 641 348 695 et
376 640 717 696 necessariis
769 644 1029 711 personis
1075 644 1307 717 ipsique
1338 646 1534 702 abbati
1576 646 1818 719 aliisque
1846 649 1935 704 di-

290 727 473 785 versis
495 729 848 800 pauperibus
878 747 1137 805 congrua
1160 735 1444 805 portione,
1472 737 1618 808 ipsis
1650 737 1934 794 nimirum

292 816 567 874 fratribus
585 816 901 890 Hospitalis
932 820 1147 879 intuitu
1170 823 1469 895 religionis
1490 828 1550 881 et
1577 826 1935 898 paupertatis

289 923 491 964 eorum
516 908 828 980 plurimam
845 912 1280 985 assignavimus
1299 915 1651 986 portionem;
1676 916 1935 974 adhibito

284 997 348 1054 in
378 999 652 1058 omnibus
680 1016 881 1058 eorum
912 1019 1225 1074 consensu,
1257 1005 1637 1079 ipsorumque
1667 1007 1937 1064 utilitati-

289 1087 425 1156 bus,
453 1088 768 1163 ipsumque
812 1092 1082 1150 abbatem
1110 1094 1385 1152 duximus
1433 1112 1609 1167 super
1639 1097 1747 1154 hac
1776 1115 1938 1171 qute-

290 1179 476 1237 stione
507 1182 735 1252 penitus
764 1181 1202 1244 absolvendum.

511 1376 583 1416 An
610 1375 906 1418 sanamur«
937 1378 1124 1419 amau
1152 1379 1372 1422 asotia:
1401 1380 1709 1422 samonam.

361 1447 655 1505 venturus
684 1466 842 1507 eram
876 1455 944 1507 ad
975 1468 1098 1522 vos,
1130 1454 1232 1510 sed
1270 1469 1362 1509 me
1390 1459 1663 1511 senectus
1688 1459 1747 1512 et
1774 1454 1935 1512 infir-

292 1538 472 1595 mitas
490 1541 549 1595 et
577 1538 851 1597 debilitas
881 1541 1152 1608 retinent,
1183 1544 1352 1616 quasi
1382 1544 1735 1616 quibusdam
1757 1544 1938 1617 repri-

294 1626 510 1683 mentis
524 1627 878 1699 impotentiae
891 1631 1136 1686 vinculis
1151 1630 1451 1703 alligatum
1472 1635 1603 1701 ;sed
1619 1638 1675 1689 et
1688 1650 1722 1690 a
1733 1633 1938 1691 multis

293 1716 557 1786 partibus
605 1718 810 1773 multis
858 1734 1029 1775 vexor
1068 1720 1317 1790 injuriis,
1352 1721 1408 1775 in
1458 1722 1675 1794 quibus
1708 1723 1937 1779 nullum

294 1806 617 1862 remedium
645 1807 757 1864 nisi
790 1808 861 1863 de
888 1809 1073 1881 gratia
1099 1814 1301 1865 vestroe
1335 1809 1617 1867 bonitatis
1647 1815 1939 1883 exspecto·

291 1893 459 1950 Mitto
488 1895 683 1968 itaque
732 1895 806 1952 ad
833 1913 931 1952 vos
960 1896 1240 1954 Joanuetn
1282 1898 1353 1955 de
1381 1898 1617 1955 abbatia
1645 1900 1946 1955 hominem

296 1983 524 2040 fidelem
556 1984 718 2042 vobis
749 1988 964 2055 pariter
991 1992 1045 2041 et
1074 1985 1370 2052 devotum,
1395 2002 1570 2059 quem
1603 1988 1803 2044 audire
1822 1987 1948 2044 vice

297 2088 428 2130 mea
455 2077 512 2130 et
542 2073 808 2146 precibus
846 2075 993 2130 meis
1039 2076 1106 2130 ad
1141 2084 1505 2133 momentum
1536 2076 1730 2133 velitis
1777 2092 1949 2133 aures

300 2162 490 2234 regias
519 2162 820 2218 inclinare.
853 2163 1104 2220 Obsecro
1149 2165 1559 2221 reminiscatur
1606 2164 1952 2221 excellentia

300 2255 493 2310 vestra
513 2250 670 2320 fidei,
692 2251 1012 2308 devotionis
1032 2257 1090 2308 et
1110 2252 1395 2322 obsequii,
1411 2252 1610 2309 honori
1634 2258 1691 2309 et
1714 2253 1949 2309 utilitati

302 2343 506 2396 vestro
535 2338 607 2394 ab
637 2339 871 2396 ineunte
903 2340 1146 2411 pueritia
1173 2343 1365 2395 vestra
1392 2358 1422 2395 a
1454 2357 1548 2397 me
1587 2357 1822 2413 semper
1847 2358 1954 2397 ex·—

306 2427 502 2497 hlbiti,
522 2434 577 2484 et
603 2427 665 2483 in
694 2427 1225 2499 opportunitatibus
1256 2429 1397 2485 meis
1426 2430 1580 2500 apud
1609 2446 1714 2485 vos
1746 2430 1954 2486 merita

308 2532 439 2573 mea
461 2516 603 2572 mihi
624 2517 978 2588 quandoque
999 2517 1405 2587 respondeant,
1421 2534 1526 2575 nec
1545 2518 1949 2591 impotentiam

297 2606 630 2673 ,senectutis
656 2620 797 2662 meoe
828 2606 1096 2677 dignetur
1131 2606 1568 2678 magnificentia
1596 2613 1790 2665 vestra
1818 2625 1954 2665 con·

310 2700 533 2765 teret-03
562 2695 667 2751 sed
719 2694 1009 2751 bominem
1061 2696 1133 2751 ad
1164 2711 1397 2752 omnem
1448 2696 1789 2768 patientiam
1821 2685 1953 2755 cum

308 2784 471 2841 omni
490 2784 568 2840 hu
578 2781 823 2839 militate
837 2783 1119 2839 voluntati
1139 2788 1341 2840 vestras
1360 2787 1952 2858 semperexpositum,

309 2871 654 2930 liberalitate
678 2873 838 2946 regia
866 2873 1189 2940 confovere,
1225 2873 1578 2930 novissimos
1615 2873 1741 2930 dies
1771 2890 1952 2946 meos,

307 2961 727 3035 quibusadhuc
739 2962 894 3034 apud
910 2977 1011 3018 vos
1026 2960 1254 3019 modico
1281 2968 1536 3033 tempore
1553 2962 1952 3030 futurussum,

307 3050 681 3124 permittatis,
699 3050 815 3107 imo
838 3050 1063 3106 faciatis
1087 3051 1143 3106 in
1168 3050 1366 3106 laetitia
1389 3067 1809 3108 consummare.
1827 3051 1951 3107 Non

2044 485 2159 542 que
2187 465 2382 524 dolosa
2411 467 2720 523 sedulitate
2742 468 3025 523 convertit
3045 466 3308 523 affectus.
3335 465 3497 523 Unde
3518 467 3694 523 nimi·

2045 575 2174 615 rum
2197 561 2419 615 certum
2443 562 2532 612 est
2553 561 2744 612 ortum
2768 557 3062 628 essequod
3087 555 3319 625 accidit,
3335 557 3488 626 quod
3505 558 3699 627 radix,

2045 663 2174 719 quae
2195 647 2542 702 viriditatem
2568 645 2889 716 dejustitia
2909 649 2966 701 et
2988 646 3224 701 veritate
3239 661 3352 701 non
3376 646 3697 716 contrabit,

2046 740 2117 795 ad
2140 738 2442 810 jucundos
2470 740 2528 793 et
2557 736 2732 793 utiles
2772 737 3000 794 fructus
3047 736 3369 792 novissime
3399 737 3701 808 pervenire

2044 845 2161 885 non
2193 831 2400 899 potest.
2434 827 2587 884 Sans
2617 841 2814 882 verum
2846 830 2938 882 est
2968 824 3118 881 bona
3146 825 3504 897 quandoque
3532 841 3700 883 vexa-

2045 916 2308 974 tionibus
2337 915 2590 984 concuti,
2623 919 2681 971 et
2704 931 2834 987 quae
2856 915 3007 971 mala
3037 920 3179 971 suut
3211 912 3411 972 fallaci
3440 915 3694 986 quadam

2044 1007 2116 1063 ad
2129 1016 2361 1078 tempus
2382 1004 2577 1061 laetitia
2596 1004 2952 1076 prosperam
2979 1004 3080 1060 sed
3093 1003 3527 1073 divinojudicio
3546 1020 3703 1060 sem·

2045 1111 2150 1167 per
2165 1112 2230 1152 su
2239 1111 2309 1151 us
2322 1094 2640 1151 novissime
2654 1108 2844 1150 rerum
2861 1093 3086 1149 meritis
3102 1093 3418 1165 respondet
3432 1100 3699 1150 eventus.

2043 1185 2138 1242 Sic
2159 1189 2246 1241 est
2271 1202 2285 1241 :
2310 1182 2774 1240 inconsultorum
2805 1198 3046 1253 operum
3070 1181 3262 1238 exitus
3286 1181 3549 1238 infelices
3591 1199 3704 1255 ρω-

2044 1273 2290 1332 nitentia
2309 1287 2437 1329 sera
2463 1273 2743 1344 sequitur.
2767 1288 2896 1345 quae
2919 1270 3102 1330 dolori
3130 1272 3372 1344 quidem
3392 1272 3700 1329 materiam

2045 1366 2345 1435 comparat
2365 1382 2381 1431 ς
2404 1363 2505 1419 sed
2529 1361 2692 1418 nulla
2720 1376 2922 1419 eorum
2944 1378 3073 1433 quae
3096 1370 3485 1433 provenerunt
3514 1362 3693 1418 detri-

2049 1459 2241 1510 menta
2271 1456 2579 1509 restaurat.
2608 1451 2747 1507 Inde
2778 1453 3017 1508 verbum
3046 1450 3270 1508 celebre
3291 1454 3381 1507 est
3409 1451 3704 1524 Sapientis

2044 1543 2206 1601 illius
2239 1559 2253 1599 ε
2288 1543 2482 1600 Omnia
2529 1546 2617 1614 fac
2655 1558 2779 1598 cum
2822 1543 3049 1599 consilio
3081 1548 3282 1613 etpost
3326 1544 3542 1611 sactum
3589 1558 3703 1598 non

2044 1634 2334 1705 poenitebis
2361 1633 2552 1703 (Eccli.
2587 1632 2783 1702 xxxii).
2822 1631 2993 1687 Porro
3023 1629 3334 1687 consilium
3358 1635 3448 1687 est
3477 1630 3701 1703 aliquid

2050 1722 2297 1781 faciendi
2314 1722 2402 1778 vel
2426 1737 2540 1777 non
2564 1721 2810 1777 faciendi
2844 1736 2974 1776 vere
3004 1721 3328 1792 excogitata
3356 1721 3524 1786 ratio,
3550 1721 3706 1777 sicut

2051 1811 2320 1869 Tulliana
2346 1810 2514 1866 nobis
2541 1809 2873 1881 eloquentia
2918 1810 3140 1866 definit.
3176 1808 3468 1881 intelligat
3497 1808 3702 1865 Domi-

2054 1917 2168 1957 nus
2198 1915 2366 1956 meus
2386 1898 2499 1955 tria
2529 1898 2927 1955 definitionem
2954 1899 3201 1955 formare
3230 1897 3488 1965 consilii,
3514 1898 3715 1954 unita-

2053 1994 2194 2055 tem,
2226 1986 2619 2061 diligentiam,
2645 1986 2950 2053 rationem,
2974 1991 3039 2042 ut
3067 1986 3288 2042 scilicet
3316 1986 3473 2058 quod
3506 1986 3576 2041 flt
3604 1988 3708 2043 aut

2059 2077 2293 2141 dicitur,
2346 2076 2568 2131 nitatur
2621 2076 2863 2146 unitate,
2896 2073 3178 2146 dirigatur
3229 2075 3448 2139 studio,
3480 2074 3706 2131 ratione

2058 2167 2360 2222 formetur.
2380 2164 2665 2233 Quidquid
2698 2164 2856 2220 enim
2879 2162 3142 2220 stabilem
3175 2179 3291 2218 non
3322 2162 3614 2219 contrahit
3630 2164 3703 2219 de

2058 2256 2295 2312 veritate
2316 2253 2735 2319 substantiam,
2758 2252 2939 2309 ruinis
2969 2259 3021 2308 et
3052 2251 3356 2308 defectioni
3380 2252 3704 2308 necessario

2057 2348 2291 2400 tenetur
2310 2342 2647 2409 obnoxium,
2673 2346 2736 2397 ut
2755 2339 3023 2398 videlicet
3041 2342 3195 2413 quod
3217 2341 3286 2396 de
3308 2338 3490 2397 nihilo
3511 2349 3705 2397 ortum

2059 2439 2148 2491 est
2168 2433 2468 2504 redigatur
2486 2433 2546 2488 in
2569 2431 2843 2499 nihilum,
2859 2447 2963 2488 nec
2984 2432 3042 2487 in
3065 2431 3432 2488 fundamenti
3453 2431 3709 2502 alicujus

2060 2523 2356 2580 soliditate
2404 2521 2694 2578 subsistit.
2729 2522 2892 2585 Quod
2940 2521 3107 2592 quasi
3140 2520 3213 2577 de
3262 2520 3420 2576 inani
3449 2521 3705 2592 quodam

2061 2610 2353 2683 praestigio
2380 2609 2648 2666 falsitatis
2665 2608 2904 2665 effulsit.
2921 2609 3021 2664 His
3040 2609 3215 2665 etiam
3236 2624 3367 2679 quas
3388 2619 3522 2664 vera
3541 2611 3707 2676 sunt,

2061 2703 2289 2774 oportet
2317 2714 2546 2771 semper
2574 2715 2709 2754 cum
2741 2698 2983 2754 instanti
3005 2697 3307 2771 diligentia
3335 2696 3580 2753 rationis
3609 2697 3711 2752 ad-

2064 2790 2259 2846 bibere
2270 2788 2582 2858 iudicium,
2600 2787 2813 2859 nequis
2825 2788 3072 2844 alienam
3091 2786 3345 2859 quietem
3367 2787 3606 2842 turbare
3620 2785 3710 2842 vel

2062 2882 2158 2950 jus
2187 2877 2442 2934 alienum
2473 2876 2825 2933 confidentia
2855 2877 3154 2947 potestatis
3198 2880 3517 2948 prasumat
3546 2874 3710 2932 inva-

2061 2970 2216 3039 dere,
2247 2968 2349 3025 sed
2400 2967 2640 3024 modum
2681 2965 2926 3037 justitia
2975 2966 3334 3022 continenter
3380 2963 3707 3037 amplexus,

2063 3057 2466 3130 superioribus
2487 3056 2888 3123 reverentiam,
2903 3055 3152 3128 gratiam
3176 3054 3573 3122 inferioribus,
3590 3070 3712 3127 pro-

305 3155 402 3196 me
431 3139 720 3211 permittit
747 3140 971 3210 puritas
992 3139 1357 3195 conscientias
1386 3155 1525 3194 meae
1547 3141 1617 3196 de
1644 3143 1838 3196 vestra
1855 3157 1950 3195 sa·
1981 3133 2026 3197 C
2063 3147 2235 3204 ximis
2247 3146 2519 3202 exhibeat
2530 3145 2873 3201 charitatem
2889 3151 2942 3200 et
2963 3144 3034 3199 ad
3048 3158 3283 3198 omnem
3301 3147 3527 3215 partem
3543 3159 3709 3200 mon-

305 3227 518 3300 pientia
550 3229 877 3298 desperare,
910 3229 1065 3299 apud
1112 3243 1284 3299 quam
1316 3227 1530 3299 saepius
1572 3228 1635 3284 in
1666 3229 1869 3285 multis
1895 3233 1950 3285 et

305 3315 579 3374 maximis
608 3317 855 3387 gratiam
879 3316 1084 3384 merui,
1115 3320 1173 3372 et
1202 3318 1246 3372 si
1281 3317 1423 3389 quid
1465 3318 1818 3389 quandoque
1850 3334 1952 3389 per

304 3405 695 3480 ignorantiam
753 3413 848 3461 aut
904 3404 1333 3477 simplicitatem
1392 3406 1585 3462 minus
1640 3407 1953 3478 prudenter

304 3502 501 3556 actum
531 3501 642 3567 est,
675 3498 816 3554 fides
847 3513 1078 3569 semper
1104 3501 1163 3554 et
1202 3498 1418 3554 veritas
1448 3506 1503 3553 et
1530 3498 1811 3555 sedulitas
1839 3499 1949 3556 im·

307 3587 476 3661 pensi
504 3587 869 3644 incessanter
892 3586 1066 3644 officii
1097 3588 1620 3659 compensavit.Ad
1652 3604 1951 3644 summam

308 3675 551 3733 meliora
600 3679 740 3732 sunt
766 3690 896 3732 vere
945 3675 1237 3746 diligentis
1288 3691 1441 3732 saeva
1483 3676 1743 3740 consilia,
1776 3692 1952 3747 quam

308 3763 484 3822 fallax
510 3767 831 3822 assentatio
859 3763 1236 3832 blandientis,
1269 3765 1420 3820 sicut
1450 3764 1769 3821 novissimo
1799 3769 1952 3821 tem·

310 3869 446 3924 pore
466 3854 740 3926 gravibus
769 3853 1024 3910 induciis
1046 3857 1236 3910 vestra
1269 3853 1547 3924 maiestas
1581 3858 1812 3925 experta
1842 3860 1953 3916 est.

307 3943 543 4015 quaudo
573 3943 794 3998 scilicet
824 3941 1027 3999 amicis
1059 3942 1175 3998 fere
1201 3941 1648 4014 desperantibus
1680 3943 1957 4015 magnifi-

309 4030 515 4087 centiae
543 4035 747 4086 vestrae
776 4035 960 4087 terror
989 4031 1239 4089 invaluit
1258 4035 1317 4087 et
1343 4047 1550 4088 omnes
1582 4037 1825 4087 conatus
1855 4031 1958 4088 ho-

306 4123 487 4180 stium
508 4126 858 4188 vestrorum,
875 4123 989 4179 Deo
1012 4123 1277 4194 propitio,
1296 4127 1485 4179 vostra
1505 4128 1647 4180 sunt
1665 4123 1958 4180 industria

309 4212 526 4283 pariter
551 4214 611 4268 et
636 4209 847 4267 virtute
887 4211 1229 4282 compressi.
1258 4211 1492 4267 Memini
1521 4210 1735 4282 adhuc,
1768 4228 1958 4284 neque

312 4301 421 4358 boc
452 4316 710 4372 unquam
743 4300 962 4373 aliquid
995 4318 1028 4357 a
1060 4317 1188 4357 mea
1219 4303 1428 4373 poterit
1458 4304 1797 4372 extorquere
1827 4317 1959 4358 me-

312 4392 515 4459 moria,
538 4390 959 4448 sublimitatem
989 4395 1239 4447 vestram
1272 4407 1365 4447 me
1394 4390 1547 4447 inter
1575 4390 1743 4446 initia
1763 4396 1956 4449 vestra

2059 3236 2132 3292 tis
2164 3235 2285 3291 acie
2313 3234 2520 3291 callide
2548 3233 2966 3290 circumducta.
2989 3233 3086 3289 Sic
3114 3231 3307 3289 omnis
3338 3232 3603 3289 omnium
3632 3231 3708 3289 dc

2061 3325 2293 3397 propria
2321 3322 2678 3380 conscientia
2700 3322 2975 3378 metiatur
3003 3321 3263 3388 affectus,
3288 3325 3350 3377 ut
3381 3320 3511 3377 aliis
3531 3337 3594 3377 se
3625 3328 3705 3377 ta-

2061 3413 2174 3470 lem
2207 3413 2267 3468 in
2292 3411 2589 3468 beneficiis
2609 3418 2663 3467 et
2684 3410 2924 3466 offensis
2944 3415 3103 3466 curet
3122 3410 3481 3479 impendere,
3502 3408 3706 3480 quales

2061 3519 2161 3560 eos
2188 3501 2362 3559 vellet
2393 3503 2451 3557 in
2483 3501 2608 3556 suis
2627 3499 3161 3572 opportunitatibus
3190 3498 3470 3555 invenire.
3497 3498 3707 3557 Verum

2063 3592 2164 3664 qui
2196 3594 2496 3661 praestant‚
2529 3588 2705 3644 officii
2746 3589 2834 3644 sui
2876 3588 3141 3644 debitum
3186 3588 3405 3643 arctius
3436 3591 3711 3644 tenentur

2065 3695 2401 3753 agnoscere,
2417 3682 2553 3733 utse
2568 3677 2881 3734 dominium
2898 3677 3093 3748 potius
3105 3676 3173 3730 ad
3191 3676 3514 3731 custodiam
3531 3692 3711 3746 quam

2064 3770 2136 3826 ad
2170 3767 2501 3824 violentiam
2543 3769 2835 3837 accepisse
2876 3768 3250 3836 cognoscant,
3287 3780 3390 3821 nec
3420 3780 3578 3832 eum,
3614 3765 3711 3821 cui

2065 3874 2207 3914 cura
2227 3864 2311 3913 est
2329 3857 2403 3912 de
2424 3854 2562 3922 illis,
2585 3855 2769 3912 Deum
2792 3853 3032 3922 scilicet,
3057 3856 3265 3926 putant
3283 3853 3356 3909 ob
3373 3853 3552 3909 aliam
3575 3869 3716 3909 cau-

2066 3962 2192 4002 sam
2214 3945 2285 4001 iis
2308 3943 2606 4015 fastigium
2627 3943 2947 4015 dignitatis,
2970 3942 3198 4013 copiam
3219 3940 3583 4009 divitiarum,
3608 3958 3713 4013 po-

2067 4034 2258 4093 tentiis
2288 4033 2533 4107 gloriam
2559 4033 2878 4090 contulisse
2905 4032 3018 4090 nisi
3052 4037 3113 4090 ut
3142 4047 3241 4088 eos
3270 4031 3329 4087 in
3364 4047 3510 4103 opus
3543 4032 3714 4089 mini-

2066 4124 2227 4182 sterii
2250 4123 2560 4181 collocaret
2579 4122 2909 4179 reddituros
2928 4121 3208 4177 nimirum
3239 4121 3311 4176 de
3331 4120 3584 4193 singulis
3607 4136 3714 4177 suo

2065 4219 2324 4285 tempore
2355 4212 2466 4269 sub
2496 4226 2691 4267 severo
2723 4210 2971 4267 districti
2997 4208 3216 4281 judicis
3245 4208 3515 4264 examine
3543 4208 3714 4265 ratio-

2067 4319 2221 4360 nem.
2246 4302 2355 4369 Qui
2385 4317 2522 4374 ergo
2553 4299 2872 4372 periculum
2904 4298 3432 4356 administrationis
3464 4298 3711 4370 accepit,

2068 4391 2352 4448 rationem
2387 4395 2668 4464 praeparet
2697 4392 2765 4445 ad
2818 4389 3202 4456 reddendum,
3237 4387 3378 4460 quia
3417 4403 3605 4459 usque
3636 4387 3711 4444 ad

312 4482 372 4539 in
396 4480 729 4538 ulteriorem
761 4481 1010 4554 gratiam
1038 4481 1344 4552 recepisse,
1370 4495 1683 4550 meumque
1704 4497 1956 4553 semper,
1991 4498 2035 4562 D
2067 4482 2453 4553 quadrantem
2475 4478 2869 4535 comminatur
2888 4492 2949 4532 se
2971 4476 3333 4549 quicredidit
3345 4480 3712 4533 exacturum.

312 4586 426 4644 quo
455 4570 667 4642 saepius
699 4570 1037 4639 utebamini,
1066 4569 1227 4625 vobis
1256 4569 1316 4624 in
1347 4569 1505 4625 omni
1538 4569 1958 4642 tranquillitate

314 4660 523 4718 fecisse
543 4658 879 4724 consilium,
901 4658 1044 4715 adeo
1076 4662 1139 4714 ut
1164 4658 1310 4713 nibil
1346 4674 1606 4730 unquam
1638 4658 1956 4731 dispendii,

315 4749 462 4807 nihil
494 4747 733 4816 laboris,
767 4748 912 4804 nihil
943 4747 1257 4818 cujuslibet
1284 4746 1640 4804 confusionis
1675 4749 1956 4819 attulerit,

313 4839 413 4894 sed
447 4839 711 4896 omnium
745 4854 987 4911 operum
1019 4842 1344 4894 vestrorum
1377 4838 1546 4909 quasi
1577 4842 1649 4893 de
1680 4838 1958 4894 miraculo

312 4928 624 4998 procedere
645 4928 936 5002 magnalia
956 4927 1324 4984 videbantur.
1345 4925 1469 4983 Non
1492 4931 1615 4983 erat
1636 4928 1736 4999 qui
1753 4932 1959 4984 vestro

309 5022 684 5088 presumeret
699 5018 982 5074 obsistere
1000 5019 1287 5089 potestati,
1304 5017 1445 5090 quia
1465 5022 1604 5075 tunc
1616 5033 1790 5073 omne
1810 5033 1958 5088 opus

307 5107 568 5162 vestrum
587 5105 935 5176 disponebat
953 5107 1122 5175 ratio,
1145 5107 1437 5180 dirigebat
1463 5105 1708 5178 justitia,
1734 5107 1960 5162 miseri-

306 5194 507 5251 cordia
533 5196 912 5266 temperabat.
945 5198 1258 5266 Postquam
1303 5210 1437 5252 vero
1469 5196 1722 5251 mendax
1758 5193 1958 5250 adula-

305 5288 497 5342 torum
530 5285 697 5341 turba
724 5283 1039 5352 convaluit,
1073 5284 1373 5358 potuitque
1419 5283 1665 5341 lethalia
1691 5284 1956 5341 venenati

309 5373 505 5429 mellis
525 5371 925 5430 blandimenta
942 5372 1185 5431 licenter
1206 5374 1536 5442 infundere,
1552 5372 1843 5431 affectioni
1858 5375 1958 5445 ju-

309 5460 491 5531 stitia,
522 5461 670 5520 ratio
700 5463 873 5535 coepit
900 5463 1105 5521 cedere
1131 5462 1434 5532 voluntati,
1467 5468 1523 5521 et
1553 5462 1791 5522 meliors
1819 5476 1957 5521 con-

2067 4570 2228 4637 Quod
2263 4570 2311 4626 si
2343 4585 2451 4626 sua
2479 4583 2610 4625 cum
2637 4565 2981 4636 huiusmodi
3016 4564 3352 4636 potentibus
3390 4563 3570 4638 gloria
3597 4581 3715 4622 non

2069 4658 2387 4725 descendit,
2407 4672 2513 4712 nec
2533 4654 2688 4711 enirn
2713 4654 2784 4710 iis
2805 4669 3086 4710 ascensus
3109 4653 3468 4724 promittitur
3489 4654 3585 4709 sed
3609 4653 3712 4710 de-

2069 4745 2485 4816 scensus,quid
2508 4742 2758 4816 exigenti
2781 4743 3031 4814 proferet
3051 4744 3204 4815 quod
3231 4741 3377 4800 nibil
3401 4741 3714 4798 reservavit

2068 4837 2182 4893 sibi
2203 4835 2355 4907 quod
2386 4835 2597 4890 babeat
2624 4834 2694 4890 ad
2728 4833 3074 4890 solvendum
3097 4834 3126 4888 Ἰ
3148 4833 3365 4905 Nempe
3393 4847 3632 4889 carnem
3657 4834 3716 4887 et

2068 4925 2361 4998 spiritum,
2385 4925 2525 4996 quia
2545 4922 2691 4980 nihil
2721 4928 2813 4981 est
2832 4936 3033 4979 corum
3056 4938 3183 4994 quae
3206 4930 3371 4994 rapta
3397 4925 3538 4977 sunt
3559 4921 3715 4993 quod

2066 5013 2374 5083 subsistat,
2398 5029 2586 5086 neque
2608 5013 2760 5071 alius
2779 5028 2907 5069 esse
2930 5011 3140 5083 poterit
3153 5010 3568 5066 satisfactionis
3593 5026 3718 5065 mo-

2067 5107 2196 5175 dus,
2230 5105 2344 5161 nisi
2374 5109 2438 5161 ut
2467 5121 2697 5176 poenam
2731 5107 3061 5174 perpetuam
3092 5101 3297 5167 solvat,
3328 5099 3430 5168 qui
3461 5114 3577 5153 non
3613 5098 3717 5155 ba-

2069 5195 2165 5252 bet
2184 5193 2340 5252 aliud
2366 5194 2520 5250 unde
2539 5191 2767 5264 possita
2786 5190 2980 5246 debito
3000 5192 3278 5258 perpetuo
3295 5184 3577 5241 liberarit.
3597 5186 3719 5243 Me-

2069 5284 2310 5341 minisse
2355 5282 2567 5339 debent
2597 5281 2669 5337 ab
2698 5295 2765 5335 eo
2809 5276 2920 5334 sibi
2948 5275 3301 5332 commissas
3328 5289 3456 5330 esse
3485 5276 3586 5346 qui
3616 5292 3713 5333 eos

2068 5370 2285 5445 proprii
2307 5370 2611 5444 sanguinis
2641 5367 2886 5424 redemit
2906 5363 3198 5437 impendio
3229 5367 3288 5420 et
3310 5364 3514 5420 mortis
3536 5364 3711 5422 etiam

2066 5460 2455 5520 amaritudine
2496 5457 2761 5516 liberavit
2792 5473 2806 5514 :
2839 5474 2874 5514 a
2902 5471 3018 5528 quo
3067 5454 3334 5526 eJ'usdem
3369 5453 3714 5512 substantia·
