3784 6000
134 248 259 310 ⁴61

1074 242 1277 307 nlS‘r.
1324 245 1604 311 RERUM
1648 249 2188 313 TRANSMARIN.
2236 284 2312 296 —-
2357 248 2508 311 LIB.
2554 250 2628 311 X.

3429 255 3546 318 462

135 375 469 452 periculosa
496 376 861 434 incurrentes
899 375 1241 450 praecipitia,
1273 379 1604 451 improvisae
1640 399 1788 439 mor·
1816 388 1874 453 A
1907 401 2039 440 mus
2070 389 2195 441 erat
2222 388 2279 440 et
2307 383 2713 441 scandalorum
2744 386 2924 441 sator.
2969 384 3104 442 Erat
3132 384 3308 443 etiam
3343 390 3552 459 potens

134 469 213 525 tis
244 467 406 525 mille
426 467 549 524 vias
566 466 916 524 invenirent.
934 467 1211 525 Hostibus
1225 469 1402 541 igitur
1425 471 1503 527 ita
1523 477 1787 545 prostra-

135 560 234 628 tis,
270 556 458 616 nostri
486 557 735 614 victores
763 559 831 614 ad
863 556 1053 614 locum
1088 559 1185 614 ubi
1227 561 1482 617 sarcinas
1513 566 1570 617 et
1601 562 1786 635 impe-

140 648 407 706 dimenta
435 647 785 704 dimiserant
814 663 945 703 cum
976 647 1356 705 exsultatione
1378 651 1664 706 redeunt:
1689 653 1786 708 ubi

137 744 312 795 nocte
358 739 752 810 quiescentes,
822 737 1230 794 benedixerunt
1299 738 1632 809 Dominum,
1685 742 1785 813 qui

134 832 406 902 potentes
435 826 675 900 deponit
705 835 758 884 ct
787 827 1003 883 exaltat
1030 827 1307 885 humiles.
1339 834 1413 884 At
1433 845 1561 887 vero
1585 829 1678 887 die
1700 848 1786 888 se-

136 918 352 992 quenti
400 918 821 974 retrocedentes
852 933 1039 989 usque
1081 917 1155 974 ad
1206 917 1397 975 locum
1429 919 1527 991 qui
1568 920 1787 978 dicitur

132 1007 339 1078 Junie,
387 1021 589 1064 curam
637 1005 746 1063 sibi
776 1010 835 1063 et
860 1007 1028 1079 equis
1073 1007 1325 1065 debitam
1376 1007 1783 1082 impendentes

134 1095 616 1165 sollicitudinem,
654 1096 911 1170 praedam
952 1096 1103 1154 inter
1132 1113 1194 1154 se
1225 1113 1382 1154 more
1427 1098 1661 1156 militari
1693 1101 1781 1158 di-

137 1188 401 1246 viserunt
439 1190 497 1244 et
529 1190 697 1259 capta
737 1186 1046 1260 mancipia.
1098 1192 1261 1244 Mane
1302 1204 1435 1246 vero
1475 1194 1784 1262 sequente,

135 1277 335 1336 volens
384 1276 663 1334 dominus
710 1291 906 1333 eomes
959 1276 1263 1333 comitatui
1311 1294 1417 1335 suo
1465 1280 1785 1352 prudenter

139 1367 508 1440 fideliterque
538 1365 860 1437 providere,
892 1366 1216 1439 assumptis
1237 1367 1348 1423 sibi
1373 1366 1443 1424 de
1463 1368 1782 1440 expeditio-

137 1456 304 1513 ribus
334 1453 634 1528 equitibus
657 1452 1065 1525 nonnullis,ad
1091 1454 1304 1525 locum,
1330 1454 1426 1511 ubi
1448 1456 1636 1527 pridie
1652 1473 1785 1513 con·

136 1544 338 1602 nictus
389 1545 597 1614 fuerat,
639 1542 884 1601 accessit
933 1542 1268 1616 intrepidus,
1302 1545 1652 1616 perscrutari
1686 1562 1780 1603 vo·

128 1635 262 1692 lens
302 1638 502 1691 utrum
531 1633 723 1690 adhuc
755 1633 1061 1706 angustias
1092 1633 1415 1691 detinerent
1443 1634 1781 1709 adversarIi,

131 1742 207 1782 an
235 1727 404 1783 locus
431 1723 686 1781 transire
716 1722 1047 1780 volentibus
1073 1723 1251 1780 libere
1281 1728 1520 1798 pateret.
1544 1724 1780 1782 videns-

1897 478 1954 530 et
1984 474 2041 530 in
2075 474 2288 530 divitiis
2317 474 2819 546 superabundans;
2869 475 3410 535 archidiaconatum
3444 478 3554 535 ha-

1897 564 2042 619 bens
2091 563 2357 634 ejusdem
2399 564 2648 621 civitatis
2677 568 2733 620 et
2763 581 2868 638 pro
2898 565 3211 639 stipendiis
3257 567 3549 641 templum

1897 653 2126 710 Domini
2178 659 2234 710 et
2282 653 2549 710 Calvariae
2602 654 2816 717 locum.
2859 656 2950 713 Sic
3000 672 3135 729 ergo
3184 658 3460 730 quoniam
3491 664 3553 717 et

1899 743 2057 800 dives
2087 747 2209 799 erat
2238 749 2295 800 et
2325 745 2583 816 prudens
2617 750 2681 801 ut
2711 746 2921 802 faceret
2951 747 3191 817 malum,
3218 747 3547 818 plurimum

1899 832 1957 889 in
1991 833 2167 900 clero,
2202 833 2390 906 magis
2415 844 2609 890 autem
2649 836 2801 907 apud
2834 837 3141 894 seculares
3170 843 3397 908 poterat
3426 853 3550 911 per*

1895 939 2095 979 sonas.
2127 922 2342 979 Videns
2392 923 2591 995 itaque
2633 924 2911 982 dominus
2961 927 3285 997 patriarcha
3309 932 3369 984 et
3397 944 3548 1002 pre-

1895 1010 2035 1067 dicti
2081 1010 2369 1084 Arnulphi
2426 1012 2736 1080 malitiam,
2788 1014 2887 1085 qui
2940 1015 2988 1071 ei
3043 1013 3220 1072 datus
3270 1020 3397 1072 erat
3443 1032 3550 1089 pro

1896 1099 2156 1168 stImulo,
2209 1105 2267 1158 et
2312 1101 2542 1158 comitis
2589 1101 3015 1170 credulitatem,
3068 1107 3402 1176 suspectum
3445 1103 3549 1160 ha-

1899 1189 2039 1246 hens
2057 1191 2186 1262 ejus
2216 1191 2553 1250 adventum.
2587 1191 2950 1250 descendens
2990 1192 3060 1249 de
3091 1193 3264 1250 domo
3294 1191 3549 1266 patriar-

1895 1278 2068 1349 chali,
2124 1280 2182 1336 in
2233 1281 2536 1338 ecclesiam
2600 1280 2815 1338 montis
2872 1281 3013 1338 Sion
3061 1297 3125 1338 se
3170 1282 3499 1338 contulerat
3530 1298 3545 1350 ;

1896 1369 2089 1440 ibique
2134 1370 2410 1426 scandala
2457 1369 2708 1442 tugiens,
2759 1369 3018 1444 privatus
3059 1369 3292 1426 lectioni
3321 1374 3379 1426 et
3407 1385 3539 1427 ora-

1895 1457 2035 1514 tioni
2086 1460 2331 1515 vacabat
2365 1475 2381 1514 :
2430 1460 2582 1515 unde
2613 1458 2900 1533 praedictae
2932 1458 3156 1514 domini
3190 1455 3425 1515 comitis
3454 1474 3546 1515 re·-

1891 1547 2142 1620 ceptioni
2172 1553 2230 1604 et
2260 1547 2466 1605 honori
2504 1548 2691 1604 eidem
2719 1565 2755 1604 a
2784 1548 3012 1607 civibus
3043 1548 3330 1620 impenso,
3370 1562 3546 1605 suam

1893 1653 2010 1694 non
2036 1636 2378 1694 exhibuerat
2407 1639 2791 1711 praesentiam.

2513 1744 2743 1802 CAPUT
2775 1746 2926 1802 VIII.

127 1831 249 1887 que
278 1815 591 1872 transitum
628 1813 891 1871 hostibus
920 1829 1169 1871 vacuum
1201 1819 1258 1871 et
1286 1814 1412 1872 sine
1442 1815 1785 1871 difficultate
1816 1789 1862 1855 Β
1893 1834 2078 1889 Comes
2105 1850 2290 1890 „ersus
2319 1833 2665 1901 :neutonam
2712 1834 3087 1907 expeditione,
3135 1834 3377 1906 ahmiu
3422 1837 3548 1892 λον,

126 1904 567 1977 permeabilem,
599 1920 738 1960 euos
788 1903 926 1961 facit
965 1905 1224 1976 evocari;
1277 1905 1401 1978 qui,
1446 1907 1644 1963 audita
1673 1922 1784 1978 op-

127 1994 294 2052 tabili
344 1994 656 2067 legattone‚
699 1995 769 2050 ad
801 1993 992 2050 locum
1027 1996 1448 2067 pervenientes,
1480 1997 1610 2052 sine
1651 2012 1783 2054 mo·-

126 2084 301 2142 lestia
350 2084 655 2141 dominum
690 2085 961 2141 comitem
1015 2085 1331 2154 consecuti,
1363 2085 1557 2143 locum
1587 2092 1782 2143 trans-

126 2178 289 2243 eunt,
339 2190 516 2247 quem
567 2174 665 2231 diu
718 2173 1046 2232 habuerant
1087 2183 1426 2249 suspectum
1475 2186 1530 2233 et
1575 2178 1780 2235 merito

127 2261 654 2321 formidabilemzet
668 2264 1008 2321 accedentes
1021 2265 1091 2320 ad
1109 2282 1329 2338 pugum
1362 2266 1683 2322 Beritcneiu
1698 2284 1778 2334 m,

127 2360 265 2410 ante
284 2353 493 2409 urbem
525 2353 943 2410 castrametatis
982 2359 1140 2420 sunt,
1172 2354 1323 2426 ,inde
1353 2371 1515 2412 orum
1545 2361 1778 2412 sectan-

128 2450 212 2500 tes
257 2442 647 2510 maritimam,
698 2448 1064 2500 trauseuntes
1113 2445 1413 2513 Sidonem,
1468 2445 1684 2518 Tyrum
1719 2450 1779 2503 et

129 2531 561 2591 ptolomaidam
594 2549 778 2606 usque
809 2535 877 2589 ad
914 2531 1107 2590 locum
1139 2534 1233 2590 cui
1266 2550 1477 2591 nomen
1513 2536 1777 2609 cayphas

123 2626 541 2696 pervenerunt.
581 2622 787 2679 Comes
815 2639 947 2679 vero
975 2630 1305 2694 suspectum
1338 2624 1557 2682 habens
1588 2625 1776 2682 domi·

124 2729 271 2769 num
300 2711 699 2776 Tancredum‚
731 2716 969 2784 propter
1001 2712 1157 2769 illam
1188 2731 1485 2771 enormem
1520 2717 1695 2773 nimis
1721 2720 1778 2773 et

122 2800 477 2871 indebitam,
526 2816 705 2873 quam
745 2801 804 2857 in
845 2817 979 2858 eum
1030 2804 1182 2875 apud
1233 2805 1513 2861 Tharsum
1563 2804 1775 2862 cilteiae

125 2893 530 2959 commiserat,
554 2889 852 2960 injuriam,
886 2893 1180 2949 neminem
1213 2911 1452 2950 suorum
1485 2894 1544 2951 in
1568 2895 1774 2952 urbem

125 2980 466 3055 pra-dictam
500 2978 765 3054 permisit
796 2980 1054 3040 introire.
1088 2983 1297 3039 timens
1332 3000 1402 3041 ne
1432 2986 1519 3042 vIr
1550 2985 1776 3058 magni-

126 3072 297 3140 ficus,
350 3070 587 3128 offensae
626 3087 871 3140 memor,
921 3071 1092 3128 vellet
1121 3074 1169 3129 ei
1204 3072 1385 3132 vicem
1436 3076 1770 3148 rependere.

1962 1909 2166 1961 dariam
2203 1910 2419 1962 transit
2448 1923 2469 1969 ,·
2501 1913 2676 1962 terras
2706 1908 2942 1963 hostium
2974 1906 3291 1977 inpreditur
3319 1906 3546 1964 tandem

1965 1977 2394 2050 Hierosolymam
2425 1978 2587 2034 redit.

1961 2091 2105 2144 Cum
2123 2093 2316 2144 autem
2334 2103 2432 2160 per
2449 2088 2571 2144 dies
2592 2087 2837 2160 aliquot,
2862 2103 3056 2146 comes
3079 2103 3293 2145 moram
3316 2087 3543 2145 fecisset

1890 2178 1948 2234 in
1982 2179 2146 2247 urbe,
2170 2186 2230 2233 ut
2253 2177 2359 2234 sibi
2382 2183 2439 2234 et
2460 2178 2623 2249 equis
2636 2177 2890 2250 aliquam
2907 2178 3234 2251 indulgeret
3253 2177 3536 2251 requiem,

1887 2264 2175 2322 ordinatis
2190 2266 2351 2337 regni
2368 2266 2639 2337 negotiis,
2655 2271 2938 2337 quantum
2956 2265 3025 2321 ad
3042 2266 3184 2321 illud
3202 2264 3538 2338 praesensvi-

1888 2354 2133 2411 debatur
2156 2354 2447 2423 sufficere,
2472 2355 2643 2411 sicuti
2660 2355 2836 2411 homo
2860 2353 3190 2412 laboriosus
3212 2359 3400 2412 eratet
3416 2354 3534 2413 otia

1887 2443 2137 2516 fugienS,
2191 2450 2539 2517 congregata
2588 2445 2973 2516 expeditione,
3021 2448 3143 2499 tam
3184 2443 3359 2500 exiis
3389 2459 3537 2516 quos

1887 2547 2086 2587 secum
2138 2532 2457 2589 deduxerat
2502 2549 2676 2605 quam
2726 2548 2875 2604 quos
2918 2535 2978 2587 in
3021 2546 3197 2603 regno
3248 2533 3538 2603 repererat

1886 2621 2121 2678 subitus
2150 2627 2207 2678 et
2236 2638 2304 2678 ex
2336 2622 2652 2693 improviso
2683 2627 2816 2679 aute
2850 2622 3051 2677 urbem
3081 2620 3270 2678 astitit
3302 2619 3533 2677 Ascalo-

1888 2726 2047 2777 nam,
2082 2708 2185 2766 Ubi
2220 2727 2350 2766 cum
2400 2711 2594 2782 egtedi
2643 2712 2798 2767 cives
2827 2715 3030 2767 contra
3080 2726 3213 2766 eum
3248 2708 3534 2766 formida-

1887 2809 2035 2870 rent,
2067 2799 2268 2856 videns
2300 2800 2451 2872 quod
2486 2817 2603 2857 non
2635 2801 2889 2858 multum
2934 2801 3259 2873 proficeret,
3291 2814 3534 2872 campe-

1885 2889 2030 2945 stria
2078 2894 2337 2960 secutus,
2382 2907 2511 2962 quae
2561 2891 2711 2947 inter
2757 2899 2983 2947 montes
3022 2894 3078 2946 et
3124 2906 3286 2946 mare
3336 2889 3531 2946 media

1882 2981 2252 3052 interjacent,
2284 2981 2625 3038 suburbana
2655 2982 2871 3038 invenit
2905 2998 2919 3038 ι
2952 2996 3200 3053 quorum
3241 2980 3526 3038 habitato·

1882 3089 1977 3128 res
2016 3072 2237 3129 relictis
2276 3072 2570 3141 domibus,
2606 3075 2668 3130 in
2706 3087 2917 3144 specus
2947 3072 3356 3128 subterraneas
3385 3087 3521 3129 oum

122 3166 302 3218 Porro
361 3160 640 3217 dominus
696 3160 1035 3217 Tancredus
1085 3163 1306 3232 aberat,
1366 3164 1522 3221 cives
1578 3170 1770 3222 tamen
1801 3169 1846 3233 c
1887 3162 2166 3218 uxoribus
2195 3162 2503 3233 etliberis,
2552 3177 2686 3218 cum
2733 3161 3008 3235 gregibus
3045 3165 3104 3218 et
3131 3160 3413 3218 armentis
3460 3177 3524 3218 se

125 3251 275 3323 ejus,
340 3250 582 3306 domino
614 3248 809 3305 comiti
878 3257 1150 3308 exeuntes
1216 3253 1467 3322 obviam,
1524 3254 1774 3328 benigne

128 3339 385 3398 multum
415 3342 476 3395 et
502 3338 758 3396 fraterno
789 3339 1091 3397 charitatis
1113 3341 1348 3410 affectu,
1381 3359 1571 3400 rerum
1603 3361 1778 3403 vena-

125 3430 297 3498 lium,
328 3435 392 3487 et
420 3427 674 3485 maxime
723 3445 925 3486 corum
965 3445 1093 3502 quae
1125 3432 1192 3488 ad
1226 3432 1442 3489 victum
1473 3439 1637 3491 erant
1668 3452 1773 3493 ne-

124 3518 409 3587 cessaria,
440 3516 607 3575 bonis
645 3518 1079 3575 conditionibus
1110 3519 1448 3578 obtulerunt
1478 3538 1773 3580 commen·

124 3610 305 3668 cium.
338 3606 483 3664 Inde
519 3622 623 3680 per
673 3606 1013 3676 Caesaream,
1047 3607 1257 3666 deinde
1293 3610 1474 3667 Arsur
1503 3612 1656 3669 viam
1690 3613 1776 3669 le-

121 3703 328 3773 gentes
360 3695 742 3762 maritimam,
766 3713 950 3769 usque
978 3698 1205 3771 Joppen
1232 3707 1636 3771 pervenerunt;
1671 3703 1772 3760 ubi

124 3789 195 3845 ab
248 3787 533 3845 universo
573 3785 725 3844 clero
754 3802 820 3842 ac
851 3788 1067 3859 populo
1098 3788 1436 3847 solemniter
1477 3799 1770 3866 exceptuS,

121 3875 457 3935 faventibus
506 3874 818 3943 universis,
861 3893 960 3948 pro
992 3878 1226 3934 domino
1264 3896 1326 3935 se
1372 3883 1576 3952 gessit.
1629 3882 1773 3939 lude

122 3967 425 4039 profectus
478 3962 953 4038 Hierosolymam,
987 3974 1318 4025 occurrente
1349 3970 1462 4026 sibi
1506 3971 1771 4028 universo

122 4055 272 4113 clero
300 4059 363 4114 et
392 4053 632 4127 populo,
684 4061 796 4110 tam
832 4056 1158 4113 Latinorum
1188 4074 1365 4131 quam
1387 4059 1629 4116 aliarum
1664 4079 1769 4119 na·

20 4175 25 4216 5
122 4145 367 4217 tionum,
399 4158 535 4200 cum
568 4141 804 4214 hymnis
824 4150 883 4201 et
901 4145 1138 4202 canticis
1185 4148 1608 4217 spiritualibus,
1638 4156 1771 4207 tan-

125 4251 297 4309 quam
358 4248 554 4308 regem
604 4236 660 4289 et
719 4233 1020 4292 dominum
1079 4252 1252 4293 suum
1322 4238 1773 4298 introduxerunt

121 4325 467 4398 gaudentes.
494 4315 513 4334 ⁸

748 4431 982 4489 CAPUT
1025 4432 1147 4490 VII.

1891 3251 2272 3308 contulerant.
2314 3252 2490 3308 Erant
2526 3256 2720 3308 autem
2752 3249 3067 3308 latrunculi
3105 3255 3163 3307 et
3202 3251 3521 3323 praedones,

1885 3340 2113 3398 viarum
2145 3342 2476 3399 effractores
2518 3342 2912 3414 publicarum,
2961 3342 3063 3414 qui
3110 3342 3330 3400 crebris
3373 3342 3523 3399 irru-

1884 3430 2182 3501 ptionibus
2231 3430 2384 3488 inter
2414 3431 2716 3488 Ramulam
2761 3440 2815 3488 et
2842 3430 3164 3488 Jerusalem
3193 3432 3303 3488 iter
3332 3431 3527 3488 reddi-

1882 3521 2094 3578 derant
2141 3519 2305 3578 valde
2353 3519 2770 3594 periculosum,
2831 3519 2889 3575 iu
2950 3520 3200 3576 viatores
3257 3520 3527 3576 incautos

1883 3610 2033 3668 ferro
2080 3610 2292 3678 saepius
2356 3610 2646 3666 hostiliter
2700 3610 3057 3665 servientes:
3108 3624 3226 3679 quo
3272 3608 3526 3679 cognito,

1880 3716 2073 3757 comes
2103 3700 2305 3755 instari
2339 3700 2599 3772 praecipit
2626 3697 3031 3755 vehementius
3054 3700 3113 3753 et
3143 3696 3264 3766 igni
3285 3695 3355 3751 ad
3377 3696 3529 3752 ostia

1880 3790 2295 3862 speluncarum
2353 3789 2639 3858 adhibito,
2693 3788 2981 3844 fumidam
3036 3788 3205 3842 docet
3250 3785 3528 3842 adhibere

1881 3880 2209 3948 materiam,
2255 3884 2319 3935 ut
2364 3879 2523 3934 fumo
2555 3877 2813 3934 inclusos
2859 3876 3222 3944 molestante,
3254 3876 3325 3932 ad
3357 3873 3526 3930 dedi-

1880 3966 2092 4023 tionem
2162 3972 2410 4038 cogeret,
2470 3965 2559 4020 vel
2618 3980 2747 4021 aere
2825 3963 3219 4031 suffocatorio,
3276 3961 3522 4034 spiritus

1878 4054 2252 4128 compelleret
2281 4054 2573 4111 exhalare.
2622 4054 2858 4109 Factum
2888 4054 3088 4125 itaque
3116 4055 3207 4108 est
3235 4051 3388 4125 quod
3419 4050 3521 4122 qui

1879 4145 2036 4202 intus
2060 4148 2245 4212 erant,
2277 4141 2675 4200 incendiorum
2702 4158 2931 4210 cauma,
2963 4141 3215 4199 favillam
3258 4141 3524 4214 fumique

1878 4233 2379 4306 importunitatem
2428 4249 2545 4290 non
2599 4232 2875 4300 serentes,
2919 4232 3046 4288 sine
3092 4230 3423 4289 conditione
3461 4229 3524 4288 in

1880 4344 2092 4384 manus
2122 4341 2181 4382 se
2214 4326 2502 4382 dederunt
2547 4322 2801 4381 comitis.
2843 4321 3065 4387 Quibus
3096 4339 3210 4380 non
3256 4337 3524 4394 parcens,

1873 4418 2046 4489 juxta
2083 4416 2141 4472 id
2189 4416 2344 4488 quod
2393 4430 2597 4471 eorum
2627 4412 2979 4470 videbantur
3020 4412 3248 4483 exigere
3298 4410 3524 4477 merita,

123 4521 451 4579 Potrici-cta
498 4521 859 4588 flambertus,
906 4524 1171 4581 Balduim’
1217 4525 1415 4584 timens
1461 4527 1772 4597 adventum,
1805 4538 1853 4604 Β
1885 4516 2117 4564 ⁰0⁰¹⁰¹1¹
2149 4503 2329 4563 23‘353
2358 4503 2628 4561 ’16001ῙᾶΓί
2677 4502 2951 4575 Pl'ae‘iepit
2986 4517 3000 4557 ²
3049 4500 3412 4573 ΒυῑῦΡῑῑΒΨῑθ
3442 4498 3526 4554 Vi·

193 4595 256 4650 in
288 4591 578 4651 ecclesiam
606 4594 810 4651 montis
840 4595 993 4667 Sion,
1033 4599 1225 4655 relicta
1252 4599 1412 4657 domo
1430 4600 1775 4673 patriarcha-

196 4666 260 4736 ti,
291 4681 351 4723 se
378 4667 611 4736 confert.

193 4773 305 4831 Per
330 4772 492 4831 idem
520 4776 769 4846 tempus,
803 4776 1113 4843 Arnulsus,
1146 4778 1218 4835 de
1247 4796 1362 4852 quo
1393 4780 1664 4852 superius
1694 4780 1771 4837 fe-

125 4864 311 4922 cimus
341 4864 725 4932 mentionem,
750 4865 1175 4938 primogenitus
1196 4870 1445 4939 Satanoe,
1469 4870 1625 4927 filius
1649 4887 1771 4944 per·

125 4952 391 5022 ditionis,
448 4953 655 5011 videns
700 4956 857 5026 quod
906 4973 939 5011 a
985 4956 1259 5014 cathedra
1319 4958 1539 5026 Jacobi,
1591 4976 1769 5032 quam

125 5057 271 5099 ausu
318 5040 632 5100 temerario
663 5043 977 5112 invaserat,
1028 5045 1243 5102 meritis
1271 5047 1637 5119 exigentibus
1667 5047 1769 5103 de-

124 5131 389 5202 cidisset,
421 5131 730 5189 molestare
746 5134 920 5206 coepit
939 5138 997 5190 et
1020 5135 1250 5193 turbare
1272 5136 1527 5208 quietem
1548 5134 1773 5193 domini

120 5218 477 5290 Daimberti,
505 5235 679 5292 quem
708 5222 910 5279 eadem
943 5224 1185 5281 ecclesia
1215 5226 1286 5281 de
1318 5227 1614 5282 communi
1646 5242 1773 5281 om-

120 5311 291 5366 nium
320 5308 703 5366 conniventia
720 5310 831 5367 sibi
851 5313 1201 5382 proel'ecerat.
1227 5315 1438 5371 Statim
1470 5314 1625 5372 enim
1650 5315 1775 5384 post

60 5453 69 5478 ,1
120 5396 289 5456 ducis
321 5397 580 5465 obitum,
608 5399 760 5471 apud
790 5400 1095 5457 dominum
1130 5402 1483 5459 Balduinum
1516 5401 1777 5458 comitem

60 5491 69 5506 ⁵
122 5503 250 5545 eum
300 5502 489 5560 super
532 5486 737 5545 multis
758 5496 1132 5549 accusaverat
1164 5508 1178 5561 ;
1212 5491 1351 5550 cleri
1383 5507 1616 5566 quoque
1647 5508 1777 5566 par-

60 5555 73 5656 }
120 5579 233 5635 tem
262 5574 668 5637 concitaverat
688 5578 971 5639 adversus
989 5595 1150 5649 eum,
1181 5580 1353 5639 sicuti
1385 5581 1777 5642 malitiosissi-

1884 4596 2202 4662 otualibus,
2225 4611 2353 4667 quae
2385 4602 2501 4649 tam
2524 4594 2595 4649 ad
2622 4608 2765 4649 usus
2787 4590 3092 4648 hominum
3114 4607 3282 4662 quam
3299 4591 3525 4661 jumen·

1883 4691 2073 4742 torum
2135 4685 2289 4757 apud
2339 4700 2436 4739 eos
2483 4692 2710 4756 reperta
2774 4687 2912 4737 sunt
2970 4678 3315 4745 necessaria,
3367 4677 3526 4735 tribu

1880 4775 2114 4832 Simeon
2160 4775 2424 4842 decursa,
2456 4773 2527 4829 ad
2561 4775 2839 4827 montana
2869 4769 3003 4824 inde
3035 4766 3394 4834 conscendit,
3425 4765 3525 4822 ubi

1879 4864 2075 4920 locum
2124 4863 2427 4934 sepultura
2473 4860 2936 4933 patriarcharum
2978 4855 3241 4913 Abrahae.
3275 4855 3438 4912 Isaac
3466 4859 3526 4913 ct

1878 4953 2057 5010 Jacob
2100 4951 2409 5019 celebrem,
2442 4950 2671 5007 Hebron
2697 4948 2979 5006 videlicet.
3014 4947 3115 5021 qui
3146 4946 3257 5004 alio
3294 4947 3526 5003 nomine

1883 5041 2098 5099 dicitur
2126 5039 2547 5107 cariathiarbe,
2579 5043 3013 5111 praetereuntes,
3055 5054 3156 5111 per
3183 5036 3384 5095 vincas
3409 5036 3524 5093 En·

1883 5132 2058 5206 gaddi
2090 5132 2160 5188 ad
2193 5130 2401 5186 vallem
2434 5128 2737 5185 descendit
2771 5126 3079 5195 illustrem,
3114 5127 3211 5183 ubi
3244 5132 3333 5184 est
3365 5140 3527 5182 mare

1883 5222 2301 5279 salsissimum.
2330 5218 2545 5274 Deinde
2573 5220 2771 5289 Segor,
2807 5215 3101 5287 parvulam
3133 5216 3395 5288 quidem,
3426 5213 3526 5272 sed

1881 5318 2076 5369 tamen
2107 5327 2230 5381 quae
2263 5309 2366 5365 Lot
2388 5311 2457 5364 de
2489 5307 2739 5364 Sodonis
2760 5305 3076 5377 fugientem
3102 5307 3262 5361 novIt
3283 5303 3529 5375 salvare,

1884 5404 2282 5464 transeuntes,
2333 5396 2481 5453 fines
2533 5395 2917 5452 Moabitarum
2977 5394 3248 5467 ingressi,
3308 5390 3533 5466 Syriam

1887 5487 2062 5547 Sobel
2094 5488 2594 5560 perlustraverunt
2623 5486 2979 5555 universam,
3011 5490 3301 5542 tentantes
3322 5482 3534 5557 siquid

1884 5579 1974 5637 eis
2011 5581 2360 5646 occurreret,
2377 5577 2439 5635 in
2459 5592 2573 5650 quo
2594 5580 2826 5650 gentem
2850 5574 3134 5651 perfidam
3157 5573 3537 5634 damnificare
