3784 6000
280 213 386 273 891

1410 217 1802 280 GUILLELMI
1841 219 2201 278 TYRENSIS
2239 218 2574 277 ARCHIEP.

279 356 466 416 quam
496 340 575 398 ad
624 340 839 398 urbem
863 342 1219 415 perveniret,
1270 346 1659 417 quamplures
1703 363 1775 403 ex
1811 346 1928 404 loci
1961 350 2007 402 Α
2038 361 2158 419 que
2185 359 2323 402 cum
2379 347 2547 401 motu
2598 342 3017 414 intemperato,
3051 344 3117 398 ut
3156 339 3591 414 praemisimus,
3626 340 3703 398 ab

284 433 414 504 ejus
445 430 674 488 civibus
712 431 927 487 obvios
951 432 1183 501 habuit,
1216 449 1289 489 ex
1321 437 1573 509 utraque
1599 436 1786 493 classe
1808 452 1931 492 ma-

281 521 472 593 jorcs;
502 519 723 592 quibus
752 519 959 576 urbem
1007 522 1431 594 aperientibus,
1469 539 1569 581 rex
1607 525 1735 581 sine
1780 525 1931 581 diffi-

286 609 502 666 cultate
531 608 833 677 ingressus
858 613 947 664 est
958 627 977 679 3
1010 608 1211 682 ibique
1232 612 1508 670 ordinato
1525 618 1927 685 procuratore,

284 698 389 770 qui
409 697 522 753 loci
551 712 757 752 curam
801 703 1045 767 gereret.
1077 699 1275 756 Accon
1330 701 1612 773 pervenit.
1651 701 1934 758 iudicitur

284 799 427 855 ergo
443 784 607 856 apud
623 784 899 841 eamdem
920 786 1129 843 urbem
1146 790 1311 846 curia
1324 791 1637 860 generalis,
1651 790 1933 865 adquam

283 889 423 929 cum
449 872 545 928 die
576 877 798 929 statuta
824 877 988 943 regni
1020 877 1317 950 principes
1346 879 1787 946 convenissent,
1821 895 1934 935 coe·

281 961 371 1034 pit
401 961 756 1033 patriarcha,
785 967 1106 1037 utrumqne
1127 967 1503 1036 magistrum,
1525 968 1749 1041 Templi
1770 969 1932 1025 vide·

283 1051 418 1108 licet
459 1055 517 1106 et
538 1050 880 1123 Hospitalis,
913 1053 971 1107 in
1005 1069 1076 1110 eo
1118 1055 1299 1112 verbo
1328 1055 1561 1113 habens
1602 1062 1933 1126 consortes,

282 1140 600 1199 dominum
627 1154 826 1210 regem
842 1141 1184 1212 convenire,
1200 1149 1257 1200 et
1269 1146 1446 1202 etiam
1457 1145 1616 1203 flexo
1628 1159 1805 1216 genu,
1824 1161 1936 1220 pro

283 1228 501 1286 comite
551 1228 933 1296 intercedere,
985 1236 1048 1287 ut
1093 1247 1343 1290 rancore
1379 1233 1670 1306 deposito,
1702 1235 1934 1291 eumin

285 1332 464 1374 suam
492 1317 747 1387 gratiam
768 1318 1100 1378 restitueret
1124 1337 1138 1388 ;
1160 1337 1420 1394 cumque
1442 1323 1641 1380 statim
1669 1322 1934 1380 exauditi

281 1419 405 1463 nou
430 1405 702 1477 fuissent,
732 1414 1104 1466 recesserunt
1128 1427 1266 1468 cum
1298 1411 1713 1482 indignatione
1733 1412 1932 1480 simul,

2040 431 2190 490 urbe
2217 431 2621 489 discesserant
2643 430 2999 486 Acconensi.
3023 430 3239 486 Comes
3266 444 3410 486 vero
3438 429 3707 502 Ioppen-

2041 523 2121 577 sis
2150 522 2412 591 cognito,
2443 519 2608 594 quod
2621 519 2700 576 ad
2721 520 3077 592 ejuspacem
3105 534 3207 574 rex
3228 519 3502 574 animum
3527 534 3705 575 suum

2040 610 2227 667 nollet
2251 608 2559 675 inclinare.
2593 607 2812 679 adjecit
2832 607 3040 680 pejora
3072 605 3376 679 prioribus
3409 622 3424 673 ;
3458 611 3516 662 et
3541 621 3706 662 assu-

2043 714 2215 755 mens
2263 715 2398 755 eam
2439 713 2624 772 quarn
2656 711 2860 752 secum
2884 694 3147 751 habebat
3178 694 3471 759 militiam,
3498 709 3707 751 versus

2044 792 2328 854 castrum,
2362 787 2457 843 cui
2516 800 2737 842 nomen
2792 784 3038 849 Darum,
3076 799 3217 839 suos
3268 782 3483 840 direxit
3515 803 3528 848 ς
3561 784 3707 839 etin

2043 882 2239 933 castra
2263 875 2672 950 quorumdam
2723 872 3011 938 Arabum,
3057 871 3163 945 qui
3194 873 3252 928 in
3286 871 3565 944 partibus
3597 871 3706 927 illis

2044 965 2239 1037 gratia
2264 980 2647 1038 pascuorum,
2683 963 2935 1019 tentoria
2958 962 3303 1018 locaverant
3344 977 3480 1027 sua,
3514 976 3708 1032 arege

2043 1053 2332 1111 habentes
2358 1055 2757 1117 securitatem,
2794 1055 2850 1106 et
2876 1050 2993 1106 sub
3020 1050 3152 1121 ejus
3183 1048 3405 1106 fiducia
3435 1065 3707 1106 commo-

2045 1148 2246 1200 rantes
2302 1141 2516 1209 securi,
2550 1141 2895 1213 repentinus
2925 1139 3114 1205 irruit,
3156 1143 3215 1195 et
3261 1139 3601 1211 imparatos
3626 1154 3708 1195 re-

2044 1233 2303 1306 periens,
2326 1229 2597 1304 prtedam
2620 1229 2760 1286 inde
2776 1233 2833 1285 et
2850 1228 3172 1286 manubias
3190 1242 3400 1298 agens,
3427 1242 3711 1284 reversus

2043 1325 2136 1379 est
2161 1323 2521 1379 Ascalonem
2553 1340 2569 1389 ς
2599 1333 2723 1393 quo
2751 1320 3017 1391 cognito,
3050 1333 3175 1388 rex,
3207 1318 3424 1376 iterum
3456 1332 3713 1375 revoca-

2047 1410 2118 1467 tis
2146 1408 2542 1483 principibus,
2567 1406 2928 1480 Tripolitano
2955 1406 3160 1463 comiti
3207 1406 3378 1479 regni
3410 1421 3627 1462 curam
3656 1409 3713 1462 et

283 1510 408 1553 non
435 1495 633 1552 solum
663 1511 701 1552 a
728 1497 914 1564 curia,
947 1514 1154 1555 verum
1172 1500 1351 1557 etiam
1379 1515 1415 1557 a
1439 1500 1695 1559 civitate.
1726 1501 1938 1559 Fuerat
2045 1498 2384 1572 generalem
2397 1496 2978 1555 administrationem
2991 1496 3330 1563 committit,
3350 1496 3413 1551 in
3428 1495 3563 1567 ejus
3577 1510 3711 1567 pru·

283 1587 485 1642 autem
517 1584 576 1640 in
625 1586 943 1657 praesentia
975 1587 1316 1661 principum
1365 1589 1467 1662 qui
1511 1594 1933 1657 convenerant,
2047 1589 2249 1647 dentia
2283 1587 2461 1644 simul
2504 1591 2561 1643 et
2603 1584 3097 1658 magnanimitate
3140 1600 3311 1657 spem
3356 1583 3615 1641 habens.
3650 1586 3707 1640 ln

285 1672 538 1730 verbum
564 1674 940 1746 propositum
969 1675 1045 1732 de
1087 1676 1387 1733 mittendis
1407 1678 1633 1735 nuntiis
1663 1678 1742 1734 ad
1762 1693 1937 1750 reges
1969 1698 2014 1755 Β
2044 1695 2169 1753 quo
2194 1677 2372 1745 t'acto,
2407 1674 2612 1748 populi
2644 1675 2904 1731 universi
2934 1679 2992 1730 et
3016 1674 3384 1746 principum,
3433 1688 3510 1729 ex
3540 1676 3707 1746 parte

285 1766 343 1819 et
380 1761 645 1834 reliquos
690 1762 990 1836 principes
1037 1763 1535 1831 ultramontanos.
1582 1766 1679 1840 qui
1710 1783 1814 1824 eos
1858 1769 1938 1825 ad
2046 1768 2308 1843 plurima
2361 1765 2676 1822 videbatur
2724 1762 3083 1821 satisfecisse
3125 1762 3482 1819 desideriis:
3534 1762 3709 1818 unica

288 1850 743 1908 Christianitatis
789 1858 845 1909 et
896 1853 1065 1926 regni
1109 1855 1396 1912 auxilium
1455 1855 1798 1914 invitarent.
1858 1860 1937 1914 De
2045 1857 2204 1915 enim
2227 1861 2283 1913 et
2312 1853 2630 1925 singularis
2650 1853 2967 1910 videbatur
2984 1850 3501 1909 omnibussalutis
3525 1849 3643 1916 via,
3661 1849 3711 1906 si

286 1955 409 2013 quo
438 1955 578 1997 cum
607 1940 769 2013 prior
812 1942 1133 2000 habendus
1173 1951 1326 2001 esset
1349 1950 1656 2014 tractatus,
1689 1945 1937 2020 patriar·
2044 1945 2329 2020 praedicto
2356 1943 2555 2001 comiti
2583 1941 2886 2014 regiorum
2920 1956 3066 1998 cura
3107 1941 3580 1998 committeretur
3608 1953 3706 1996 ne·

286 2029 420 2100 cha,
450 2033 517 2086 ut
539 2030 945 2102 praediximus,
992 2033 1282 2099 incidens,
1333 2036 1580 2091 verbum
1613 2035 1935 2109 proeferens
2048 2034 2376 2110 gotiorum.

283 2118 636 2193 principale,
663 2120 725 2177 in
749 2137 1090 2180 sermonem
1111 2124 1370 2196 priorem
1386 2125 1811 2192 descenderat3
1829 2125 1937 2183 ita·

1632 2285 1887 2359 Reliqua
1912 2285 2358 2344 desiderantur.

1070 2628 1228 2753 IN
1332 2629 2128 2754 GUILLELMI
2223 2624 2935 2753 TYRENSIS

614 2900 1560 3003 οοΝΤιΝυΑΤΑΜ
1673 2908 2045 3000 Banu
2157 2904 2529 3004 sactu
2641 2903 3387 3000 ffls‘romAM

1614 3113 2342 3239 MONITUM.

1285 3373 1375 3444 (1).
1405 3373 1660 3429 Mauras.
1691 3372 1891 3443 Ampl.
1925 3371 2212 3439 collect„
2243 3379 2293 3431 t.
2335 3376 2396 3440 V.
2424 3373 2538 3432 col.
2574 3375 2726 3446 581.)

369 3693 538 3775 Inter
564 3692 749 3749 editos
775 3707 813 3776 ⁰.
839 3691 1061 3751 «Iacobo
1091 3693 1420 3765 Bonqartio
1448 3694 1588 3752 belli
1609 3694 1770 3752 sacri
1795 3694 2867 3779 scriptores.maximofuitsemperin
2887 3694 3081 3764 pretio
3103 3693 3409 3752 Guillelmi
3429 3695 3717 3767 Tur-ensis

294 3764 729 3833 archiepiscopi
748 3764 998 3821 historia
1046 3780 1179 3821 cum
1204 3772 1448 3834 propter
1471 3780 1672 3823 rerum
1745 3782 1852 3824 uas
1878 3774 2099 3824 tractat
2120 3767 2566 3824 multitudinem
2584 3769 2637 3822 et
2658 3765 3022 3832 varietatem,
3045 3772 3169 3822 tum
3181 3771 3717 3837 propter-auctoris

289 3843 476 3913 ipsius
498 3836 882 3916 arduitatem,
910 3850 1043 3907 quae
1069 3842 1225 3893 certe
1248 3842 1421 3918 tanta
1441 3837 1589 3908 fuit,
1609 3844 1674 3891 ut
1690 3782 1883 3895 ‹qil-tus
1896 3838 1971 3894 sit
1988 3838 2166 3895 totius
2181 3838 2440 3894 historice
2460 3838 2757 3919 princeps,
2776 3836 3046 3893 doctrina
3069 3852 3187 3892 non
3207 3837 3433 3908 vulgari
3449 3843 3516 3893 et
3530 3855 3717 3911 supra

292 3908 581 3971 saecuium
601 3906 744 3963 illud
779 3922 1041 3973 amoenn,
1064 3911 1426 3979 experientia
1460 3908 1642 3972 varia.
1675 3910 1795 3965 acri
1829 3909 1918 3965 vir
1936 3908 2188 3981 judicio,
2205 3917 2623 3982 quantumque
2646 3908 2782 3964 hcet
2799 3908 3204 3978 judicarevita
3229 3915 3285 3964 et
3308 3910 3560 3979 ingenio
3583 3927 3717 3980 pro·

293 3984 431 4049 bus,
458 3978 723 4034 dictione
743 3979 919 4035 etiam
953 3977 1194 4046 elegans
1222 3983 1279 4034 et
1308 3980 1532 4047 gravis.
1565 3982 1865 4044 (Boueanr.
1897 3996 1962 4037 tn
1974 3982 2144 4052 prael.
2164 3980 2576 4052 supra.)0pus
2592 3987 2792 4037 autem
2804 3994 2973 4036 suum
2987 3980 3051 4035 in
3063 3980 3211 4036 duos
3224 3986 3277 4036 et
3298 3980 3720 4051 triointilibros

294 4049 620 4133 distribuit,
639 4049 1011 4134 incoeptoque
1022 4049 1291 4106 vicesimo
1304 4050 1476 4106 tertio
1486 4052 1736 4108 necdum
1751 4051 2026 4109 absoluto
2036 4067 2111 4108 ex
2123 4053 2238 4109 hac
2249 4054 2374 4110 vita
2385 4051 2685 4122 miyravit.
2705 4052 2825 4107 Hos
2837 4058 3033 4108 atatem
3051 4050 3230 4108 libros
3241 4051 3304 4107 in
3320 4053 3722 4112 veter-icodice

292 4126 679 4185 illustrissimi
701 4120 922 4177 domini
952 4119 1228 4176 Gastonis
1248 4122 1320 4178 de
1338 4121 1626 4191 Noailles,
1645 4123 1946 4194 quondam
1966 4124 2224 4193 episcopi
2238 4123 2716 4185 catalaunensis.
2739 4129 2880 4179 ante
2894 4137 3083 4178 annos
3105 4122 3461 4193 quinqentos
3478 4124 3559 4180 ab
3579 4128 3721 4183 atle-

296 4203 420 4255 tore
430 4206 725 4260 anonymo
740 4190 972 4248 Gallice
983 4191 1248 4248 redditos
1263 4207 1395 4247 cum
1417 4193 1979 4263 interpolationibus
2001 4196 2356 4265 quibusdam
2376 4195 2725 4263 reperimus,
2741 4194 2845 4276 qui
2859 4194 3034 4250 etiam
3074 4193 3352 4264 Tyrensis
3382 4195 3719 4264 archiepis-

297 4267 432 4337 copi
462 4261 771 4321 historiam
793 4262 874 4318 ad
897 4277 1124 4319 annum
1147 4264 1284 4320 1275
1311 4278 1496 4336 usque
1516 4266 1887 4322 continuavit
1916 4286 1939 4335 ,·
1960 4280 2107 4334 opus
2131 4281 2267 4321 sane
2296 4268 2557 4322 omnium
2588 4266 2693 4337 qui
2730 4264 2890 4321 illud
2916 4267 3188 4335 leqerunt
3203 4265 3444 4335 jndicio
3467 4266 3724 4336 publica

296 4339 430 4397 luce
450 4349 568 4393 non
589 4332 900 4417 indiqnum
923 4354 944 4391 .·
964 4349 1057 4391 res
1095 4335 1317 4407 quippe
1339 4336 1404 4391 in
1436 4335 1675 4394 Oriente
1697 4343 1892 4419 qestas
1913 4351 2025 4406 per
2051 4351 2240 4393 annos
2261 4337 2505 4394 circiter
2528 4345 2761 4393 centum
2792 4336 3382 4405 accuratedescribit,
3397 4339 3722 4413 multaque

296 4411 482 4495 refert
501 4419 634 4491 quae
661 4404 811 4461 alibi
831 4405 1018 4475 facile
1044 4421 1166 4489 non
1195 4410 1477 4490 reperias.
1497 4409 1610 4465 Res
1634 4414 1812 4464 ettam
1843 4407 2561 4478 constantinopolitanas,
2587 4407 2955 4474 Gallicanas,
2983 4407 3478 4481 Anqlicanasque
3492 4416 3556 4467 et
3585 4425 3720 4483 quae

295 4482 1555 4635 zmfflfflgmpiffttgj'paessiisotssa?szquecbant
1581 4550 1869 4605 nonnulli
1899 4554 1964 4605 ut
1990 4549 2406 4633 nic-daremus,
2434 4549 2694 4607 maxime
2713 4565 2842 4605 cum
2858 4551 3043 4619 plura
3075 4547 3334 4607 versioni
3353 4564 3506 4620 suas,
3534 4567 3720 4625 quam

302 4625 478 4698 Tyrio
505 4620 801 4685 exsulant,
833 4627 1239 4677 immiscuerit.
1270 4621 1480 4678 Verum
1508 4618 1585 4677 ab
1606 4620 1717 4677 hoc
1732 4636 1839 4677 nos
1858 4629 2161 4690 proposito
2180 4622 2522 4679 deterruere
2534 4638 2652 4679 non
2671 4635 2889 4689 pauca.
2919 4626 2966 4676 t.
2988 4622 3275 4677 Immensa
3289 4625 3496 4688 operis
3508 4625 3690 4681 moles
3699 4639 3718 4690 ,·

295 4701 349 4753 2.
377 4690 852 4765 antiquissimum
875 4691 1097 4749 idioma
1130 4692 1428 4752 Gallicum
1448 4692 1607 4764 quod
1623 4708 1742 4749 non
1756 4692 1874 4748 nisi
1893 4707 2111 4762 maeno
2124 4693 2330 4751 labore
2341 4693 2601 4762 intelliqi
2608 4699 2798 4761 potest
2806 4696 2894 4763 ;3.
2909 4694 3063 4765 quod
3072 4707 3142 4750 ea
3156 4706 3290 4763 quat
3308 4693 3494 4763 Tyrio
3506 4704 3720 4753 auctor

293 4764 611 4824 immiscuit
634 4761 882 4819 aliunde
903 4767 1115 4833 forsan
1144 4762 1508 4820 innotescere
1524 4768 1824 4831 poterunt.
1839 4764 2123 4835 Sufficiat
2139 4764 2437 4834 iqilurltic
2449 4764 2859 4822 continuatam
2875 4764 2923 4821 G
2930 4766 3017 4820 uit
3024 4765 3162 4820 lemi
3185 4765 3472 4834 herensis
3492 4767 3715 4825 archic-

291 4838 522 4910 piscopi
550 4832 878 4891 Historiam
904 4834 1088 4895 edere.
1124 4834 1205 4891 ad
1233 4833 1403 4904 eujus
1421 4833 1756 4902 faciliorem
1772 4835 2232 4907 intelligentiam
2260 4849 2466 4892 vocum
2489 4836 2862 4893 exoticarum
2882 4837 3235 4907 glossarium
3255 4836 3712 4910 subjunqemus.

363 4910 452 4968 De
481 4906 859 4964 translatoris
890 4920 1028 4963 vero
1047 4911 1213 4961 aetats
1234 4905 1348 4960 duo
1368 4920 1677 4974 possumus
1689 4911 1848 4963 certo
1859 4906 2129 4975 definire.
2155 4906 2378 4975 Primo,
2401 4907 2560 4989 quod
2577 4908 2782 4964 saltem
2796 4907 2996 4976 attiqit
3012 4922 3238 4964 annum
3257 4910 3413 4968 1275.
3435 4923 3715 4980 quoopus

294 4996 467 5038 suum
491 4978 763 5037 absolvit.
791 4976 1076 5047 Secundo,
1109 4977 1269 5060 quod
1297 4983 1433 5034 ante
1457 4992 1681 5033 annum
1711 4978 1869 5041 1295,
1887 4993 2222 5047 supremam
2250 4992 2410 5045 opert
2434 4994 2541 5035 suo
2583 4993 2824 5035 manum
2851 4978 3145 5047 apposuit.
3192 4978 3282 5033 Eo
3312 4978 3542 5052 quippe
3559 4994 3714 5038 anno

293 5052 548 5123 scriptus
579 5054 662 5107 est
681 5047 870 5106 codex
897 5064 1013 5120 quo
1039 5062 1131 5104 ust
1158 5063 1379 5112 sumus,
1411 5048 1492 5106 ad
1517 5064 1591 5105 cu
1609 5050 1692 5104 ‘us
1717 5048 1937 5107 calcem
1966 5048 2093 5106 ltoec
2121 5048 2370 5119 teatinus
2398 5063 2419 5102 .·
2442 5052 2580 5107 Cest
2607 5050 2752 5106 livre
2778 5049 2840 5107 fu
2868 5050 3041 5106 escrit
3061 5053 3121 5105 et
3141 5049 3446 5121 accompli
3471 5055 3512 5109 a
3533 5053 3712 5109 nom

293 5124 412 5182 l'an
442 5123 517 5179 de
570 5120 990 5178 l’Incarnation
1047 5125 1248 5177 nostre
1275 5119 1525 5192 Seignor
1600 5119 1959 5177 esus-Christ
1999 5119 2273 5177 HCCXCV
2326 5137 2364 5176 u
2397 5122 2551 5176 mois
2590 5120 2666 5176 de
2695 5121 2826 5188 nai,
2860 5136 2897 5175 u
2928 5126 3064 5176 tans
3110 5120 3194 5176 du
3226 5135 3386 5192 pape
3437 5121 3712 5180 Boniface

292 5195 600 5259 huitisme,
635 5194 740 5248 nes
769 5187 949 5248 d'une
977 5191 1087 5249 cite
1115 5191 1220 5274 qui
1249 5195 1342 5248 est
1370 5208 1444 5248 en
1475 5205 1834 5263 campagne,
1862 5189 1964 5263 qui
1996 5205 2035 5248 a
2064 5205 2206 5247 nom
2234 5190 2381 5247 Anai
2428 5207 2524 5256 ne,
2554 5193 2656 5265 qui
2688 5190 2773 5248 t'ut
2803 5190 2957 5249 eslut
2985 5193 3163 5265 apres
3186 5205 3347 5266 pape
3376 5191 3635 5252 Celestin
3663 5193 3712 5251 ie

296 5267 491 5341 quint,
515 5265 622 5342 qui
647 5268 708 5321 ot
736 5276 882 5320 nom
907 5262 1058 5324 frere
1089 5265 1280 5324 Pterre
1298 5263 1373 5321 de
1398 5266 1622 5329 Moron,
1648 5262 1752 5336 qui
1769 5276 2031 5333 renunca
2054 5277 2128 5319 en
2154 5261 2214 5320 la
2237 5262 2345 5318 cite
2417 5279 2448 5320 e
2477 5263 2718 5336 Naples.
