3784 6000
185 237 306 301 367

1248 228 1681 295 GUILLELMI
1725 230 2109 297 TYRENSIS
2149 229 2516 295 AncmEP.

3474 231 3594 295 868

186 370 312 429 dem
337 385 630 444 opponere,
651 385 725 425 an
754 366 921 424 simul
939 363 1218 421 hincinde
1238 367 1521 423 universos
1543 367 1837 439 confliqere
1859 368 1914 436 Α
1942 364 2276 438 collegerat,
2334 367 2575 438 sumpta
2629 363 2866 421 licentia
2919 365 2991 421 ad
3068 380 3208 422 suos
3265 364 3598 422 revertitur.

188 461 488 529 exercitus,
520 466 572 516 et
619 457 862 528 lepiones
889 454 1238 512 unanimiter
1265 455 1337 511 ad
1360 471 1604 527 puqnam
1629 472 1829 513 conve-

187 552 331 610 nire.
363 549 675 622 Impetrato
710 545 889 619 igitur
917 546 988 601 ad
1028 549 1265 617 tempus
1298 545 1532 612 foedere,
1563 550 1623 601 et
1650 547 1835 619 gratia

191 639 490 696 mittendo
519 634 827 708 legationis
866 650 1005 706 pace
1043 634 1243 707 petita,
1276 634 1516 707 profecti
1548 640 1689 691 sunt
1717 636 1831 692 duo

191 725 450 800 predicti
475 723 609 794 viri,
641 738 775 781 cum
814 723 926 781 sibi
960 724 1263 781 destinatis
1309 725 1693 791 consortibus„
1725 742 1829 781 us-

190 829 302 889 qne
338 814 412 873 ad
442 812 758 872 tentorium
804 813 1084 886 principis
1115 829 1129 869 ε
1164 812 1264 869 ubi
1311 829 1445 870 eum
1477 814 1830 887 reperientes

189 920 324 963 oum
346 903 471 961 suis
499 902 746 961 ducibus
765 903 1324 974 etsatrapis,Petrus
1354 902 1627 970 Eremita,
1658 902 1830 960 sicuti

190 993 275 1051 vir
302 993 719 1067 magnanimus
748 996 893 1062 erat,
922 991 1063 1049 licet
1111 995 1335 1049 statura
1374 991 1623 1066 pusillus
1654 999 1828 1061 esset,

187 1099 410 1141 munus
435 1082 712 1156 inJunctae
740 1081 1048 1155 legationis
1078 1086 1315 1140 strenue
1343 1086 1401 1139 et
1429 1082 1675 1139 fideliter
1705 1099 1837 1155 pro-

187 1173 428 1231 curavit.
449 1172 747 1231 Accedens
775 1170 933 1229 enim
966 1172 1041 1228 ad
1072 1171 1373 1242 praeratum
1402 1171 1711 1231 Persarum
1743 1189 1834 1230 sa·

187 1260 793 1334 trapam,nullamque
813 1258 1117 1317 eiomnino
1130 1259 1414 1317 exbibens
1427 1260 1833 1341 reverentiam,

186 1355 522 1411 constanter
548 1355 607 1408 et
627 1348 1017 1423 imperterrite
1042 1348 1220 1407 verba
1247 1349 1568 1423 proposuit,
1602 1349 1832 1409 dicens:

184 1439 406 1499 Diremit
425 1456 522 1499 nos
557 1440 630 1497 ad
658 1444 814 1497 tuam
862 1441 1211 1498 nobilitatem
1240 1439 1349 1496 Deo
1376 1438 1709 1496 amabilium
1735 1439 1834 1512 qui

182 1528 248 1586 in
275 1530 564 1588 Antiochia
584 1533 716 1587 sunt
738 1530 1060 1604 principum
1080 1544 1236 1586 sacer
1261 1536 1575 1595 conventus,
1604 1543 1833 1586 monens

184 1624 244 1679 ut
271 1621 345 1679 ab
371 1638 562 1679 eorum
591 1622 965 1694 intestatione,
985 1629 1039 1679 et
1066 1622 1139 1680 ab
1169 1621 1344 1691 urbis,
1366 1637 1530 1692 quam
1558 1621 1636 1679 eis
1664 1623 1830 1679 resti·

182 1711 291 1769 tuit
318 1711 513 1769 diviua
554 1713 864 1780 clementia,
910 1711 1333 1785 impuqnatione
1369 1710 1599 1768 desistas
1621 1729 1640 1767 .·
1689 1711 1835 1768 Itane
1863 1743 1912 1810 B

178 1801 332 1859 enim
360 1803 727 1874 apostolorum
756 1804 1016 1875 princeps
1062 1807 1282 1870 Petrus,
1318 1805 1518 1859 nostrat
1544 1801 1679 1872 fidei
1699 1801 1833 1872 fide·

181 1891 253 1949 lis
276 1897 332 1948 et
357 1890 598 1963 prudens
625 1890 987 1963 dispensator,
1007 1891 1164 1948 verbi
1183 1893 1274 1947 sui
1302 1893 1524 1959 virtute,
1552 1896 1606 1948 et
1632 1891 1831 1949 exhor·

182 1981 404 2038 talionis
430 1997 542 2053 qua
569 1981 926 2052 praeminebat
953 1982 1157 2053 qratia,
1187 1980 1279 2040 sed
1308 1985 1359 2039 el
1388 1983 1673 2054 siqnorum
1712 1998 1833 2038 ma-

176 2069 469 2143 qnitudine
527 2070 595 2126 ab
659 2069 926 2129 idolatria
967 2087 1261 2133 revocans.
1301 2070 1375 2127 ad
1415 2071 1582 2142 finem
1629 2069 1835 2128 Cltristi

177 2162 463 2229 convertit,
491 2160 647 2217 nobis
691 2176 815 2219 eam
859 2160 1087 2218 reddens
1129 2160 1492 2233 peculiarem.
1522 2161 1680 2217 Nunc
1709 2176 1832 2217 vero

177 2269 212 2310 a
240 2252 390 2310 vobis
417 2252 714 2324 violenter,
746 2252 840 2310 sed
868 2252 1106 2310 indebite
1123 2257 1466 2325 occupatam,
1494 2252 1648 2309 nobis
1675 2255 1836 2309 resti-

176 2345 286 2399 tuit
311 2344 476 2412 fortis
514 2350 567 2399 et
595 2346 782 2415 potens
822 2343 1124 2399 Dominus:
1167 2343 1314 2399 unde
1355 2357 1455 2414 pro
1511 2344 1663 2398 avita
1717 2343 1834 2398 11ae-

176 2430 426 2502 reditate,
457 2433 510 2487 et
550 2430 755 2488 Christi
801 2430 1081 2489 domicilio
1125 2431 1419 2502 familiari
1462 2430 1703 2489 debitam
1732 2447 1829 2503 qe-

176 2525 353 2575 rentes
388 2519 841 2588 sollicitudinem,
872 2536 1051 2575 unum
1079 2519 1178 2576 tibi
1212 2536 1283 2577 ea:
1329 2519 1584 2590 pluribus
1628 2536 1834 2593 propo-

173 2614 319 2665 nunt
350 2623 366 2664 τ
396 2612 460 2664 ul
486 2612 583 2664 aul
613 2609 685 2665 ab
732 2609 884 2665 urbis
914 2608 1220 2678 obsidione,
1250 2614 1307 2665 et
1335 2624 1523 2667 eorum
1568 2610 1834 2666 molesta-

172 2696 325 2755 tione
350 2695 602 2771 quiescas
619 2714 644 2762 ,·
674 2706 774 2756 aut
801 2700 963 2755 tertia
1009 2697 1077 2754 ab
1108 2697 1212 2754 hac
1246 2697 1335 2755 die
1360 2713 1488 2755 cum
1516 2700 1597 2754 eis
1631 2698 1832 2771 qladiis

173 2786 590 2845 decernentibus
615 2786 951 2861 experiaris.
982 2789 1055 2845 Ac
1081 2803 1152 2844 ne
1189 2789 1331 2860 [orte
1371 2788 1623 2860 oblatum
1649 2795 1830 2846 certa·

170 2892 296 2934 men
322 2879 590 2949 causeris,
623 2880 676 2934 et
693 2878 1025 2949 subtersuqii
1061 2879 1515 2951 causamjustam
1553 2880 1829 2949 invenias,

172 2967 454 3042 optionem
479 2967 585 3025 libi
620 2970 959 3042 proponunt,
990 2970 1050 3026 ut
1084 2985 1256 3026 unam
1281 2983 1314 3026 e
1338 2968 1599 3040 pluribus
1625 2968 1830 3042 eliqere

171 3057 345 3129 possis
365 3074 387 3115 .·
414 3075 489 3115 an
514 3059 662 3115 solus
688 3074 814 3115 cum
841 3073 953 3115 uno
981 3074 1052 3116 ea:
1075 3058 1423 3132 principibus
1453 3066 1677 3117 tantum
1705 3076 1832 3116 con-

1946 454 2130 520 Quem
2159 454 2314 512 infra
2343 455 2546 511 urbem
2598 462 2911 526 receptum,
2942 459 3002 511 et
3029 470 3157 526 quae
3198 469 3399 511 secum
3435 454 3595 512 dete·

1946 544 2109 602 rebat
2137 560 2414 617 responsa
2444 543 2733 601 volentem
2765 546 2955 614 edere,
3007 549 3066 601 et
3116 543 3450 617 significare
3505 544 3600 602 his

1947 635 2048 708 qui
2077 651 2214 692 eum
2245 634 2528 692 miserant
2555 634 2939 707 principibus,
2970 633 3159 690 adluit
3181 632 3451 692 universa
3475 640 3598 692 tam

1948 729 2182 796 patrum
2212 741 2385 797 quam
2419 725 2606 798 plebis
2629 724 2964 795 multitudo,
2996 739 3131 783 cum
3155 740 3389 780 summa
3413 725 3597 782 avidi·

1947 816 2068 869 tate
2088 813 2292 869 audire
2311 813 2627 885 gestientes
2648 813 2908 885 responsi
2944 813 3185 869 termam
3208 816 3266 869 et
3285 811 3600 885 legationis

1948 902 2121 958 finem
2136 947 2148 958 .
2166 901 2437 975 Dumque
2455 902 2660 960 Petrus
2685 902 3012 959 secundum
3033 901 3337 959 verborum
3361 903 3597 974 seriem,

1944 991 2229 1065 principis
2270 994 2340 1049 ad
2390 1008 2561 1065 quem
2593 991 2811 1050 missus
2846 993 3044 1061 fuerat,
3085 992 3442 1065 superbiam,
3477 990 3598 1048 mi-

1946 1097 2054 1138 nas
2082 1086 2139 1139 et
2161 1080 2612 1138 immoderatum
2647 1082 2887 1152 fastum,
2913 1085 3195 1154 praesente
3217 1081 3430 1154 populo
3453 1081 3596 1139 uni·

1942 1185 2132 1233 verso.
2176 1169 2429 1227 seriatim
2482 1186 2805 1242 proponere
2852 1170 3197 1228 decrevisset
3243 1169 3462 1228 timens
3509 1170 3598 1227 vir

1942 1259 2187 1317 illustris
2217 1259 2338 1315 dux
2368 1258 2731 1330 Godefridus,
2760 1276 2832 1317 ne
2848 1260 2898 1317 si
2920 1267 3129 1316 cuncta
3156 1274 3226 1317 ex
3253 1258 3460 1317 ordine
3487 1276 3594 1333 po·

1944 1346 2083 1420 pulo
2112 1348 2408 1406 continuis
2431 1348 2646 1407 afflicto
2668 1349 2991 1418 laboribus,
3023 1349 3228 1421 etjam
3250 1365 3367 1421 prae
3385 1364 3597 1407 aerum-

1942 1451 2152 1493 narum
2204 1438 2607 1496 immensitate
2657 1439 2949 1497 deficienti
2981 1437 3399 1511 panderentur,
3429 1437 3599 1512 plebs

1944 1526 2120 1584 nimis
2175 1527 2517 1598 deterretur,
2567 1533 2625 1587 et
2691 1529 2896 1586 timore
2964 1527 3253 1596 deficeret,
3300 1527 3594 1585 volentem

1940 1614 2001 1671 in
2033 1616 2363 1675 narratione
2410 1618 2723 1690 procedere
2771 1616 3150 1689 compescuit,
3194 1631 3461 1674 seorsum
3495 1616 3597 1673 du-

1944 1720 2081 1762 cens
2110 1721 2243 1763 eum
2273 1722 2307 1764 a
2338 1707 2508 1764 turba
2538 1707 2948 1779 frequentiore,
2976 1721 3291 1778 suggerens
3323 1710 3388 1762 ut
3415 1705 3596 1763 omis-

1940 1795 2021 1851 sis
2050 1795 2202 1866 aliis,
2233 1796 2293 1853 id
2343 1796 2533 1854 solum
2564 1796 2816 1854 breviter
2845 1799 2901 1853 et
2932 1796 2995 1853 in
3039 1812 3271 1853 summa
3299 1794 3593 1869 significe-

1940 1888 2059 1954 tur,
2091 1887 2248 1957 quod
2297 1886 2518 1944 bellum
2550 1888 2787 1961 exigant
2817 1886 3035 1957 hostes,
3071 1892 3128 1944 et
3158 1886 3233 1943 ad
3262 1886 3320 1942 id
3354 1886 3598 1944 omnino

1941 1991 2001 2033 se
2031 1980 2370 2048 praeparent.
2403 1976 2657 2048 Populus
2687 1993 2819 2048 ergo
2845 1977 3019 2048 juxta
3047 1975 3202 2033 Petri
3235 1976 3478 2033 verbum
3508 1975 3601 2032 in-

1939 2063 2209 2136 telligens
2239 2067 2386 2138 quod
2418 2066 2619 2124 hostes
2657 2083 2908 2140 pugnam
2939 2065 3342 2138 deposcerent,
3372 2065 3591 2123 unani-

1942 2155 2115 2211 miter
2143 2171 2348 2213 omnes
2377 2172 2412 2212 a
2446 2157 2660 2228 majore
2692 2172 2873 2228 usque
2902 2157 2976 2213 ad
3000 2155 3334 2221 minimum,
3358 2155 3596 2228 paribus

1939 2244 2169 2302 accensi
2200 2244 2532 2314 desideriis,
2563 2245 2619 2302 id
2659 2247 2851 2318 ipsum
2880 2245 3027 2302 votis
3072 2249 3351 2318 expetunt
3377 2244 3598 2301 arden-

1941 2332 2118 2402 tibus,
2149 2350 2283 2391 cum
2312 2338 2472 2391 tanta
2499 2333 2793 2392 hilaritate
2824 2335 3063 2392 verbum
3084 2333 3500 2404 suscipientes,
3528 2325 3600 2390 ut

1933 2421 2062 2493 jam
2084 2422 2323 2480 omnino
2344 2439 2749 2496 pressurarum
2773 2440 2922 2496 quas
2947 2423 3306 2496 pertulerant
3334 2423 3599 2481 videren-

1940 2514 2039 2567 tur
2084 2510 2483 2584 immemores,
2514 2518 2574 2570 et
2600 2515 2672 2570 de
2700 2513 2940 2570 victoria
2968 2513 3181 2570 securi.
3210 2512 3599 2570 Acclamanti-

1939 2600 2050 2657 bus
2087 2616 2226 2673 ergo
2260 2600 2543 2659 universis
2573 2607 2770 2661 ettam
2811 2619 2947 2661 voce
2977 2619 3153 2675 quam
3177 2603 3361 2675 signis
3391 2617 3598 2659 conso-

1940 2690 2199 2747 nantiam
2233 2699 2289 2748 et
2316 2693 2584 2748 omnium
2631 2692 3060 2749 conniventiam
3098 2692 3595 2765 significantibus,

1940 2779 2158 2837 bellum
2188 2782 2444 2838 crastina
2473 2781 2567 2838 die
2596 2782 2860 2839 futurum
2890 2782 3187 2839 indicitur.
3208 2781 3456 2838 Gavisus
3486 2782 3598 2854 igi·

1941 2875 2035 2926 tur
2062 2884 2327 2926 reversus
2346 2874 2437 2927 est
2456 2869 2709 2943 populus
2729 2869 2805 2927 ad
2828 2869 3395 2943 propria,totamque
3428 2869 3594 2926 illam

1939 2962 2168 3016 noctem
2217 2976 2332 3032 prae
2364 2976 2572 3033 pugnas
2622 2960 2909 3018 desiderio
2953 2959 3181 3017 ducunt
3205 2959 3538 3017 insomnem
3577 2979 3595 3023 t

1940 3047 2080 3104 dum
2112 3064 2270 3105 arma
2297 3054 2562 3119 exerunt,
2594 3050 2738 3106 dum
2779 3065 2964 3122 equos
2995 3051 3341 3123 praeparant,
3375 3046 3593 3106 loricas

170 3146 469 3220 prediaris,
490 3151 545 3205 et
600 3147 782 3204 victor
822 3151 994 3204 totum
1024 3147 1296 3214 obtineas,
1327 3152 1426 3204 aut
1481 3150 1655 3205 victus
1695 3164 1831 3205 con-
1857 3130 1909 3199 G
1938 3137 2251 3211 detergunt
2278 3143 2336 3195 et
2363 3137 2580 3211 galeas,
2605 3142 2807 3210 aptant
2836 3137 3090 3210 clypeos,
3111 3136 3339 3209 gladios
3368 3143 3596 3196 acuunt

171 3236 456 3310 quiescas:
483 3246 581 3292 aut
608 3236 794 3308 plures
830 3253 958 3294 cum
1005 3235 1231 3294 totidem
1257 3236 1460 3295 eisdem
1499 3237 1832 3295 conditioni-

173 3323 272 3380 bus
297 3323 573 3382 decertent
588 3339 614 3392 ‚·
662 3332 761 3382 aut
812 3327 1088 3382 universae
1145 3324 1276 3382 ltine
1329 3326 1570 3396 leqiones
1619 3327 1829 3384 bellicis

171 3412 453 3471 eventibus
497 3416 881 3486 experiantur.
932 3414 1036 3472 Ille
1081 3431 1240 3486 vero,
1271 3420 1466 3488 spreta
1496 3417 1629 3488 ejus
1671 3414 1828 3490 lega·

173 3502 350 3571 tione,
408 3502 784 3577 respondisse
831 3503 1083 3561 dicitur:
1122 3525 1151 3556 a
1180 3505 1298 3562 Non
1343 3505 1582 3572 videtur,
1615 3508 1699 3564 mi
1727 3507 1828 3565 Pe·

172 3599 281 3663 tre,
321 3592 462 3666 quod
496 3591 814 3665 principum
844 3594 946 3667 qui
971 3598 1027 3651 te
1058 3595 1164 3650 huc
1211 3595 1504 3664 miserunt,
1535 3610 1626 3653 res
1651 3596 1729 3652 sil
1768 3596 1830 3651 in

171 3697 237 3741 eo
270 3686 418 3740 statu
449 3682 734 3751 collocata,
765 3683 904 3755 quod
951 3682 1092 3739 milti
1139 3683 1371 3741 debeant
1408 3686 1655 3757 optiones
1700 3700 1831 3756 pro-

169 3787 415 3845 ponere:
443 3773 529 3829 vel
552 3771 696 3845 quod
724 3787 818 3844 eqo
845 3778 1060 3843 tenear,
1089 3789 1192 3844 pro
1229 3788 1419 3830 eorum
1437 3775 1700 3837 arbilrio‚
1722 3775 1829 3835 ali.

171 3861 303 3935 quid
320 3862 523 3934 cliqere
550 3876 677 3917 cum
705 3860 778 3917 ad
811 3860 915 3917 hoc
946 3876 1050 3934 per
1079 3871 1326 3918 nostrum
1353 3861 1671 3919 devenerint
1704 3863 1827 3933 qta-

169 3950 342 4019 dium,
370 3955 430 4007 ut
459 3966 634 4023 neque
659 3949 770 4007 sibi
797 3950 1035 4008 liberam
1065 3951 1305 4010 habeant
1331 3953 1561 4024 optandi
1586 3954 1831 4024 faculta-

92 4031 109 4046 '
172 4043 301 4109 tem,
329 4039 422 4097 sed
467 4056 567 4112 pro
594 4047 779 4098 nostro
834 4040 1072 4098 arbitrio
1117 4058 1206 4100 eos
1252 4046 1501 4115 oporteat
1528 4057 1751 4100 sumere
1776 4052 1830 4102 et

170 4129 441 4203 deponere
465 4128 830 4187 voluntatem.
884 4131 1027 4187 Vade
1056 4147 1204 4203 erqo,
1234 4137 1288 4190 et
1331 4133 1420 4188 dic
1459 4132 1831 4205 imprudenti-

173 4219 273 4276 bus
299 4221 395 4291 qui
421 4235 581 4275 suam
610 4219 790 4275 adhuc
813 4235 926 4276 non
954 4221 1283 4292 intelliqunt
1321 4222 1709 4293 conditionem,
1731 4225 1832 4297 qui

174 4311 228 4363 te
254 4305 360 4362 leuc
387 4305 461 4361 ad
499 4321 600 4362 nos
629 4307 980 4374 direxerant,
1012 4308 1155 4380 quod
1182 4324 1366 4366 omnes
1394 4315 1650 4383 quotquot
1685 4314 1827 4369 inte-

171 4410 286 4465 prae
312 4393 498 4450 astatis
525 4408 598 4451 ex
640 4399 872 4467 utroque
899 4411 1035 4453 sexu
1083 4399 1326 4469 reperire
1370 4409 1579 4468 potero,
1603 4400 1824 4458 domini

1939 3242 2145 3284 somno
2191 3227 2351 3284 locus
2410 3244 2530 3285 non
2577 3230 2770 3299 datur,
2826 3243 2932 3283 nec
2978 3226 3321 3298 indulgetur
3369 3226 3592 3300 sopori.

1937 3315 2197 3373 Edicitur
2219 3321 2496 3390 praeterea
2515 3318 2770 3390 publice,
2799 3323 2856 3376 et
2884 3333 3021 3375 voce
3044 3318 3330 3390 praeconia
3361 3317 3593 3376 nuntia-

1938 3409 2036 3463 tur
2080 3414 2368 3479 quatenus
2410 3424 2646 3465 summo
2695 3424 2885 3476 mane,
2931 3411 3066 3465 ante
3112 3405 3253 3465 solis
3298 3411 3591 3474 exortum,

1939 3495 2347 3569 unusquisque
2376 3497 2555 3553 armis
2585 3496 2866 3569 correptis
2894 3500 2952 3554 et
2981 3496 3302 3553 instructus
3331 3496 3407 3553 ad
3435 3513 3586 3570 prae-

1936 3584 2106 3655 lium,
2137 3586 2264 3644 suis
2288 3587 2607 3644 associetur
2638 3585 2968 3660 legionibus
2995 3606 3011 3655 ς
3043 3590 3102 3643 et
3129 3585 3346 3658 proprii
3379 3585 3591 3659 princi·

1939 3677 2029 3748 pis
2082 3676 2328 3734 vexillus
2384 3681 2684 3749 sequatur.
2726 3675 2898 3732 Mane
2955 3683 3148 3732 autem
3197 3675 3366 3747 iacto,
3429 3675 3588 3734 circa

1939 3765 2191 3839 primum
2225 3766 2339 3823 diei
2388 3764 2827 3840 crepusculum,
2856 3767 3183 3823 sacerdotes
3221 3769 3279 3822 et
3327 3764 3587 3823 ministri

1937 3856 2194 3925 Domini,
2226 3873 2328 3930 per
2374 3856 2647 3916 ecclesias
2677 3858 2873 3915 divina
2911 3857 3295 3926 celebrantes,
3327 3863 3386 3915 et
3426 3873 3590 3915 com·

1938 3953 2304 4006 summantes
2351 3948 2729 4018 sacrificium,
2774 3948 2970 4020 plebes
3018 3951 3258 4004 monent
3287 3952 3373 4017 ut,
3423 3964 3590 4019 pera·

1938 4037 2048 4095 ctis
2064 4038 2309 4096 demere
2328 4038 2800 4095 confessionibus
2823 4038 2885 4094 in
2914 4037 3125 4111 spiritu
3149 4037 3508 4094 humilitatis
3530 4043 3588 4097 et

1936 4128 2135 4185 animo
2186 4128 2452 4199 contrito,
2483 4130 2685 4184 contra
2713 4126 2921 4183 mundi
2972 4127 3231 4198 pericula
3260 4142 3502 4199 corpore
3528 4132 3593 4184 et

1937 4216 2225 4290 sanguine
2259 4216 2483 4274 Domini
2517 4233 2577 4274 se
2596 4216 3006 4275 communiant
3028 4233 3043 4286 ;
3069 4221 3128 4274 et
3157 4215 3405 4274 indultis
3424 4216 3581 4274 elren

1937 4307 2042 4375 sis,
2072 4315 2128 4363 et
2181 4322 2423 4364 rancore
2477 4305 2770 4380 deposito,
2804 4305 2856 4363 si
2895 4306 3030 4377 quis
3084 4311 3226 4378 erat,
3276 4306 3592 4365 reformata

1936 4395 2168 4468 plenius
2196 4396 2499 4466 charitate,
2532 4413 2665 4454 cum
2716 4396 2932 4468 majore
2974 4396 3190 4454 fiducia
3218 4396 3291 4453 ad
3321 4394 3588 4468 prelium

169 4484 280 4541 mei
306 4483 578 4556 obsequiis
605 4482 902 4557 deputatos,
935 4485 1064 4541 vitae
1114 4486 1398 4545 reservabo
1417 4504 1440 4551 ,·
1469 4504 1657 4545 omnes
1697 4506 1822 4548 vero
1853 4487 1903 4552 D
1931 4487 2324 4559 egrediantur,
2356 4496 2411 4544 et
2438 4489 2570 4560 ejus
2593 4504 2724 4545 vere
2753 4488 2875 4545 sint
2921 4487 3220 4545 auditores
3261 4495 3316 4545 et
3344 4487 3594 4544 membra

173 4574 333 4645 alios,
364 4582 628 4647 tanquam
656 4574 877 4631 arbores
912 4573 1160 4646 inutiles,
1203 4576 1393 4646 plodio
1418 4577 1717 4651 succidam,
1740 4582 1825 4637 ita

171 4673 236 4722 ut
270 4678 442 4738 neque
473 4679 664 4721 eorum
705 4664 893 4737 aliqua
934 4667 1166 4737 supersit
1192 4670 1478 4724 memoria.
1517 4668 1667 4737 Quod
1712 4657 1828 4728 nisi

170 4754 347 4811 satius
402 4753 683 4811 duxissem
728 4770 818 4812 eos
853 4755 1019 4825 famis
1064 4755 1359 4814 acerbitate
1385 4760 1634 4815 consumi
1658 4775 1824 4832 quam

169 4842 376 4912 ptadiis
408 4843 654 4910 interire,
676 4843 1014 4916 jampridem
1045 4844 1289 4917 effractis
1316 4848 1582 4903 rnaenibus
1610 4854 1662 4904 et
1689 4849 1824 4907 urbe

168 4929 434 4987 violenter
472 4938 749 5004 occupata,
779 4936 997 4989 viarum
1040 4949 1271 4990 suarum
1326 4934 1545 5007 fructus
1571 4938 1821 5011 eolleqis-

170 5029 315 5089 sent,
338 5020 543 5095 pladiis
571 5025 844 5082 ultoribus
874 5027 1123 5098 subjecti.

771 5131 998 5189 CAPUT
1024 5134 1179 5192 xvl.

171 5219 475 5280 Revertitur
523 5223 721 5280 Petrus
763 5221 833 5277 ad
876 5239 1130 5295 proceres
1159 5245 1180 5291 ,·
1222 5224 1459 5283 nostium
1502 5230 1819 5302 superbiam

454 5295 657 5352 nostris
688 5294 939 5351 insinuat
954 5314 974 5362 ,-
999 5296 1202 5353 bellum
1232 5299 1530 5358 indicitur.

238 5385 312 5441 At
334 5400 471 5442 vero
498 5384 703 5441 Petrus
731 5383 1022 5443 intellecta
1052 5387 1354 5460 principis,
1376 5391 1446 5447 ad
1477 5405 1652 5463 quem
1675 5391 1819 5451 mis-

172 5487 274 5530 sus
322 5472 529 5543 ruerat,
581 5477 775 5532 mente
799 5477 859 5531 et
905 5475 1184 5549 superbia
1226 5478 1477 5551 cognita,
1519 5496 1695 5553 quam
1746 5497 1817 5540 ex

170 5557 547 5620 multitudine
591 5576 836 5620 suornm
866 5567 927 5621 et
980 5564 1539 5637 incomparabilibus
1594 5570 1817 5631 divitiis

1935 4577 2038 4649 qui
2068 4576 2259 4634 dixit:
2289 4579 2354 4634 1n
2396 4576 2497 4634 hoc
2540 4582 2860 4647 coqnoseent
2903 4592 3087 4633 omnes
3120 4578 3260 4649 quia
3303 4577 3414 4634 mei
3457 4578 3591 4633 estis

1927 4667 2206 4740 discipuli,
2237 4666 2288 4723 si
2314 4666 2664 4723 dilectionem
2683 4666 3000 4723 habueritis
3028 4666 3369 4723 adinvicem
3399 4667 3582 4739 (ioan.

1931 4773 2053 4826 xm,
2083 4757 2197 4829 35).
2229 4753 2543 4812 celebratis
2573 4770 2710 4828 ergo
2741 4755 2958 4813 divinis
2987 4759 3045 4812 et
3088 4754 3423 4829 legionibus
3455 4757 3593 4813 uni-

1932 4847 2120 4904 versis
2151 4845 2366 4903 coelesti
2396 4861 2636 4903 munere
2664 4846 2916 4915 satiatis,
2946 4850 3106 4904 tanta
3138 4849 3228 4903 est
3253 4846 3339 4902 eis
3368 4845 3595 4902 divini-

1931 4941 2026 4993 tus
2053 4935 2245 4993 inlusa
2273 4935 2480 5009 gratia,
2506 4936 2694 5008 utqui
2719 4936 2843 4993 heri
2863 4940 2919 4994 et
2941 4936 3159 4993 nudius
3185 4934 3396 4993 tertius
3416 4934 3594 5008 quasi

1932 5042 2142 5100 segnes
2172 5033 2226 5085 et
2266 5025 2496 5098 abjecti,
2546 5025 2837 5083 macilenti
2885 5029 2941 5083 et
2987 5040 3311 5097 sexangues
3338 5040 3455 5097 pra
3480 5026 3597 5082 de-

1931 5118 2086 5175 fectu
2113 5116 2326 5173 virium
2355 5116 2447 5172 vix
2489 5120 2755 5188 poterant
2791 5116 3036 5173 attolere
3078 5114 3332 5184 lumina,
3361 5114 3593 5172 frontes

1929 5209 2149 5280 erigere
2175 5211 2234 5264 et
2268 5204 2516 5278 jejuniis
2544 5206 2847 5275 attenuati,
2883 5206 3019 5262 victi
3065 5204 3374 5262 laboribus
3422 5219 3592 5277 qum-

1927 5300 2135 5356 rebant
2187 5295 2448 5366 latibula,
2481 5295 2739 5367 pristinae
2783 5295 3115 5353 honestatis
3179 5296 3587 5363 immemores,

1928 5405 2083 5446 nunc
2112 5387 2264 5445 ultro
2288 5386 2350 5443 in
2399 5386 2698 5458 publicum
2738 5387 3110 5458 prodeuntes.
3140 5386 3370 5457 abjecta
3422 5384 3582 5456 igna-

1926 5480 2039 5548 via,
2069 5477 2241 5551 quasi
2277 5478 2594 5549 resumptis
2638 5475 2880 5546 viribus,
2911 5493 3077 5534 arma
3123 5473 3400 5549 bajulant
3446 5475 3591 5534 viri-

1925 5567 2080 5639 liter,
2108 5572 2167 5626 et
2193 5568 2268 5624 de
2294 5565 2520 5626 bellicis
2539 5569 2786 5626 tractare
2802 5566 3175 5626 animositate
3205 5570 3582 5639 prasumnnt
