3784 6000
174 221 307 283 ⁴15

1264 217 1699 282 GUILLELm
1741 214 2127 279 TYRENSts
2167 215 2529 280 ARCHIEP.

3475 220 3597 281 ete

186 354 342 412 unde
374 369 509 410 cum
559 349 905 409 difficultate
934 350 1155 420 nimia;
1188 350 1440 408 invicem
1472 368 1534 408 se
1583 348 1840 422 compri-
1875 352 1920 419 Α
1954 350 2232 409 texendas
2280 357 2483 419 crates,
2527 351 2714 407 scalas
2778 350 3231 420 connectendas,
3288 351 3599 411 universus

188 444 491 503 mentibus
517 447 574 501 et
604 442 793 499 undas
822 440 1057 497 haurire
1079 440 1548 514 prohibentibus,
1574 448 1698 513 post
1721 456 1840 496 mo·

187 551 287 592 ras
328 533 724 606 longissimas,
759 546 904 602 quas
953 529 1063 586 sibi
1096 531 1323 588 mutuis
1369 530 1841 604 improbitatibus

185 627 579 690 innectebant,
601 640 783 694 aquas
807 622 863 678 in
890 623 1121 681 utribus
1141 624 1472 681 deferebant
1502 623 1835 695 lutulentaS,

188 730 438 788 quarum
484 712 724 782 haustu,
753 727 868 784 quo
911 712 1006 768 vix
1047 713 1253 770 sitiens
1295 713 1476 770 semel
1525 711 1834 770 refocillari

186 806 387 877 posset
415 801 633 869 anima,
664 800 846 858 multo
878 802 1064 873 pretio
1103 802 1480 859 vendebatur.
1513 801 1624 859 Sed
1656 806 1714 858 et
1741 801 1835 858 Si-

185 892 278 949 loe
308 890 437 947 fons
481 888 610 946 urbi
659 890 1077 960 conterminus,
1109 892 1182 947 de
1211 908 1326 963 quo
1373 908 1548 964 supra
1592 889 1835 948 fecimus

186 979 567 1046 mentionem,
599 994 736 1035 cum
789 994 972 1052 neque
1010 987 1321 1052 perpetuas
1361 996 1545 1052 aquas
1574 979 1835 1049 baberet,

182 1072 241 1126 et
268 1069 501 1125 easdem
537 1073 694 1125 certo
724 1075 991 1139 tempore
1022 1069 1289 1125 funderet
1317 1069 1630 1140 insipidae,
1655 1084 1833 1139 popu·

183 1159 240 1216 lo
273 1175 387 1214 non
409 1161 633 1229 poterat
663 1156 955 1214 laboranti
980 1158 1271 1215 sufficere.
1290 1158 1555 1231 Augebat
1584 1158 1836 1229 denique

116 1300 121 1305 .
184 1247 314 1304 sitis
344 1245 847 1318 importunitatem
881 1250 938 1302 et
991 1247 1225 1320 angoris
1272 1247 1610 1319 geminabat
1656 1244 1838 1302 mole-

166 1336 387 1407 -etiam,
410 1334 636 1392 aestatis
666 1335 1044 1393 inclementia
1075 1339 1135 1392 et
1154 1337 1366 1394 ardens
1395 1335 1608 1392 Junius
1639 1351 1652 1389 :
1677 1333 1840 1392 labor

186 1441 423 1499 quoque
452 1429 508 1481 et
555 1424 840 1481 excitatus
873 1424 1080 1496 pulvis,
1113 1425 1232 1483 oris
1262 1428 1321 1482 et
1369 1425 1616 1497 pectoris
1655 1424 1838 1481 aridi-

188 1518 366 1572 tatem
408 1514 781 1587 provocabat.
812 1514 1071 1588 Dispersi
1114 1531 1252 1588 ergo
1287 1519 1344 1571 et
1383 1513 1627 1572 seorsim
1673 1530 1838 1587 egre-

188 1603 436 1669 dientes,
460 1619 643 1675 aquas
673 1602 938 1675 diligenti
969 1603 1489 1674 perscrutabantur
1519 1602 1796 1676 indagine
1820 1618 1835 1672 ;

187 1697 268 1760 et,
290 1678 431 1748 dum
463 1709 596 1748 cum
618 1692 820 1764 paucis
843 1709 902 1748 se
933 1693 1359 1750 arbitrarentur
1379 1693 1659 1765 quaesitos
1680 1693 1836 1749 inve·

186 1782 344 1839 nisse
373 1780 596 1850 latices,
631 1781 824 1838 subito
859 1781 1066 1854 ingens
1095 1782 1433 1839 occurrebat
1461 1782 1656 1849 turbo,
1681 1780 1837 1837 idem
1870 1753 1915 1818 B

188 1869 406 1926 liabens
456 1871 843 1943 propositum,
876 1871 958 1929 ita
1006 1877 1071 1928 ut
1111 1872 1362 1929 inventis
1397 1873 1656 1930 fontibus
1688 1872 1836 1929 inter

185 1977 285 2019 eos
327 1976 748 2034 nonnunquam
788 1963 1010 2019 orietur
1057 1963 1305 2034 sediti03
1341 1967 1397 2020 et
1443 1965 1579 2020 dum
1631 1967 1835 2020 mutuo

184 2067 249 2109 se
277 2051 686 2123 praepedireut,
721 2051 1070 2124 plerumque
1101 2053 1176 2108 ad
1219 2069 1484 2126 pugnam
1525 2053 1832 2110 veniretur.

187 2139 296 2207 Qui
328 2144 527 2196 tamen
559 2141 784 2213 pedites
813 2145 1000 2213 erant,
1027 2141 1087 2198 hi
1120 2141 1231 2198 sibi
1283 2159 1633 2216 quocunque
1663 2143 1835 2199 modo

185 2228 356 2302 aquis
404 2229 658 2285 inventis
706 2246 876 2302 parce
917 2234 1170 2298 utentes,
1210 2234 1480 2303 poterant
1527 2245 1836 2302 procurare

186 2317 509 2375 remedium
535 2336 549 2386 ;
583 2332 785 2375 verum
821 2319 876 2375 bi
908 2320 1126 2392 quibus
1157 2336 1441 2393 equorum
1474 2321 1684 2394 ingens
1713 2324 1838 2377 erat

186 2421 624 2473 numeruS,cum
646 2407 988 2465 difficultate
1011 2409 1631 2478 maxima,sitibundos
1653 2425 1836 2481 equos

188 2511 292 2568 per
320 2495 428 2551 tria
460 2495 544 2551 vel
575 2501 826 2566 quatuor
873 2497 1150 2554 milliaria
1172 2500 1508 2567 educentes,
1540 2500 1836 2571 adaquare

190 2587 480 2656 poterant.
525 2583 797 2656 Neglecta
846 2603 1017 2657 porro
1064 2588 1439 2655 animalia,et
1487 2589 1702 2659 quibus
1733 2590 1837 2643 do-

191 2671 338 2729 miui
368 2672 458 2729 sui
488 2673 793 2744 providere
834 2690 949 2730 non
977 2679 1241 2745 poterant
1272 2692 1373 2748 per
1414 2693 1650 2749 campos
1680 2676 1835 2734 lento

190 2764 377 2836 gradu
399 2766 456 2818 et
484 2762 890 2822 deficientibus
921 2765 1140 2823 viribus
1170 2768 1599 2839 vagantia,equi
1629 2767 1835 2824 videli-

192 2855 304 2921 cet,
339 2850 504 2921 muli,
530 2852 700 2919 asini,
732 2854 833 2910 sed
878 2858 937 2910 et
969 2870 1171 2927 greges
1216 2863 1270 2912 et
1318 2861 1600 2927 armenta,
1642 2857 1741 2913 siti
1778 2861 1836 2912 et

193 2938 464 2997 ariditate
492 2947 858 3015 consumpta,
892 2943 951 2999 in
992 2960 1055 3000 se
1093 2944 1237 3017 ipsis
1267 2945 1630 3017 deficiebant,
1661 2947 1833 3005 tabe-

192 3031 452 3101 scentia;
486 3036 545 3087 et
576 3031 885 3103 liquefacta
915 3034 1161 3091 interius
1210 3036 1647 3105 moriebantur3
1679 3039 1833 3096 uude

1950 441 2150 495 noster
2197 439 2507 497 desudaret
2545 437 2857 510 exercitus,
2887 444 2941 495 et
2988 439 3227 511 cii-egid
3273 439 3598 514 plurimam

1949 527 2379 596 sollicitaretur,
2412 528 2565 585 cives
2595 527 3001 596 nibilominus,
3033 534 3098 584 ut
3124 533 3490 603 argumentis
3508 549 3597 588 ar·

1948 622 2227 689 gumenta
2257 617 2603 692 repellerent
2630 632 2861 674 omnem
2893 619 3316 690 impendebant
3343 621 3595 694 vigilan-

1947 705 2131 776 tiam;
2164 712 2222 764 et
2252 711 2372 764 tota
2417 722 2556 764 cura
2598 724 2658 764 se
2706 707 3032 781 erigebant,
3062 713 3128 765 ut
3173 709 3325 765 viam
3364 710 3597 766 inveni-

1952 800 2098 866 rent,
2131 813 2230 868 per
2252 813 2429 868 quam
2458 800 2701 869 possent
2742 797 3028 854 resistere.
3064 798 3355 856 Habentes
3394 798 3595 873 itaque

1951 885 2338 944 sufficientem
2368 886 2659 958 lignorum
2690 890 2747 943 et
2767 888 3046 944 arborum
3079 904 3452 960 procerarum
3475 906 3600 948 ma-

1950 976 2177 1042 teriam,
2203 992 2375 1050 quam
2399 993 2531 1033 cum
2565 976 2750 1033 multa
2766 977 3065 1049 diligentia
3092 981 3225 1035 ante
3257 984 3596 1037 nostrorum

1948 1067 2287 1135 adventum,
2320 1067 2393 1122 ad
2436 1067 2638 1124 urbem
2671 1067 3185 1124 communiendam
3234 1067 3370 1125 satis
3400 1069 3602 1126 ebun-

1946 1156 2118 1214 dante
2153 1155 2380 1213 cautela
2426 1160 2955 1228 comportaverant,
2988 1157 3290 1214 machinas
3344 1159 3598 1217 interius

1945 1243 2165 1302 nostris
2195 1244 2658 1317 aequipollentes,
2683 1247 2779 1302 sed
2816 1245 3055 1302 meliore
3098 1250 3436 1318 compactas
3471 1264 3599 1304 ma-

1948 1336 2112 1405 teria,
2136 1336 2398 1391 certatim
2441 1336 2746 1408 erigebant
2774 1353 2789 1405 ;
2814 1335 2868 1392 id
2893 1339 3014 1392 toto
3053 1336 3248 1394 studio
3271 1355 3595 1411 procuran-

1948 1428 2061 1495 tes,
2095 1440 2166 1481 ne
2198 1424 2257 1480 in
2287 1423 2629 1497 huJusmodi
2678 1425 3197 1484 instrumentorum
3239 1442 3470 1500 genere,
3504 1429 3599 1486 vel

1952 1513 2072 1569 arie
2136 1513 2222 1569 vel
2282 1513 2527 1571 materia
2568 1514 2960 1587 reperIrentur
2998 1515 3337 1585 inferioree;
3390 1517 3495 1574 sed
3542 1522 3598 1575 et

1951 1603 2262 1659 continuas
2284 1620 2460 1675 super
2489 1619 2723 1659 murum
2753 1603 2889 1660 etin
2912 1605 3169 1661 turribus
3200 1605 3484 1663 babentes
3507 1622 3597 1663 ex·

1950 1692 2175 1762 cubias,
2237 1691 2507 1749 universa
2554 1709 2700 1764 pene
2761 1710 2889 1767 quae
2937 1693 3155 1750 fiebant
3208 1694 3269 1750 in
3315 1696 3593 1767 exercitu,

1948 1782 2200 1839 maxime
2231 1799 2361 1855 quae
2408 1782 2482 1838 ad
2524 1782 2862 1854 hujusmodi
2903 1783 3431 1843 instrumentorum
3463 1802 3592 1858 spe·

1946 1871 2183 1928 ctabant
2204 1871 2473 1940 artificia,
2489 1871 2941 1944 diligentissime
2960 1873 3593 1947 considerantes,majo·

1948 1960 2110 2017 ribus
2139 1961 2468 2033 pandebant
2501 1961 2773 2032 civitatis,
2809 1964 2896 2031 ut,
2920 1966 3041 2018 arte
3068 1962 3276 2020 aemula
3293 1968 3353 2020 et
3382 1969 3597 2022 cuncta

1947 2048 2161 2106 imitari
2192 2054 2510 2122 satagente,
2536 2051 2650 2123 ipsi
2681 2055 3013 2107 nostrorum
3055 2052 3458 2110 moliminibus
3488 2071 3593 2110 ex·-

1947 2155 2112 2211 aequo
2143 2140 2551 2211 responderent
2584 2156 2597 2194 :
2632 2144 2871 2211 eratque
2919 2141 3063 2198 satis
3116 2141 3306 2201 facile.
3343 2142 3490 2200 Nam
3541 2147 3594 2200 et

1946 2225 2260 2282 artificium
2284 2231 2341 2282 et
2372 2225 2885 2283 instrumentorum
2926 2227 3240 2298 fabrilium,
3273 2230 3408 2286 ferri
3455 2247 3600 2304 quo·

1946 2330 2057 2388 que
2087 2323 2139 2371 et
2170 2314 2301 2372 aeris
2323 2319 2380 2371 et
2409 2316 2636 2372 funium
2669 2320 2725 2372 et
2755 2321 3259 2391 caeterorum,quae
3291 2320 3365 2376 ad
3390 2320 3595 2391 hujus·

1946 2405 2105 2461 modi
2137 2404 2324 2460 solent
2352 2421 2480 2461 esse
2521 2406 2865 2479 necessaria,
2901 2407 3085 2464 multo
3132 2409 3383 2480 majores
3411 2409 3597 2468 babe-

1945 2495 2088 2550 hant
2118 2494 2299 2559 intus,
2329 2511 2503 2566 quam
2539 2495 2719 2551 nostri
2752 2495 2963 2552 deforis
2992 2496 3191 2570 copias
3217 2514 3232 2567 ;
3265 2514 3372 2555 nec
3400 2499 3593 2556 solum

1944 2583 2005 2638 in
2040 2598 2104 2639 eo
2135 2583 2311 2653 cives,
2342 2583 2528 2639 edicto
2586 2584 2841 2655 publicu,
2887 2584 3385 2658 compellebantur
3433 2587 3591 2645 labo·

1947 2686 2306 2742 rare,verum
2330 2671 2503 2728 etiam
2528 2673 2819 2743 fidelibus,
2837 2676 3095 2746 quicum
3117 2675 3200 2731 eis
3227 2674 3590 2746 habitabant,

1946 2759 2211 2816 servilem
2252 2765 2309 2818 et
2338 2767 2654 2820 extremam
2702 2763 3091 2821 conditionem
3141 2764 3588 2836 sustinentibus,

1943 2849 2211 2923 angarias
2235 2850 2575 2924 infligebant
2592 2852 2859 2910 insolitas
2879 2860 2935 2909 et
2954 2854 3231 2926 gravibus
3251 2852 3591 2928 affligebant

1944 2938 2325 3012 parangariis.
2354 2939 2469 2997 Nec
2489 2940 2680 2998 solum
2712 2941 3180 3013 praestationibus
3200 2959 3298 3002 eos
3330 2960 3585 3004 macera-

1945 3030 2086 3087 bant
2140 3030 2446 3102 violentis;
2500 3049 2700 3090 verum
2757 3035 2831 3091 ad
2889 3033 3121 3091 vincula
3176 3035 3490 3095 trahebant
3530 3041 3591 3096 et

194 3119 252 3177 in
273 3120 487 3176 castris
508 3120 652 3176 fetor
680 3126 802 3177 erat
831 3123 1140 3191 maximus,
1173 3131 1229 3181 et
1269 3123 1570 3198 pestilens,
1601 3131 1658 3182 et
1686 3127 1835 3199 peri·
1871 3124 1915 3192 C
1954 3135 2239 3191 carceres,
2269 3127 2575 3197 suspectos
2614 3139 2711 3180 eos
2746 3122 3029 3181 habentes
3060 3128 3342 3197 tanquam
3371 3128 3592 3185 nostris

168 3208 398 3276 ,culosa
436 3209 613 3264 nimis
652 3209 804 3266 aeris
849 3211 1195 3285 corruptela.
1229 3213 1354 3271 Non
1388 3214 1730 3273 videbantur
1776 3217 1836 3273 in

195 3298 306 3355 hec
335 3297 657 3367 obsidione,
682 3298 956 3369 improbae
986 3301 1114 3357 sitis
1135 3301 1397 3360 molestia
1427 3303 1620 3360 minus
1653 3321 1838 3378 popu-

197 3386 322 3444 lum
354 3386 620 3459 fatigare,
645 3405 821 3461 quam
848 3388 1003 3445 circa
1030 3390 1394 3449 Antiochiam
1426 3392 1609 3451 victus
1639 3393 1839 3468 inopia

198 3484 591 3534 maceraverat
636 3480 925 3535 eumdem.
976 3483 1154 3536 Porro
1202 3482 1419 3537 vietum
1468 3488 1525 3539 et
1569 3484 1641 3539 ad
1691 3500 1837 3557 opus

197 3580 478 3637 equorum
510 3567 727 3638 pabula
755 3584 858 3641 per
887 3569 1214 3641 adjacentia
1242 3571 1581 3629 suburbana
1611 3574 1842 3645 disqui-

198 3659 412 3723 rentes,
436 3656 667 3715 incaute
693 3658 961 3729 dispersi,
991 3675 1192 3716 securo
1216 3661 1390 3718 nimis
1421 3678 1523 3734 per
1543 3664 1838 3736 regionem

197 3745 596 3818 vagabantur;
632 3750 785 3804 unde
822 3749 1069 3821 cognitis
1115 3766 1317 3808 eorum
1348 3753 1837 3823 discursionibus,

203 3836 409 3891 urbani
441 3853 543 3909 per
572 3843 763 3909 partes
796 3839 1129 3898 inobsessas
1161 3841 1312 3897 clam
1343 3842 1727 3913 egredientes,
1749 3844 1839 3901 bis

198 3924 417 3981 talibus
471 3928 850 3984 occurrebant
895 3928 1225 4004 aliquoties,
1267 3930 1600 4004 multosque
1640 3949 1713 3989 ex
1753 3934 1839 3991 eis

199 4010 644 4081 interficiebant,
692 4017 905 4090 saepius
953 4034 1133 4091 equos
1189 4036 1388 4076 secum
1431 4022 1836 4080 deducentes:

202 4102 516 4160 nonnullos
565 4105 738 4162 etiam
784 4108 1132 4180 plerumque
1178 4112 1428 4179 saucios,
1459 4112 1596 4185 fuga
1624 4112 1836 4185 lapsoS,

199 4206 374 4248 casus
416 4194 695 4264 eripiebat
742 4198 1089 4267 prosperior.
1122 4198 1588 4257 Imminuebatur
1636 4201 1841 4259 diebus

198 4278 450 4350 siugulis
480 4284 806 4337 nostrorum
857 4300 1172 4353 numerus;
1205 4297 1257 4343 et
1305 4290 1354 4345 ei
1388 4292 1538 4361 quod
1563 4292 1839 4348 hesterna

199 4366 325 4423 dies
355 4366 566 4425 habere
596 4368 918 4440 videbatur,
950 4391 1202 4445 sequeus
1232 4376 1453 4449 aliquid
1481 4380 1836 4448 detrahebat,

1952 3210 2228 3280 faverent,
2259 3218 2318 3267 et
2344 3212 2429 3269 eis
2458 3216 2677 3269 statum
2710 3219 2766 3268 et
2792 3218 3015 3271 secreta
3043 3219 3364 3273 reserarent
3386 3217 3594 3275 civita·

1948 3299 2026 3356 tis
2059 3316 2073 3356 ε
2104 3316 2210 3358 nec
2238 3305 2360 3357 erat
2390 3301 2460 3357 de
2490 3301 2752 3358 fidelium
2788 3320 3032 3360 numero
3081 3321 3263 3363 ausus
3292 3306 3593 3379 quIspiem

1950 3407 2188 3448 murum
2218 3394 2543 3463 ascendere,
2566 3398 2668 3450 aut
2698 3411 3031 3467 comparere
3078 3396 3137 3452 in
3188 3397 3444 3471 publico,
3479 3399 3594 3457 nisi

1949 3480 2241 3553 aliquibus
2298 3488 2541 3540 onustus
2598 3484 2963 3554 necessariis,
3021 3485 3190 3559 quasi
3254 3488 3591 3559 jumentum

1949 3570 2316 3644 traheretur;
2347 3572 2407 3628 bi
2437 3573 2590 3630 euim
2620 3574 2977 3647 cogebantur
3006 3579 3065 3632 et
3094 3592 3271 3634 onera
3318 3586 3593 3650 portare;

1949 3665 2006 3717 et
2034 3662 2136 3734 qui
2168 3662 2419 3735 aliquus
2439 3663 2670 3720 artificii
2701 3664 2949 3722 hahebat
2994 3666 3429 3740 experientiam,
3452 3685 3591 3741 ope·

1952 3766 2047 3807 ras
2077 3751 2576 3822 compellebantur
2605 3753 2941 3826 impendere
2986 3754 3245 3812 fabriles.
3276 3758 3362 3812 Ad
3402 3756 3593 3815 levem

1949 3841 2127 3898 etiam
2164 3841 2475 3913 cujuslibet
2507 3840 2781 3899 delatoris
2809 3844 3183 3913 calumniam,
3219 3846 3597 3916 rapiebantur

1951 3931 2025 3987 ad
2053 3930 2378 4003 supplicia;
2411 3935 2468 3987 et
2492 3948 2589 3989 eos
2622 3933 2723 4005 qui
2753 3949 2823 3989 ex
2851 3932 3058 3990 vicinis
3087 3934 3319 4007 oppidis
3354 3942 3411 3992 et
3454 3936 3596 3992 flui-

1949 4019 2110 4078 timis
2132 4020 2469 4079 civitatibus
2497 4038 2561 4079 se
2589 4022 2651 4080 in
2682 4024 2886 4081 urbem
2915 4023 3306 4093 contulerant,
3336 4023 3592 4097 bospitio

1949 4110 2301 4183 cogebantur
2330 4112 2582 4184 recipere
2628 4121 2682 4171 et
2729 4116 2811 4172 eis
2859 4116 3186 4175 ministrare
3223 4120 3590 4191 necessaria3

1949 4217 2018 4258 cu
2028 4217 2200 4273 mque
2221 4200 2558 4259 domesticis
2578 4208 2635 4259 et
2664 4205 3070 4273 familiaribus,
3084 4224 3287 4265 eorum
3308 4208 3593 4267 substen-

1947 4291 2030 4347 tia
2058 4290 2127 4345 ad
2160 4291 2375 4347 victum
2420 4298 2653 4352 tenuem
2700 4299 2759 4352 et
2799 4296 3076 4353 miserum
3128 4315 3243 4355 non
3273 4298 3592 4369 sufficeret,

1950 4380 2401 4452 angariabantur
2449 4390 2636 4442 tamen
2688 4389 2901 4446 exteris
2953 4389 3108 4445 bona
3155 4389 3592 4448 communicare

196 4456 337 4513 dum
357 4457 592 4514 casibus
626 4459 819 4530 variis,
855 4463 1067 4533 quibus
1104 4465 1355 4521 mortalis
1375 4469 1641 4538 subjacet
1676 4470 1839 4525 intir-
1869 4502 1917 4566 D
1946 4487 2075 4538 sua,
2106 4470 2184 4528 ita
2217 4478 2279 4528 ut
2306 4473 2419 4544 ipsi
2451 4475 2780 4547 indigerent
2808 4478 3002 4551 primi.
3033 4479 3122 4535 Ad
3194 4479 3323 4548 hoc,
3355 4480 3467 4537 etei
3515 4481 3589 4537 ad

199 4546 388 4614 mitae,
421 4562 567 4619 pene
597 4549 853 4621 quotidie
883 4552 1053 4608 multi
1097 4554 1428 4625 deperirent
1458 4573 1471 4611 :
1526 4572 1630 4613 nec
1680 4574 1840 4616 acce·

197 4633 405 4691 derent
431 4635 690 4705 aliunde,
723 4638 822 4710 qui
861 4640 986 4698 loca
1027 4640 1423 4700 deficientium
1471 4644 1834 4717 supplerent,

195 4720 283 4779 vel
340 4722 552 4781 officia.
586 4723 850 4783 Hostium
898 4744 1031 4785 vero
1092 4744 1259 4787 versa
1300 4731 1421 4789 vice
1470 4735 1837 4806 augebantur

194 4811 366 4883 vires,
385 4812 933 4887 multiplicabantur
947 4817 1319 4893 auxilia,quae
1340 4838 1441 4894 per
1462 4833 1653 4895 partes
1675 4824 1838 4884 inob-

193 4917 387 4959 sessas
441 4903 688 4962 liberum
762 4908 823 4964 in
878 4910 1083 4967 urbem
1154 4909 1449 4971 habebant
1504 4914 1831 4986 introitum,

192 4996 250 5048 et
279 4991 337 5047 in
394 4998 721 5054 nostrorum
779 5000 1094 5071 perniciem
1146 5002 1371 5062 civibus
1427 5005 1831 5079 adjungeban-

193 5085 310 5137 tur.

807 5197 1038 5257 CAPUT
1073 5201 1222 5259 vt11.

192 5278 351 5340 Cives
412 5281 693 5342 machinas
763 5296 1134 5358 construunt,-
1207 5294 1280 5349 ad
1340 5294 1705 5352 resistendum
1776 5312 1832 5355 se

257 5360 614 5424 praeparent:
671 5358 883 5429 Μαίας,
924 5364 1020 5433 qui
1067 5378 1193 5421 cum
1236 5368 1312 5424 eis
1356 5376 1534 5439 erant,
1582 5370 1834 5440 attuariis

261 5423 530 5495 afficiant.

172 5563 187 5600 :
261 5531 406 5591 Cum
434 5537 614 5612 igitur
657 5540 813 5601 circe
856 5546 1285 5609 nemun-ndu
1324 5548 1657 5624 machinae,
1692 5569 1829 5616 oon·

1947 4576 2122 4632 opera
2165 4562 2399 4632 publiea
2433 4565 2657 4635 aliquid
2708 4572 2831 4624 erat
2879 4569 3295 4638 necessarium,
3329 4570 3586 4641 primum

1945 4653 2081 4706 ante
2108 4650 2305 4707 omnia
2333 4652 2595 4710 fidelium
2626 4654 2835 4714 domus
2863 4658 3346 4731 effringebantur,
3371 4665 3439 4715 ut
3458 4660 3505 4716 si
3528 4658 3588 4714 in

1946 4737 2029 4794 eis
2060 4739 2171 4796 tale
2202 4741 2342 4812 quid
2366 4742 2739 4815 reperiretur,
2757 4746 3038 4803 violenter
3058 4752 3496 4821 extorqueretur
3513 4747 3589 4805 ab

1944 4845 2011 4887 eo
2045 4830 2217 4901 quus
2246 4835 2368 4886 erat
2397 4832 2777 4891 domicilium.
2809 4835 3009 4892 Vocati
3041 4853 3209 4909 porro
3238 4852 3591 4910 quoeunque

1941 4919 2089 4977 locol
2141 4918 2227 4976 vel
2277 4925 2558 4993 tempore,
2589 4924 2709 4980 sive
2766 4928 2934 4982 noete
2992 4926 3111 4982 sive
3154 4925 3429 4998 interdiu,
3461 4926 3587 4983 sive

1944 5026 2293 5085 quocunque
2322 5028 2393 5069 ex
2419 5030 2560 5071 casu
2592 5031 2817 5074 moram
2840 5016 3219 5086 innecterent,
3243 5020 3309 5073 ut
3336 5016 3586 5090 primam

1943 5101 2275 5160 citationem
2307 5102 2433 5160 siue
2471 5104 2747 5177 temporis
2797 5104 3100 5165 intervallo
3136 5106 3331 5164 minus
3378 5121 3588 5180 seque·

1942 5196 2165 5261 rentur,
2192 5192 2564 5266 rapiebantur
2592 5194 2980 5268 ignominiose
3004 5214 3108 5271 per
3136 5197 3377 5255 barbam
3398 5202 3457 5255 et
3483 5213 3587 5256 ca-

1943 5281 2176 5356 pillum,
2198 5282 2280 5340 ita
2309 5288 2374 5341 ut
2392 5284 2564 5343 etiem
2591 5285 2848 5345 hostium
2868 5303 3071 5346 eorum
3092 5288 3308 5345 misera
3324 5287 3586 5347 conditio

1940 5376 2142 5445 posset
2169 5372 2456 5446 lacrymas
2495 5376 2744 5435 excitare
2775 5395 2790 5435 ε
2833 5377 3203 5436 miseriarum
3245 5377 3501 5450 denique
3527 5387 3587 5436 et

1940 5462 2206 5523 laborum
2254 5467 2524 5540 ponderis
2575 5469 2851 5527 immensi
2875 5486 3060 5544 neque
3101 5485 3387 5528 numerus
3436 5474 3585 5541 erat,

1941 5570 2132 5629 neque
2163 5555 2319 5617 finis.
2353 5556 2519 5619 Unde
2544 5562 2604 5619 et
2632 5576 2814 5635 supra
2844 5560 3080 5618 modum
3113 5558 3358 5634 fatigati,
3387 5559 3450 5618 in
3482 5578 3585 5619 eu-
