3784 6000
66 189 227 267 4249.

1065 188 1434 250 EPISTOLAE
1471 187 1559 249 m·
1593 184 2144 249 PRIVILEG1A.·-
2183 186 2300 244 AN.
2341 187 2502 244 1184.

3345 188 3498 248 ¹250

71 319 272 393 possit
298 318 559 377 salubria
597 317 956 376 ministrare.
988 323 1045 374 et
1084 322 1211 375 tam
1262 316 1321 372 in
1350 314 1727 372 ordinatione
1757 313 1804 370 Α
1838 311 2552 379 Ariminensi‚ecclesiam
2565 311 2795 368 Sancta!
2816 307 3008 368 uarias
3022 308 3098 366 de
3120 310 3495 386 nai-ignauo,

73 408 429 466 clericorum
469 425 656 482 quam
708 409 770 465 in
814 407 1193 465 dedicatione
1229 404 1642 468 ecclesiarum,
1675 408 1731 459 et

74 498 209 556 aliis
246 514 382 572 quae
421 498 499 555 ad
547 499 901 572 episcopum
942 496 1140 553 solum
1192 495 1537 567 respiciunt,
1577 492 1732 550 sicut

74 586 251 645 fuerit
281 589 710 655 necessarium,
742 585 1093 659 providere.

154 677 372 734 Datum
398 675 616 744 verul..
645 691 743 732 vin
769 674 893 731 Kal.
936 674 1093 731 Maii.

758 763 1063 822 cxxxvu.

80 854 475 926 Priviceqium
509 869 625 925 pro
651 852 1003 910 monasterio
1031 854 1094 910 S.
1134 850 1335 909 Severi
1370 851 1735 909 Rauennate.

599 942 873 1016 <Verulis,
909 940 1092 1014 April.
1127 940 1246 1012 27.)

253 1034 633 1105 Uirunum,
654 1032 880 1090 Annal.
908 1029 1278 1097 camaldul„
1307 1028 1398 1096 IV,
1434 1025 1583 1102 113.]

162 1122 363 1180 Lucius
393 1122 729 1194 episcopus,
771 1135 980 1177 servus
1008 1134 1320 1176 servorum
1355 1117 1476 1184 Dei,
1513 1115 1742 1174 dilectis

85 1211 225 1268 filiis
257 1210 501 1266 Hsnmco
524 1208 729 1266 abbati
749 1208 951 1265 Sancti
971 1207 1169 1265 Severi
1192 1205 1565 1269 Ravennatis,
1590 1204 1744 1277 ejus·

88 1315 207 1375 que
233 1298 668 1365 fratribus,tam
690 1297 1081 1369 praesentibus
1101 1311 1287 1368 quam
1313 1294 1552 1362 futuris,
1580 1309 1748 1366 regu·

89 1387 291 1446 lariter
315 1385 773 1452 substituendis,
801 1385 862 1442 in
895 1389 1277 1458 perpetuum.

167 1476 413 1543 Quoties
431 1491 469 1532 a
481 1474 657 1531 nobis
667 1474 1058 1549 petiturquod
1080 1472 1351 1545 religioni
1374 1475 1433 1528 et
1448 1470 1748 1529 honestati

94 1565 413 1622 convenire
429 1563 823 1636 dignoscitur,
849 1562 1048 1619 animo
1061 1578 1173 1620 nos
1195 1560 1583 1619 decetlibenti
1604 1575 1749 1617 con-

1842 400 2160 459 Ecclesiam
2211 400 2411 457 Sancti
2457 397 2743 469 Stephani
2797 398 2857 455 in
2907 401 3128 465 Pereto,
3181 399 3492 458 ecclesiam

1843 491 2041 548 Sancti
2055 490 2283 546 Martini
2301 490 2359 544 in
2372 488 2656 554 Lucieno,
2674 503 2812 544 cum
2825 487 3109 544 omnibus
3129 490 3502 561 pertinentiis

1843 581 2128 644 earum,et
2139 577 2421 650 quidquid
2434 576 2668 634 habetis
2680 577 2739 632 in
2755 576 3107 648 episcopatu
3123 577 3497 648 Ariminensi3

1843 667 2231 726 ecclesiarum
2256 667 2455 724 Sancti
2481 666 2690 723 Jacobi
2730 667 2792 721 in
2816 666 3049 723 civitate
3079 665 3501 727 pensauriensi

1845 773 1985 814 cum
2012 755 2383 829 pertinentiis
2417 756 2565 826 suis,
2595 759 2649 812 et
2680 754 2972 829 quidquid
3008 755 3244 812 habetis
3282 756 3342 812 in
3365 757 3503 830 ipsa

1845 845 2082 904 civitate
2105 845 2195 903 vel
2216 845 2569 918 episcopatu
2581 862 2601 916 3
2626 843 2924 918 quidquid
2940 843 3173 901 habetis
3192 845 3253 901 in
3275 846 3506 918 episco-

1847 939 1992 1009 patu
2023 934 2293 1000 Fanensi,
2328 932 2415 990 vel
2444 931 2717 1000 callensi,
2749 948 2858 989 seu
2885 933 3065 990 etiam
3093 935 3455 1005 Eugubiensi
3483 951 3501 1004 3

1847 1023 2147 1098 quidquid
2178 1023 2409 1080 habetis
2433 1024 2493 1079 in
2523 1022 2814 1080 comitatu
2831 1022 3083 1089 Castalii,
3107 1030 3378 1081 castrum
3397 1025 3507 1082 Co·

1849 1113 1953 1170 riae
1964 1128 2101 1169 cum
2115 1110 2375 1168 ecclesiis
2386 1118 2445 1168 et
2460 1110 2827 1184 pertinentiis
2840 1111 2964 1167 suis
2981 1127 2995 1177 ;
3020 1112 3254 1170 tertiam
3265 1117 3504 1186 partem

1852 1200 2031 1258 castri
2043 1199 2118 1256 de
2130 1200 2270 1257 Atra
2280 1216 2420 1256 cum
2439 1199 2611 1257 tertia
2624 1205 2791 1272 parte
2815 1199 3081 1257 ecclesiis
3091 1200 3278 1273 ipsius
3291 1203 3474 1259 castri
3488 1217 3505 1270 ;

1857 1290 2286 1347 monasterium
2318 1289 2519 1345 Sancti
2546 1287 2845 1346 Benedicti
2869 1289 2946 1345 de
2976 1289 3335 1359 castagnola
3362 1306 3506 1348 cum

1853 1379 2140 1437 omnibus
2161 1380 2287 1434 suis
2304 1377 2690 1450 pertinentiis,
2709 1376 3023 1434 ecclesiam
3047 1378 3509 1437 Sancti-loannis

1854 1467 1932 1525 de
1968 1468 2265 1535 cassiano,
2294 1467 2611 1524 ecclesiam
2651 1467 2850 1523 Sancti
2885 1467 3158 1534 Andreae,
3188 1467 3508 1526 ecclesiam

1858 1558 2056 1616 Sancti
2086 1555 2239 1614 Petri
2271 1555 2334 1612 in
2366 1556 2627 1613 Caniano
2657 1571 2797 1613 cum
2826 1555 3112 1614 omnibus
3141 1556 3514 1630 pertinentiis

93 1653 306 1731 cedere
335 1657 392 1710 et
419 1652 749 1726 petentium
766 1651 1080 1709 desideriis
1108 1649 1388 1708 effectum
1415 1665 1747 1722 congruum
1777 1668 1824 1726 Β
1856 1648 2000 1713 suis,
2024 1645 2392 1719 etquidquid
2408 1645 2639 1702 habetis
2659 1645 3022 1703 incomitatu
3041 1645 3470 1718 senogalliensi
3494 1669 3509 1716 ς

94 1743 406 1816 impertiri.
438 1744 783 1815 Eapropter,
814 1739 1010 1798 dilecti
1037 1741 1097 1797 in
1123 1740 1376 1797 Domino
1396 1738 1522 1806 filii,
1544 1739 1750 1795 vestris
1861 1735 2295 1793 monasterium
2345 1733 2422 1791 de
2474 1734 2859 1805 castagnola,
2902 1734 3218 1792 ecclesiam
3274 1737 3507 1794 Sanctoe

92 1832 269 1906 justis
293 1831 799 1905 postulationibus
819 1829 1139 1888 clementer
1166 1829 1584 1895 annuimus,et
1600 1844 1752 1900 prae·

96 1921 293 1980 satum
320 1922 774 1986 monasterium,
797 1920 858 1976 in
886 1934 1011 1994 quo
1033 1919 1239 1976 divino
1265 1917 1594 1991 mancipati
1612 1917 1753 1975 estis

99 2008 420 2082 obsequio,
443 2009 557 2066 sub
579 2007 740 2065 beati
772 2006 920 2064 Petri
944 2013 999 2065 et
1019 2013 1225 2063 nostra
1244 2006 1611 2079 protectione
1627 2021 1754 2062 sus·

100 2098 357 2174 cipimus
369 2104 423 2154 et
437 2097 747 2171 praesentis
758 2095 961 2168 scripti
975 2095 1283 2168 privilegio
1294 2096 1753 2164 communimus,

103 2193 433 2246 statuentes
451 2190 511 2242 ut
525 2200 923 2259 quascunque
932 2183 1756 2259 possessiones,quaecunque

102 2278 268 2336 bona
298 2277 456 2333 idem
485 2273 921 2332 monasterium
948 2274 1011 2330 in
1041 2273 1496 2346 proesentiarum
1519 2273 1674 2346 juste
1698 2276 1758 2329 et

104 2364 397 2424 canonice
450 2363 745 2437 possidet,
797 2367 900 2420 aut
944 2362 1001 2419 in
1054 2360 1319 2419 futurum
1367 2362 1758 2420 concessione

104 2454 482 2530 pontificum,
510 2451 824 2524 largitione
843 2466 1055 2523 regum
1087 2450 1178 2508 vel
1202 2452 1566 2525 principum,
1592 2449 1757 2508 obla·

62 2536 69 2542 ’
108 2545 267 2600 tione
311 2542 600 2606 fidelium,
656 2557 762 2598 seu
807 2540 940 2598 aliis
962 2540 1144 2613 justis
1193 2540 1408 2608 modis,
1438 2544 1759 2613 proestante

109 2630 1271 2705 Domino,poteritadipisci,firmavobis
1287 2629 1618 2704 vestrisque
1630 2644 1762 2686 suc·

108 2722 448 2781 cessoribus
487 2725 544 2778 et
578 2718 807 2777 illibata
832 2723 1246 2792 permaneant.
1281 2722 1343 2776 ln
1378 2719 1601 2794 quibus
1629 2719 1760 2776 haec

109 2811 366 2886 propriis
396 2810 682 2866 duximus
717 2808 1111 2882 exprimenda
1139 2806 1444 2866 vocabulis
1470 2825 1486 2865 ε

180 2899 407 2955 Locum
427 2899 623 2972 ipsum
651 2897 710 2954 in
739 2913 862 2972 quo
889 2895 1202 2970 praefatum
1232 2898 1661 2956 monasterium
1679 2898 1761 2955 si-

1860 1825 2055 1881 Mariae
2077 1823 2153 1880 de
2175 1825 2454 1880 Remorta
2472 1838 2610 1879 cum
2637 1823 3007 1895 pertinentiis
3024 1825 3168 1891 suis,
3191 1824 3512 1882 ecclesiam

1863 1913 2061 1973 Sancti
2077 1911 2364 1985 Stephani
2385 1911 2444 1968 in
2464 1911 3156 1977 Lemiciano,ecclesiam
3170 1915 3367 1970 Sancti
3387 1915 3515 1971 Ser-

1863 2001 2300 2074 gii,ecclesiam
2331 2000 2530 2057 Sancti
2559 2000 2849 2065 Cassiani,
2872 2006 2929 2058 et
2951 2001 3246 2074 quidquid
3277 2001 3514 2059 habetis

1861 2093 1924 2151 in
1963 2092 2317 2164 episcopatu
2346 2089 2527 2146 Esino
2564 2106 2705 2147 cum
2748 2088 3015 2147 ecclesiis
3047 2095 3105 2147 et
3141 2090 3517 2163 pertinentiis

1865 2182 2010 2246 suis,
2040 2180 2352 2238 ecclesiam
2388 2178 2586 2236 Sancti
2611 2178 2820 2249 Angeli
2846 2180 2906 2236 in
2930 2180 3182 2236 Casabie
3211 2195 3353 2238 cum
3391 2183 3515 2238 toto

1864 2269 2077 2335 fundo,
2108 2267 2423 2326 ecclesiam
2456 2268 2655 2324 Sancti
2685 2268 2877 2324 ariaci
2901 2269 2959 2324 in
2992 2267 3204 2326 Gaona
3225 2283 3365 2325 cum
3396 2271 3518 2326 toto

1865 2357 2077 2424 tundo,
2104 2356 2416 2414 ecclesiam
2441 2357 2641 2414 Sancti
2665 2358 2911 2414 loannis
2937 2357 2996 2413 in
3020 2356 3361 2415 palumbice
3378 2372 3519 2414 cum

1866 2453 1994 2522 toto
2039 2446 2248 2516 fundo,
2294 2447 2610 2505 ecclesiam
2636 2448 2853 2509 Sancti
2897 2447 3149 2504 loannis
3192 2447 3269 2504 de
3315 2447 3521 2518 agello

1868 2552 2009 2605 cum
2037 2537 2406 2611 pertinentiis
2431 2537 2577 2603 suis,
2607 2536 2923 2593 ecclesiam
2954 2538 3187 2593 Sanctoe
3220 2535 3416 2594 Mariae
3445 2535 3522 2593 de

1869 2628 2208 2692 Camerata,
2235 2630 2290 2682 et
2310 2624 2605 2699 quidquid
2631 2625 2943 2683 habetisin
2963 2625 3252 2683 comitatu
3269 2625 3526 2683 Anconi-

1869 2720 2013 2788 tano
2041 2720 2098 2772 et
2116 2716 2475 2772 Auximano.

1873 2864 1883 2875 ,
1939 2805 2094 2863 Sane
2118 2804 2425 2862 novalium
2445 2810 2778 2862 vestrorum
2799 2819 2934 2879 quai
2961 2805 3216 2879 propriis
3244 2804 3527 2862 manibus

1874 2895 1970 2953 vel
1990 2895 2328 2966 sumptibus
2339 2893 2551 2965 colitis,
2566 2894 2687 2951 sive
2710 2893 2785 2950 de
2797 2894 3172 2951 nutrimentis
3197 2898 3530 2950 vestrorum

111 2995 241 3047 tum
261 2993 372 3055 est,
401 3004 539 3045 cum
560 2985 846 3045 omnibus
873 2985 1239 3060 pertinentiis
1267 2986 1426 3043 suis:
1460 2992 1761 3045 monaste·
1814 3022 1856 3082 c
1885 2981 2522 3050 animalium,nullusa
2535 2982 2704 3040 vobis
2723 2983 2994 3040 decimas
3012 2987 3361 3057 extorquere
3384 2996 3532 3055 prae·

112 3079 271 3138 rium
311 3076 511 3134 Sancti
542 3075 824 3143 pulionis,
862 3073 1176 3132 ecclesiam
1203 3075 1434 3134 Sanctae
1463 3076 1660 3134 Mariae
1697 3077 1759 3135 in

116 3166 517 3232 xenodochio,
539 3163 850 3221 ecclesiam
877 3161 1356 3235 SanctiThomae3
1383 3165 1765 3223 medietatem

115 3261 305 3332 portas
322 3255 520 3312 Sancti
544 3252 843 3311 Laurentii
862 3268 1001 3309 cum
1027 3252 1161 3324 ripa
1189 3252 1455 3309 fluminis
1476 3269 1670 3328 usque
1690 3255 1770 3314 ad

117 3354 338 3403 turrem
371 3342 569 3401 Sancti
598 3341 897 3415 Cypriani,
931 3356 1070 3398 cum
1101 3341 1235 3414 ipsa
1260 3342 1425 3409 turri,
1456 3346 1513 3398 et
1536 3342 1616 3400 ab
1638 3343 1773 3417 ipsa

117 3439 290 3508 porta
313 3449 500 3507 usque
515 3431 594 3489 ad
607 3430 897 3504 palatium
911 3430 1225 3504 quondam
1243 3429 1593 3488 Theudorici
1619 3433 1776 3507 regis

119 3540 260 3581 cum
276 3521 702 3580 casamentiset
723 3519 1073 3576 tenementis
1088 3535 1105 3587 ;
1123 3517 1422 3592 quidquid
1438 3519 1676 3578 habetis
1688 3522 1774 3577 in·

120 3612 212 3670 fra
241 3611 450 3668 urbem
475 3613 881 3668 Ravennatem
905 3606 992 3665 vel
1010 3606 1168 3665 infra
1198 3613 1387 3666 totum
1417 3609 1775 3668 territorium

121 3701 310 3780 ipsius
330 3700 576 3758 civitatis
596 3716 614 3768 ;
642 3698 900 3756 insulam
922 3713 960 3755 a
980 3697 1288 3755 Badanero
1314 3713 1510 3772 usque
1541 3697 1620 3755 ad
1642 3714 1778 3772 por·

123 3795 251 3847 tum
265 3788 554 3847 Candiani
571 3792 628 3845 et
645 3804 682 3845 a
702 3787 1066 3845 monasterio
1082 3791 1279 3844 vestro
1298 3802 1493 3861 usque
1512 3786 1594 3845 ad
1613 3802 1783 3845 mare

125 3895 263 3936 cum
287 3894 401 3936 usu
422 3876 698 3951 piscandi
724 3880 784 3934 et
811 3875 1128 3948 pascendi;
1149 3876 1449 3951 quidquid
1470 3876 1702 3935 habetis
1716 3877 1779 3935 in

127 3968 415 4026 comitatu
455 3966 753 4033 lmolensi,
794 3964 1105 4022 ecclesiam
1144 3965 1219 4021 de
1256 3966 1454 4022 Butrio
1483 3982 1618 4024 cum
1654 3966 1780 4024 suis

129 4055 525 4131 pertinentiis,
542 4053 855 4112 ecclesiam
879 4054 1080 4111 Sancti
1110 4050 1383 4111 Cassiani
1404 4053 1559 4113 intra
1581 4054 1782 4115 civita·

132 4152 253 4204 tem
276 4145 661 4202 Faventinam
691 4158 832 4200 cum
857 4140 1142 4200 omnibus
1160 4141 1534 4215 pertinentiis
1558 4144 1702 4212 suis,
1725 4149 1781 4204 et

130 4233 429 4309 quidquid
441 4232 675 4291 habetis
692 4233 754 4290 in
769 4232 903 4304 ipsa
915 4232 1151 4288 civitate
1163 4230 1620 4306 velepiscopatu
1640 4249 1780 4301 suo;

130 4322 425 4397 quidquid
440 4322 674 4378 habetis
695 4321 755 4378 in
771 4321 1122 4393 episcopatu
1139 4320 1519 4388 Bononiensi,
1542 4322 1786 4396 etquid-

131 4412 281 4486 quid
308 4410 546 4468 habetis
565 4410 624 4465 in
639 4409 984 4483 episcopatu
996 4408 1284 4479 Liviensi;
1305 4408 1625 4470 ecclesiam
1641 4413 1788 4469 San·
1815 4380 1864 4439 D

133 4507 242 4559 ctae
275 4500 473 4558 suffla·
513 4500 573 4556 in
610 4498 959 4573 episcopatu
992 4498 1372 4566 Fen-rariensi,
1403 4505 1462 4558 et
1487 4500 1786 4575 quidquid

136 4590 373 4649 habetis
392 4590 451 4646 in
482 4590 614 4664 ipso
642 4589 993 4662 episcopatu
1022 4604 1038 4656 ;
1068 4587 1386 4647 ecclesiam
1411 4590 1608 4647 Sancti
1630 4590 1787 4662 AEgi·

136 4681 219 4738 dii
247 4681 306 4737 in
339 4678 704 4752 carpenella,
736 4682 792 4735 et
817 4675 1050 4735 tertiam
1086 4682 1319 4750 partem
1348 4677 1614 4736 ecclesioe
1646 4680 1791 4738 San·

139 4776 248 4831 ctoe
282 4772 476 4828 Marias
507 4768 700 4842 ipsius
737 4766 889 4827 villae
919 4784 1060 4825 cum
1089 4767 1224 4841 ipsa
1259 4767 1400 4826 villa
1432 4786 1449 4839 ς
1495 4769 1791 4843 capellam

143 4861 341 4920 Sancti
367 4859 585 4927 Severi,
635 4857 931 4931 capellam
975 4856 1174 4915 Sancti
1205 4857 1457 4927 Martini,
1495 4858 1791 4933 capellam

142 4953 338 5010 Sancti
399 4946 830 5022 Christophori‚
869 4945 1167 5019 capellam
1206 4946 1407 5006 Sancti
1445 4947 1695 5006 Andreas
1731 4947 1794 5005 in

145 5039 494 5110 catignano,
526 5036 823 5111 capellam
868 5035 1068 5093 Sancti
1101 5034 1437 5095 paterniani
1481 5052 1621 5095 cum
1661 5053 1796 5095 om-

144 5128 326 5185 nibus
356 5126 724 5200 pertinentiis
748 5141 958 5183 earum
983 5146 997 5192 ς
1024 5130 1208 5182 totam
1231 5142 1502 5185 massam
1526 5126 1601 5184 de
1623 5125 1797 5184 Sclao

147 5220 205 5273 et
232 5215 527 5289 quidquid
559 5215 790 5273 habetis
830 5216 891 5272 in
921 5214 1272 5288 episcopatu
1306 5214 1631 5288 popiliensi
1662 5232 1679 5284 ;
1706 5231 1799 5273 ec-

148 5304 390 5362 clesiam
431 5305 629 5361 Sancti
660 5303 819 5361 Pauli
845 5304 922 5361 de
950 5302 1319 5361 casameruli
1343 5320 1480 5361 cum
1507 5305 1803 5378 pertinen-

139 5394 245 5462 ,tiis
271 5393 415 5459 suis,
437 5398 494 5449 et
514 5392 810 5466 quidquid
831 5393 1070 5452 habetis
1095 5396 1158 5450 in
1187 5393 1425 5451 civitate
1455 5391 1803 5451 Ficloclensi

148 5482 245 5545 vel
270 5481 1036 5557 inepiscopatu,ecclesiam
1050 5481 1249 5542 Sancti
1259 5481 1544 5558 Angeliin
1564 5482 1805 5543 civitate

1883 3079 2104 3131 sumat.
2136 3072 2335 3129 Liceat
2370 3087 2616 3145 quoque
2653 3073 2825 3129 vobis
2862 3072 3110 3129 clericos
3152 3072 3247 3129 vel
3283 3070 3472 3128 laicos
3500 3083 3534 3126 e

1881 3161 2104 3220 soeculo
2127 3162 2422 3231 rugientes
2451 3160 2669 3218 liberos
2697 3166 2757 3218 et
2797 3162 3129 3228 absolutos,
3173 3159 3255 3218 ad
3286 3173 3534 3218 conver·

1880 3252 2113 3307 sionem
2144 3249 2406 3322 recipere
2440 3255 2498 3307 et
2534 3265 2639 3308 eos
2664 3251 2896 3323 absque
2926 3249 3398 3308 contradictione
3430 3247 3537 3306 ali«

1879 3355 2005 3414 qua
2019 3338 2290 3395 retinere.
2321 3338 2711 3394 prohibemus
2742 3339 2989 3412 insuper
3020 3346 3081 3396 ut
3110 3338 3259 3396 nulli
3282 3337 3537 3395 fratrum

1881 3432 2239 3493 vestrorum,
2257 3430 2394 3498 post
2412 3426 2631 3483 factam
2647 3427 2708 3483 in
2722 3428 2935 3484 eodem
2952 3428 3086 3485 loco
3098 3427 3538 3500 professionem

1881 3516 1974 3575 fas
1995 3516 2069 3572 sit
2086 3515 2318 3588 absque
2338 3513 2575 3571 licentia
2597 3516 2690 3571 sui
2708 3515 2945 3572 abbatis
2956 3516 3031 3574 de
3043 3516 3404 3573 eodemloco
3418 3513 3540 3570 dis·

1884 3606 2092 3664 cedere
2126 3620 2141 3671 ;
2172 3604 2582 3661 discedentem
2614 3619 2754 3660 vero
2784 3604 2911 3661 sine
2941 3604 3355 3662 communium
3385 3601 3542 3659 litte-

1885 3710 2091 3754 rarum
2115 3692 2390 3750 cautione
2415 3692 2614 3751 nullus
2643 3692 3146 3750 audeatretinere.
3167 3696 3313 3751 Cum
3332 3694 3539 3748 autem

1887 3781 2164 3857 generale
2179 3781 2561 3839 interdictum
2584 3786 2753 3839 terrae
2769 3781 2961 3850 fuerit.
2979 3781 3157 3841 liceat
3166 3781 3355 3848 vobis,
3377 3781 3544 3839 clau·

1888 3876 1973 3934 sis
1994 3872 2225 3946 januis,
2245 3886 2370 3929 non
2396 3870 2647 3944 pulsatis
2662 3870 2998 3943 campanis,
3022 3870 3278 3930 exclusis
3291 3887 3546 3931 excom-

1890 3962 2209 4022 municatis
2227 3967 2285 4019 et
2302 3960 2649 4027 interdictis,
2675 3974 3000 4034 suppressa
3025 3975 3191 4030 voce,
3220 3961 3427 4020 divina
3452 3963 3547 4024 of-

1887 4054 2027 4112 ficia
2053 4049 2374 4110 celebrare.
2399 4049 2667 4106 Obeunte
2694 4063 2837 4106 vero
2866 4052 2919 4105 te
2948 4064 3110 4107 nunc
3124 4050 3402 4123 ejusdem
3430 4052 3547 4111 loci

1890 4142 2131 4208 abbate,
2168 4140 2262 4198 vel
2298 4143 2542 4196 tuorum
2569 4137 2841 4211 quolibet
2870 4154 3310 4208 successorum,
3344 4140 3547 4199 nullus

1890 4232 1973 4291 ibi
2001 4228 2273 4305 qualibet
2295 4226 2698 4301 subreptionis
2720 4228 2940 4286 astutia
2967 4243 3075 4285 seu
3091 4227 3376 4289 violentia
3398 4245 3549 4306 prae·

1892 4326 2175 4397 ponatur,
2201 4318 2315 4375 nisi
2333 4332 2517 4391 quem
2539 4316 2751 4374 tratres
2771 4319 3084 4375 communi
3105 4334 3429 4388 consensu,
3451 4320 3547 4379 vel

1893 4410 2145 4469 fratrum
2170 4422 2314 4480 pars
2333 4404 2567 4487 consilii
2592 4406 2872 4474 sanioris,
2896 4407 3230 4466 secundum
3249 4409 3350 4466 Dei
3372 4410 3548 4468 timo-

1895 4515 2024 4558 rem
2044 4497 2266 4555 etbeati
2285 4495 2581 4553 Benedicti
2603 4495 2913 4565 Regulam,
2928 4497 3298 4568 providerint
3326 4498 3548 4571 eligen-

1898 4589 2067 4646 dum.
2100 4585 2480 4660 sepulturam
2508 4588 2797 4658 praeterea
2819 4586 3165 4642 monasterii
3192 4588 3375 4644 vestri
3406 4586 3554 4644 libe·

1898 4694 2031 4736 ram
2044 4692 2177 4734 esse
2187 4674 2582 4741 decernimus,
2599 4681 2884 4731 uteorum
2898 4673 3199 4731 devotioni
3211 4679 3552 4734 etextremoe

1903 4766 2190 4825 voluntati
2239 4764 2347 4838 qui
2387 4778 2452 4821 se
2490 4763 2605 4820 illic
2648 4763 2885 4836 sepeliri
2913 4762 3395 4831 deliberaverint,
3438 4764 3554 4823 nisi

1900 4856 2051 4915 torte
2088 4853 2592 4912 excommunicati
2620 4851 2715 4909 vel
2762 4852 3056 4911 interdicti
3084 4851 3327 4923 fuerint,
3352 4853 3556 4912 nullus

1903 4944 2179 5012 obsistat,
2196 4943 2368 5001 salva
2385 4947 2584 5001 tamen
2592 4941 2823 5014 justitia
2841 4940 3078 4999 illarum
3104 4941 3496 5002 ecclesiarum
3519 4958 3560 5000 a

1904 5034 2128 5110 quibus
2147 5039 2523 5091 mortuorum
2550 5046 2806 5104 corpora
2831 5036 3249 5089 assumuntur.
3287 5033 3375 5091 Ad
3404 5031 3559 5102 huso,

1905 5124 2390 5182 constitutionem
2413 5137 2598 5195 quam
2628 5119 3021 5178 charissimus
3049 5121 3111 5177 in
3141 5120 3372 5178 Christo
3402 5120 3562 5179 filius

1907 5220 2113 5272 noster
2140 5211 2495 5280 Fridericus,
2521 5209 2759 5267 illustris
2786 5211 3194 5267 Romanorum
3234 5210 3564 5283 imperator

1910 5317 2149 5375 semper
2166 5301 2567 5373 augustus,de
2580 5314 2701 5357 non
2722 5299 3055 5357 alienandis
3079 5299 3566 5373 possessionibus

1914 5392 2005 5451 vel
2026 5390 2362 5448 redditibus
2390 5389 2741 5448 monasterii
2767 5387 2907 5445 fecit
2937 5387 3016 5446 ab
3051 5388 3148 5446 his
3181 5390 3563 5463 qui.nomine

1913 5487 2113 5542 vestro
2124 5484 2414 5548 tenent,et
2424 5478 3000 5554 scriptoauthsntico
3010 5478 3570 5553 roboravit,.auoto-
