3784 6000
163 201 243 268 is
1156 178 1161 183 ’
1219 198 1567 265 aarum
1609 196 2117 265 naxovleusls
2158 193 2516 257 er1sco1>1
3496 201 3580 261 20

169 331 621 410 magnificentia
648 312 798 392 tanti
826 331 1269 407 predecessoris
1298 332 1576 392 idoneum
1625 332 1814 392 Roma
1842 332 1900 403 Α
1927 327 2337 391 saecularitatis
2357 328 2894 400 adduxit.,0uorum
2918 329 3499 403 primusadolescens
3518 335 3579 390 et

174 424 346 485 nobis
374 423 581 482 offerre
618 426 842 497 poterat
879 437 1297 481 successorem.
1331 423 1483 481 Fecit
1512 440 1656 481 sane
1683 428 1818 482 tan-
1924 422 2144 488 frater3
2178 421 2493 488 secundus,
2526 436 2596 476 ex
2626 418 2899 476 familiari
2940 421 3309 494 neophytus3
3342 422 3576 491 tertius,

173 515 299 570 tam
341 509 630 569 excellens
671 509 905 567 virtutis
933 513 1136 568 νοείτω
1175 510 1556 585 praerogativa
1584 526 1818 570 concor·
1925 509 2917 583 nescioquasanguiniscognatione
2931 510 3578 583 conjunctus3quartus,

179 600 363 672 diam,
383 603 587 658 contra
615 615 794 673 quam
814 597 904 657 vel
921 598 1122 657 nullus
1141 602 1266 657 erat
1294 600 1383 657 vel
1413 599 1612 659 nullus
1631 615 1817 657 ausus
1927 599 2230 660 claustrali
2260 599 2987 672 disciplinemancipatus
3014 615 3048 656 a
3077 614 3276 673 puero,
3300 600 3581 657 imberbis

180 690 273 746 est
298 684 669 745 adversarius
696 700 988 760 apparere.
1020 685 1238 744 Verum
1276 690 1368 745 est
1394 688 1571 745 etiam
1603 686 1819 744 electo·
1932 690 2127 749 adhuc
2156 692 2214 747 et
2244 690 2392 746 nihil
2422 690 2615 748 sciens
2654 689 2911 763 penitus,
2943 689 3059 747 nisi
3088 691 3395 748 mundum.
3420 692 3581 757 Quos

181 792 276 836 res
296 780 517 835 vestros
539 777 710 847 longe
732 778 906 834 antea
925 775 1060 834 inde
1078 793 1113 835 a
1133 776 1303 834 nobis
1335 776 1503 850 quasi
1523 775 1821 849 quoddam
1934 780 2032 839 ille
2058 797 2161 854 per
2189 780 2703 850 furtivasglitteras,
2719 780 2915 837 studio
2937 780 3155 850 fratris,
3174 781 3580 853 persuasioni-

182 865 480 939 accepisse
535 865 904 935 mandatum,
953 866 1123 938 cujus
1180 865 1327 924 fines
1382 867 1654 925 excedere
1707 881 1824 923 non
1937 870 2129 942 bussset
2159 870 2469 943 promissis
2497 869 2717 926 illectos
2747 868 2818 925 ad
2849 868 2960 927 hoc
2990 867 3253 927 schisma
3285 870 3581 943 pertraxit,

183 956 497 1025 habebant,
529 955 809 1030 quoniam
860 954 1018 1028 quod
1048 956 1232 1014 multo
1280 962 1412 1015 ante
1472 958 1827 1014 advenarum
1939 961 2103 1016 ratus
2132 975 2333 1017 secure
2360 958 2644 1031 quidlibet
2677 957 2954 1015 adversus
2977 961 3376 1030 paupertatem
3405 958 3585 1015 eccle-

188 1047 473 1123 prosagio
519 1049 938 1121 presumptum
963 1051 1108 1118 erat,
1141 1048 1469 1106 incolarum
1498 1062 1636 1107 voce
1666 1063 1831 1105 com-

1942 1047 2040 1105 sioe
2059 1046 2551 1119 praesumendum.
2566 1046 3012 1119 Sperabateuim
3027 1046 3309 1104 adversus
3324 1047 3469 1119 reliq
3480 1063 3586 1103 uos

187 1136 413 1211 pletum
429 1139 540 1204 est,
552 1135 933 1209 ipsorumque
951 1153 1297 1196 consensum
1318 1141 1520 1195 nostra
1538 1137 1832 1196 desideria
1939 1136 2134 1194 omnia
2165 1153 2337 1210 posse
2366 1136 2541 1195 trium
2573 1140 2676 1194 aut
2704 1144 2951 1209 quatuor
2979 1135 3319 1208 huiusmodi
3352 1137 3589 1194 testium

189 1229 549 1285 creaverunt.
586 1225 814 1298 Loquar
841 1241 977 1301 ergo
1008 1227 1079 1283 ad
1103 1227 1408 1285 dominum
1442 1243 1662 1298 meum,
1694 1241 1833 1283 cum

192 1315 307 1376 sim
330 1314 523 1391 pulvis
538 1316 596 1372 et
615 1315 784 1372 cinis.
801 1317 1035 1388 Loquar
1053 1315 1212 1375 filius
1233 1317 1476 1375 devotus
1497 1317 1668 1374 unico
1682 1313 1835 1389 patri

194 1421 347 1464 meo.
394 1407 643 1475 Quanto,
689 1404 946 1475 domine,
994 1405 1260 1478 pluribus
1317 1406 1618 1464 desideriis
1668 1420 1838 1477 expe-

193 1495 315 1558 tins
360 1508 445 1566 es,
492 1499 712 1568 quanto
770 1495 1032 1554 faciliore
1095 1497 1409 1555 concordia
1474 1497 1837 1568 preelectus,

200 1591 419 1660 quanto
465 1586 688 1658 maiore
732 1585 999 1642 omnium
1049 1585 1436 1645 exsultatione
1508 1590 1838 1660 susceptus,

200 1679 364 1734 tanto
409 1678 468 1732 te
512 1680 630 1734 Deo
676 1678 734 1733 et
778 1675 1119 1733 hominibus
1165 1675 1446 1750 intelligis
1495 1675 1840 1751 obligatum.

1944 1226 2302 1300 depositione
2349 1226 2603 1300 probari,
2634 1226 2914 1299 quoniam
2952 1227 3217 1299 negantis
3250 1227 3463 1283 iactum
3489 1243 3593 1299 per

1946 1332 2141 1374 rerum
2185 1324 2448 1374 naturam
2499 1314 2662 1373 nulla
2711 1319 2800 1373 est
2849 1316 3130 1387 probatio,
3181 1316 3362 1374 actori
3394 1321 3591 1373 autem

1947 1424 2098 1465 onus
2118 1408 2475 1480 probationis
2496 1407 2800 1464 incumbit.
2815 1405 2910 1462 Sic
2925 1422 3072 1480 opus
3094 1405 3240 1463 illud
3267 1406 3459 1478 primo
3474 1406 3596 1478 qui·

1948 1499 2083 1556 dem
2104 1499 2172 1555 de
2193 1497 2513 1555 ambitione
2532 1504 2874 1568 conceptum
2896 1500 3007 1565 est,
3028 1496 3236 1552 exinde
3262 1512 3394 1554 vero
3413 1500 3598 1553 teme-

1950 1590 2104 1646 raria
2145 1588 2370 1645 levitate
2410 1591 2765 1661 promotum,
2801 1590 2866 1642 ut
2918 1586 2990 1642 ad
3040 1593 3359 1643 extremum
3403 1588 3603 1659 posset

1953 1679 2219 1753 perjuriis
2247 1677 2663 1737 consummari.
2694 1675 2952 1734 Accessit
2996 1675 3171 1732 etiam
3217 1675 3599 1748 postmodum

202 1763 462 1823 Gratiam
490 1765 697 1823 divinoe
716 1764 1068 1839 dignationi,
1095 1765 1345 1839 gratiam
1369 1764 1646 1823 humanm
1664 1766 1847 1823 bene-
1957 1772 2194 1844 propter
2220 1768 2498 1841 injuriam
2529 1782 2705 1840 quam
2729 1781 2940 1837 passus
2970 1768 3060 1822 eet
3088 1782 3159 1822 ex
3209 1765 3605 1824 incommodi-

201 1853 468 1914 volentiae
497 1854 691 1913 debes.
723 1855 1117 1912 Insistendum
1146 1854 1254 1911 tibi
1285 1859 1376 1913 est
1416 1859 1482 1913 ut
1512 1855 1726 1930 dignus
1768 1855 1850 1912 sit
1957 1863 2075 1918 tate
2105 1858 2336 1930 fiducia,
2359 1859 2428 1915 ad
2461 1872 2634 1931 quam
2656 1864 2849 1914 tamen
2869 1856 2921 1912 si
2948 1871 3083 1912 eum
3111 1853 3442 1912 inconsulta
3465 1871 3605 1927 per-

202 1944 629 2016 exspectatione
658 1947 996 2017 proventus,
1029 1947 1116 2016 ut,
1151 1948 1265 2001 Deo
1313 1943 1539 2002 scilicet
1576 1960 1853 2002 reveren·
1960 1948 2136 2025 traait
2177 1947 2438 2007 ambitio.
2470 1961 2577 2003 nec
2605 1943 3012 2002 innocentibus
3040 1942 3460 2016 imputandum
3488 1946 3605 2010 est,

203 2034 374 2101 tiam,
389 2032 724 2090 hominihus
740 2032 1013 2090 exhibeas
1037 2033 1333 2104 pietatem.
1350 2033 1510 2091 Inter
1541 2032 1689 2090 aiios
1716 2049 1853 2090 vero
1963 2037 2156 2096 necin
2184 2035 2603 2094 detrimentum
2625 2032 2888 2091 Ecclesiae
2916 2032 3393 2090 convertendum.
3424 2037 3608 2089 Porro

210 2123 474 2194 obscero,
497 2137 570 2181 nc
600 2121 976 2180 serenitatem
1001 2124 1167 2177 tuam
1201 2121 1346 2177 mihi
1378 2122 1657 2194 maiestas
1678 2125 1853 2178 tani-w
1964 2128 2028 2186 in
2058 2131 2326 2186 auctores
2353 2126 2590 2183 sceleris
2624 2124 2948 2182 severitatis
2979 2123 3309 2197 apostolicas
3351 2123 3611 2180 vindicta

214 2213 517 2288 dignitatis
545 2211 821 2270 obducat.
852 2211 961 2269 Sed
994 2211 1152 2267 vivat
1181 2209 1329 2267 mihi
1360 2211 1511 2283 apud
1540 2213 1596 2268 te
1626 2226 1860 2284 semper
1966 2219 2277 2292 procedat3
2310 2232 2567 2290 personae
2596 2230 2730 2272 vero
2764 2230 2894 2287 quae
2926 2212 3061 2271 laesa
3100 2220 3203 2282 est,
3227 2211 3613 2269 salvatamen

214 2303 480 2376 pristina!
519 2300 902 2374 benignu-⁸58
949 2299 1211 2367 83801118»
1242 2302 1416 2371 “qne
1465 2299 1861 2370 Pffldecesswri
1969 2306 2357 2365 indemnitate
2398 2304 2686 2373 Ecclesiae,
2719 2303 3078 2372 consulatur,
3132 2309 3193 2359 ut
3252 2301 3370 2359 reis
3416 2317 3613 2375 poena,

217 2395 324 2450 tuo
352 2391 414 2449 in
444 2389 636 2463 gutia
663 2389 811 2446 mihi
836 2390 896 2444 0⁸
922 2388 1327 2447 benevolssntiss
1353 2388 1600 2446 flentium
1630 2404 1864 2446 ³1¹0008·
1971 2397 2128 2455 laesis
2159 2395 2500 2466 remedium,
2532 2409 2634 2451 sua
2665 2393 2929 2466 religioni
2960 2393 3192 2465 justitia
3221 2396 3616 2450 conservetur.

223 2478 406 2540 tine!
438 2478 741 2537 Venissflem
776 2481 972 2535 &ntem
1011 2478 1083 2535 δᾶ
1129 2494 1261 2547 vos,
1291 2477 1402 2534 ῦῑδῑ
1453 2477 1606 2534 0¹10&
1647 2478 1864 2534 confir·
1975 2487 2258 2546 Coterum
2281 2484 2351 2541 de
2372 2500 2438 2542 eo
2464 2485 2621 2555 quod
2652 2482 2869 2539 factum
2898 2481 3422 2552 est,iunocentiam
3445 2497 3621 2538 suam

225 2569 498 2628 mmdssm
526 2567 674 2626 mihi
704 2573 997 2626 ΐθθθῑῑῑθῐῦ
1027 2567 1159 2625 ¹¹⁰Vi
1189 2566 1469 2640 Principii!
1498 2567 1773 2640 Βΐῦῑῑῦῐῦι
1811 2569 1870 2625 ⁴³t
1979 2576 2180 2634 multis
2210 2590 2414 2632 comes.
2434 2576 2694 2641 excusat,
2724 2573 2863 2630 adeo
2893 2575 2960 2628 ut
3018 2574 3285 2629 auctores
3331 2571 3515 2644 ipsos,
3546 2570 3625 2626 li-

229 2657 628 2720 resarciendas
671 2657 929 2716 ecclesie
986 2660 1045 2714 et
1093 2657 1307 2715 domna
1336 2659 1550 2713 nostre
1580 2657 1784 2714 ruinas
1812 2660 1872 2714 et
1980 2669 2071 2724 cet
2091 2665 2281 2739 ipsine
2310 2680 2375 2722 se
2408 2661 2738 2736 putaverint
2766 2661 3016 2735 gratiam
3064 2660 3401 2734 promereri,
3434 2661 3625 2717 eccie-

230 2748 496 2810 curanda
541 2762 953 2822 germanorum
1001 2747 1206 2805 funera
1255 2747 1491 2820 gravius
1533 2761 1873 2818 occuparer.

235 2838 461 2907 Quibus
480 2837 674 2896 causis
686 2851 797 2896 nec
806 2840 1037 2910 tempu
1059 2836 1270 2905 adhuc,
1288 2851 1394 2893 nec
1412 2835 1767 2894 alacritatem
1780 2836 1878 2893 ha-

232 2927 335 2986 bui
359 2943 466 2986 nec
476 2941 784 3003 expensas.
805 2926 1050 2984 Veniam
1066 2926 1413 2996 autem,Deo
1435 2925 1677 2996 volente,
1693 2941 1874 2998 quan·

231 3018 445 3090 tocius,
485 3021 551 3075 ut
585 3016 772 3075 oculis
806 3016 954 3074 meis
996 3015 1192 3074 vultus
1215 3016 1393 3074 vestri
1436 3016 1719 3073 serenitas
1746 3015 1881 3073 illu-

1984 2756 2218 2817 siastico
2240 2752 2567 2828 permiserit
2594 2752 2832 2810 arbitrio
2861 2751 3211 2826 puniendos.
3243 2754 3394 2808 Neve
3424 2751 3627 2807 adver-

1985 2862 2089 2905 sus
2113 2846 2444 2903 libertatem
2468 2841 2738 2901 Ecclesiae
2769 2840 3033 2898 laborare
3069 2841 3364 2911 credatur,
3388 2839 3627 2895 univer-

1988 2952 2116 2996 sam
2131 2934 2399 2992 Ecclesiae
2410 2930 3289 3008 dispositionem,archiepiscopi
3311 2933 3629 3002 nostroque

1990 3029 2213 3086 scilicet
2242 3028 2646 3101 episcoporum
2693 3021 2956 3092 consilio,
2986 3020 3281 3078 relaxavit.
3316 3021 3483 3088 Ecce,
3515 3020 3628 3076 do·-

235 3111 522 3175 oescat,et
540 3107 873 3165 “mmmm
893 3122 1084 3164 meam
1099 3105 1875 3180 quoei⁰b⁶fi⁰fd⁰Pf⁰¹im⁰
1908 3084 1951 3153 c
1988 3121 2168 3192 mine,
2197 3120 2259 3176 in
2290 3119 2574 3190 potestate
2620 3122 2721 3172 tua
2747 3112 2944 3173 omnia
2972 3114 3113 3169 sunt
3141 3110 3370 3183 posita3
3404 3126 3510 3167 nec
3540 3113 3630 3166 est

236 3212 397 3256 novis
425 3195 849 3254 benedictionis
878 3196 1030 3269 riget
1058 3196 1313 3267 ubertas,
1346 3195 1485 3268 quia
1505 3194 1794 3252 modicum
1817 3194 1877 3252 id

236 3284 393 3358 quod
422 3299 577 3347 sum.
605 3287 765 3342 totus
795 3299 925 3342 sum
966 3284 1294 3342 sanctitatis
1319 3287 1523 3342 vestrae
1553 3290 1881 3357 sanctaque

236 3373 513 3432 Romano
546 3372 815 3433 Ecclesiae
842 3373 1256 3432 devotissimus
1286 3389 1510 3432 servus.

871 3569 945 3610 An
974 3569 1240 3611 sunnam.

310 3641 420 3701 Pro
446 3641 705 3717 sagiensi
746 3641 1006 3700 Ecclesia
1033 3645 1158 3699 tota
1187 3644 1378 3699 mente
1407 3642 1654 3715 pedibus
1678 3645 1882 3699 vestra!

239 3730 570 3790 sanctitatis
598 3730 896 3810 advolvor,
924 3731 1223 3790 confidens
1254 3729 1326 3787 de
1355 3731 1521 3788 vobis
1550 3731 1611 3788 in
1634 3731 1883 3788 Domino

237 3820 383 3894 quia
408 3820 634 3878 bonum
656 3822 812 3893 quod
842 3820 903 3877 in
932 3820 1035 3877 iila
1082 3836 1181 3891 per
1212 3824 1608 3878 antecessores
1633 3823 1880 3892 vestros,

237 3914 358 3968 Deo
376 3917 632 3981 auctore,
647 3910 959 3969 fundatum
970 3916 1058 3969 est
1078 3914 1272 3970 vestro
1287 3915 1544 3985 tempore
1568 3927 1682 3968 non
1706 3909 1888 3968 solve·

237 4002 359 4057 tur.
389 3997 544 4055 solvi
573 4003 768 4055 autem
799 4013 1033 4057 necesse
1061 4003 1171 4071 est,
1204 4001 1256 4059 si
1293 4000 1590 4072 inexperto
1622 3999 1885 4073 regulam

239 4085 440 4160 regula
465 4087 863 4145 conservanda
891 4088 1220 4151 mandatur.
1245 4090 1296 4145 si
1323 4090 1596 4163 imperito
1617 4089 1886 4163 agricola

238 4176 514 4237 credatur
531 4190 682 4233 nova
708 4174 1008 4247 plantatio,
1030 4176 1082 4233 si
1112 4176 1367 4249 denique
1396 4177 1670 4250 cuiquam
1700 4177 1888 4233 alicu-

234 4266 337 4340 jus
357 4264 441 4323 rei
486 4263 886 4338 magisterium
917 4263 1190 4321 credatur
1222 4265 1388 4336 cujus
1424 4264 1522 4321 ille
1552 4279 1668 4323 non
1698 4264 1890 4337 attigit

239 4352 620 4427 disciplinam
635 4370 651 4424 3
665 4352 986 4427 perniciose
1006 4352 1297 4426 siquidem
1318 4353 1486 4410 vinea
1511 4354 1889 4427 propaganda

1984 3212 2088 3286 qui
2106 3215 2220 3267 tuae
2237 3208 2419 3281 possit
2444 3205 2711 3263 resistere
2730 3200 3035 3259 voluntati.
3060 3204 3193 3257 Esto
3214 3199 3277 3257 os
3276 3199 3393 3256 ficii
3416 3197 3502 3255 tui
3525 3215 3629 3255 se-

1984 3299 2161 3357 dulus
2198 3300 2522 3361 exsecutor,
2555 3310 2627 3351 ne
2666 3305 3047 3366 personarum
3076 3287 3164 3345 vel
3195 3305 3383 3345 causae
3419 3286 3631 3344 merita

1985 3389 2445 3454 confundantur,
2470 3389 2531 3442 ut
2551 3400 2681 3440 reos
2703 3381 2927 3439 scilicet
2945 3378 3249 3452 castigatio
3270 3377 3445 3449 digna
3466 3392 3630 3434 coer-

1988 3484 2131 3546 ceat,
2165 3478 2331 3535 laesos
2361 3476 2457 3549 pia
2496 3472 2787 3531 miseratio
2812 3470 3164 3540 consoletur,
3199 3465 3488 3540 regularis
3521 3482 3632 3522 au-

1985 3573 2106 3628 tem
2137 3575 2453 3626 conventus
2471 3564 2717 3637 accipiat
2735 3563 2960 3619 Patrem
2985 3558 3238 3633 regulari
3260 3556 3636 3614 institutione

1988 3658 2314 3726 formatum,
2338 3672 2410 3713 ne
2440 3658 2645 3712 statuae
2667 3666 2853 3708 aurem
2874 3652 3050 3722 caput
3069 3662 3297 3705 aeueum
3330 3650 3426 3702 tuo
3447 3645 3633 3717 (quod

1988 3748 2144 3805 absit
2166 3747 2205 3821 Ι)
2229 3745 2456 3819 opificio
2478 3744 2707 3800 dicatur
2735 3740 2998 3809 affixum,
3019 3743 3077 3795 et
3112 3737 3208 3794 ubi
3243 3753 3312 3793 ex
3333 3733 3634 3808 privilegio

1987 3839 2473 3911 predecessorum
2547 3837 2779 3890 tuorum
2845 3825 3286 3887 archidiaconos
3319 3824 3628 3883 seaculares

1987 3943 2116 3986 esse
2181 3942 2297 3983 non
2362 3925 2518 3995 licet,
2567 3922 2856 3980 sententia
2916 3924 3021 3975 tua
3075 3919 3233 3975 creet
3290 3914 3632 3987 episcopum

1989 4017 2353 4076 saecularem.
2382 4014 2587 4071 Valeat
2615 4012 2674 4069 in
2713 4010 2946 4068 Christo
2984 4006 3266 4066 sanctitas
3293 4001 3522 4064 vestral

2764 4145 2859 4201 IV.

2186 4258 2259 4298 an
2296 4253 2592 4298 nonnarum
2615 4248 3065 4293 amnonmsussu
3095 4243 3435 4287 arianorum.

2065 4347 2312 4403 Litteras
2351 4348 2553 4400 vestris
2582 4339 2913 4398 dilectionis
2952 4336 3169 4411 accepi,
3202 4350 3349 4407 quas
3377 4333 3439 4390 in
3469 4334 3637 4388 tanta

242 4445 638 4503 committitur
655 4443 732 4514 ei,
754 4444 925 4516 cujus
940 4447 1030 4501 est
1054 4444 1314 4503 studium
1334 4444 1529 4517 potius
1549 4444 1888 4517 exstirpare.
1926 4449 1971 4516 ῃ
2002 4436 2284 4495 charitate
2313 4430 2651 4504 complexus
2680 4445 2813 4485 sum
2835 4430 3053 4501 quanta
3078 4424 3224 4482 tanti
3246 4422 3350 4480 viri
3379 4421 3634 4493 gratiam

240 4534 406 4593 Unde
429 4536 625 4606 etiam,
655 4533 705 4592 si
732 4549 868 4592 eum
895 4535 967 4592 de
996 4549 1106 4605 quo
1136 4535 1331 4608 agitur
1359 4533 1666 4592 Girardum
1689 4533 1887 4606 aliqua

243 4623 542 4684 electionis
572 4626 759 4683 forma
795 4625 1149 4696 defenderet,
1180 4625 1317 4698 quia
1345 4642 1448 4699 pro
1499 4624 1773 4683 Ecclesiis
1805 4625 1883 4682 li-

242 4716 439 4775 bertas
464 4714 813 4774 electionum
844 4715 1180 4774 introducta
1211 4723 1319 4785 est,
1350 4715 1529 4789 liquet
1559 4716 1697 4789 quia
1727 4714 1883 4789 quod

242 4820 445 4865 esrum
491 4804 686 4864 favore
722 4808 1119 4878 comparatum
1166 4809 1277 4875 est,
1309 4805 1417 4862 hoc
1447 4806 1518 4863 ad
1551 4820 1752 4863 earum
1784 4805 1884 4862 ls-

243 4896 468 4953 sionem
492 4897 808 4970 retorqueri
835 4912 952 4955 non
974 4898 1164 4955 debet.
1188 4896 1643 4970 Retorquebitur
1662 4899 1883 4967 autem,

243 4983 297 5043 si
315 4983 614 5043 electionis
635 4985 801 5043 favor
819 5003 1010 5060 usque
1031 4987 1090 5045 in
1113 4985 1525 5045 detrimentum
1544 4985 1884 5059 principalis

242 5088 426 5132 οεεειε
473 5075 842 5147 processerit,
874 5072 923 5131 si
967 5092 1086 5134 non
1137 5078 1294 5151 quis,
1323 5076 1414 5133 vel
1456 5077 1523 5133 ad
1575 5076 1741 5148 quid,
1784 5074 1885 5132 sed

243 5164 497 5238 qualiter
509 5162 732 5223 electus
761 5164 841 5223 sit
870 5166 1222 5236 attendatur,
1245 5182 1350 5224 nec
1381 5166 1516 5223 finis
1538 5170 1638 5222 aut
1658 5164 1884 5221 utilitas

243 5254 457 5328 operis,
486 5256 589 5314 sed
637 5254 764 5313 sola
793 5254 1009 5329 negotii
1050 5255 1232 5312 series
1260 5255 1616 5329 exquiratur.
1650 5256 1722 5311 At
1749 5268 1883 5311 vero

243 5343 400 5416 quod
429 5344 527 5402 hic
556 5344 762 5403 electio
794 5344 955 5403 nulla
985 5345 1370 5420 praecesserit,
1401 5349 1459 5403 et
1486 5360 1688 5403 verum
1719 5345 1886 5401 estet

245 5432 437 5492 omnis
463 5433 724 5493 Ecclesia
749 5437 1131 5506 contestatur,
1163 5442 1367 5509 praeter
1404 5451 1616 5510 paucos
1642 5448 1786 5507 quos
1812 5434 1884 5490 ad

245 5523 559 5596 optandam
586 5525 926 5586 saecularem
947 5541 1257 5602 personam
1276 5541 1442 5586 amor
1460 5526 1513 5584 ei
1532 5522 1884 5585 desiderium

317 5615 400 5692 (1)
424 5615 489 5677 G.
521 5654 540 5689 ,
567 5630 810 5678 anaema.

1999 4525 2197 4586 decuit
2239 4520 2627 4596 gratulatione
2656 4516 2985 4591 complecti.
3019 4516 3353 4572 Timueram
3391 4525 3533 4565 sane
3561 4524 3638 4566 ne

1999 4615 2336 4675 memoriam
2370 4611 2483 4668 mei
2514 4609 2669 4682 apud
2701 4624 2803 4665 vos
2843 4604 3196 4663 diuturnitas
3226 4598 3525 4673 temporie,
3548 4598 3641 4655 vel

1995 4707 2277 4766 distantia
2314 4705 2643 4778 regionum,
2674 4700 2759 4758 vel
2786 4699 2918 4773 ipsa
2946 4696 3263 4756 novissime
3290 4697 3480 4750 vestra
3502 4707 3642 4763 pro-

1996 4797 2173 4855 motio
2213 4795 2539 4860 delevisset‚
2570 4789 2846 4864 quoniam
2887 4803 3043 4844 nom
3075 4785 3386 4858 dignitates
3412 4785 3641 4838 veteres

1995 4887 2182 4946 solent
2213 4883 2507 4943 amicitias
2536 4881 2863 4939 immutare.
2896 4880 3064 4934 Creat
3092 4875 3249 4933 enim
3281 4888 3381 4930 cor
3421 4886 3641 4927 novum

1995 4982 2052 5036 et
2080 4990 2264 5033 novos
2294 4974 2534 5030 affectus
2567 4986 2727 5027 novae
2757 4964 3113 5025 conscientia
3141 4961 3468 5035 dignitatis,
3491 4959 3641 5017 divi-

1994 5070 2200 5136 tesque
2219 5061 2355 5119 facti
2377 5060 2735 5133 paupertatis
2754 5057 2974 5114 amicos
2994 5070 3126 5111 cum
3150 5052 3280 5124 ipsa
3299 5052 3642 5123 paupertate

1993 5157 2319 5226 fastidiunt,
2342 5169 2415 5210 ne
2445 5153 2585 5225 quid
2610 5166 2789 5226 penes
2807 5165 2906 5207 eos
2928 5148 2999 5205 de
3017 5146 3196 5204 veteri
3219 5145 3486 5200 videatur
3508 5143 3643 5198 ino·

1995 5247 2092 5321 pia
2123 5244 2432 5303 resedisse.
2464 5241 2631 5300 Solos
2677 5245 2872 5297 autem
2920 5239 3275 5295 venerantur
3304 5238 3360 5290 et
3388 5232 3645 5303 diligunt

1995 5353 2142 5410 quos
2176 5335 2404 5392 fortuna
2432 5331 2729 5397 conducit,
2764 5328 3025 5399 solisque
3055 5325 3311 5400 gaudent
3341 5320 3639 5379 sublimus

1994 5427 2292 5493 inhaerere,
2309 5439 2381 5481 ne
2395 5422 2677 5495 majestas
2691 5418 3002 5492 dignitatis
3015 5416 3353 5473 inferiorum
3371 5412 3495 5483 freq
3505 5427 3643 5467 uen-

1995 5519 2077 5576 tia
2095 5515 2185 5576 vel
2215 5513 2427 5572 humili
2458 5508 2844 5571 mediocrium
2874 5511 3149 5581 gravetur
3170 5517 3402 5565 accessu
3432 5500 3537 5573 (1).
3570 5500 3644 5556 At
