3784 6000
189 238 311 299 129

1700 228 2128 292 EPISTOLAE.

3494 236 3612 299 130

188 368 489 441 prohibito
517 368 693 426 etiam
748 365 895 423 mihi
933 380 1167 437 egressu
1224 365 1295 421 de
1333 368 1486 421 terra
1526 367 1588 421 ut
1629 363 1850 420 scilicet
1877 364 1927 431 Α
1961 364 2310 433 spondebat,
2342 380 2551 438 meque
2580 363 2806 422 felicem
2837 368 2897 422 et
2928 367 3086 423 omni
3119 368 3395 426 donatum
3426 370 3612 428 beati-

189 455 342 513 nibil
400 454 551 511 mihi
599 452 659 509 in
709 461 859 510 terra
915 452 1287 526 relinqueret,
1339 469 1443 509 nec
1493 452 1846 510 esurientem

188 545 364 602 etiam
390 544 633 601 aliunde
656 559 919 617 querere
951 543 1288 601 sustineret.
1309 547 1499 614 Super
1529 558 1641 615 quo
1670 542 1846 599 etiam

186 633 449 708 generali
513 632 782 706 praecepit
829 633 1036 701 edicto,
1068 649 1141 689 ne
1183 649 1216 688 a
1265 630 1489 689 clericis
1520 632 1665 687 meis
1706 628 1846 687 mihi

185 724 410 796 aliquid
444 723 831 793 conferretur,
861 726 919 778 et
967 721 1017 778 si
1049 721 1185 794 quis
1211 721 1533 794 quidquam
1564 719 1847 778 obtulisse

187 819 451 884 repertus
500 812 786 882 est,bona
833 811 961 882 ejus
1007 810 1207 867 omnia
1253 810 1568 869 confiscata
1622 812 1849 866 suntet

186 901 405 959 oblata.
435 901 669 959 Durum
706 899 850 957 mihi
882 904 974 957 est
1001 899 1158 973 quod
1191 900 1335 956 adeo
1366 916 1459 956 me
1492 915 1593 972 per
1620 899 1845 956 Walte-

191 1007 318 1048 rum
370 991 537 1064 regia
580 993 837 1064 potestas
884 988 1140 1058 infestat,
1163 988 1263 1045 sed
1310 988 1515 1046 durius
1558 992 1648 1045 est
1689 988 1846 1062 quod

192 1079 504 1139 ecclesiam
534 1097 569 1137 a
598 1079 806 1151 emptis
854 1079 1202 1150 juramentis
1261 1077 1459 1135 divisit
1485 1076 1545 1133 in
1578 1083 1770 1150 partes
1788 1080 1848 1135 et

196 1175 413 1241 partem
438 1169 756 1243 plurimam
781 1185 816 1226 a
837 1183 964 1224 mea
983 1166 1313 1224 obedientia
1342 1166 1648 1239 separavit.
1682 1165 1848 1231 Quod

195 1259 237 1314 si
268 1259 416 1314 forte
445 1259 509 1315 iu
542 1258 802 1330 aliquem
823 1254 1055 1314 voluero
1067 1255 1288 1329 aliquid
1312 1254 1661 1329 episcopalis
1681 1271 1849 1313 exer-

195 1364 319 1407 cere
356 1346 630 1420 justitio,
659 1344 1018 1414 willelmus,
1069 1344 1294 1402 Radulfl
1343 1344 1521 1415 tilius,
1555 1362 1670 1402 uon
1719 1361 1846 1418 per-

198 1437 391 1503 mittit,
420 1436 525 1494 sed
558 1451 795 1493 omnem
834 1433 1289 1491 ecclesiasticam
1338 1438 1678 1506 potestatem
1721 1434 1842 1492 vio·

197 1526 377 1585 lenter
427 1530 700 1600 usurpat,
742 1523 1041 1594 ecclesias,
1064 1523 1418 1592 oblationes,
1442 1522 1671 1591 altaria,
1694 1522 1847 1580 deci-

197 1634 315 1674 mas
343 1620 405 1674 et
441 1617 811 1690 praebendas,
851 1617 911 1670 et
954 1613 1249 1687 quaslibet
1304 1612 1721 1686 eleemosynas,
1753 1628 1841 1670 re-

198 1711 347 1764 mota
406 1721 645 1779 prorsus
690 1704 1033 1762 auctoritate
1076 1719 1227 1772 mea,
1268 1718 1389 1759 suae
1407 1701 1665 1758 vindicat
1690 1706 1844 1775 pote·
1873 1736 1922 1804 B

196 1796 343 1853 stati.
372 1795 455 1852 Ad
487 1794 615 1851 hac
637 1798 806 1851 tanta
829 1794 958 1866 jam
988 1791 1235 1849 Walteri
1277 1790 1647 1862 impudentia
1673 1796 1760 1847 est
1787 1797 1847 1849 et

200 1901 337 1943 coca
366 1883 616 1941 ambitio
646 1887 712 1940 ut
733 1897 827 1939 me
855 1882 1029 1940 etlam
1075 1898 1178 1955 per
1215 1880 1588 1939 Baiocensem
1622 1881 1845 1953 episco-

201 1989 329 2046 pum
359 1983 415 2030 et
463 1989 572 2048 per
599 1970 1016 2030 cancellarium
1041 1975 1097 2028 et
1118 1968 1484 2026 willelmum
1512 1968 1695 2026 filium
1728 1969 1843 2026 Ra-

202 2063 331 2120 dulfl
354 2072 411 2120 et
442 2061 953 2136 archiepiscopum
989 2060 1348 2117 commoneri
1381 2060 1601 2128 fecerit,
1632 2064 1689 2116 et
1719 2060 1844 2132 ipse

203 2169 424 2210 mecum
453 2152 595 2209 inde
625 2151 973 2219 tractaverit,
1002 2154 1068 2207 ut
1096 2149 1401 2224 pecuniam
1435 2149 1509 2206 ab
1545 2165 1611 2207 eo
1634 2150 1846 2221 recipe·

210 2259 319 2300 rem
352 2259 535 2316 quam
565 2257 665 2299 rex
702 2240 848 2298 mibi
897 2239 1243 2314 promiserat
1268 2240 1356 2311 ,ad
1400 2236 1770 2306 solvendum,
1791 2238 1843 2295 si

199 2336 391 2389 tamen
426 2331 741 2389 canonicos
782 2331 855 2386 de
909 2329 1190 2385 electione
1210 2328 1336 2398 eJus
1359 2328 1600 2384 facerem
1637 2329 1843 2399 conju-

198 2436 337 2476 rare.
365 2416 660 2493 Respondi
708 2432 814 2491 ego
873 2416 1185 2473 manifeste
1241 2414 1635 2471 Simoniacum
1687 2430 1841 2484 esse,

199 2525 384 2581 neque
430 2522 526 2563 me
572 2505 795 2578 aliquid
847 2505 1258 2577 suscepturum
1302 2503 1374 2559 ab
1414 2518 1502 2567 eo,
1525 2503 1625 2559 sed
1651 2520 1681 2559 a
1713 2518 1842 2575 rege

194 2599 297 2655 sub
326 2598 537 2655 eadem
556 2596 793 2669 quidem
814 2594 1001 2651 forma
1028 2608 1155 2665 quae
1180 2593 1321 2648 mibi
1345 2593 1529 2664 stipsi
1554 2610 1585 2649 a
1606 2592 1840 2648 domino

201 2689 251 2744 Ρ.
280 2687 478 2760 legato
514 2687 696 2742 fuerat
726 2684 1011 2741 instituta.
1044 2682 1224 2739 Dulce
1247 2682 1388 2739 mibi
1425 2686 1483 2739 et
1505 2682 1840 2753 jucundum

199 2778 282 2833 est
304 2773 683 2832 conscientia!
710 2774 918 2830 vestro
938 2769 1377 2827 communicare
1391 2785 1520 2840 quoe
1552 2769 1758 2839 patior,
1783 2772 1842 2826 et

197 2864 492 2937 quoddam
552 2861 701 2919 mihi
749 2860 1076 2918 remedium
1129 2863 1239 2927 est,
1274 2860 1421 2931 quod
1453 2875 1558 2915 vos
1587 2858 1840 2931 compati

195 2953 333 3011 mibi
394 2957 455 3010 et
512 2951 818 3009 condolere
874 2965 987 3007 non
1029 2948 1250 3006 dubito.
1275 2947 1435 3006 Mitto
1467 2945 1689 3006 litteras
1720 2947 1842 3022 regi

191 3043 346 3101 omni
404 3040 739 3100 bumilitate
796 3038 1193 3114 plenissimas,
1215 3055 1460 3110 quarum
1494 3038 1837 3110 rescriptum

1958 452 2162 509 tudine
2206 456 2571 526 reputabam,
2624 453 2674 511 si
2720 455 2857 527 quid
2908 456 3102 513 studio
3145 473 3274 515 meo
3321 458 3612 516 videretur

1959 542 2241 611 accidere,
2288 543 2439 615 quod
2489 543 2727 600 utilitati
2778 544 2903 616 ejus
2933 547 3234 602 accederet
3259 545 3348 604 vel
3382 546 3615 606 honori.

1957 631 2101 686 Cum
2139 637 2332 689 autem
2362 633 2527 689 valde
2550 633 2668 689 sint
2685 650 2884 690 amara
2909 650 3035 706 qua!
3057 636 3269 707 patior,
3292 635 3443 693 nihil
3467 635 3619 694 mihi

1957 726 2188 777 constat
2218 722 2479 778 amarius
2492 738 2666 795 quam
2688 723 2841 794 quod
2865 722 3229 780 voluntatem
3252 724 3478 782 domini
3500 724 3616 781 mei

1958 810 2268 866 adversum
2330 827 2423 868 me
2470 810 2717 882 graviter
2745 813 3008 883 experior
3034 812 3431 881 immutatam,
3462 830 3615 887 quo-

1956 898 2113 954 niam
2146 898 2332 971 ipsius
2363 900 2531 964 mihi,
2557 903 2966 972 perseverante
2987 902 3507 975 gratia,quaslibet
3525 903 3616 960 in·

1947 986 2140 1058 jurias
2187 995 2241 1044 et
2299 989 2645 1045 detrimenta
2685 989 2928 1046 fortunis
2980 990 3226 1049 minima
3253 998 3614 1065 reputarem.

1956 1073 2282 1133 Gauderem
2327 1076 2614 1150 siquidem
2659 1081 2718 1133 et
2766 1078 2825 1133 in
2866 1080 3359 1152 contemplatione
3392 1082 3528 1154 ejus
3557 1087 3617 1141 et

1953 1164 2152 1235 gratias
2184 1166 2467 1223 memoria
2497 1168 2865 1240 respirarem,
2887 1184 3243 1242 omnemque
3273 1170 3414 1228 mibi
3449 1186 3608 1230 ams-

1958 1253 2270 1310 ritudinem
2304 1255 2426 1311 hoec
2457 1254 2603 1312 mihi
2624 1256 3445 1328 superexcedendidutcedine
3458 1276 3609 1332 gau·

1954 1343 2050 1398 dia
2081 1348 2614 1415 recompensarent.
2638 1345 2954 1416 Sperabam
2985 1347 3140 1418 quod
3165 1362 3349 1419 usque
3379 1349 3451 1405 ad
3486 1348 3613 1407 exi·

1956 1436 2075 1488 tum
2114 1449 2308 1488 meum
2332 1432 2453 1489 haec
2501 1434 2688 1507 ipsius
2730 1434 2870 1491 mihi
2919 1435 3102 1503 gratia
3123 1442 3508 1507 permaneret,
3549 1442 3617 1498 ut

1956 1522 2194 1577 tandem
2231 1526 2507 1595 perpetuo
2538 1539 2745 1580 somno
2775 1524 2834 1580 in
2881 1523 3188 1581 dulcedine
3231 1526 3344 1582 ista
3379 1526 3616 1586 viderer

1955 1613 2234 1682 tanquam
2267 1611 2330 1667 in
2361 1612 2549 1683 ipsius
2574 1613 2828 1670 brachiis
2851 1613 3259 1672 obdormiisse.
3283 1615 3392 1672 Res
3411 1620 3611 1674 autem

1954 1715 2110 1756 nunc
2161 1700 2220 1756 in
2280 1701 2631 1758 contrarium
2693 1719 2809 1760 non
2861 1704 3065 1760 merito
3122 1709 3274 1762 certe
3316 1721 3469 1776 meo,
3502 1705 3609 1764 sed

1954 1788 2150 1845 invida
2173 1789 2497 1847 delatorum
2524 1792 2920 1865 suggestione,
2954 1809 3231 1850 conversa
3269 1798 3384 1862 est,
3416 1801 3470 1851 et
3500 1810 3610 1868 pro

1954 1878 2199 1950 antiqua
2219 1879 2442 1935 domini
2476 1881 2589 1936 mei
2644 1880 2957 1938 dilectione
2984 1882 3204 1951 odium,
3240 1899 3342 1953 pro
3374 1882 3611 1941 liberali
3709 1936 3714 1941 .

1955 1967 2340 2023 beneficentia
2388 1983 2700 2040 gravamen
2744 1970 3029 2041 experior,
3058 1968 3409 2043 nullumque
3454 1971 3609 2030 mihi

1954 2054 2042 2111 vel
2067 2054 2124 2111 in
2147 2055 2492 2113 necessitate
2507 2056 2931 2123 consilium,vel
2959 2058 3016 2114 in
3041 2059 3423 2131 oppressione
3442 2060 3607 2119 leva-

1953 2160 2085 2201 men
2117 2146 2389 2202 occurrit.
2413 2146 2673 2203 Profecto
2695 2147 3062 2216 defecissem,
3085 2146 3198 2205 nisi
3221 2164 3314 2204 me
3327 2149 3602 2223 perennis

1957 2234 2304 2291 innocentiae
2364 2252 2502 2292 meae
2553 2237 2911 2293 conscientia
2954 2238 3300 2306 confoveret,
3332 2245 3387 2294 et
3443 2240 3599 2311 quod

1951 2324 2103 2394 apud
2140 2323 2541 2380 liberalitatem
2570 2325 2753 2381 animi
2784 2326 2956 2382 vestri
2989 2325 3187 2397 aliqua
3208 2326 3399 2384 adbuc
3428 2328 3600 2386 credo

1954 2413 2274 2469 multorum
2309 2429 2569 2471 meorum
2603 2413 2855 2471 residere
2894 2414 3232 2471 memoriam
3265 2416 3405 2487 quia
3435 2415 3593 2488 quod

1951 2505 2115 2556 tanto
2146 2502 2256 2574 ipsi
2285 2506 2515 2560 constat
2543 2503 2869 2560 exhibitum
2898 2507 2956 2560 st
2982 2520 3015 2560 a
3042 2502 3209 2560 vobis
3221 2508 3383 2559 tanta
3412 2503 3593 2561 animi

1951 2589 2295 2647 liberalitate
2342 2597 2680 2664 susceptum
2730 2596 2842 2662 est,
2873 2591 2981 2648 levi
3025 2591 3389 2649 fallaciarum
3420 2597 3591 2652 vento

1952 2681 2128 2738 deleri
2181 2698 2295 2738 non
2348 2683 2556 2754 potuit,
2587 2683 2727 2755 quia
2781 2684 2851 2739 de
2880 2684 3002 2739 toto
3021 2688 3282 2755 tempore
3300 2683 3599 2756 quovobis

1953 2768 2135 2837 astiti,
2159 2770 2322 2827 nulla
2355 2788 2595 2844 prorsus
2615 2770 2851 2830 desidiis
2882 2786 3021 2828 meae
3059 2770 3148 2828 vel
3179 2770 3403 2829 fraudis
3424 2786 3600 2846 argu·

1953 2863 2149 2916 menta
2168 2861 2505 2931 procedunt.
2528 2861 2708 2917 Credo
2730 2862 2931 2934 itaque
2950 2860 3102 2932 quod
3129 2860 3282 2918 iutra
3302 2868 3593 2919 secretum

1951 2949 2203 3020 pectoris
2238 2950 2413 3006 vestri
2444 2949 2680 3024 quidam
2726 2949 2918 3008 adhuc
2961 2951 3111 3008 vivat
3142 2949 3460 3021 igniculus,
3492 2949 3601 3026 qui

1952 3040 2228 3095 adversus
2254 3039 2485 3095 fraudes
2532 3039 2896 3097 adulantium
2929 3056 3036 3097 suo
3055 3045 3316 3113 tempore
3335 3039 3601 3099 convale-

190 3135 346 3193 vobis
371 3132 653 3191 nimirum
673 3131 874 3189 censui
898 3129 1512 3192 transmittendum,ut
1536 3126 1584 3185 si
1609 3128 1837 3186 occasio
1866 3099 1912 3167 C
1953 3127 2052 3194 bit,
2075 3130 2132 3183 et
2161 3126 2443 3200 antiquus
2489 3127 2586 3186 ille
2620 3128 2808 3185 fidelis
2855 3131 3040 3186 vester
3079 3128 3447 3186 Lexoviensis
3477 3128 3598 3204 epi-

188 3227 345 3284 vobis
376 3225 525 3282 forte
556 3221 863 3291 refulserit,
893 3218 1090 3277 sciatis
1113 3216 1362 3291 qualiter
1387 3222 1442 3275 et
1472 3217 1833 3290 loquendum

187 3315 345 3373 vobis
387 3313 469 3372 sit
498 3317 557 3371 et
585 3310 896 3385 agendum.
925 3313 1096 3366 Solus
1117 3305 1511 3364 enimestisde
1528 3308 1696 3377 quus
1722 3305 1835 3363 tide

187 3411 241 3462 et
292 3402 585 3461 charitate
631 3400 884 3458 conlido.
942 3397 1175 3456 Nullam
1226 3397 1516 3469 siquidem
1558 3397 1742 3453 habeo
1763 3398 1835 3456 de

186 3510 315 3568 rege
373 3492 677 3559 fiduciam,
708 3491 809 3547 sed
867 3490 1111 3546 deterre
1158 3487 1318 3544 abire
1348 3502 1461 3543 non
1485 3486 1688 3556 debeo,
1723 3485 1834 3545 nisi

186 3601 315 3642 eum
348 3583 521 3658 prius
553 3581 872 3655 requisiero
897 3584 955 3635 et
983 3580 1055 3637 ds
1084 3578 1388 3635 severitate
1417 3576 1605 3650 ipsius
1638 3577 1834 3649 potius

187 3690 361 3746 quam
394 3673 469 3730 de
502 3670 781 3744 superbia
810 3685 937 3727 mea
983 3667 1326 3739 demigratio
1375 3682 1504 3723 mea
1526 3668 1836 3738 procedere

184 3762 477 3820 videatur.
523 3758 819 3831 Quidquid
877 3761 1069 3815 tamen
1111 3756 1372 3813 futurum
1435 3755 1532 3823 sit,
1573 3761 1831 3813 vestrum

184 3851 326 3909 mihi
360 3848 758 3907 familiaribus
775 3847 990 3904 litteris
1011 3846 1282 3902 mandate
1330 3843 1663 3912 consilium,
1693 3845 1834 3917 quia

180 3957 283 4015 ego
314 3939 414 3997 bie
439 3937 607 3996 nulla
626 3933 1359 4012 persuasioncconsistam,
1384 3933 1497 3990 nisi
1513 3933 1639 4006 ipse
1660 3951 1828 3992 suam

180 4031 441 4090 ecclesius
474 4044 623 4087 mea
653 4026 979 4085 restituerit
1007 4025 1359 4082 libertatem.

914 4114 1108 4174 cvm.

537 4224 613 4265 m
651 4220 948 4264 usuaxcuu
986 4220 1179 4261 αισα-,κ
1216 4218 1458 4260 Annam.

243 4302 393 4368 Quot
424 4301 488 4355 et
552 4302 771 4370 quanta
807 4294 1110 4360 beneficia,
1133 4303 1408 4365 quantam
1440 4291 1829 4350 bonorificen-

178 4391 340 4456 tiam‚
386 4390 680 4461 quantam
734 4383 1193 4442 familiaritatem
1252 4385 1311 4437 et
1370 4382 1617 4454 gratiam
1685 4380 1826 4437 olim

1948 3232 2187 3287 scopus,
2210 3218 2280 3273 ad
2313 3232 2548 3273 omnem
2581 3217 3072 3290 opportunitatem
3098 3221 3344 3274 vestram
3359 3233 3592 3291 semper

1945 3309 2252 3378 promptus
2280 3310 2337 3362 et
2382 3307 2608 3377 efficax,
2632 3307 2783 3363 inter
2811 3311 3049 3365 caeteros
3080 3323 3214 3364 cum
3244 3307 3460 3379 gaudio
3493 3323 3594 3381 po-

1944 3393 2081 3451 terit
2110 3412 2406 3467 apparere.
2436 3396 2673 3453 Interim
2704 3398 2841 3470 quia
2886 3396 3178 3454 malorum
3212 3414 3338 3470 quae
3361 3397 3506 3454 mibi
3536 3401 3597 3456 et

1949 3483 2227 3552 ecclesiis,
2252 3486 2343 3540 cui
2367 3486 2649 3553 deservio,
2682 3487 3045 3560 frequentius
3076 3488 3422 3555 irrogantur,
3456 3486 3595 3545 nul-

1944 3572 2037 3629 lus
2062 3574 2270 3630 modus
2294 3583 2399 3641 est,
2421 3592 2525 3632 nec
2548 3576 2835 3632 tolerabili
2862 3580 3106 3648 possunt
3118 3576 3397 3647 patientia
3411 3575 3600 3635 susti·

1946 3664 2092 3733 neri,
2154 3665 2223 3719 ad
2276 3665 2449 3736 pedes
2507 3664 2913 3722 misericordiae
2964 3672 3165 3721 vestrm
3215 3665 3509 3737 confugio,
3546 3665 3598 3723 si

1946 3753 2124 3811 etiam
2157 3754 2363 3810 merita
2394 3770 2521 3811 mea
2561 3755 2827 3811 videntur
2855 3755 3155 3823 obsistere,
3180 3753 3382 3811 saltem
3414 3753 3598 3813 eccle-

1947 3842 2046 3898 siae
2079 3842 2463 3911 miseramini,
2497 3844 2634 3915 quia
2664 3850 2894 3916 tempus
2927 3841 3237 3899 miserendi
3275 3843 3426 3914 ejus,
3450 3842 3593 3914 quia

1945 3932 2107 3989 venit
2134 3936 2390 4005 tempus,
2422 3933 2584 4005 prius
2612 3949 2787 4005 quam
2819 3933 2892 3988 ad
2925 3930 3359 3988 irrevocabilem
3392 3931 3590 4003 perui·

1943 4021 2089 4078 ciem
2124 4022 2359 4079 libertas
2382 4023 2507 4094 ejus
2554 4025 2610 4078 et
2659 4021 3054 4094 possessiones
3101 4022 3228 4094 ejus
3257 4025 3431 4095 atque
3455 4022 3594 4094 jura

1946 4111 2321 4168 descendant.
2354 4109 2439 4166 Ad
2463 4127 2750 4167 summam
2790 4114 3151 4169 senectutem
3195 4127 3377 4167 meam
3423 4109 3591 4167 vobis

1947 4201 2148 4269 offero,
2172 4202 2340 4272 quus
2356 4200 2625 4258 meliores
2645 4217 2832 4258 anuos
2851 4209 3042 4259 vestra
3064 4200 3289 4258 diutius
3309 4199 3593 4272 obsequia

1948 4295 2458 4362 consumpserunt,
2480 4293 2538 4347 et
2549 4306 2678 4347 eam
2700 4306 2770 4347 ex
2798 4290 2908 4349 hoc
2931 4306 3088 4348 nuuc
3109 4289 3586 4362 indignissimum

1951 4383 2042 4436 est
2070 4396 2103 4435 a
2132 4383 2335 4435 vestrae
2369 4379 2693 4451 majestatis
2705 4379 3052 4438 excellentia
3068 4378 3418 4436 conculcari.
3440 4378 3589 4435 Cou-

178 4495 277 4552 per
322 4476 585 4535 multum
643 4484 871 4549 tempus
930 4471 1077 4530 mihi
1107 4469 1318 4541 regalis
1349 4470 1689 4527 excellentia
1719 4469 1827 4526 lar·
1860 4501 1907 4567 D
1943 4473 2032 4527 tra
2063 4470 2263 4527 folium
2296 4470 2606 4543 siquidem,
2637 4471 2790 4544 quod
2815 4475 2984 4528 vento
3015 4470 3257 4542 rapitur,
3278 4467 3591 4525 ostenditis

176 4569 293 4642 git·
322 4567 429 4637 sit,
458 4566 532 4623 ab
561 4563 743 4623 animi
792 4564 905 4620 mei
944 4562 1226 4620 memoria
1249 4559 1414 4617 nulla
1443 4562 1633 4632 potest
1660 4576 1827 4617 occa-

175 4659 340 4716 sione
370 4654 647 4722 eonvelli,
676 4654 781 4711 sed
829 4652 1116 4726 pristinus
1155 4665 1323 4706 amor
1351 4664 1466 4721 quo
1498 4664 1730 4721 semper
1748 4648 1832 4705 di-

173 4746 282 4804 lexi
331 4762 465 4816 vos,
495 4749 554 4802 et
605 4744 804 4803 debita
844 4742 1005 4800 vobis
1033 4739 1265 4798 dilectio
1298 4741 1647 4812 perseverat.
1678 4738 1830 4795 Tur-

174 4836 351 4894 batus
380 4849 520 4893 sum
549 4832 788 4906 sapius,
820 4834 878 4888 et
907 4829 1111 4887 multis
1140 4826 1375 4901 injuriis
1395 4826 1828 4884 etdetrimentis

172 4925 422 4983 affectus
456 4941 474 4993 ς
504 4926 607 4980 sed
665 4918 812 4977 nihil
862 4934 1118 4992 unquam
1159 4932 1361 4975 eorum
1410 4915 1539 4986 fuit,
1562 4916 1717 4988 quod
1744 4917 1830 4974 vel

172 5013 367 5072 selum
395 5011 667 5069 minuere
687 5010 876 5083 possit
896 5006 986 5066 vel
1021 5007 1151 5064 {idei
1182 5007 1512 5064 veritatem.
1546 5004 1709 5061 Nunc
1729 5023 1830 5062 au·

170 5110 287 5160 tem
318 5100 510 5176 gloria
567 5116 700 5158 mea
739 5104 831 5157 est
859 5097 1263 5157 testimonium
1296 5093 1665 5152 conscientiis
1686 5110 1831 5153 meae

172 5193 323 5266 quod
370 5206 559 5264 quam
614 5189 720 5247 diu
781 5204 874 5245 me
913 5189 981 5244 ad
1042 5184 1285 5244 consilia
1326 5187 1385 5241 et
1440 5183 1671 5256 negotia
1725 5201 1830 5242 sua

170 5282 402 5340 bouitas
472 5278 684 5353 regalis
730 5277 994 5348 admisit,
1025 5290 1258 5346 semper
1279 5274 1333 5330 in
1360 5273 1638 5329 omnibus
1668 5272 1829 5331 inte-

171 5374 389 5430 merata
448 5368 587 5427 fidei
620 5384 763 5426 mea
814 5365 1039 5426 refulsit
1085 5364 1415 5436 integritas,
1448 5365 1503 5417 et
1551 5361 1832 5420 sedulita-

172 5465 283 5520 tem
312 5475 505 5520 neam
544 5474 746 5518 rerum
805 5455 1119 5516 dflcientla
1148 5449 1601 5511 commendavit.
1628 5449 1832 5509 Exsul-

172 5549 359 5608 tabam
410 5549 593 5622 igitur
646 5547 802 5624 quod
829 5545 899 5603 ad
934 5550 1127 5604 votum
1158 5537 1382 5599 domini
1412 5537 1527 5596 mei
1547 5539 1727 5611 gratia
1747 5558 1831 5599 re-

1940 4560 2255 4632 petentiam
2288 4564 2564 4629 vestram,
2595 4564 2652 4616 et
2698 4559 2976 4632 stipulam
3020 4558 3235 4616 siccam
3266 4557 3589 4627 conteritis,

1939 4648 2048 4706 nisi
2080 4650 2340 4706 dextram
2358 4650 2787 4722 opprimentem
2812 4648 2972 4705 vobis
2991 4647 3261 4705 alleviare
3283 4644 3587 4716 placuerit,

1937 4740 1995 4793 et
2035 4734 2363 4793 libertatem
2386 4735 2514 4806 ejus
2538 4735 2988 4791 misericorditer
3009 4733 3282 4790 allevare.
3313 4729 3472 4787 Nihil
3486 4746 3590 4787 au-

1937 4830 2058 4882 tem
2090 4825 2236 4881 mibi
2283 4823 2584 4882 molestius
2613 4829 2702 4881 est
2729 4840 2929 4897 quam,
2962 4822 3073 4879 etsi
3104 4837 3219 4878 non
3244 4818 3587 4891 meruerim,

1937 4914 2245 4973 ecclesiam
2278 4922 2468 4971 tamen
2495 4912 2800 4969 occasione
2838 4927 2967 4968 mea
2999 4910 3228 4967 intueor
3260 4910 3585 4983 aggravari.

1938 5002 2103 5059 Unde
2133 5002 2361 5059 nullum
2408 5001 2785 5071 desiderium,
2818 5000 2985 5058 nulla
3009 5001 3155 5058 mibi
3193 4997 3465 5058 voluntas
3496 5002 3589 5056 est

1938 5091 2337 5166 praelationem
2361 5090 2511 5147 banc
2540 5089 2763 5148 diutius
2793 5090 3073 5149 obtinere.
3107 5091 3171 5149 Iu
3205 5091 3312 5146 bac
3343 5105 3584 5161 proeser-

1937 5182 2038 5237 tim
2060 5180 2358 5238 debilitate
2391 5195 2521 5236 mea
2546 5184 2603 5236 et
2641 5180 3010 5239 incommodo
3051 5177 3472 5252 indignationis
3493 5191 3588 5234 ve-

1937 5275 2092 5340 strae,
2126 5270 2236 5327 sub
2266 5284 2383 5342 qua
2408 5283 2513 5325 nec
2536 5270 2841 5344 episcopus
2859 5270 3072 5344 aliquis
3104 5268 3382 5341 proficere
3398 5264 3586 5338 possit

1940 5378 2045 5419 nec
2071 5358 2317 5418 ecclesia
2346 5360 2694 5431 prosperari.
2718 5359 2828 5418 Sed
2851 5361 2900 5418 si
2921 5362 3123 5418 vestras
3155 5354 3439 5431 placuerit
3465 5370 3586 5413 ma·

1933 5447 2136 5524 jestati
2164 5465 2290 5506 eam
2323 5448 2391 5505 ad
2419 5448 2727 5521 pristinam
2759 5450 3035 5507 reducere
3074 5447 3424 5515 libertatem,
3456 5459 3591 5504 sua·

1941 5556 2055 5614 que
2084 5538 2199 5611 ipsi
2224 5535 2359 5610 jura
2407 5535 2468 5594 in
2512 5542 2853 5612 perpetuum
2899 5539 3154 5609 firmare,
3183 5540 3430 5612 paratus
3449 5545 3584 5594 sum
