3784 6000
173 331 274 392 181

738 329 1024 391 TRACT.
1069 330 1171 391 ΒΕ
1214 330 1656 395 semsMATE
1697 334 1908 399 ORTO
1950 334 2149 398 POST
2195 332 2519 398 HONORII
2562 334 2615 395 11
2659 334 3019 397 MORTEM.

3465 331 3578 394 182

169 463 529 534 conjunctus
557 462 686 530 est;
715 465 773 520 et
801 462 1116 518 cardinalis
1135 462 1347 534 factus,
1381 464 1699 523 honoratus
1719 484 1826 524 no·
1853 475 1909 542 Α
2012 469 2254 526 Profusa
2283 485 2419 524 vero
2442 466 2706 524 convivia
2738 471 2901 524 tanta
2949 467 3259 523 libidinum
3304 465 3582 538 spurcitia

172 554 339 624 mine,
377 552 674 624 tituloque
705 552 923 608 ditatus
950 563 1056 609 est.
1082 553 1290 610 Nullus
1315 557 1534 628 quippe
1557 558 1822 615 fortassis

172 644 236 700 ad
261 659 448 699 aurea
487 642 713 699 summi
763 641 1060 715 pontificis
1114 642 1368 700 infamioe
1424 644 1577 702 Petri
1625 648 1822 705 fumus

173 733 537 802 moderat,
569 747 758 804 eoque
789 735 936 788 tanti
978 731 1084 788 viri
1136 733 1559 791 sublimitatem
1608 736 1824 810 singuli

174 832 525 888 reverentes,
547 821 770 877 sanctis
790 822 1029 879 auribus
1050 824 1390 895 perturbare
1413 825 1610 897 turpia
1633 829 1823 883 refor-

173 912 436 968 midavit.
472 911 598 966 Sub
633 912 739 966 hac
779 910 957 983 igitur
1003 910 1359 985 ignorantia,
1400 912 1541 969 dum
1591 914 1650 971 in
1693 915 1824 987 ipso

173 999 544 1057 monachalis
575 1000 833 1069 habitus,
865 999 1007 1056 dum
1039 1002 1339 1058 sacerdotii
1363 1010 1825 1075 sacramentum,

173 1089 299 1145 dnm
332 1088 758 1163 parentumvis
786 1088 1129 1161 attenditur,
1158 1096 1434 1163 exceptus
1465 1097 1555 1149 est
1582 1092 1694 1149 sub
1726 1094 1826 1149 Pa-

173 1185 322 1236 trum
358 1177 628 1247 silentio,
658 1192 776 1234 non
806 1193 1086 1249 assensu3
1120 1179 1475 1251 quibusdam
1507 1182 1710 1254 patriae
1731 1197 1829 1255 po-

172 1268 406 1325 testatis
435 1266 656 1325 timore
683 1266 772 1325 vei
821 1282 1022 1324 amore
1071 1266 1418 1341 silentibus3
1470 1271 1826 1343 quibusdam

173 1373 296 1414 vero
329 1354 726 1428 sperantibus
758 1355 999 1414 meliora
1018 1358 1090 1415 de
1128 1358 1375 1433 reliquo.
1407 1361 1689 1428 Quoniam
1722 1363 1826 1419 ha·

172 1450 285 1505 bita
303 1449 474 1506 inter
494 1449 682 1505 bonos
703 1449 1067 1506 conservatio
1087 1449 1376 1520 quosdam
1399 1452 1636 1524 quidem
1658 1451 1833 1509 corri-

171 1538 238 1611 git
257 1543 322 1596 et
342 1540 650 1607 emendat,
671 1537 772 1594 alii
789 1553 1023 1610 poenam
1043 1555 1113 1596 ex
1132 1540 1603 1614 transgressione
1623 1541 1832 1599 timen-

172 1634 270 1696 tes,
305 1628 691 1685 necessitatis
719 1627 1133 1685 abstinentiam
1181 1634 1529 1689 convertunt
1545 1630 1607 1687 in
1637 1632 1834 1688 siuce-

173 1735 296 1775 rum
331 1717 669 1775 voluntatis
698 1716 993 1774 affectum.

237 1808 474 1864 Deinde
500 1805 576 1863 ad
605 1807 868 1864 diversas
899 1810 1091 1880 partes
1115 1806 1352 1865 functus
1374 1808 1685 1882 legationis
1707 1810 1837 1867 ofli-

172 1900 281 1968 cio,
312 1898 636 1971 cupiditati
670 1913 790 1954 suo
812 1899 1008 1971 potius
1028 1914 1204 1969 quam
1234 1899 1476 1971 justitia:
1496 1899 1832 1958 satisfacere

176 1989 432 2058 studuit,
467 1985 616 2043 adeo
646 1993 711 2045 ut
739 1987 825 2044 illi
867 2004 936 2044 ea
990 1992 1217 2044 tantum
1266 1991 1451 2046 bonos
1496 1993 1686 2047 exitus
1726 1989 1831 2045 ha-

177 2080 380 2135 buisse
411 2079 655 2151 negotia
684 2078 1034 2145 viderentur,
1068 2093 1197 2150 quas
1227 2094 1449 2136 merces
1496 2081 1746 2150 adjecta,
1777 2082 1835 2135 et

179 2167 471 2239 marsupii
510 2167 810 2240 plenitudo
857 2167 1171 2224 subsecuta
1212 2170 1501 2241 probaret.
1543 2167 1650 2226 Ubi
1698 2183 1834 2242 ergo

179 2258 364 2314 nullis
387 2254 913 2313 intervenientibus
932 2256 1146 2324 causis,
1171 2257 1331 2330 nulla
1352 2260 1567 2332 rapinae
1590 2267 1835 2331 praesta·

177 2346 356 2402 batur
383 2344 644 2412 occasio,
675 2349 817 2403 tunc
848 2347 1070 2404 exactio
1102 2346 1424 2418 blanditiis,
1453 2347 1541 2404 vel
1589 2348 1834 2406 commi-

180 2436 428 2492 uatione
467 2434 640 2506 plena
696 2450 813 2492 non
861 2435 1075 2492 deerat.
1136 2436 1283 2493 Bina
1327 2436 1580 2509 singulis
1628 2436 1836 2493 diebus

180 2529 431 2595 sumptu
482 2522 737 2596 plurimo
785 2524 1045 2581 convivia
1090 2526 1471 2598 parabantur,
1520 2530 1840 2598 tantusque

181 2615 458 2670 ciborum
485 2613 655 2669 luxus
676 2616 733 2670 et
752 2613 1124 2685 superfluitas
1144 2619 1285 2684 erat,
1314 2619 1378 2671 ut
1408 2617 1480 2671 ad
1519 2616 1839 2688 exquisitas

180 2702 546 2759 ferculorum
576 2703 905 2773 varietates,
934 2702 1230 2760 sollicitari
1250 2703 1599 2777 plerumque
1629 2704 1841 2777 figulos

182 2798 504 2865 oporteret,
535 2795 595 2847 et
624 2791 829 2863 ignotas
865 2791 1308 2863 compositionis
1356 2809 1505 2850 nova
1550 2809 1687 2849 vasa
1734 2793 1843 2849 for·

185 2897 368 2938 mare.
395 2880 956 2937 Ducebaturctenim
987 2881 1207 2953 figulus
1228 2882 1540 2954 amphoras
1563 2881 1843 2955 figmento

183 2972 485 3046 plasmare
504 2970 783 3039 mirabili,
807 2971 1023 3043 quibus
1036 2972 1107 3029 ad
1131 2972 1574 3031 similitudinem
1597 2972 1728 3030 solii
1745 2987 1844 3045 per

181 3069 594 3119 transversum
626 3061 884 3118 medium
911 3063 1225 3120 discrimen
1272 3064 1507 3132 inesset,
1535 3067 1848 3134 statusque

184 3154 464 3226 superior
491 3151 766 3221 repositis
796 3151 970 3217 escis,
1002 3152 1235 3209 fumum
1259 3169 1359 3224 per
1381 3153 1593 3210 modici
1614 3153 1730 3210 oris
1752 3167 1846 3208 re-

1862 1856 1911 1923 Β

1934 560 2308 632 sequebatur,
2327 564 2390 613 ut
2411 558 2483 614 ab
2505 556 2629 629 ipso
2656 558 2874 622 passim
2897 557 3180 629 quidquid
3216 564 3579 613 occurreret:

1932 650 2210 705 adiretur.
2243 649 2524 703 Sonorem
2556 647 2843 717 Tropeam
2874 647 2997 716 (scd
3022 662 3125 701 nec
3155 646 3268 701 dici
3304 646 3390 701 fas
3418 648 3511 700 est
3535 643 3577 715 l)

1933 736 2161 794 bestiali
2186 736 2462 809 polluisse
2492 742 2759 792 narratur
2805 735 3066 803 incestu;
3110 739 3167 790 et
3216 750 3284 790 ex
3332 750 3400 790 ea
3449 731 3582 788 abo·

1932 825 2200 884 minabili
2224 825 2486 898 prodigio
2507 826 2740 881 eosdem
2775 824 3083 881 sustulisse
3115 824 3444 895 filios,quos
3473 837 3582 877 ne—

1933 919 2119 989 petae,
2154 923 2427 986 nepotum
2461 922 2644 987 pater.
2698 912 2953 969 liliorum
2995 914 3186 970 factus
3233 910 3580 975 avunculus,

1934 1004 2017 1062 sic
2050 1012 2267 1059 naturas
2289 1005 2428 1075 jura
2458 1002 2738 1071 confudit,
2774 1010 2838 1058 ut
2884 1003 3120 1059 eosdem
3169 1000 3280 1056 sibi
3332 999 3579 1055 invicem

1935 1093 2141 1150 fratres
2163 1093 2376 1149 faceret
2397 1096 2453 1148 et
2473 1100 2747 1164 cognatos
2764 1108 2778 1159 ;
2795 1092 2923 1163 jam
2946 1107 3050 1147 nec
3068 1090 3100 1147 J
3109 1091 3305 1146 udaeus
3320 1088 3581 1159 quidem,

1936 1183 2037 1240 sed
2060 1182 2091 1238 J
2102 1182 2265 1238 udaeo
2281 1180 2460 1238 etiam
2483 1181 2750 1239 deterior.
2779 1181 2953 1238 Nulla
2981 1197 3255 1247 sexuum,
3287 1176 3450 1234 nulla
3472 1174 3582 1232 loci

1937 1270 2026 1329 vel
2057 1270 2359 1344 temporis,
2392 1270 2556 1328 nulla
2606 1270 3056 1342 professionum.
3106 1270 3215 1325 Sed
3260 1267 3380 1323 haec
3417 1264 3586 1321 silere

1939 1361 2260 1428 decentius,
2292 1378 2364 1418 ne
2391 1361 2439 1418 si
2472 1361 2595 1419 haec
2625 1361 2819 1435 ipsum
2850 1359 3247 1416 indifferenter
3289 1353 3587 1426 excepisse

1940 1449 2255 1525 protulere,
2323 1449 2627 1508 honestius
2677 1449 2960 1523 potuisset
2996 1447 3229 1505 silentio
3279 1440 3584 1518 proeteriri.

1940 1540 2037 1597 Sic
2067 1544 2262 1597 actum
2293 1539 2595 1607 domi,nec
2608 1541 2679 1596 ab
2702 1540 2924 1597 eisdem
2950 1537 3303 1607 legationum
3326 1538 3591 1603 tempore

1940 1634 2354 1702 temperatum.
2377 1627 2447 1686 Ut
2471 1629 2626 1685 enim
2650 1628 2914 1700 turpiora
2945 1631 3308 1699 praeteream,
3339 1623 3590 1678 circum·

1944 1718 2267 1776 ducebatur
2295 1718 2513 1791 puella,
2544 1719 2637 1775 cui
2668 1718 2724 1773 in
2751 1718 3013 1774 frondem
3046 1715 3368 1773 videntium
3407 1709 3596 1767 adole-

1943 1809 2158 1867 scentis
2186 1807 2442 1881 speciem
2485 1806 2668 1864 vestis
2697 1811 2753 1863 et
2812 1812 3056 1862 tonsura
3103 1804 3413 1871 conferret,
3461 1814 3591 1871 quae

1941 1896 2206 1969 singulos
2229 1902 2408 1954 aestus
2428 1895 2984 1966 toleraret,siugulos
3006 1893 3294 1950 solaretur
3312 1889 3584 1945 affectus.

1944 1989 2021 2046 1130
2043 1988 2277 2062 gratior,
2301 1993 2357 2044 et
2378 1989 2543 2061 quasi
2569 1986 2822 2059 quodam
2857 1986 3130 2041 novitatis
3174 1982 3443 2038 affectata
3484 1977 3593 2032 mi-

1945 2078 2163 2150 raculo,
2191 2078 2347 2151 qnod
2378 2077 2519 2133 dum
2563 2076 2753 2131 virum
2804 2076 2971 2144 facie,
2994 2072 3237 2144 reliquis
3287 2069 3593 2125 mulierem

1944 2167 2210 2240 partibus
2230 2166 2480 2236 exhibet,
2515 2170 2760 2238 uterque
2788 2180 2960 2221 sexus
2990 2162 3103 2235 ipsi
3132 2162 3193 2216 in
3232 2160 3436 2217 eodem
3468 2172 3593 2212 cor·

1946 2273 2082 2329 pore
2114 2256 2420 2313 videbatur
2456 2255 2684 2328 exponi.
2734 2254 2925 2311 Testis
2975 2255 3065 2310 est
3111 2242 3597 2320 Montispesulani

1946 2344 2221 2419 populus,
2249 2349 2306 2402 et
2334 2345 2707 2417 circumjecta
2738 2342 3037 2416 provincia
3060 2356 3123 2397 se
3144 2338 3377 2395 vidisse.
3409 2337 3496 2391 Ad
3527 2349 3601 2391 nc

1946 2434 2274 2492 satietatem
2354 2438 2654 2505 praestaret
2719 2433 3019 2500 identitas,
3074 2428 3485 2504 quaerebantur
3539 2427 3600 2479 et

1947 2524 2349 2597 aliae,quarum
2371 2524 2495 2596 ipse
2513 2522 2815 2581 nocturnis
2841 2523 3178 2595 fungeretur
3207 2513 3598 2588 amplexibus,

1949 2614 2167 2688 quibus
2199 2615 2323 2688 ipse
2352 2629 2412 2671 se
2442 2630 2651 2686 papam
2673 2614 2939 2670 futurum
2970 2612 3029 2667 in
3060 2610 3190 2683 ipsa
3219 2605 3377 2679 turpi
3427 2619 3599 2661 com·

1950 2704 2503 2775 mistionejactaret.
2518 2701 2716 2759 Multis
2740 2702 2800 2758 in
2813 2699 3018 2759 Galliis
3040 2702 3184 2756 sunt
3208 2700 3268 2753 et
3287 2692 3602 2767 Aquitania

1951 2792 2232 2863 civitates,
2265 2809 2389 2865 quae
2420 2792 2479 2848 id
2510 2791 2663 2865 apud
2695 2807 2757 2849 se
2787 2791 3009 2847 dictum
3041 2791 3193 2845 certa
3218 2785 3333 2842 fide
3367 2786 3601 2840 testan-

1952 2886 2070 2939 tur.
2108 2881 2431 2948 Gratulare,
2488 2880 2704 2954 inquit,
2742 2879 2802 2936 in
2850 2878 2993 2936 tanti
3049 2882 3106 2934 te
3149 2874 3258 2931 viri
3306 2870 3603 2929 devenisse

1954 2972 2309 3046 complexus,
2344 2987 2514 3043 quem
2549 2985 2759 3045 papam
2812 2969 3072 3026 futurum
3115 2970 3265 3022 totus
3313 2961 3470 3020 orbis
3507 2975 3603 3018 ex-

1955 3062 2477 3137 spectat.Nunquid
2492 3061 2852 3133 apostolatus
2865 3059 3132 3131 gradum,
3151 3050 3452 3120 Petre,tibi
3470 3048 3605 3107 talis

1957 3151 2319 3210 conversatio
2377 3149 2801 3221 promittebat?
2845 3145 3126 3220 Nnnquid
3172 3144 3606 3216 dispensatores

184 3244 445 3315 spiraret
488 3240 811 3311 angustias,
859 3241 1098 3298 inferior
1143 3258 1276 3299 vero
1325 3259 1461 3315 pars
1509 3241 1846 3300 cancellatis
1876 3224 1922 3292 C
1963 3242 2171 3299 domus
2201 3257 2321 3298 suae
2351 3240 2620 3297 Christus
2650 3237 2917 3295 Ecclesiae
2949 3252 3201 3309 sponsus
3232 3241 3284 3290 et
3335 3230 3611 3287 defensor

202 3333 457 3387 arcubus
488 3328 750 3401 undique
779 3330 1072 3401 perforata
1093 3347 1317 3403 prunas
1362 3329 1693 3401 clauderet3
1723 3331 1854 3404 qui·

203 3423 316 3478 bns
346 3420 545 3476 thuris
571 3420 799 3492 copiam
821 3421 1021 3476 tandiu
1056 3419 1337 3478 sollicitus
1370 3421 1639 3478 minister
1669 3421 1862 3476 infun·

205 3512 389 3578 deret,
422 3510 610 3565 donec
639 3508 820 3566 coctis
865 3509 1012 3566 cibis
1042 3512 1276 3567 odorem
1300 3513 1492 3585 ipsum
1518 3511 1859 3568 transferret

205 3616 381 3657 cocus
412 3602 623 3656 artifex
653 3599 710 3654 in
764 3615 1057 3672 saporem.
1101 3600 1235 3666 Quis
1276 3602 1530 3672 profecto
1572 3600 1860 3674 gulositas

208 3698 483 3748 naturam
508 3705 747 3760 prorsus
769 3688 1155 3746 humanitatis
1177 3692 1441 3748 excessit.
1458 3692 1859 3747 Humanorum

209 3781 434 3853 quippe
459 3793 745 3835 sensuum
778 3779 1178 3852 perceptiones
1209 3779 1489 3836 naturalis
1527 3780 1675 3836 ratio
1706 3786 1864 3836 certa

209 3870 332 3942 lege
361 3867 663 3935 discrevit,
695 3867 943 3940 singulis
986 3868 1252 3941 singulas
1299 3886 1497 3925 rerum
1547 3870 1862 3942 qualitates

209 3961 562 4032 assignans:
595 3955 860 4030 nihilque
888 3960 1131 4014 confuse
1160 3957 1333 4015 alicui
1363 3975 1678 4016 commune
1727 3973 1862 4015 cum

212 4051 322 4106 aiio
346 4048 688 4119 dereliquit.
709 4045 812 4103 Hic
834 4062 968 4102 vcro
989 4046 1130 4103 dum
1154 4048 1344 4104 thuris
1361 4050 1504 4105 odor
1519 4048 1865 4105 transfertur

214 4138 273 4194 in
315 4135 551 4208 epulas,
583 4135 737 4207 quod
795 4136 1070 4192 odoratus
1114 4143 1224 4206 est,
1265 4137 1462 4209 gustui
1522 4137 1864 4203 vindicatur,

214 4228 396 4298 litque
428 4228 486 4280 in
519 4240 714 4280 rerum
747 4224 1129 4297 qualitatibus
1157 4225 1355 4297 ignota
1402 4227 1687 4294 confusio,
1720 4232 1776 4282 et
1805 4225 1865 4281 in

215 4330 500 4371 sensuum
515 4314 990 4386 perceptionibus
1011 4316 1466 4371 communicatio
1483 4331 1597 4371 non
1620 4320 1865 4371 naturae.

219 4405 383 4471 Quod
419 4404 617 4458 divino
646 4403 825 4458 etiam
857 4419 973 4459 non
1024 4406 1215 4475 potnit
1266 4421 1462 4462 carere
1509 4410 1865 4475 contemptu,

216 4495 358 4550 dum
393 4492 454 4547 in
488 4491 598 4547 hoc
626 4492 856 4548 ardenti
885 4493 1032 4561 guloe
1066 4494 1406 4567 peregrinus
1442 4510 1615 4566 sapor
1655 4493 1867 4566 exqui-

1966 3334 2075 3389 hoc
2101 3332 2279 3389 verbo
2305 3330 2525 3401 docuit,
2555 3330 2648 3388 vel
2681 3329 3027 3386 monstravit
3070 3323 3380 3398 exemplo?
3410 3324 3608 3387 Estote,

1965 3422 2181 3494 inquit,
2213 3424 2406 3490 sancti,
2450 3420 2710 3493 quoniam
2747 3436 2849 3494 eqo
2896 3425 3118 3475 sanctus
3161 3432 3283 3471 sum
3330 3413 3474 3487 (Gal.
3508 3410 3608 3485 lv).

1968 3511 2075 3579 Qui
2113 3511 2291 3585 igitur
2337 3526 2718 3567 successurus
2772 3516 2856 3566 est
2902 3509 3152 3570 Christo,
3202 3508 3430 3574 oportet
3476 3515 3612 3556 eum

1968 3601 2124 3659 sicut
2151 3601 2252 3657 ille
2282 3599 2627 3670 ambulavit,
2656 3604 2715 3655 et
2764 3600 2963 3672 ipsum
3007 3593 3331 3651 ambulare.
3366 3591 3428 3644 Si
3480 3588 3612 3659 quis

1971 3701 2161 3748 autem
2195 3695 2327 3764 post
2354 3691 2550 3764 ipsum
2580 3689 2769 3744 ituras
2801 3692 2910 3754 est,
2963 3687 3195 3753 abneqet
3241 3680 3614 3749 semetipsum,

1968 3789 2021 3839 et
2051 3782 2208 3838 tollat
2222 3796 2441 3836 crucem
2460 3783 2697 3839 suamet
2722 3779 2990 3849 sequatur
3009 3774 3207 3845 ipsum
3230 3767 3448 3841 (Manli.
3472 3763 3614 3835 xvi).

1972 3872 2218 3929 Crucem
2240 3886 2372 3926 vcro
2404 3851 2519 3924 no⁰n
2551 3868 2728 3935 tollit,
2757 3867 2869 3922 nisi
2915 3864 3016 3936 qui
3065 3860 3359 3930 castigans
3407 3868 3619 3924 corpus

1973 3980 2170 4032 suum,
2211 3966 2268 4019 et
2318 3962 2378 4016 in
2436 3963 2774 4017 servitutem
2835 3957 3102 4028 redigens
3161 3955 3211 4026 (Ι
3253 3951 3374 4007 Cor.
3426 3945 3530 4019 tx),
3560 3946 3620 3999 in

1972 4052 2464 4112 comessationibus
2492 4055 2542 4106 et
2573 4049 2947 4115 ebrietatibus,
2979 4049 3039 4101 in
3068 4042 3343 4100 cubilibus
3371 4040 3621 4107 etimpu-

1974 4143 2182 4199 dicitas
2210 4143 2389 4213 (Rom.
2411 4142 2560 4213 xxti),
2593 4139 2783 4213 legem
2806 4137 2931 4206 Dei,
2964 4146 3339 4208 nequaquam
3376 4124 3624 4183 dissolu·

1978 4237 2098 4299 tus,
2130 4233 2371 4287 excedit.
2406 4234 2605 4303 Ipsum
2639 4246 2750 4285 non
2784 4226 3068 4300 sequitur,
3102 4223 3214 4278 nisi
3263 4221 3364 4294 qui
3409 4213 3623 4272 divinis

1977 4323 2234 4378 intentus
2254 4319 2528 4389 operibus
2545 4317 2923 4374 ascensiones
2941 4315 2999 4370 in
3023 4313 3196 4371 corde
3218 4326 3325 4366 suo
3345 4303 3624 4379 disponit,

1979 4407 2160 4464 donec
2191 4407 2261 4461 de
2279 4407 2492 4462 virtute
2512 4406 2570 4459 in
2593 4403 2861 4459 virtutem
2896 4402 3158 4457 videatur
3176 4396 3453 4455 Deus.Tu
3473 4407 3622 4457 vere,

1980 4498 2164 4566 Petre,
2196 4512 2331 4551 cum
2364 4496 2435 4549 de
2483 4493 2637 4549 vitiis
2685 4508 2822 4549 casu
2874 4490 3149 4547 continuo
3196 4481 3516 4543 devolvaris
3565 4480 3626 4534 in

219 4585 388 4652 titur,
420 4581 577 4654 quod
612 4583 789 4637 sacris
819 4583 1086 4639 adoletur
1123 4583 1425 4651 altaribus,
1462 4585 1618 4656 quod
1668 4583 1741 4641 ad
1788 4583 1869 4640 si·
1901 4595 1949 4662 1)
1980 4587 2142 4653 vitia,
2164 4592 2219 4641 et
2248 4585 2537 4657 signatum
2573 4598 2751 4655 super
2780 4587 2833 4637 te
2877 4579 3077 4637 lumen
3101 4575 3282 4632 divini
3306 4573 3499 4627 vultus
3521 4570 3629 4624 ob-

217 4688 404 4745 gnum
440 4670 682 4726 Deitatis
706 4669 765 4725 in
796 4671 1025 4728 Christo
1068 4689 1325 4745 praesaga
1346 4674 1870 4746 trium„Magorum
1983 4677 2271 4744 tenebras,
2323 4674 2648 4731 deformata
2706 4674 2822 4744 jam
2876 4668 3201 4726 divinitatis
3254 4662 3530 4733 imagine,
3572 4662 3631 4713 θῐ

217 4762 448 4819 devotio
479 4760 879 4832 praesentavit3
912 4761 1065 4831 quod
1088 4761 1276 4818 solum
1313 4764 1504 4819 utrius
1545 4762 1689 4833 legis
1720 4769 1870 4819 tem·
1981 4766 2166 4841 ipsius
2196 4763 2583 4820 similitudine
2613 4760 2855 4833 flagitiis
2901 4758 3205 4823 offuscata,
3236 4769 3351 4824 qua
3392 4747 3629 4805 temeri·

221 4870 358 4927 porc
391 4853 468 4907 de
501 4854 749 4907 terrenis
772 4854 948 4909 rebus
978 4858 1211 4925 gratum
1250 4854 1366 4911 Deo
1411 4869 1545 4911 esse
1588 4860 1645 4911 et
1693 4855 1877 4911 fuisse
1984 4861 2104 4913 tate
2128 4853 2346 4910 Christi
2377 4866 2681 4908 successor
2710 4863 2841 4905 esse
2881 4844 3216 4919 praesumis,
3248 4841 3415 4912 cujus
3464 4837 3630 4911 prius

219 4943 484 5000 creditur
510 4939 943 4999 holocaustum.
976 4942 1165 4999 Taceo
1188 4945 1338 5015 quod
1369 4944 1487 5001 haec
1520 4945 1729 5002 effusio
1762 4960 1878 5002 non
1989 4943 2438 5001 similitudinem
2473 4957 2585 4997 non
2617 4937 2872 4996 assumis
2895 4935 2924 4991 ἱ)
2955 4933 3119 4991 nulla
3147 4931 3304 4989 enim
3327 4927 3631 4986 conventio

221 5031 378 5105 apud
409 5030 617 5085 divites
647 5035 901 5100 tanturn,
934 5033 1036 5089 sed
1072 5040 1229 5106 apud
1259 5033 1462 5106 inopes
1483 5035 1658 5091 tiebat
1683 5034 1877 5090 Eccle-
1989 5032 2203 5091 Christi
2228 5032 2297 5087 ad
2321 5029 2525 5101 Belial,
2553 5027 2711 5084 nulla
2730 5026 2877 5083 lucis
2908 5026 2981 5081 ad
3003 5022 3273 5080 tenebras
3302 5013 3634 5077 communi.

220 5121 361 5189 sias,
386 5116 606 5188 quibus
629 5128 828 5188 postea
851 5118 910 5175 id
931 5118 1092 5176 luere
1114 5119 1310 5176 multis
1324 5121 1574 5192 jejuniis
1618 5128 1671 5177 et
1724 5121 1883 5193 algo·
1994 5127 2163 5181 catio.

223 5212 392 5268 ribus
419 5212 730 5280 oporteret.
772 5210 1033 5282 Cumque
1091 5225 1383 5282 pauperes
1429 5211 1758 5284 episcopos,
1791 5210 1884 5266 vel
2635 5200 2867 5258 CAPUT
2904 5197 2998 5255 IV·

222 5302 468 5360 abbates
492 5297 927 5368 profusioribus
958 5315 1136 5372 quam
1168 5300 1331 5356 dorni
1362 5299 1665 5372 didicerat,
1689 5316 1890 5359 vexas-
2070 5296 2173 5353 Hic
2202 5297 2289 5352 est
2318 5293 2436 5362 ille,
2469 5291 2727 5361 Girarde,
2750 5290 2844 5346 hic
2861 5294 2954 5346 est
2978 5286 3078 5343 ille
3099 5289 3237 5340 tuus
3258 5297 3433 5356 papa.
3466 5291 3639 5351 (1¹1ssm

227 5389 634 5463 mexpeneis,
665 5389 726 5447 in
767 5391 894 5464 ipsa
940 5393 1313 5451 ecclesiarum
1354 5400 1696 5451 ornamenta
1741 5394 1887 5451 satis
2001 5388 2234 5459 recipis,
2268 5401 2441 5457 quem
2485 5381 2846 5439 universitati
2895 5378 3156 5435 fidelium
3205 5373 3397 5473 solum
3430 5369 3642 5468 decens

221 5478 556 5559 impudenti
579 5478 885 5555 sacrilegio
903 5483 1310 5556 grassabatur,
1336 5489 1401 5540 ut
1415 5482 1586 5557 plane
1607 5499 1889 5556 sponsam
2002 5482 2178 5548 caput
2208 5476 2497 5545 assignas,
2530 5473 2632 5545 qui
2661 5486 2913 5542 sponsus
2945 5466 3239 5534 Ecclesiae,
3283 5477 3384 5535 qul
3426 5459 3644 5560 Christi

227 5573 474 5639 Domini
497 5574 772 5647 spoliare,
801 5574 1048 5650 suisque
1086 5574 1318 5651 privare
1367 5575 1696 5635 monilibus
1743 5591 1895 5634 ausu
2005 5567 2276 5634 vicarius,
2303 5567 2405 5639 qui
2432 5565 2585 5623 Petri
2616 5578 2939 5630 successor,
2973 5561 3101 5616 vitae
3132 5559 3317 5614 forma
3347 5549 3644 5615 fidelibus,

221 5660 556 5735 tenu-‘1⁰
571 5660 894 5723 'imm'-
2006 5672 2243 5735 gregem
2261 5656 2435 5717 verbo
2454 5653 2889 5731 pradicatiouis
2928 5652 3203 5721 instruat,
3223 5655 3279 5706 et
3293 5643 3468 5708 istius
3496 5635 3650 5698 scili-
