3784 6000
302 207 447 268 tm

1730 205 1926 268 Lucu
1963 205 2041 267 111
2081 205 2298 267 PAPAE.

3576 214 3721 279 tn!

3125 288 3167 314 s

269 335 403 408 jure
426 341 741 394 contentus
770 336 1003 402 existat,
1035 336 1202 406 quod
1233 336 1343 393 sibi
1375 335 1707 409 antiquitus
1738 333 1932 390 nosci·
1963 337 2011 390 A
2038 331 2316 389 convenit
2344 331 2711 405 benignitate
2740 335 3126 407 respicimus,
3153 341 3210 394 et
3235 337 3449 411 placidi
3480 338 3718 400 favoris

275 428 370 481 tur
395 426 748 483 institutum.
785 425 841 484 Si
888 441 1029 481 vero
1059 425 1338 483 fratribus
1382 425 1583 497 gravis
1625 429 1682 481 et
1726 437 1933 479 mona-

278 514 690 571 sterioinutilis
705 515 1076 586 apparuerit,
1102 531 1173 571 eo
1197 520 1418 581 amoto,
1435 514 1621 570 alium
1645 512 1930 569 idoneum

275 603 528 675 eligendi
561 604 636 659 de
664 604 1015 660 auctoritate
1042 604 1375 674 apostolica
1409 603 1579 659 vobis
1611 609 1670 658 et
1697 615 1934 657 succes-

281 692 1142 749 soribusvestrisconoedimus
1162 691 1528 749 facultatem.
1555 689 1935 763 Sepulturam

280 785 565 853 praeterea
593 779 778 850 ipsius
823 780 939 837 loci
967 780 1220 838 liberam
1252 796 1386 838 esse
1432 781 1828 842 decernimus.
1874 782 1939 834 ut

277 884 488 925 eorum
512 868 817 926 devotioni
864 876 920 925 et
943 876 1224 927 extremm
1252 869 1545 926 voluntati
1573 869 1676 943 qui
1726 883 1788 924 se
1820 865 1939 922 illic

279 957 513 1031 sepeliri
558 957 1032 1025 deliberaverint,
1083 959 1195 1016 nisi
1243 958 1392 1017 forte
1435 955 1939 1015 excommunicati

279 1046 372 1102 vel
390 1045 683 1102 interdicti
701 1048 834 1114 sint,
862 1047 1063 1103 nullus
1091 1048 1346 1105 obsistat
1374 1064 1388 1115 ;
1421 1048 1591 1105 salva
1623 1052 1825 1104 tamen
1844 1045 1939 1116 ju-

281 1135 439 1192 stitia
459 1135 692 1192 illarum
716 1136 1107 1193 ecclesiarum
1131 1137 1401 1209 aquibus
1426 1141 1800 1193 mortuorum
1811 1149 1939 1190 cor-

281 1238 430 1297 pora
457 1230 872 1281 assumuntur.
906 1223 1174 1282 obeunte
1205 1240 1343 1282 vero
1374 1230 1426 1282 te
1473 1239 1630 1280 nunc
1665 1223 1937 1295 ejusdem

278 1312 394 1369 loci
423 1312 663 1378 abbate,
693 1312 1044 1370 veltuorum
1067 1313 1334 1387 quolibet
1358 1327 1702 1370 successore
1729 1310 1939 1368 nullus

280 1400 364 1458 ibi
383 1401 651 1473 qualibet
676 1401 1081 1474 subreptionis
1104 1402 1340 1469 astutia,
1368 1417 1473 1458 seu
1490 1399 1773 1459 violentia
1794 1415 1942 1473 prae-

281 1495 562 1564 ponatur.
594 1490 708 1546 nisi
725 1505 907 1562 quem
928 1489 1138 1547 fratres
1163 1490 1475 1548 communi
1502 1505 1822 1555 consensu,
1846 1486 1941 1546 vel

280 1579 532 1635 fratrum
563 1595 701 1650 pars
730 1578 959 1634 consilii
985 1580 1239 1636 sanioris
1262 1579 1598 1638 secundum
1632 1579 1733 1635 Dei
1769 1579 1944 1634 timo·

281 1682 432 1734 rem,
483 1673 540 1723 et
565 1665 726 1724 beati
776 1667 1072 1724 Benedicti
1105 1667 1389 1738 Regulam
1422 1666 1790 1740 providerint
1841 1665 1944 1722 eli·
1980 1695 2020 1750 Β

285 1755 578 1827 gendum.

357 1844 748 1902 Decet-nimus
777 1860 942 1916 ergo.
977 1849 1041 1902 ut
1070 1845 1213 1903 nulli
1242 1845 1493 1903 omnino
1505 1844 1827 1901 hominum
1850 1843 1943 1901 tas

282 1934 358 1990 sit
384 1932 700 2006 praet'atum
729 1934 1163 1991 monasterium
1195 1940 1415 1991 temere
1444 1933 1814 2007 perturbare,
1839 1938 1944 1991 aut

284 2022 414 2094 ejus
440 2023 846 2095 possessiones
867 2022 1120 2089 auferre,
1153 2023 1244 2080 vel
1274 2023 1507 2080 ablatas
1536 2023 1808 2091 retinere,
1832 2020 1944 2078 mi-

283 2126 488 2178 nuere,
521 2127 627 2168 seu
677 2111 1045 2184 quibuslibet
1077 2112 1490 2169 vexationibus
1522 2110 1789 2181 fatigare,
1836 2109 1943 2167 sed

283 2200 491 2256 omnia
534 2201 760 2271 integre
802 2206 1229 2257 conserventur
1277 2216 1486 2256 eorum
1523 2215 1633 2272 pro
1684 2213 1945 2272 quorum

285 2287 716 2362 gubernatione
726 2305 798 2346 ac
810 2288 1239 2346 sustentatione
1251 2305 1544 2346 concessa
1557 2292 1720 2352 sunt,
1737 2288 1945 2343 usibus

282 2376 654 2436 omnimodis
684 2378 1017 2450 profutura,
1065 2378 1231 2435 salva
1260 2378 1418 2436 sedis
1465 2377 1814 2451 apostolicoe
1839 2393 1943 2435 au·

283 2467 572 2532 ctoritate,
602 2472 660 2523 et
689 2467 1014 2525 dioecesani
1044 2468 1317 2540 episcopi
1365 2468 1660 2525 canonica
1692 2465 1940 2537 justitia.

280 2557 339 2614 Si
368 2571 491 2629 qua
521 2557 698 2626 igitur
727 2556 786 2613 in
816 2555 1082 2613 futurum
1112 2556 1515 2615 ecclesiastica
1551 2555 1933 2612 saecularisve

285 2660 547 2717 persona
575 2650 687 2701 etc.

353 2732 477 2803 Ego
504 2732 768 2789 Joannes
794 2733 996 2805 presb.
1029 2733 1191 2789 card.
1222 2733 1391 2791 titulo
1417 2735 1474 2791 S.
1507 2733 1702 2790 Marci.

353 2824 475 2893 Ego
502 2822 713 2879 Lucius
742 2823 1054 2879 catholicas
1085 2822 1359 2878 Ecclesioe
1388 2822 1730 2894 episcopus.

350 2913 472 2984 Ego
501 2910 845 2969 Theodorus
876 2910 1219 2968 Portuensis
1247 2914 1307 2969 et
1333 2912 1562 2968 Sanctoe
1607 2905 1947 2966 Rufinensis

282 3000 445 3058 sedis
470 3000 816 3073 episcopus.

352 3092 476 3160 Ego
505 3089 815 3146 Laborans
843 3089 1042 3162 presb.
1076 3089 1241 3148 card.
1278 3091 1335 3146 S.
1382 3088 1577 3146 Marioe
1604 3086 1946 3146 Transtibe-

283 3178 399 3235 rim
432 3178 603 3235 titulo
628 3177 860 3234 Calixti.
1284 3203 1293 3209 ·

359 3269 483 3337 Ego
531 3265 856 3323 pandulfus
905 3265 1102 3339 presb.
1152 3266 1316 3324 card.
1348 3266 1519 3324 titulo
1563 3265 1827 3323 Basilicae
1857 3248 1944 3323 xl¹

284 3356 730 3430 Apostolorum.

355 3446 476 3515 Ego
507 3446 792 3501 Henricus
821 3445 1178 3501 Albanensis
1207 3445 1552 3517 episcopus.

358 3536 478 3605 Ego
518 3533 896 3591 Theobaldus
948 3533 1233 3590 Ostiensis
1282 3538 1338 3592 et
1401 3533 1779 3591 velletrensis
1825 3532 1949 3606 epi-

288 3638 532 3694 scopus.

362 3713 484 3782 Ego
512 3710 737 3768 Arditio
762 3710 1002 3770 diacon.
1031 3711 1197 3768 card.
1232 3714 1289 3769 S.
1320 3710 1637 3770 Theodori.

362 3802 487 3871 Ego
524 3801 838 3857 Gratianus
888 3800 1244 3857 Sanctorum
1290 3800 1522 3858 Cosmae
1567 3806 1624 3858 et
1670 3800 1949 3859 Damiani

292 3888 452 3947 diac.
487 3889 652 3947 card.

363 3979 487 4049 Ego
518 3975 814 4034 Goiredus
857 3978 1090 4036 Sanctoe
1135 3978 1330 4036 Marias
1382 3978 1442 4036 in
1474 3978 1574 4035 Via
1603 3977 1748 4036 Lata
1789 3976 1947 4037 diac·

292 4064 459 4122 card.

366 4156 490 4226 Ego
519 4154 769 4211 Albinus
815 4156 1045 4213 Sanctis
1088 4156 1288 4213 uariae
1315 4159 1496 4214 Novae
1523 4156 1679 4214 diac.
1711 4154 1876 4214 card.

367 4243 582 4300 Datum
610 4244 854 4301 Veronae
885 4259 990 4316 per
1009 4260 1261 4302 manum
1282 4246 1571 4317 lingonis,
1595 4250 1819 4303 sanctoe
1841 4247 1952 4305 Ro·

297 4346 497 4390 manae
529 4331 801 4388 Ecclesiae
822 4333 1054 4401 notarii,
1085 4351 1144 4391 iv
1164 4337 1315 4393 Non.
1336 4336 1520 4407 Sept„
1550 4334 1872 4391 indictione
1885 4349 1951 4399 ιι,

2040 436 2353 479 assensum
2375 422 2553 494 Justis
2577 438 2788 481 eorum
2820 425 3204 496 petitionibus
3228 442 3355 486 non
3384 444 3712 500 negamus.

2044 511 2386 582 Eapropter‚
2415 511 2625 569 dilecte
2650 513 2713 570 in
2743 513 2998 571 Domino
3019 514 3123 582 fili,
3153 515 3267 573 tuis
3292 518 3472 589 justis
3506 523 3719 591 postu·

2041 597 2365 657 lationibus
2394 606 2748 668 annuentes,
2785 608 2843 658 et
2874 619 3082 675 preces
3114 606 3477 665 venerabilis
3511 605 3716 666 fratris

2045 687 2231 744 nostri
2260 690 2323 747 Ο.
2357 689 2815 761 Bambergensis
2837 693 3101 765 episcopi
3130 696 3520 754 exsecutione
3545 695 3715 754 savo·

2044 776 2217 834 rabili
2238 785 2671 853 prosequentes
2703 795 2882 837 usum
2902 781 3111 848 mitras,
3137 784 3241 856 qui
3261 783 3362 843 tibi
3382 784 3715 857 personali·

2048 869 2133 922 tar
2159 871 2249 924 est
2264 882 2607 935 concessus,
2632 869 2745 927 tuis
2768 885 3008 944 quoque
3030 873 3479 931 successoribus
3519 873 3716 932 indul·

2047 968 2281 1025 gemus,
2314 959 2377 1014 ut
2403 955 2663 1015 Ecclesia
2694 964 2793 1016 tua
2830 975 3070 1032 semper
3093 976 3215 1034 prae
3244 961 3434 1017 oculis
3466 962 3710 1030 habeat.

2048 1044 2109 1101 in
2134 1061 2259 1119 quo
2282 1045 2614 1104 exhibitum
2644 1049 2756 1107 sibi
2798 1048 3025 1121 largius
3052 1049 3313 1109 favorem
3351 1057 3411 1110 et
3454 1053 3714 1123 gratiam

2047 1133 2205 1191 sedis
2232 1135 2575 1206 apostolicas
2602 1144 3014 1209 recognoscat.
3043 1139 3198 1197 Nulli
3222 1155 3388 1212 ergo,
3421 1145 3520 1199 etc

2117 1223 2245 1281 Dat.
2277 1226 2541 1292 Veronoe,
2576 1243 2612 1282 ιι
2646 1229 2795 1285 Non.
2834 1228 3226 1300 Septembris.

2794 1331 2990 1390 CLIX.

2049 1419 2468 1476 Bononiensem
2513 1427 2568 1477 ct
2622 1421 2997 1481 Mutinensem
3046 1423 3324 1482 ecclesias
3371 1429 3634 1482 tetecum
3673 1439 3712 1482 a

2119 1505 2258 1572 sese,
2281 1492 2452 1549 salvo
2467 1493 2611 1562 jnre
2641 1493 2899 1550 Gerar-di
2935 1495 3372 1566 archicpiscopi
3393 1498 3714 1555 Ravenna-

2121 1564 2215 1629 m,
2250 1567 2626 1621 consecratas
2656 1579 2797 1623 esse.

2580 1654 2870 1725 (Veronae,
2898 1655 3055 1727 Sept.
3094 1655 3174 1727 4.)

2365 1738 2581 1814 [nuum.
2624 1742 2778 1798 Hist.
2821 1744 3110 1810 Ravenn„
3152 1759 3214 1816 p.
3253 1742 3411 1819 356]

2119 1827 2318 1885 Luctus
2349 1829 2688 1902 episcopus,
2721 1847 2929 1889 servus
2954 1847 3264 1890 servorum
3297 1833 3420 1900 Dei,
3467 1849 3719 1891 venera·

2047 1917 2152 1974 bili
2182 1915 2365 1984 fratri,
2397 1919 2656 1977 Gsmnno
2683 1922 3007 1979 Ravennati
3040 1920 3528 1996 archiepiscopo,
3556 1922 3719 1979 salu·

2051 2011 2165 2063 tem
2199 2011 2255 2063 et
2284 2007 2675 2082 apostolicam
2704 2009 3205 2070 benedictionem.

2123 2095 2378 2166 Dignum
2409 2102 2497 2153 est
2524 2101 2582 2153 et
2612 2113 2949 2158 consonum
2973 2100 3187 2158 rationi
3219 2104 3285 2159 ut
3315 2116 3461 2159 cum
3490 2099 3576 2157 ad
3606 2105 3716 2157 tuoe

2050 2182 2432 2242 fraternitatis
2485 2186 2833 2244 instantiam
2888 2188 3244 2247 Bononiensi
3290 2179 3368 2247 et*
3401 2189 3718 2247 Mutinensi

2051 2270 2313 2330 ecclesiis
2340 2273 2813 2347 impenderimus
2864 2276 3256 2335 dedicationis
3283 2293 3534 2343 munus.
3571 2293 3717 2336 nun·

2050 2378 2237 2432 quam
2284 2377 2359 2419 ex
2404 2363 2517 2420 hoc
2557 2363 2848 2423 adversus
2878 2365 3194 2424 ecclesiam
3226 2370 3416 2429 tuam.
3446 2367 3548 2423 cui
3594 2375 3718 2424 tan·

2050 2465 2235 2524 quam
2256 2451 2567 2525 metropoli
2598 2458 2739 2509 sunt
2763 2454 3068 2527 subjectae,
3100 2461 3157 2514 et
3184 2454 3571 2528 aliquantam
3597 2455 3716 2513 vin·

2051 2537 2251 2595 dicare
2293 2540 2530 2597 valeant
2572 2541 2927 2600 libertatem.
2974 2547 3092 2601 Nos
3140 2545 3341 2619 itaque
3395 2543 3716 2618 providere

2052 2626 2335 2695 volentes.
2370 2644 2444 2686 ne
2469 2629 2544 2686 de
2587 2630 2743 2688 facto
2769 2637 2992 2700 nostro,
3024 2632 3320 2691 contraire
3353 2633 3447 2690 vel
3481 2650 3715 2690 succes-

2053 2733 2217 2773 sores
2262 2722 2415 2784 tuos.
2461 2719 2695 2792 inJuriae
2721 2725 2824 2778 aut
2881 2721 3152 2779 scandali
3185 2721 3441 2779 materia
3466 2725 3713 2787 oriatur.

2053 2805 2400 2865 auctoritate
2447 2807 2775 2881 apostolica
2813 2811 3246 2875 constituimus.
3289 2817 3352 2868 ut
3378 2810 3622 2869 nullum
3649 2826 3717 2868 ex

2053 2894 2167 2950 hoc
2211 2894 2334 2960 tibi,
2380 2896 2471 2952 vel
2518 2896 2973 2955 successoribus
3025 2899 3141 2956 tuis
3185 2899 3622 2972 praejudicium
3659 2899 3718 2957 in

2055 2988 2362 3060 posterum
2395 2990 2727 3057 generetur,
2778 2986 2883 3045 sed
2911 3005 3147 3061 semper
3170 2988 3301 3062 jam
3331 2988 3515 3049 dicto
3544 2988 3716 3048 eccle-

2054 3072 2178 3142 sioe,
2201 3075 2352 3131 sicut
2371 3082 2507 3131 ante
2528 3075 2969 3138 dedicationem
2988 3094 3177 3152 quam
3198 3080 3283 3135 eis
3304 3078 3718 3152 impendimus

2056 3168 2201 3229 erat,
2227 3162 2289 3219 in
2326 3169 2428 3221 tua
2456 3169 2512 3221 et
2542 3181 2964 3224 successorum
2995 3173 3243 3225 tuorum
3269 3166 3647 3236 obedientia,
3671 3177 3722 3226 et

2056 3251 2447 3323 subjectione,
2494 3253 2623 3310 sine
2662 3253 3129 3312 contradictione
3172 3256 3538 3314 consistant.
3579 3256 3721 3316 Nulli

2057 3340 2307 3397 omnino
2318 3341 2636 3399 hominum
2658 3342 2998 3402 liceatbanc
3021 3344 3309 3418 paginam
3337 3351 3569 3406 nostroe
3590 3361 3724 3404 con·

2056 3428 2373 3487 stitutionis
2410 3429 2751 3504 infringere,
2795 3432 2885 3490 vel
2934 3434 2985 3491 ei
3022 3449 3177 3491 ausu
3214 3436 3544 3492 temerario
3594 3450 3726 3492 con-

2056 3518 2366 3576 travenire.
2424 3521 2481 3577 Si
2522 3521 2658 3595 quis
2705 3525 2906 3580 autem
2952 3522 3068 3582 hoc
3111 3527 3405 3583 attentare
3440 3538 3729 3599 proesum·

2057 3609 2257 3682 pserit,
2287 3608 2761 3681 indignationem
2807 3612 3233 3685 omnipotentis
3262 3612 3388 3684 Dei,
3423 3618 3487 3672 et
3525 3612 3729 3672 beato-

2057 3712 2192 3753 rum
2226 3699 2372 3755 Petri
2399 3699 2635 3758 etPauli
2651 3699 3063 3778 apostolorum
3082 3701 3239 3773 eius,
3270 3715 3335 3758 se
3365 3703 3616 3762 noverit
3649 3703 3729 3760 in·

2057 3800 2394 3844 cursurum.

2129 3876 2348 3935 Datum
2375 3878 2619 3935 veronae
2659 3893 2699 3934 ιι
2729 3882 2879 3936 Non.
2915 3877 3253 3952 septembr.

2129 4070 2519 4144 Privileqium
2538 4088 2650 4144 pro
2678 4073 2952 4132 Ecclesia
2972 4074 3032 4131 S.
3072 4074 3312 4133 Tkomae
3348 4075 3659 4149 Reoiensi.

2593 4161 2886 4234 (Veronae,
2914 4164 3076 4237 Sept.
3103 4163 3187 4235 9.)

2244 4247 2623 4325 Πικιιοεαιι,
2663 4251 2949 4310 Memoric
2983 4250 3245 4320 unam..
3285 4251 3386 4321 111,
3434 4253 3564 4331 94]

2132 4338 2691 4412 Lucmsepiscopus,
2715 4356 2927 4398 servus
2950 4356 3260 4398 servorum
3278 4343 3403 4409 Dei,
3418 4342 3662 4403 dilectis
3674 4344 3728 4402 in

297 4420 731 4478 incarnationis
781 4422 1104 4480 Dominicae
1154 4438 1317 4480 anno
1368 4423 1530 4491 1184,
1569 4422 1954 4496 pontificatus
1985 4400 2029 4458 ⁰
2064 4426 2299 4484 Christo
2326 4427 2567 4485 filiabus
2598 4431 2853 4487 Buranun
2894 4429 3220 4488 abbatisse
3248 4431 3460 4490 Sancti
3488 4433 3726 4491 Thomu

297 4533 441 4576 vero
465 4517 696 4575 domini
718 4518 881 4576 Lucii
911 4535 1086 4594 papae
1115 4524 1156 4576 ll
1190 4535 1353 4577 anno
1382 4536 1463 4576 ιιι.

1010 4625 1236 4683 chnl.
1341 4653 1348 4659 ·

297 4714 683 4786 Priviteqium
707 4713 782 4772 de
797 4714 1120 4771 asamitrae
1136 4729 1248 4785 pro
1271 4714 1577 4772 abbatibus
1601 4715 1667 4773 S.
1690 4714 1954 4774 Michae-

839 4785 912 4843 lis
951 4786 1423 4858 Bamberoensis.

835 4876 1126 4946 (Veronae,
1157 4877 1314 4949 Sept.
1345 4876 1426 4948 4.)

369 4962 751 5036 [Usamus.
770 4965 1151 5034 Episcopatus
1184 4965 1496 5036 Bamberq.
1526 4964 1703 5022 Prob.
1732 4962 1885 5037 1264

2064 4515 2374 4588 Regiensis
2384 4516 2436 4587 ej
2446 4532 2635 4590 usque
2647 4518 2954 4576 sororibus
2966 4523 3092 4576 tam
3111 4520 3530 4593 presentibus
3549 4537 3725 4597 quam

2063 4603 2278 4663 futuris
2296 4604 2634 4676 regularem
2656 4605 2838 4665 vitam
2864 4607 3163 4681 protessis.
3189 4607 3251 4665 in
3272 4616 3666 4683 perpetuum.

2139 4693 2537 4752 prudentibus
2557 4694 2892 4767 virginibus
2912 4710 3053 4769 quoe
3069 4695 3183 4753 sub
3195 4696 3410 4755 habitu
3425 4698 3725 4773 religionis

2065 4782 2340 4841 accensis
2367 4782 2756 4857 lampadibus
2781 4800 2887 4857 per
2929 4799 3115 4860 opera
3140 4784 3483 4844 sanctitatis
3519 4788 3726 4862 iugiter

2066 4887 2130 4929 se
2161 4876 2503 4944 proeparant
2528 4873 2609 4929 ire
2637 4871 2883 4931 obviam
2906 4873 3165 4947 Sponso,
3187 4873 3349 4930 sedis
3378 4879 3727 4949 apostolico

2065 4959 2245 5018 debet
2273 4961 2619 5033 praesidium
2650 4962 2961 5036 impertiri,
2994 4978 3068 5021 ne
3110 4961 3260 5022 t'orte
3292 4963 3636 5037 cujuslibet
3661 4972 3728 5024 te·

371 5054 570 5111 Luc-,tus
609 5053 949 5124 episcopus.
999 5068 1209 5109 servus
1235 5068 1544 5112 servorum
1594 5053 1712 5119 Dei,
1743 5052 1958 5109 dilecto
2068 5050 2360 5108 meritatis
2401 5050 2677 5108 incursus
2718 5056 2822 5109 aut
2870 5067 2975 5110 eas
3020 5068 3055 5109 a
3103 5052 3418 5126 proposito
3471 5061 3726 5121 revocet.

299 5142 423 5198 filio
467 5144 790 5201 Wosraiuo
841 5141 1048 5201 abbati
1097 5141 1297 5202 Sancti
1345 5142 1638 5202 Michaelis
1666 5142 1727 5199 in
1756 5148 1959 5199 monte
2068 5145 2171 5198 aut
2219 5140 2422 5206 robur,
2482 5139 2650 5214 quod
2701 5139 2884 5200 absitl
2918 5155 3105 5199 sacroe
3160 5139 3481 5212 religionis
3534 5145 3732 5205 intrin-

301 5230 753 5302 Babenbcrgen,
781 5230 1038 5290 saluum
1066 5239 1124 5290 et
1150 5231 1550 5305 apostolicam
1595 5230 1959 5289 benedictio·
2066 5235 2193 5302 gat.
2236 5230 2585 5301 Eapropter,
2628 5228 2857 5288 dilectoe
2904 5229 2967 5287 in
3020 5229 3249 5288 Christo
3292 5230 3463 5299 alin,
3525 5234 3728 5292 vestris

301 5334 487 5468 nea-⁸
511 5409 617 5483 qui
644 5414 1044 5469 sacrosanctas
1074 5412 1360 5470 Romana
1389 5409 1664 5468 Ecclesiae
1702 5409 1954 5468 sincera

297 5493 636 5560 &vodonis
689 5499 975 5562 exhibent
1001 5500 1345 5574 puritatem,
1400 5499 1771 5566 clementiori
1796 5498 1955 5564 sicut

2059 5318 2238 5390 justis
2262 5316 2770 5392 postulationibus
2786 5319 3106 5378 clementer
3133 5317 3476 5379 annuimus
3500 5327 3565 5381 et
3593 5339 3728 5400 prte-

2062 5405 2245 5464 tatam
2301 5406 2618 5467 ecclesiam
2669 5406 2867 5466 Sancti
2914 5407 3157 5466 Thomas
3203 5406 3265 5465 in
3295 5422 3426 5482 qua
3455 5411 3567 5470 Dei
3595 5412 3730 5470 estis

2062 5494 2356 5574 obsequio
2385 5496 2746 5576 mancipate
2766 5496 2880 5560 sub
2906 5496 3072 5560 beati
3094 5496 3252 5560 Petri
3271 5501 3336 5562 et
3354 5505 3584 5566 nostra
3607 5515 3732 5582 prc-
