<?xml version="1.0" encoding="UTF-8"?>
<!DOCTYPE html PUBLIC "-//W3C//DTD XHTML 1.0 Transitional//EN"
    "http://www.w3.org/TR/xhtml1/DTD/xhtml1-transitional.dtd">
<html xmlns="http://www.w3.org/1999/xhtml" xml:lang="en" lang="en">
 <head>
  <title>
</title>
<meta http-equiv="Content-Type" content="text/html;charset=utf-8" />
  <meta name='ocr-system' content='tesseract 3.04.00' />
  <meta name='ocr-capabilities' content='ocr_page ocr_carea ocr_par ocr_line ocrx_word'/>
</head>
<body>
  <div class='ocr_page' id='page_1' title='image "./patrologiaecurs32goog_0010.png"; bbox 0 0 3784 6000; ppageno 0'>
   <div class='ocr_carea' id='block_1_1' title="bbox 208 188 3630 267">
    <p class='ocr_par' dir='ltr' id='par_1_1' title="bbox 208 188 3630 267">
     <span class='ocr_line' id='line_1_1' title="bbox 208 188 3630 267; baseline 0.002 -13"><span class='ocrx_word' id='word_1_1' title='bbox 208 204 282 267; x_wconf 80' lang='lat' dir='ltr'>ss</span> <span class='ocrx_word' id='word_1_2' title='bbox 1259 192 1599 257; x_wconf 66' lang='lat' dir='ltr'><strong>annuum</strong></span> <span class='ocrx_word' id='word_1_3' title='bbox 1642 188 1936 257; x_wconf 67' lang='lat' dir='ltr'><strong>Luxovl</strong></span> <span class='ocrx_word' id='word_1_4' title='bbox 1945 192 2165 257; x_wconf 74' lang='lat' dir='ltr'><strong>aNSIS</strong></span> <span class='ocrx_word' id='word_1_5' title='bbox 2198 192 2553 259; x_wconf 80' lang='lat' dir='ltr'><strong>EPISCOPI</strong></span> <span class='ocrx_word' id='word_1_6' title='bbox 3547 197 3630 263; x_wconf 77' lang='lat'><strong>¹2</strong></span> 
     </span>
    </p>
   </div>
   <div class='ocr_carea' id='block_1_2' title="bbox 208 329 3616 410">
    <p class='ocr_par' dir='ltr' id='par_1_2' title="bbox 208 329 3616 410">
     <span class='ocr_line' id='line_1_2' title="bbox 208 329 3616 410; baseline 0.001 -16"><span class='ocrx_word' id='word_1_7' title='bbox 208 336 468 409; x_wconf 85' lang='lat' dir='ltr'><strong>quidem,</strong></span> <span class='ocrx_word' id='word_1_8' title='bbox 487 333 894 408; x_wconf 66' lang='lat' dir='ltr'><strong>sediussusah</strong></span> <span class='ocrx_word' id='word_1_9' title='bbox 923 329 1180 406; x_wconf 75' lang='lat' dir='ltr'>Ragonio</span> <span class='ocrx_word' id='word_1_10' title='bbox 1209 346 1384 404; x_wconf 86' lang='lat' dir='ltr'><strong>papa,</strong></span> <span class='ocrx_word' id='word_1_11' title='bbox 1404 330 1475 386; x_wconf 91' lang='lat' dir='ltr'><strong>de</strong></span> <span class='ocrx_word' id='word_1_12' title='bbox 1492 329 1656 402; x_wconf 86' lang='lat' dir='ltr'><strong>cujus</strong></span> <span class='ocrx_word' id='word_1_13' title='bbox 1677 345 1844 386; x_wconf 89' lang='lat' dir='ltr'><strong>man·</strong></span> <span class='ocrx_word' id='word_1_14' title='bbox 1877 330 1929 397; x_wconf 81' lang='grc' dir='ltr'><strong>Α</strong></span> <span class='ocrx_word' id='word_1_15' title='bbox 1957 332 2269 388; x_wconf 78' lang='lat' dir='ltr'><strong>tractatum</strong></span> <span class='ocrx_word' id='word_1_16' title='bbox 2302 332 2360 387; x_wconf 92' lang='lat' dir='ltr'><strong>in</strong></span> <span class='ocrx_word' id='word_1_17' title='bbox 2392 332 2766 406; x_wconf 78' lang='lat' dir='ltr'><strong>hexameron,</strong></span> <span class='ocrx_word' id='word_1_18' title='bbox 2802 336 2973 407; x_wconf 86' lang='lat' dir='ltr'><strong>cujus</strong></span> <span class='ocrx_word' id='word_1_19' title='bbox 3006 337 3403 410; x_wconf 76' lang='lat' dir='ltr'><strong>fragmentum</strong></span> <span class='ocrx_word' id='word_1_20' title='bbox 3427 341 3616 400; x_wconf 88' lang='lat' dir='ltr'><strong>hahes</strong></span> 
     </span>
    </p>
   </div>
   <div class='ocr_carea' id='block_1_3' title="bbox 194 418 1850 1494">
    <p class='ocr_par' dir='ltr' id='par_1_3' title="bbox 194 418 1850 1494">
     <span class='ocr_line' id='line_1_3' title="bbox 206 418 1850 492; baseline -0.005 -8"><span class='ocrx_word' id='word_1_21' title='bbox 206 428 340 485; x_wconf 90' lang='lat' dir='ltr'><strong>dato</strong></span> <span class='ocrx_word' id='word_1_22' title='bbox 369 426 614 485; x_wconf 78' lang='lat' dir='ltr'><strong>calicem</strong></span> <span class='ocrx_word' id='word_1_23' title='bbox 643 439 881 483; x_wconf 88' lang='lat' dir='ltr'><strong>aureum</strong></span> <span class='ocrx_word' id='word_1_24' title='bbox 910 438 1080 480; x_wconf 81' lang='lat' dir='ltr'><strong>xxxiv</strong></span> <span class='ocrx_word' id='word_1_25' title='bbox 1116 418 1423 478; x_wconf 73' lang='lat' dir='ltr'><strong>unciarum</strong></span> <span class='ocrx_word' id='word_1_26' title='bbox 1453 420 1525 478; x_wconf 91' lang='lat' dir='ltr'><strong>ad</strong></span> <span class='ocrx_word' id='word_1_27' title='bbox 1558 419 1667 476; x_wconf 90' lang='lat' dir='ltr'><strong>boo</strong></span> <span class='ocrx_word' id='word_1_28' title='bbox 1701 434 1850 492; x_wconf 87' lang='lat' dir='ltr'><strong>opus</strong></span> 
     </span>
     <span class='ocr_line' id='line_1_4' title="bbox 205 509 1850 592; baseline -0.006 -16"><span class='ocrx_word' id='word_1_29' title='bbox 205 517 498 592; x_wconf 78' lang='lat' dir='ltr'><strong>expendit.</strong></span> <span class='ocrx_word' id='word_1_30' title='bbox 546 515 843 590; x_wconf 78' lang='lat' dir='ltr'><strong>Eugenius</strong></span> <span class='ocrx_word' id='word_1_31' title='bbox 875 520 1069 573; x_wconf 88' lang='lat' dir='ltr'><strong>autem</strong></span> <span class='ocrx_word' id='word_1_32' title='bbox 1115 511 1167 568; x_wconf 88' lang='lat' dir='ltr'><strong>ei</strong></span> <span class='ocrx_word' id='word_1_33' title='bbox 1217 515 1276 569; x_wconf 93' lang='lat' dir='ltr'><strong>et</strong></span> <span class='ocrx_word' id='word_1_34' title='bbox 1321 509 1667 584; x_wconf 86' lang='lat' dir='ltr'><strong>Lingonensi</strong></span> <span class='ocrx_word' id='word_1_35' title='bbox 1721 509 1850 584; x_wconf 91' lang='lat' dir='ltr'><strong>epi-</strong></span> 
     </span>
     <span class='ocr_line' id='line_1_5' title="bbox 204 599 1846 681; baseline -0.007 -14"><span class='ocrx_word' id='word_1_36' title='bbox 204 624 382 681; x_wconf 88' lang='lat' dir='ltr'><strong>scopo</strong></span> <span class='ocrx_word' id='word_1_37' title='bbox 411 606 668 681; x_wconf 86' lang='lat' dir='ltr'><strong>reginem</strong></span> <span class='ocrx_word' id='word_1_38' title='bbox 691 604 890 680; x_wconf 89' lang='lat' dir='ltr'><strong>populi</strong></span> <span class='ocrx_word' id='word_1_39' title='bbox 913 601 1375 661; x_wconf 88' lang='lat' dir='ltr'><strong>christianicum</strong></span> <span class='ocrx_word' id='word_1_40' title='bbox 1404 615 1539 674; x_wconf 89' lang='lat' dir='ltr'><strong>rege</strong></span> <span class='ocrx_word' id='word_1_41' title='bbox 1558 601 1589 658; x_wconf 84' lang='lat' dir='ltr'><strong>J</strong></span> <span class='ocrx_word' id='word_1_42' title='bbox 1596 599 1846 673; x_wconf 81' lang='lat' dir='ltr'><strong>erosoly-</strong></span> 
     </span>
     <span class='ocr_line' id='line_1_6' title="bbox 205 690 1844 771; baseline -0.004 -15"><span class='ocrx_word' id='word_1_43' title='bbox 205 714 363 756; x_wconf 89' lang='lat' dir='ltr'><strong>mam</strong></span> <span class='ocrx_word' id='word_1_44' title='bbox 406 697 719 771; x_wconf 76' lang='lat' dir='ltr'><strong>profecturi</strong></span> <span class='ocrx_word' id='word_1_45' title='bbox 751 693 1062 753; x_wconf 77' lang='lat' dir='ltr'><strong>commisit.</strong></span> <span class='ocrx_word' id='word_1_46' title='bbox 1113 692 1240 766; x_wconf 82' lang='lat' dir='ltr'><strong>Ipse</strong></span> <span class='ocrx_word' id='word_1_47' title='bbox 1289 707 1426 751; x_wconf 84' lang='lat' dir='ltr'><strong>vero</strong></span> <span class='ocrx_word' id='word_1_48' title='bbox 1473 690 1844 749; x_wconf 88' lang='lat' dir='ltr'><strong>Guillelmum</strong></span> 
     </span>
     <span class='ocr_line' id='line_1_7' title="bbox 203 781 1843 862; baseline -0.004 -17"><span class='ocrx_word' id='word_1_49' title='bbox 203 788 457 862; x_wconf 79' lang='lat' dir='ltr'><strong>priorem</strong></span> <span class='ocrx_word' id='word_1_50' title='bbox 485 789 707 846; x_wconf 79' lang='lat' dir='ltr'><strong>Sanctae</strong></span> <span class='ocrx_word' id='word_1_51' title='bbox 733 786 997 844; x_wconf 77' lang='lat' dir='ltr'><strong>Barbaroe</strong></span> <span class='ocrx_word' id='word_1_52' title='bbox 1016 781 1269 841; x_wconf 72' lang='lat' dir='ltr'><strong>ecclesio</strong></span> <span class='ocrx_word' id='word_1_53' title='bbox 1299 797 1414 841; x_wconf 68' lang='lat' dir='ltr'><strong>suo</strong></span> <span class='ocrx_word' id='word_1_54' title='bbox 1440 781 1724 855; x_wconf 78' lang='lat' dir='ltr'><strong>praeieoit,</strong></span> <span class='ocrx_word' id='word_1_55' title='bbox 1740 781 1843 854; x_wconf 93' lang='lat' dir='ltr'><strong>qui</strong></span> 
     </span>
     <span class='ocr_line' id='line_1_8' title="bbox 201 869 1841 949; baseline -0.005 -15"><span class='ocrx_word' id='word_1_56' title='bbox 201 891 331 935; x_wconf 89' lang='lat' dir='ltr'><strong>cum</strong></span> <span class='ocrx_word' id='word_1_57' title='bbox 364 895 398 936; x_wconf 87' lang='lat' dir='ltr'><strong>a</strong></span> <span class='ocrx_word' id='word_1_58' title='bbox 427 892 661 935; x_wconf 88' lang='lat' dir='ltr'><strong>summo</strong></span> <span class='ocrx_word' id='word_1_59' title='bbox 688 874 966 949; x_wconf 79' lang='lat' dir='ltr'><strong>pontifice</strong></span> <span class='ocrx_word' id='word_1_60' title='bbox 992 870 1382 931; x_wconf 84' lang='lat' dir='ltr'><strong>Autissiodori</strong></span> <span class='ocrx_word' id='word_1_61' title='bbox 1417 869 1650 944; x_wconf 78' lang='lat' dir='ltr'><strong>degenti</strong></span> <span class='ocrx_word' id='word_1_62' title='bbox 1671 885 1841 927; x_wconf 84' lang='lat' dir='ltr'><strong>excu-</strong></span> 
     </span>
     <span class='ocr_line' id='line_1_9' title="bbox 201 960 1844 1037; baseline -0.005 -13"><span class='ocrx_word' id='word_1_63' title='bbox 201 971 368 1025; x_wconf 86' lang='lat' dir='ltr'><strong>satus</strong></span> <span class='ocrx_word' id='word_1_64' title='bbox 380 966 609 1036; x_wconf 79' lang='lat' dir='ltr'><strong>ruisset,</strong></span> <span class='ocrx_word' id='word_1_65' title='bbox 623 965 976 1037; x_wconf 82' lang='lat' dir='ltr'><strong>subrogatus</strong></span> <span class='ocrx_word' id='word_1_66' title='bbox 989 971 1081 1020; x_wconf 89' lang='lat' dir='ltr'><strong>est</strong></span> <span class='ocrx_word' id='word_1_67' title='bbox 1091 962 1142 1020; x_wconf 91' lang='lat' dir='ltr'><strong>ei</strong></span> <span class='ocrx_word' id='word_1_68' title='bbox 1157 960 1435 1020; x_wconf 76' lang='lat' dir='ltr'><strong>Ebroicen</strong></span> <span class='ocrx_word' id='word_1_69' title='bbox 1443 960 1526 1018; x_wconf 85' lang='lat' dir='ltr'><strong>sis</strong></span> <span class='ocrx_word' id='word_1_70' title='bbox 1536 960 1844 1034; x_wconf 76' lang='lat' dir='ltr'><strong>epiecopus</strong></span> 
     </span>
     <span class='ocr_line' id='line_1_10' title="bbox 198 1048 1843 1131; baseline -0.005 -17"><span class='ocrx_word' id='word_1_71' title='bbox 198 1059 479 1116; x_wconf 86' lang='lat' dir='ltr'><strong>Rotrocus</strong></span> <span class='ocrx_word' id='word_1_72' title='bbox 508 1055 612 1129; x_wconf 89' lang='lat' dir='ltr'><strong>qui</strong></span> <span class='ocrx_word' id='word_1_73' title='bbox 639 1055 1007 1131; x_wconf 90' lang='lat' dir='ltr'><strong>episcopatus</strong></span> <span class='ocrx_word' id='word_1_74' title='bbox 1033 1051 1139 1109; x_wconf 88' lang='lat' dir='ltr'><strong>diu</strong></span> <span class='ocrx_word' id='word_1_75' title='bbox 1185 1052 1377 1108; x_wconf 87' lang='lat' dir='ltr'><strong>custos</strong></span> <span class='ocrx_word' id='word_1_76' title='bbox 1406 1048 1538 1109; x_wconf 78' lang='lat' dir='ltr'><strong>fuit.</strong></span> <span class='ocrx_word' id='word_1_77' title='bbox 1581 1048 1843 1107; x_wconf 80' lang='lat' dir='ltr'><strong>Conven-</strong></span> 
     </span>
     <span class='ocr_line' id='line_1_11' title="bbox 196 1144 1846 1221; baseline -0.004 -14"><span class='ocrx_word' id='word_1_78' title='bbox 196 1150 282 1208; x_wconf 92' lang='lat' dir='ltr'><strong>tui</strong></span> <span class='ocrx_word' id='word_1_79' title='bbox 313 1148 629 1207; x_wconf 75' lang='lat' dir='ltr'><strong>Acconensi</strong></span> <span class='ocrx_word' id='word_1_80' title='bbox 658 1164 794 1205; x_wconf 91' lang='lat' dir='ltr'><strong>cum</strong></span> <span class='ocrx_word' id='word_1_81' title='bbox 824 1147 1116 1205; x_wconf 80' lang='lat' dir='ltr'><strong>Ludovico</strong></span> <span class='ocrx_word' id='word_1_82' title='bbox 1144 1161 1281 1221; x_wconf 90' lang='lat' dir='ltr'><strong>rege</strong></span> <span class='ocrx_word' id='word_1_83' title='bbox 1310 1145 1496 1202; x_wconf 76' lang='lat' dir='ltr'><strong>adluit</strong></span> <span class='ocrx_word' id='word_1_84' title='bbox 1525 1160 1630 1218; x_wconf 88' lang='lat' dir='ltr'><strong>pro</strong></span> <span class='ocrx_word' id='word_1_85' title='bbox 1653 1144 1846 1217; x_wconf 70' lang='lat' dir='ltr'><strong>{nego-</strong></span> 
     </span>
     <span class='ocr_line' id='line_1_12' title="bbox 194 1233 1841 1300; baseline -0.006 0"><span class='ocrx_word' id='word_1_86' title='bbox 194 1241 278 1300; x_wconf 88' lang='lat' dir='ltr'><strong>tio</strong></span> <span class='ocrx_word' id='word_1_87' title='bbox 306 1242 473 1296; x_wconf 69' lang='lat' dir='ltr'><strong>terrm</strong></span> <span class='ocrx_word' id='word_1_88' title='bbox 529 1242 745 1296; x_wconf 75' lang='lat' dir='ltr'><strong>sanctes</strong></span> <span class='ocrx_word' id='word_1_89' title='bbox 805 1254 959 1294; x_wconf 88' lang='lat' dir='ltr'><strong>anno</strong></span> <span class='ocrx_word' id='word_1_90' title='bbox 992 1237 1152 1293; x_wconf 77' lang='grc'><strong>1148.</strong></span> <span class='ocrx_word' id='word_1_91' title='bbox 1214 1236 1505 1293; x_wconf 82' lang='lat' dir='ltr'><strong>Reversus</strong></span> <span class='ocrx_word' id='word_1_92' title='bbox 1560 1233 1841 1291; x_wconf 85' lang='lat' dir='ltr'><strong>Arnull’us</strong></span> 
     </span>
     <span class='ocr_line' id='line_1_13' title="bbox 195 1323 1839 1404; baseline -0.004 -17"><span class='ocrx_word' id='word_1_93' title='bbox 195 1344 399 1404; x_wconf 90' lang='lat' dir='ltr'><strong>pacem</strong></span> <span class='ocrx_word' id='word_1_94' title='bbox 430 1343 781 1401; x_wconf 89' lang='lat' dir='ltr'><strong>componere</strong></span> <span class='ocrx_word' id='word_1_95' title='bbox 833 1326 1041 1400; x_wconf 89' lang='lat' dir='ltr'><strong>sategit</strong></span> <span class='ocrx_word' id='word_1_96' title='bbox 1068 1326 1223 1382; x_wconf 90' lang='lat' dir='ltr'><strong>inter</strong></span> <span class='ocrx_word' id='word_1_97' title='bbox 1270 1323 1616 1381; x_wconf 89' lang='lat' dir='ltr'><strong>Gaui&#39;ridum</strong></span> <span class='ocrx_word' id='word_1_98' title='bbox 1646 1323 1839 1380; x_wconf 84' lang='lat' dir='ltr'><strong>Ande-</strong></span> 
     </span>
     <span class='ocr_line' id='line_1_14' title="bbox 194 1413 1841 1494; baseline -0.005 -17"><span class='ocrx_word' id='word_1_99' title='bbox 194 1433 502 1494; x_wconf 86' lang='lat' dir='ltr'><strong>gavensem</strong></span> <span class='ocrx_word' id='word_1_100' title='bbox 529 1417 802 1474; x_wconf 91' lang='lat' dir='ltr'><strong>comitem</strong></span> <span class='ocrx_word' id='word_1_101' title='bbox 833 1419 887 1474; x_wconf 88' lang='lat' dir='ltr'><strong>et</strong></span> <span class='ocrx_word' id='word_1_102' title='bbox 936 1414 1293 1472; x_wconf 83' lang='lat' dir='ltr'><strong>Ludovicum</strong></span> <span class='ocrx_word' id='word_1_103' title='bbox 1323 1414 1423 1470; x_wconf 88' lang='lat' dir='ltr'><strong>VII</strong></span> <span class='ocrx_word' id='word_1_104' title='bbox 1462 1413 1711 1471; x_wconf 85' lang='lat' dir='ltr'><strong>Franciae</strong></span> <span class='ocrx_word' id='word_1_105' title='bbox 1744 1429 1841 1469; x_wconf 87' lang='lat' dir='ltr'><strong>re-</strong></span> 
     </span>
    </p>
   </div>
   <div class='ocr_carea' id='block_1_4' title="bbox 193 1501 1839 1660">
    <p class='ocr_par' dir='ltr' id='par_1_4' title="bbox 193 1501 1839 1660">
     <span class='ocr_line' id='line_1_15' title="bbox 194 1501 1839 1582; baseline -0.004 -16"><span class='ocrx_word' id='word_1_106' title='bbox 194 1523 329 1582; x_wconf 90' lang='lat' dir='ltr'><strong>gem</strong></span> <span class='ocrx_word' id='word_1_107' title='bbox 360 1506 513 1565; x_wconf 89' lang='lat' dir='ltr'><strong>circa</strong></span> <span class='ocrx_word' id='word_1_108' title='bbox 542 1506 701 1564; x_wconf 93' lang='grc'><strong>1151.</strong></span> <span class='ocrx_word' id='word_1_109' title='bbox 734 1504 1022 1563; x_wconf 86' lang='lat' dir='ltr'><strong>Henricus</strong></span> <span class='ocrx_word' id='word_1_110' title='bbox 1053 1505 1102 1562; x_wconf 87' lang='lat'><strong>11</strong></span> <span class='ocrx_word' id='word_1_111' title='bbox 1135 1508 1336 1577; x_wconf 88' lang='lat' dir='ltr'><strong>postea</strong></span> <span class='ocrx_word' id='word_1_112' title='bbox 1382 1519 1483 1560; x_wconf 90' lang='lat' dir='ltr'><strong>rex</strong></span> <span class='ocrx_word' id='word_1_113' title='bbox 1519 1501 1839 1576; x_wconf 85' lang='lat' dir='ltr'><strong>Anglorum</strong></span> 
     </span>
     <span class='ocr_line' id='line_1_16' title="bbox 193 1590 1839 1660; baseline -0.004 -6"><span class='ocrx_word' id='word_1_114' title='bbox 193 1596 424 1655; x_wconf 82' lang='lat' dir='ltr'><strong>Lexovii</strong></span> <span class='ocrx_word' id='word_1_115' title='bbox 482 1597 550 1653; x_wconf 90' lang='grc'><strong>18</strong></span> <span class='ocrx_word' id='word_1_116' title='bbox 606 1595 741 1652; x_wconf 85' lang='lat' dir='ltr'><strong>Maii</strong></span> <span class='ocrx_word' id='word_1_117' title='bbox 791 1594 931 1651; x_wconf 85' lang='lat'>1152</span> <span class='ocrx_word' id='word_1_118' title='bbox 979 1594 1145 1650; x_wconf 91' lang='lat' dir='ltr'><strong>duxit</strong></span> <span class='ocrx_word' id='word_1_119' title='bbox 1198 1608 1436 1650; x_wconf 86' lang='lat' dir='ltr'><strong>uxorem</strong></span> <span class='ocrx_word' id='word_1_120' title='bbox 1480 1590 1839 1660; x_wconf 72' lang='lat' dir='ltr'><strong>Alienorum,</strong></span> 
     </span>
    </p>
   </div>
   <div class='ocr_carea' id='block_1_5' title="bbox 193 1681 1917 1771">
    <p class='ocr_par' dir='ltr' id='par_1_5' title="bbox 193 1681 1917 1771">
     <span class='ocr_line' id='line_1_17' title="bbox 193 1681 1917 1771; baseline -0.007 -24"><span class='ocrx_word' id='word_1_121' title='bbox 193 1703 369 1761; x_wconf 89' lang='lat' dir='ltr'><strong>quam</strong></span> <span class='ocrx_word' id='word_1_122' title='bbox 403 1686 575 1761; x_wconf 90' lang='lat' dir='ltr'><strong>paulo</strong></span> <span class='ocrx_word' id='word_1_123' title='bbox 604 1689 738 1744; x_wconf 89' lang='lat' dir='ltr'><strong>ante</strong></span> <span class='ocrx_word' id='word_1_124' title='bbox 766 1683 1310 1757; x_wconf 85' lang='lat' dir='ltr'><strong>Ludoviousjunior</strong></span> <span class='ocrx_word' id='word_1_125' title='bbox 1327 1683 1402 1740; x_wconf 89' lang='lat' dir='ltr'><strong>oh</strong></span> <span class='ocrx_word' id='word_1_126' title='bbox 1425 1681 1836 1755; x_wconf 87' lang='lat' dir='ltr'><strong>consanguini-</strong></span> <span class='ocrx_word' id='word_1_127' title='bbox 1871 1705 1917 1771; x_wconf 79' lang='lat' dir='ltr'>B</span> 
     </span>
    </p>
   </div>
   <div class='ocr_carea' id='block_1_6' title="bbox 191 1775 1842 1937">
    <p class='ocr_par' dir='ltr' id='par_1_6' title="bbox 191 1775 1842 1937">
     <span class='ocr_line' id='line_1_18' title="bbox 191 1775 727 1835; baseline -0.011 0"><span class='ocrx_word' id='word_1_128' title='bbox 191 1780 375 1835; x_wconf 83' lang='lat' dir='ltr'><strong>tatem</strong></span> <span class='ocrx_word' id='word_1_129' title='bbox 405 1775 727 1834; x_wconf 73' lang='lat' dir='ltr'><strong>dimiserat.</strong></span> 
     </span>
     <span class='ocr_line' id='line_1_19' title="bbox 262 1859 1842 1937; baseline -0.004 -13"><span class='ocrx_word' id='word_1_130' title='bbox 262 1867 428 1924; x_wconf 78' lang='lat' dir='ltr'><strong>Anno</strong></span> <span class='ocrx_word' id='word_1_131' title='bbox 456 1864 696 1923; x_wconf 89' lang='lat' dir='ltr'><strong>ineunte</strong></span> <span class='ocrx_word' id='word_1_132' title='bbox 726 1864 866 1920; x_wconf 87' lang='grc'><strong>1153</strong></span> <span class='ocrx_word' id='word_1_133' title='bbox 895 1869 1025 1937; x_wconf 91' lang='lat' dir='ltr'><strong>post</strong></span> <span class='ocrx_word' id='word_1_134' title='bbox 1072 1865 1338 1921; x_wconf 86' lang='lat' dir='ltr'><strong>octavam</strong></span> <span class='ocrx_word' id='word_1_135' title='bbox 1385 1859 1726 1935; x_wconf 76' lang='lat' dir='ltr'><strong>Epiphaniae</strong></span> <span class='ocrx_word' id='word_1_136' title='bbox 1769 1860 1842 1918; x_wconf 87' lang='lat' dir='ltr'><strong>de</strong></span> 
     </span>
    </p>
   </div>
   <div class='ocr_carea' id='block_1_7' title="bbox 114 1947 1839 4445">
    <p class='ocr_par' dir='ltr' id='par_1_7' title="bbox 114 1947 1839 4445">
     <span class='ocr_line' id='line_1_20' title="bbox 188 1947 1839 2026; baseline -0.003 -14"><span class='ocrx_word' id='word_1_137' title='bbox 188 1955 458 2012; x_wconf 85' lang='lat' dir='ltr'><strong>Nonanto</strong></span> <span class='ocrx_word' id='word_1_138' title='bbox 472 1953 643 2026; x_wconf 73' lang='lat' dir='ltr'><strong>Juxta</strong></span> <span class='ocrx_word' id='word_1_139' title='bbox 672 1953 914 2025; x_wconf 88' lang='lat' dir='ltr'><strong>Bajocas</strong></span> <span class='ocrx_word' id='word_1_140' title='bbox 944 1953 1014 2009; x_wconf 90' lang='lat' dir='ltr'><strong>ad</strong></span> <span class='ocrx_word' id='word_1_141' title='bbox 1043 1951 1355 2023; x_wconf 75' lang='lat' dir='ltr'><strong>exsequiae</strong></span> <span class='ocrx_word' id='word_1_142' title='bbox 1375 1947 1672 2007; x_wconf 87' lang='lat' dir='ltr'><strong>Guillelmi</strong></span> <span class='ocrx_word' id='word_1_143' title='bbox 1694 1949 1839 2023; x_wconf 88' lang='lat' dir='ltr'><strong>prio-</strong></span> 
     </span>
     <span class='ocr_line' id='line_1_21' title="bbox 191 2038 1839 2112; baseline -0.005 -9"><span class='ocrx_word' id='word_1_144' title='bbox 191 2045 272 2104; x_wconf 88' lang='lat' dir='ltr'><strong>ris</strong></span> <span class='ocrx_word' id='word_1_145' title='bbox 301 2046 359 2102; x_wconf 87' lang='lat' dir='ltr'><strong>S.</strong></span> <span class='ocrx_word' id='word_1_146' title='bbox 385 2044 647 2103; x_wconf 72' lang='lat' dir='ltr'><strong>Barbarae</strong></span> <span class='ocrx_word' id='word_1_147' title='bbox 678 2043 969 2102; x_wconf 72' lang='lat' dir='ltr'><strong>festinavit</strong></span> <span class='ocrx_word' id='word_1_148' title='bbox 989 2040 1292 2110; x_wconf 65' lang='lat' dir='ltr'><strong>Amulius,</strong></span> <span class='ocrx_word' id='word_1_149' title='bbox 1319 2040 1505 2112; x_wconf 89' lang='lat' dir='ltr'><strong>iisque</strong></span> <span class='ocrx_word' id='word_1_150' title='bbox 1534 2038 1839 2097; x_wconf 86' lang='lat' dir='ltr'><strong>celebratis</strong></span> 
     </span>
     <span class='ocr_line' id='line_1_22' title="bbox 187 2127 1839 2205; baseline -0.005 -14"><span class='ocrx_word' id='word_1_151' title='bbox 187 2135 396 2193; x_wconf 72' lang='lat' dir='ltr'><strong>iratres</strong></span> <span class='ocrx_word' id='word_1_152' title='bbox 426 2134 497 2191; x_wconf 91' lang='lat' dir='ltr'><strong>ad</strong></span> <span class='ocrx_word' id='word_1_153' title='bbox 527 2133 861 2205; x_wconf 79' lang='lat' dir='ltr'><strong>eligendum</strong></span> <span class='ocrx_word' id='word_1_154' title='bbox 884 2145 1283 2189; x_wconf 73' lang='lat' dir='ltr'><strong>successorem</strong></span> <span class='ocrx_word' id='word_1_155' title='bbox 1317 2129 1582 2186; x_wconf 85' lang='lat' dir='ltr'><strong>hortatus</strong></span> <span class='ocrx_word' id='word_1_156' title='bbox 1600 2132 1710 2195; x_wconf 89' lang='lat' dir='ltr'><strong>est,</strong></span> <span class='ocrx_word' id='word_1_157' title='bbox 1732 2127 1839 2184; x_wconf 90' lang='lat' dir='ltr'><strong>ele-</strong></span> 
     </span>
     <span class='ocr_line' id='line_1_23' title="bbox 191 2214 1836 2297; baseline -0.005 -15"><span class='ocrx_word' id='word_1_158' title='bbox 191 2214 469 2297; x_wconf 79' lang='lat' dir='ltr'><strong>ctumque</strong></span> <span class='ocrx_word' id='word_1_159' title='bbox 488 2221 785 2280; x_wconf 83' lang='lat' dir='ltr'><strong>Danielem</strong></span> <span class='ocrx_word' id='word_1_160' title='bbox 808 2220 1075 2294; x_wconf 73' lang='lat' dir='ltr'><strong>regendas</strong></span> <span class='ocrx_word' id='word_1_161' title='bbox 1096 2217 1295 2275; x_wconf 90' lang='lat' dir='ltr'><strong>domui</strong></span> <span class='ocrx_word' id='word_1_162' title='bbox 1321 2216 1597 2291; x_wconf 77' lang='lat' dir='ltr'><strong>praetecit.</strong></span> <span class='ocrx_word' id='word_1_163' title='bbox 1619 2215 1836 2275; x_wconf 82' lang='lat' dir='ltr'><strong>Eodem</strong></span> 
     </span>
     <span class='ocr_line' id='line_1_24' title="bbox 192 2303 1835 2384; baseline -0.006 -12"><span class='ocrx_word' id='word_1_164' title='bbox 192 2311 544 2384; x_wconf 77' lang='lat' dir='ltr'><strong>subscripsit</strong></span> <span class='ocrx_word' id='word_1_165' title='bbox 573 2312 799 2368; x_wconf 79' lang='lat' dir='ltr'><strong>donatae</strong></span> <span class='ocrx_word' id='word_1_166' title='bbox 830 2306 1374 2367; x_wconf 78' lang='lat' dir='ltr'><strong>Fontanellensibus</strong></span> <span class='ocrx_word' id='word_1_167' title='bbox 1405 2303 1710 2364; x_wconf 87' lang='lat' dir='ltr'><strong>monachis</strong></span> <span class='ocrx_word' id='word_1_168' title='bbox 1741 2321 1835 2363; x_wconf 89' lang='lat' dir='ltr'><strong>ec·</strong></span> 
     </span>
     <span class='ocr_line' id='line_1_25' title="bbox 191 2394 1836 2461; baseline -0.005 0"><span class='ocrx_word' id='word_1_169' title='bbox 191 2403 381 2461; x_wconf 73' lang='lat' dir='ltr'><strong>clusio</strong></span> <span class='ocrx_word' id='word_1_170' title='bbox 409 2405 468 2458; x_wconf 81' lang='lat'><strong>8.</strong></span> <span class='ocrx_word' id='word_1_171' title='bbox 506 2399 753 2458; x_wconf 83' lang='lat' dir='ltr'><strong>Sidonii.</strong></span> <span class='ocrx_word' id='word_1_172' title='bbox 781 2396 1053 2456; x_wconf 83' lang='lat' dir='ltr'><strong>interluit</strong></span> <span class='ocrx_word' id='word_1_173' title='bbox 1101 2412 1255 2454; x_wconf 93' lang='lat' dir='ltr'><strong>anno</strong></span> <span class='ocrx_word' id='word_1_174' title='bbox 1287 2396 1424 2453; x_wconf 74' lang='lat'>1154</span> <span class='ocrx_word' id='word_1_175' title='bbox 1474 2394 1836 2455; x_wconf 84' lang='lat' dir='ltr'><strong>coronationi</strong></span> 
     </span>
     <span class='ocr_line' id='line_1_26' title="bbox 188 2485 1833 2563; baseline -0.003 -16"><span class='ocrx_word' id='word_1_176' title='bbox 188 2489 420 2551; x_wconf 77' lang='lat' dir='ltr'><strong>ilenrici</strong></span> <span class='ocrx_word' id='word_1_177' title='bbox 451 2488 505 2546; x_wconf 91' lang='lat'><strong>11</strong></span> <span class='ocrx_word' id='word_1_178' title='bbox 535 2487 684 2561; x_wconf 89' lang='lat' dir='ltr'><strong>regis</strong></span> <span class='ocrx_word' id='word_1_179' title='bbox 720 2487 966 2563; x_wconf 74' lang='lat' dir='ltr'><strong>Angliae,</strong></span> <span class='ocrx_word' id='word_1_180' title='bbox 997 2504 1030 2544; x_wconf 90' lang='lat' dir='ltr'><strong>a</strong></span> <span class='ocrx_word' id='word_1_181' title='bbox 1059 2502 1177 2560; x_wconf 90' lang='lat' dir='ltr'><strong>quo</strong></span> <span class='ocrx_word' id='word_1_182' title='bbox 1226 2485 1399 2559; x_wconf 88' lang='lat' dir='ltr'><strong>paulo</strong></span> <span class='ocrx_word' id='word_1_183' title='bbox 1425 2490 1559 2559; x_wconf 94' lang='lat' dir='ltr'><strong>post</strong></span> <span class='ocrx_word' id='word_1_184' title='bbox 1587 2487 1833 2543; x_wconf 83' lang='lat' dir='ltr'><strong>Romam</strong></span> 
     </span>
     <span class='ocr_line' id='line_1_27' title="bbox 188 2573 1836 2650; baseline -0.005 -9"><span class='ocrx_word' id='word_1_185' title='bbox 188 2597 326 2641; x_wconf 90' lang='lat' dir='ltr'><strong>cum</strong></span> <span class='ocrx_word' id='word_1_186' title='bbox 355 2578 486 2638; x_wconf 89' lang='lat' dir='ltr'><strong>aliis</strong></span> <span class='ocrx_word' id='word_1_187' title='bbox 512 2578 732 2637; x_wconf 84' lang='lat' dir='ltr'><strong>missus</strong></span> <span class='ocrx_word' id='word_1_188' title='bbox 762 2581 853 2636; x_wconf 89' lang='lat' dir='ltr'><strong>est</strong></span> <span class='ocrx_word' id='word_1_189' title='bbox 882 2593 986 2650; x_wconf 90' lang='lat' dir='ltr'><strong>pro</strong></span> <span class='ocrx_word' id='word_1_190' title='bbox 1017 2575 1371 2649; x_wconf 88' lang='lat' dir='ltr'><strong>quibusdam</strong></span> <span class='ocrx_word' id='word_1_191' title='bbox 1403 2573 1600 2631; x_wconf 86' lang='lat' dir='ltr'><strong>arduis</strong></span> <span class='ocrx_word' id='word_1_192' title='bbox 1650 2574 1836 2648; x_wconf 87' lang='lat' dir='ltr'><strong>ipsius</strong></span> 
     </span>
     <span class='ocr_line' id='line_1_28' title="bbox 190 2663 1835 2744; baseline -0.005 -14"><span class='ocrx_word' id='word_1_193' title='bbox 190 2667 732 2744; x_wconf 83' lang='lat' dir='ltr'><strong>negotiie,huicque</strong></span> <span class='ocrx_word' id='word_1_194' title='bbox 762 2667 832 2724; x_wconf 88' lang='lat' dir='ltr'><strong>ad</strong></span> <span class='ocrx_word' id='word_1_195' title='bbox 843 2666 953 2724; x_wconf 89' lang='lat' dir='ltr'><strong>l&#39;nit</strong></span> <span class='ocrx_word' id='word_1_196' title='bbox 970 2681 1126 2724; x_wconf 88' lang='lat' dir='ltr'><strong>anno</strong></span> <span class='ocrx_word' id='word_1_197' title='bbox 1149 2665 1287 2722; x_wconf 91' lang='grc'><strong>1157</strong></span> <span class='ocrx_word' id='word_1_198' title='bbox 1307 2664 1679 2722; x_wconf 85' lang='lat' dir='ltr'><strong>confirmanti</strong></span> <span class='ocrx_word' id='word_1_199' title='bbox 1704 2663 1835 2722; x_wconf 79' lang='lat' dir='ltr'><strong>fun-</strong></span> 
     </span>
     <span class='ocr_line' id='line_1_29' title="bbox 187 2753 1833 2822; baseline -0.006 -3"><span class='ocrx_word' id='word_1_200' title='bbox 187 2758 486 2819; x_wconf 80' lang='lat' dir='ltr'><strong>dationem</strong></span> <span class='ocrx_word' id='word_1_201' title='bbox 499 2756 866 2816; x_wconf 88' lang='lat' dir='ltr'><strong>abbatiarum</strong></span> <span class='ocrx_word' id='word_1_202' title='bbox 879 2756 948 2813; x_wconf 90' lang='lat' dir='ltr'><strong>de</strong></span> <span class='ocrx_word' id='word_1_203' title='bbox 968 2753 1381 2812; x_wconf 86' lang='lat' dir='ltr'><strong>Blanca-landa</strong></span> <span class='ocrx_word' id='word_1_204' title='bbox 1393 2757 1451 2810; x_wconf 91' lang='lat' dir='ltr'><strong>et</strong></span> <span class='ocrx_word' id='word_1_205' title='bbox 1467 2754 1833 2822; x_wconf 85' lang='lat' dir='ltr'><strong>deLucerna,</strong></span> 
     </span>
     <span class='ocr_line' id='line_1_30' title="bbox 185 2842 1835 2923; baseline -0.007 -14"><span class='ocrx_word' id='word_1_206' title='bbox 185 2853 244 2909; x_wconf 88' lang='lat' dir='ltr'><strong>et</strong></span> <span class='ocrx_word' id='word_1_207' title='bbox 266 2848 557 2923; x_wconf 79' lang='lat' dir='ltr'><strong>judicium</strong></span> <span class='ocrx_word' id='word_1_208' title='bbox 581 2846 787 2906; x_wconf 72' lang='lat' dir='ltr'><strong>terenti</strong></span> <span class='ocrx_word' id='word_1_209' title='bbox 806 2846 1048 2905; x_wconf 84' lang='lat' dir='ltr'><strong>cadomi</strong></span> <span class='ocrx_word' id='word_1_210' title='bbox 1068 2844 1128 2901; x_wconf 92' lang='lat' dir='ltr'><strong>in</strong></span> <span class='ocrx_word' id='word_1_211' title='bbox 1151 2845 1398 2918; x_wconf 79' lang='lat' dir='ltr'><strong>gratiam</strong></span> <span class='ocrx_word' id='word_1_212' title='bbox 1420 2843 1631 2900; x_wconf 72' lang='lat' dir='ltr'><strong>Montis</strong></span> <span class='ocrx_word' id='word_1_213' title='bbox 1646 2844 1705 2900; x_wconf 88' lang='lat' dir='ltr'><strong>S.</strong></span> <span class='ocrx_word' id='word_1_214' title='bbox 1730 2842 1835 2899; x_wconf 85' lang='lat' dir='ltr'><strong>Mi·</strong></span> 
     </span>
     <span class='ocr_line' id='line_1_31' title="bbox 186 2933 1836 3011; baseline -0.005 -14"><span class='ocrx_word' id='word_1_215' title='bbox 186 2937 429 2998; x_wconf 90' lang='lat' dir='ltr'><strong>chaelis.</strong></span> <span class='ocrx_word' id='word_1_216' title='bbox 463 2937 822 3011; x_wconf 73' lang='lat' dir='ltr'><strong>Subscripsit</strong></span> <span class='ocrx_word' id='word_1_217' title='bbox 848 2935 1060 2993; x_wconf 81' lang='lat' dir='ltr'><strong>chartae</strong></span> <span class='ocrx_word' id='word_1_218' title='bbox 1092 2933 1240 3005; x_wconf 84' lang='lat' dir='ltr'><strong>regis</strong></span> <span class='ocrx_word' id='word_1_219' title='bbox 1267 2933 1534 3007; x_wconf 86' lang='lat' dir='ltr'><strong>ejusdem</strong></span> <span class='ocrx_word' id='word_1_220' title='bbox 1567 2949 1670 3007; x_wconf 90' lang='lat' dir='ltr'><strong>pro</strong></span> <span class='ocrx_word' id='word_1_221' title='bbox 1701 2949 1836 2990; x_wconf 91' lang='lat' dir='ltr'><strong>mo-</strong></span> 
     </span>
     <span class='ocr_line' id='line_1_32' title="bbox 185 3025 1833 3101; baseline -0.006 -9"><span class='ocrx_word' id='word_1_222' title='bbox 185 3031 442 3094; x_wconf 82' lang='lat' dir='ltr'><strong>nasterio</strong></span> <span class='ocrx_word' id='word_1_223' title='bbox 470 3029 766 3099; x_wconf 85' lang='lat' dir='ltr'><strong>Beccensi,</strong></span> <span class='ocrx_word' id='word_1_224' title='bbox 797 3033 857 3087; x_wconf 89' lang='lat' dir='ltr'><strong>et</strong></span> <span class='ocrx_word' id='word_1_225' title='bbox 894 3044 1026 3086; x_wconf 91' lang='lat' dir='ltr'><strong>cum</strong></span> <span class='ocrx_word' id='word_1_226' title='bbox 1056 3026 1324 3101; x_wconf 88' lang='lat' dir='ltr'><strong>Philippo</strong></span> <span class='ocrx_word' id='word_1_227' title='bbox 1355 3026 1656 3100; x_wconf 88' lang='lat' dir='ltr'><strong>Bajocensi</strong></span> <span class='ocrx_word' id='word_1_228' title='bbox 1705 3025 1833 3098; x_wconf 92' lang='lat' dir='ltr'><strong>epi-</strong></span> 
     </span>
     <span class='ocr_line' id='line_1_33' title="bbox 184 3114 1833 3195; baseline -0.006 -13"><span class='ocrx_word' id='word_1_229' title='bbox 184 3137 362 3195; x_wconf 77' lang='lat' dir='ltr'><strong>scopo</strong></span> <span class='ocrx_word' id='word_1_230' title='bbox 389 3120 652 3194; x_wconf 80' lang='lat' dir='ltr'><strong>eiusdem</strong></span> <span class='ocrx_word' id='word_1_231' title='bbox 701 3117 1022 3192; x_wconf 88' lang='lat' dir='ltr'><strong>diplomati,</strong></span> <span class='ocrx_word' id='word_1_232' title='bbox 1070 3115 1411 3174; x_wconf 84' lang='lat' dir='ltr'><strong>donationes</strong></span> <span class='ocrx_word' id='word_1_233' title='bbox 1464 3114 1720 3173; x_wconf 76' lang='lat' dir='ltr'><strong>eccleslae</strong></span> <span class='ocrx_word' id='word_1_234' title='bbox 1764 3115 1833 3172; x_wconf 90' lang='lat' dir='ltr'><strong>de</strong></span> 
     </span>
     <span class='ocr_line' id='line_1_34' title="bbox 114 3205 1834 3283; baseline -0.004 -15"><span class='ocrx_word' id='word_1_235' title='bbox 114 3247 125 3252; x_wconf 99' lang='lat'>-</span> <span class='ocrx_word' id='word_1_236' title='bbox 181 3209 490 3270; x_wconf 85' lang='lat' dir='ltr'><strong>Treutham</strong></span> <span class='ocrx_word' id='word_1_237' title='bbox 526 3209 588 3267; x_wconf 89' lang='lat' dir='ltr'><strong>in</strong></span> <span class='ocrx_word' id='word_1_238' title='bbox 642 3224 781 3283; x_wconf 82' lang='lat' dir='ltr'><strong>agro</strong></span> <span class='ocrx_word' id='word_1_239' title='bbox 839 3206 1233 3265; x_wconf 76' lang='lat' dir='ltr'><strong>staffordiensi</strong></span> <span class='ocrx_word' id='word_1_240' title='bbox 1293 3205 1720 3272; x_wconf 79' lang='lat' dir='ltr'><strong>confirmantis,</strong></span> <span class='ocrx_word' id='word_1_241' title='bbox 1776 3206 1834 3262; x_wconf 89' lang='lat' dir='ltr'><strong>et</strong></span> 
     </span>
     <span class='ocr_line' id='line_1_35' title="bbox 183 3294 1832 3367; baseline -0.005 -8"><span class='ocrx_word' id='word_1_242' title='bbox 183 3316 320 3359; x_wconf 90' lang='lat' dir='ltr'><strong>eum</strong></span> <span class='ocrx_word' id='word_1_243' title='bbox 349 3301 556 3359; x_wconf 89' lang='lat' dir='ltr'><strong>eodem</strong></span> <span class='ocrx_word' id='word_1_244' title='bbox 587 3316 653 3359; x_wconf 89' lang='lat' dir='ltr'><strong>ac</strong></span> <span class='ocrx_word' id='word_1_245' title='bbox 685 3296 995 3357; x_wconf 88' lang='lat' dir='ltr'><strong>Guillelmo</strong></span> <span class='ocrx_word' id='word_1_246' title='bbox 1046 3295 1513 3354; x_wconf 82' lang='lat' dir='ltr'><strong>cenomannensi</strong></span> <span class='ocrx_word' id='word_1_247' title='bbox 1561 3294 1832 3367; x_wconf 87' lang='lat' dir='ltr'><strong>episcopo</strong></span> 
     </span>
     <span class='ocr_line' id='line_1_36' title="bbox 180 3382 1831 3461; baseline -0.006 -12"><span class='ocrx_word' id='word_1_248' title='bbox 180 3389 400 3449; x_wconf 79' lang='lat' dir='ltr'><strong>chartae</strong></span> <span class='ocrx_word' id='word_1_249' title='bbox 430 3388 701 3461; x_wconf 83' lang='lat' dir='ltr'><strong>ejusdem</strong></span> <span class='ocrx_word' id='word_1_250' title='bbox 756 3386 911 3460; x_wconf 88' lang='lat' dir='ltr'><strong>regis</strong></span> <span class='ocrx_word' id='word_1_251' title='bbox 941 3385 1366 3443; x_wconf 84' lang='lat' dir='ltr'><strong>Tironensibus</strong></span> <span class='ocrx_word' id='word_1_252' title='bbox 1415 3382 1715 3442; x_wconf 82' lang='lat' dir='ltr'><strong>monachis</strong></span> <span class='ocrx_word' id='word_1_253' title='bbox 1758 3400 1831 3440; x_wconf 89' lang='lat' dir='ltr'><strong>xx</strong></span> 
     </span>
     <span class='ocr_line' id='line_1_37' title="bbox 179 3473 1832 3552; baseline -0.006 -13"><span class='ocrx_word' id='word_1_254' title='bbox 179 3495 412 3539; x_wconf 85' lang='lat' dir='ltr'><strong>marcas</strong></span> <span class='ocrx_word' id='word_1_255' title='bbox 441 3477 665 3552; x_wconf 80' lang='lat' dir='ltr'><strong>argenti</strong></span> <span class='ocrx_word' id='word_1_256' title='bbox 706 3478 778 3534; x_wconf 90' lang='lat' dir='ltr'><strong>de</strong></span> <span class='ocrx_word' id='word_1_257' title='bbox 805 3476 1080 3535; x_wconf 87' lang='lat' dir='ltr'><strong>thesauro</strong></span> <span class='ocrx_word' id='word_1_258' title='bbox 1109 3473 1502 3533; x_wconf 83' lang='lat' dir='ltr'><strong>wintoniensi</strong></span> <span class='ocrx_word' id='word_1_259' title='bbox 1550 3489 1685 3531; x_wconf 89' lang='lat' dir='ltr'><strong>cum</strong></span> <span class='ocrx_word' id='word_1_260' title='bbox 1717 3473 1832 3530; x_wconf 82' lang='lat' dir='ltr'><strong>Ma·</strong></span> 
     </span>
     <span class='ocr_line' id='line_1_38' title="bbox 176 3561 1830 3636; baseline -0.005 -9"><span class='ocrx_word' id='word_1_261' title='bbox 176 3566 364 3629; x_wconf 87' lang='lat' dir='ltr'><strong>thilde</strong></span> <span class='ocrx_word' id='word_1_262' title='bbox 394 3569 583 3627; x_wconf 88' lang='lat' dir='ltr'><strong>matre</strong></span> <span class='ocrx_word' id='word_1_263' title='bbox 612 3564 1009 3625; x_wconf 88' lang='lat' dir='ltr'><strong>concedentis.</strong></span> <span class='ocrx_word' id='word_1_264' title='bbox 1031 3563 1393 3636; x_wconf 78' lang='lat' dir='ltr'><strong>Subscripsit</strong></span> <span class='ocrx_word' id='word_1_265' title='bbox 1422 3578 1651 3635; x_wconf 84' lang='lat' dir='ltr'><strong>quoque</strong></span> <span class='ocrx_word' id='word_1_266' title='bbox 1667 3561 1830 3619; x_wconf 90' lang='lat' dir='ltr'><strong>char-</strong></span> 
     </span>
     <span class='ocr_line' id='line_1_39' title="bbox 176 3650 1830 3730; baseline -0.005 -14"><span class='ocrx_word' id='word_1_267' title='bbox 176 3657 258 3717; x_wconf 89' lang='lat' dir='ltr'><strong>tis</strong></span> <span class='ocrx_word' id='word_1_268' title='bbox 284 3655 517 3716; x_wconf 84' lang='lat' dir='ltr'><strong>Henrici</strong></span> <span class='ocrx_word' id='word_1_269' title='bbox 539 3655 592 3714; x_wconf 91' lang='lat'><strong>11</strong></span> <span class='ocrx_word' id='word_1_270' title='bbox 620 3654 947 3730; x_wconf 78' lang='lat' dir='ltr'><strong>Anglorum</strong></span> <span class='ocrx_word' id='word_1_271' title='bbox 978 3653 1134 3727; x_wconf 87' lang='lat' dir='ltr'><strong>regis</strong></span> <span class='ocrx_word' id='word_1_272' title='bbox 1157 3670 1263 3728; x_wconf 91' lang='lat' dir='ltr'><strong>pro</strong></span> <span class='ocrx_word' id='word_1_273' title='bbox 1293 3654 1354 3712; x_wconf 87' lang='lat' dir='ltr'><strong>S.</strong></span> <span class='ocrx_word' id='word_1_274' title='bbox 1387 3651 1676 3711; x_wconf 84' lang='lat' dir='ltr'><strong>Florentio</strong></span> <span class='ocrx_word' id='word_1_275' title='bbox 1696 3650 1830 3708; x_wconf 89' lang='lat' dir='ltr'><strong>Sal·</strong></span> 
     </span>
     <span class='ocr_line' id='line_1_40' title="bbox 176 3741 1825 3820; baseline -0.004 -14"><span class='ocrx_word' id='word_1_276' title='bbox 176 3745 487 3818; x_wconf 85' lang='lat' dir='ltr'><strong>muriensi,</strong></span> <span class='ocrx_word' id='word_1_277' title='bbox 520 3762 627 3820; x_wconf 88' lang='lat' dir='ltr'><strong>pro</strong></span> <span class='ocrx_word' id='word_1_278' title='bbox 656 3746 719 3804; x_wconf 90' lang='lat' dir='ltr'><strong>S.</strong></span> <span class='ocrx_word' id='word_1_279' title='bbox 769 3744 1070 3819; x_wconf 89' lang='lat' dir='ltr'><strong>Stephano</strong></span> <span class='ocrx_word' id='word_1_280' title='bbox 1116 3742 1487 3813; x_wconf 89' lang='lat' dir='ltr'><strong>Cadomensi,</strong></span> <span class='ocrx_word' id='word_1_281' title='bbox 1521 3759 1625 3815; x_wconf 91' lang='lat' dir='ltr'><strong>pro</strong></span> <span class='ocrx_word' id='word_1_282' title='bbox 1670 3741 1825 3813; x_wconf 87' lang='lat' dir='ltr'><strong>Lira,</strong></span> 
     </span>
     <span class='ocr_line' id='line_1_41' title="bbox 175 3832 1828 3911; baseline -0.002 -16"><span class='ocrx_word' id='word_1_283' title='bbox 175 3852 282 3911; x_wconf 87' lang='lat' dir='ltr'><strong>pro</strong></span> <span class='ocrx_word' id='word_1_284' title='bbox 310 3835 374 3894; x_wconf 88' lang='grc' dir='ltr'><strong>Β.</strong></span> <span class='ocrx_word' id='word_1_285' title='bbox 405 3835 592 3895; x_wconf 76' lang='lat' dir='ltr'><strong>Maria</strong></span> <span class='ocrx_word' id='word_1_286' title='bbox 611 3835 685 3894; x_wconf 91' lang='lat' dir='ltr'><strong>de</strong></span> <span class='ocrx_word' id='word_1_287' title='bbox 711 3834 860 3893; x_wconf 85' lang='lat' dir='ltr'><strong>Voto</strong></span> <span class='ocrx_word' id='word_1_288' title='bbox 892 3835 1046 3909; x_wconf 90' lang='lat' dir='ltr'><strong>apud</strong></span> <span class='ocrx_word' id='word_1_289' title='bbox 1068 3833 1316 3891; x_wconf 78' lang='lat' dir='ltr'><strong>Caesaris</strong></span> <span class='ocrx_word' id='word_1_290' title='bbox 1339 3832 1616 3908; x_wconf 88' lang='lat' dir='ltr'><strong>burgum,</strong></span> <span class='ocrx_word' id='word_1_291' title='bbox 1638 3836 1697 3890; x_wconf 89' lang='lat' dir='ltr'><strong>et</strong></span> <span class='ocrx_word' id='word_1_292' title='bbox 1725 3847 1828 3906; x_wconf 84' lang='lat' dir='ltr'><strong>pro</strong></span> 
     </span>
     <span class='ocr_line' id='line_1_42' title="bbox 176 3921 1826 3985; baseline -0.002 -3"><span class='ocrx_word' id='word_1_293' title='bbox 176 3924 519 3985; x_wconf 83' lang='lat' dir='ltr'><strong>Fontaneto.</strong></span> <span class='ocrx_word' id='word_1_294' title='bbox 580 3924 832 3982; x_wconf 84' lang='lat' dir='ltr'><strong>Adstitit</strong></span> <span class='ocrx_word' id='word_1_295' title='bbox 860 3923 1286 3984; x_wconf 89' lang='lat' dir='ltr'><strong>consecrationi</strong></span> <span class='ocrx_word' id='word_1_296' title='bbox 1334 3921 1589 3982; x_wconf 77' lang='lat' dir='ltr'><strong>eccloaioe</strong></span> <span class='ocrx_word' id='word_1_297' title='bbox 1620 3923 1680 3979; x_wconf 90' lang='lat' dir='ltr'><strong>S.</strong></span> <span class='ocrx_word' id='word_1_298' title='bbox 1712 3921 1744 3977; x_wconf 85' lang='lat' dir='ltr'><strong>J</strong></span> <span class='ocrx_word' id='word_1_299' title='bbox 1752 3940 1826 3979; x_wconf 93' lang='lat' dir='ltr'><strong>u-</strong></span> 
     </span>
     <span class='ocr_line' id='line_1_43' title="bbox 172 4012 1826 4073; baseline -0.001 -2"><span class='ocrx_word' id='word_1_300' title='bbox 172 4012 317 4073; x_wconf 87' lang='lat' dir='ltr'><strong>liani</strong></span> <span class='ocrx_word' id='word_1_301' title='bbox 368 4013 870 4072; x_wconf 84' lang='lat' dir='ltr'><strong>Cenomannensis</strong></span> <span class='ocrx_word' id='word_1_302' title='bbox 925 4030 1079 4071; x_wconf 91' lang='lat' dir='ltr'><strong>anno</strong></span> <span class='ocrx_word' id='word_1_303' title='bbox 1153 4013 1310 4072; x_wconf 87' lang='lat'><strong>1158.</strong></span> <span class='ocrx_word' id='word_1_304' title='bbox 1369 4012 1692 4072; x_wconf 85' lang='lat' dir='ltr'><strong>Alexandro</strong></span> <span class='ocrx_word' id='word_1_305' title='bbox 1748 4013 1826 4072; x_wconf 88' lang='lat'><strong>111</strong></span> 
     </span>
     <span class='ocr_line' id='line_1_44' title="bbox 175 4102 1826 4177; baseline 0 -15"><span class='ocrx_word' id='word_1_306' title='bbox 175 4120 331 4163; x_wconf 87' lang='lat' dir='ltr'><strong>anno</strong></span> <span class='ocrx_word' id='word_1_307' title='bbox 362 4103 502 4161; x_wconf 87' lang='grc'><strong>1159</strong></span> <span class='ocrx_word' id='word_1_308' title='bbox 531 4118 731 4162; x_wconf 85' lang='lat' dir='ltr'><strong>recens</strong></span> <span class='ocrx_word' id='word_1_309' title='bbox 762 4102 948 4161; x_wconf 89' lang='lat' dir='ltr'><strong>electo</strong></span> <span class='ocrx_word' id='word_1_310' title='bbox 978 4118 1081 4174; x_wconf 91' lang='lat' dir='ltr'><strong>per</strong></span> <span class='ocrx_word' id='word_1_311' title='bbox 1127 4102 1353 4160; x_wconf 86' lang='lat' dir='ltr'><strong>litteras</strong></span> <span class='ocrx_word' id='word_1_312' title='bbox 1383 4104 1826 4177; x_wconf 86' lang='lat' dir='ltr'><strong>congratulatus</strong></span> 
     </span>
     <span class='ocr_line' id='line_1_45' title="bbox 175 4190 1823 4266; baseline -0.004 -13"><span class='ocrx_word' id='word_1_313' title='bbox 175 4198 282 4264; x_wconf 83' lang='lat' dir='ltr'><strong>est,</strong></span> <span class='ocrx_word' id='word_1_314' title='bbox 308 4193 758 4266; x_wconf 78' lang='lat' dir='ltr'><strong>Alexanderque</strong></span> <span class='ocrx_word' id='word_1_315' title='bbox 805 4191 858 4250; x_wconf 89' lang='lat' dir='ltr'><strong>ei</strong></span> <span class='ocrx_word' id='word_1_316' title='bbox 887 4192 1186 4264; x_wconf 84' lang='lat' dir='ltr'><strong>respondit</strong></span> <span class='ocrx_word' id='word_1_317' title='bbox 1217 4206 1420 4248; x_wconf 89' lang='lat' dir='ltr'><strong>mense</strong></span> <span class='ocrx_word' id='word_1_318' title='bbox 1448 4190 1633 4264; x_wconf 84' lang='lat' dir='ltr'><strong>Aprili</strong></span> <span class='ocrx_word' id='word_1_319' title='bbox 1664 4193 1823 4261; x_wconf 86' lang='grc'><strong>1160,</strong></span> 
     </span>
     <span class='ocr_line' id='line_1_46' title="bbox 175 4279 1824 4358; baseline -0.004 -15"><span class='ocrx_word' id='word_1_320' title='bbox 175 4291 232 4343; x_wconf 92' lang='lat' dir='ltr'><strong>et</strong></span> <span class='ocrx_word' id='word_1_321' title='bbox 258 4284 330 4343; x_wconf 89' lang='lat' dir='ltr'><strong>de</strong></span> <span class='ocrx_word' id='word_1_322' title='bbox 367 4282 543 4342; x_wconf 86' lang='lat' dir='ltr'><strong>rebus</strong></span> <span class='ocrx_word' id='word_1_323' title='bbox 572 4281 753 4358; x_wconf 86' lang='lat' dir='ltr'><strong>gestis</strong></span> <span class='ocrx_word' id='word_1_324' title='bbox 781 4281 843 4340; x_wconf 92' lang='lat' dir='ltr'><strong>in</strong></span> <span class='ocrx_word' id='word_1_325' title='bbox 873 4279 1119 4339; x_wconf 88' lang='lat' dir='ltr'><strong>coneilio</strong></span> <span class='ocrx_word' id='word_1_326' title='bbox 1149 4279 1420 4352; x_wconf 89' lang='lat' dir='ltr'><strong>Papiensi</strong></span> <span class='ocrx_word' id='word_1_327' title='bbox 1449 4295 1585 4337; x_wconf 92' lang='lat' dir='ltr'><strong>eum</strong></span> <span class='ocrx_word' id='word_1_328' title='bbox 1617 4282 1824 4338; x_wconf 88' lang='lat' dir='ltr'><strong>certio·</strong></span> 
     </span>
     <span class='ocr_line' id='line_1_47' title="bbox 173 4367 1823 4445; baseline -0.002 -14"><span class='ocrx_word' id='word_1_329' title='bbox 173 4387 299 4431; x_wconf 86' lang='lat' dir='ltr'><strong>rem</strong></span> <span class='ocrx_word' id='word_1_330' title='bbox 331 4372 487 4445; x_wconf 86' lang='lat' dir='ltr'><strong>iecit,</strong></span> <span class='ocrx_word' id='word_1_331' title='bbox 526 4375 585 4429; x_wconf 93' lang='lat' dir='ltr'><strong>et</strong></span> <span class='ocrx_word' id='word_1_332' title='bbox 630 4370 889 4429; x_wconf 81' lang='lat' dir='ltr'><strong>laudavit</strong></span> <span class='ocrx_word' id='word_1_333' title='bbox 932 4369 1090 4442; x_wconf 91' lang='lat' dir='ltr'><strong>quod</strong></span> <span class='ocrx_word' id='word_1_334' title='bbox 1132 4367 1448 4426; x_wconf 88' lang='lat' dir='ltr'><strong>Henricum</strong></span> <span class='ocrx_word' id='word_1_335' title='bbox 1500 4383 1696 4442; x_wconf 90' lang='lat' dir='ltr'><strong>regem</strong></span> <span class='ocrx_word' id='word_1_336' title='bbox 1761 4369 1823 4427; x_wconf 90' lang='lat' dir='ltr'><strong>in</strong></span> 
     </span>
    </p>
   </div>
   <div class='ocr_carea' id='block_1_8' title="bbox 1935 420 3628 4449">
    <p class='ocr_par' dir='ltr' id='par_1_8' title="bbox 1943 420 3628 3268">
     <span class='ocr_line' id='line_1_48' title="bbox 1958 420 3628 494; baseline 0.007 -18"><span class='ocrx_word' id='word_1_337' title='bbox 1958 420 2236 477; x_wconf 77' lang='lat' dir='ltr'><strong>Anecdot.</strong></span> <span class='ocrx_word' id='word_1_338' title='bbox 2272 428 2410 478; x_wconf 91' lang='lat' dir='ltr'><strong>tom.</strong></span> <span class='ocrx_word' id='word_1_339' title='bbox 2441 426 2511 494; x_wconf 81' lang='lat' dir='ltr'><strong>V,</strong></span> <span class='ocrx_word' id='word_1_340' title='bbox 2563 423 2673 481; x_wconf 92' lang='lat' dir='ltr'><strong>col.</strong></span> <span class='ocrx_word' id='word_1_341' title='bbox 2733 425 2889 481; x_wconf 87' lang='grc'><strong>1001.</strong></span> <span class='ocrx_word' id='word_1_342' title='bbox 2927 426 3038 484; x_wconf 86' lang='lat' dir='ltr'><strong>Pro</strong></span> <span class='ocrx_word' id='word_1_343' title='bbox 3069 427 3132 486; x_wconf 89' lang='lat' dir='ltr'><strong>S.</strong></span> <span class='ocrx_word' id='word_1_344' title='bbox 3191 428 3420 487; x_wconf 89' lang='lat' dir='ltr'><strong>Thoma</strong></span> <span class='ocrx_word' id='word_1_345' title='bbox 3468 431 3628 488; x_wconf 87' lang='lat' dir='ltr'><strong>Gan-</strong></span> 
     </span>
     <span class='ocr_line' id='line_1_49' title="bbox 1956 509 3622 593; baseline 0.008 -28"><span class='ocrx_word' id='word_1_346' title='bbox 1956 509 2244 567; x_wconf 88' lang='lat' dir='ltr'><strong>tuariensi</strong></span> <span class='ocrx_word' id='word_1_347' title='bbox 2273 510 2710 584; x_wconf 79' lang='lat' dir='ltr'><strong>archipraesule‚</strong></span> <span class='ocrx_word' id='word_1_348' title='bbox 2732 516 2825 586; x_wconf 91' lang='lat' dir='ltr'><strong>qui</strong></span> <span class='ocrx_word' id='word_1_349' title='bbox 2858 530 2992 571; x_wconf 88' lang='lat' dir='ltr'><strong>cum</strong></span> <span class='ocrx_word' id='word_1_350' title='bbox 3016 517 3263 576; x_wconf 84' lang='lat' dir='ltr'><strong>Henrico</strong></span> <span class='ocrx_word' id='word_1_351' title='bbox 3294 520 3622 593; x_wconf 82' lang='lat' dir='ltr'><strong>Anglornm</strong></span> 
     </span>
     <span class='ocr_line' id='line_1_50' title="bbox 1956 603 3621 683; baseline 0.008 -28"><span class='ocrx_word' id='word_1_352' title='bbox 1956 614 2091 671; x_wconf 83' lang='lat' dir='ltr'><strong>rege</strong></span> <span class='ocrx_word' id='word_1_353' title='bbox 2132 616 2333 673; x_wconf 81' lang='lat' dir='ltr'><strong>graves</strong></span> <span class='ocrx_word' id='word_1_354' title='bbox 2390 603 2645 659; x_wconf 86' lang='lat' dir='ltr'><strong>exercuit</strong></span> <span class='ocrx_word' id='word_1_355' title='bbox 2694 603 3056 676; x_wconf 88' lang='lat' dir='ltr'><strong>inimicitias,</strong></span> <span class='ocrx_word' id='word_1_356' title='bbox 3085 607 3399 679; x_wconf 73' lang='lat' dir='ltr'><strong>[Ar-nullus</strong></span> <span class='ocrx_word' id='word_1_357' title='bbox 3450 611 3621 683; x_wconf 88' lang='lat' dir='ltr'><strong>pacis</strong></span> 
     </span>
     <span class='ocr_line' id='line_1_51' title="bbox 1956 690 3622 771; baseline 0.008 -27"><span class='ocrx_word' id='word_1_358' title='bbox 1956 690 2373 763; x_wconf 65' lang='lat' dir='ltr'><strong>componendas</strong></span> <span class='ocrx_word' id='word_1_359' title='bbox 2421 693 2626 763; x_wconf 86' lang='lat' dir='ltr'><strong>gratia,</strong></span> <span class='ocrx_word' id='word_1_360' title='bbox 2659 708 2852 766; x_wconf 89' lang='lat' dir='ltr'><strong>regem</strong></span> <span class='ocrx_word' id='word_1_361' title='bbox 2892 694 2952 750; x_wconf 90' lang='lat' dir='ltr'><strong>in</strong></span> <span class='ocrx_word' id='word_1_362' title='bbox 2999 695 3272 768; x_wconf 82' lang='lat' dir='ltr'><strong>Angliam</strong></span> <span class='ocrx_word' id='word_1_363' title='bbox 3323 700 3622 771; x_wconf 86' lang='lat' dir='ltr'><strong>convenit,</strong></span> 
     </span>
     <span class='ocr_line' id='line_1_52' title="bbox 1954 777 3621 855; baseline 0.007 -19"><span class='ocrx_word' id='word_1_364' title='bbox 1954 778 2057 836; x_wconf 87' lang='lat' dir='ltr'><strong>sed</strong></span> <span class='ocrx_word' id='word_1_365' title='bbox 2076 777 2298 837; x_wconf 71' lang='lat' dir='ltr'><strong>trustra</strong></span> <span class='ocrx_word' id='word_1_366' title='bbox 2313 781 2543 838; x_wconf 90' lang='lat' dir='ltr'><strong>studuit</strong></span> <span class='ocrx_word' id='word_1_367' title='bbox 2560 783 2633 838; x_wconf 90' lang='lat' dir='ltr'><strong>ad</strong></span> <span class='ocrx_word' id='word_1_368' title='bbox 2654 783 2966 855; x_wconf 86' lang='lat' dir='ltr'><strong>pristinam</strong></span> <span class='ocrx_word' id='word_1_369' title='bbox 2988 786 3369 845; x_wconf 88' lang='lat' dir='ltr'><strong>concordiam</strong></span> <span class='ocrx_word' id='word_1_370' title='bbox 3391 795 3621 846; x_wconf 89' lang='lat' dir='ltr'><strong>utrum-</strong></span> 
     </span>
     <span class='ocr_line' id='line_1_53' title="bbox 1954 873 3614 951; baseline 0.008 -26"><span class='ocrx_word' id='word_1_371' title='bbox 1954 884 2068 941; x_wconf 90' lang='lat' dir='ltr'><strong>que</strong></span> <span class='ocrx_word' id='word_1_372' title='bbox 2122 883 2392 928; x_wconf 89' lang='lat' dir='ltr'><strong>revocare</strong></span> <span class='ocrx_word' id='word_1_373' title='bbox 2446 888 2598 930; x_wconf 91' lang='lat' dir='ltr'><strong>anno</strong></span> <span class='ocrx_word' id='word_1_374' title='bbox 2660 873 2819 947; x_wconf 82' lang='lat'><strong>1165,</strong></span> <span class='ocrx_word' id='word_1_375' title='bbox 2867 876 3023 933; x_wconf 89' lang='lat' dir='ltr'><strong>unde</strong></span> <span class='ocrx_word' id='word_1_376' title='bbox 3053 876 3114 933; x_wconf 91' lang='lat' dir='ltr'><strong>in</strong></span> <span class='ocrx_word' id='word_1_377' title='bbox 3176 878 3294 935; x_wconf 89' lang='lat' dir='ltr'><strong>vita</strong></span> <span class='ocrx_word' id='word_1_378' title='bbox 3345 878 3614 951; x_wconf 85' lang='lat' dir='ltr'><strong>ejusdem</strong></span> 
     </span>
     <span class='ocr_line' id='line_1_54' title="bbox 1951 957 3613 1042; baseline 0.008 -28"><span class='ocrx_word' id='word_1_379' title='bbox 1951 957 2189 1017; x_wconf 77' lang='lat' dir='ltr'><strong>Thomae</strong></span> <span class='ocrx_word' id='word_1_380' title='bbox 2220 960 2497 1034; x_wconf 80' lang='lat' dir='ltr'><strong>frequens</strong></span> <span class='ocrx_word' id='word_1_381' title='bbox 2527 961 2754 1020; x_wconf 84' lang='lat' dir='ltr'><strong>Arnnlli</strong></span> <span class='ocrx_word' id='word_1_382' title='bbox 2784 964 2850 1022; x_wconf 86' lang='lat' dir='ltr'><strong>flt</strong></span> <span class='ocrx_word' id='word_1_383' title='bbox 2878 966 3120 1023; x_wconf 89' lang='lat' dir='ltr'><strong>mentio.</strong></span> <span class='ocrx_word' id='word_1_384' title='bbox 3160 968 3434 1042; x_wconf 86' lang='lat' dir='ltr'><strong>Legenda</strong></span> <span class='ocrx_word' id='word_1_385' title='bbox 3464 986 3613 1041; x_wconf 79' lang='lat' dir='ltr'><strong>pres-</strong></span> 
     </span>
     <span class='ocr_line' id='line_1_55' title="bbox 1951 1048 3600 1133; baseline 0.005 -26"><span class='ocrx_word' id='word_1_386' title='bbox 1951 1048 2152 1107; x_wconf 90' lang='lat' dir='ltr'><strong>eertim</strong></span> <span class='ocrx_word' id='word_1_387' title='bbox 2183 1048 2310 1122; x_wconf 71' lang='lat' dir='ltr'><strong>eius</strong></span> <span class='ocrx_word' id='word_1_388' title='bbox 2341 1050 2590 1123; x_wconf 88' lang='lat' dir='ltr'><strong>epistola</strong></span> <span class='ocrx_word' id='word_1_389' title='bbox 2636 1052 2709 1110; x_wconf 95' lang='lat' dir='ltr'><strong>ad</strong></span> <span class='ocrx_word' id='word_1_390' title='bbox 2739 1053 2801 1110; x_wconf 90' lang='lat' dir='ltr'><strong>S.</strong></span> <span class='ocrx_word' id='word_1_391' title='bbox 2834 1054 3119 1114; x_wconf 79' lang='lat' dir='ltr'><strong>&#39;rhomam</strong></span> <span class='ocrx_word' id='word_1_392' title='bbox 3159 1061 3299 1114; x_wconf 91' lang='lat' dir='ltr'><strong>tom.</strong></span> <span class='ocrx_word' id='word_1_393' title='bbox 3335 1058 3404 1125; x_wconf 88' lang='lat'><strong>11,</strong></span> <span class='ocrx_word' id='word_1_394' title='bbox 3460 1058 3600 1133; x_wconf 85' lang='lat' dir='ltr'><strong>Spi-</strong></span> 
     </span>
     <span class='ocr_line' id='line_1_56' title="bbox 1951 1137 3593 1221; baseline 0.008 -26"><span class='ocrx_word' id='word_1_395' title='bbox 1951 1137 2120 1213; x_wconf 87' lang='lat' dir='ltr'><strong>cileg.</strong></span> <span class='ocrx_word' id='word_1_396' title='bbox 2152 1154 2287 1213; x_wconf 90' lang='lat' dir='ltr'><strong>pag.</strong></span> <span class='ocrx_word' id='word_1_397' title='bbox 2308 1139 2435 1210; x_wconf 73' lang='lat'><strong>485,</strong></span> <span class='ocrx_word' id='word_1_398' title='bbox 2468 1141 2566 1198; x_wconf 91' lang='lat' dir='ltr'><strong>ubi</strong></span> <span class='ocrx_word' id='word_1_399' title='bbox 2594 1145 2793 1215; x_wconf 90' lang='lat' dir='ltr'><strong>aperte</strong></span> <span class='ocrx_word' id='word_1_400' title='bbox 2821 1149 3075 1203; x_wconf 90' lang='lat' dir='ltr'><strong>mentem</strong></span> <span class='ocrx_word' id='word_1_401' title='bbox 3105 1162 3273 1203; x_wconf 88' lang='lat' dir='ltr'><strong>suam</strong></span> <span class='ocrx_word' id='word_1_402' title='bbox 3302 1149 3593 1221; x_wconf 86' lang='lat' dir='ltr'><strong>depromit</strong></span> 
     </span>
     <span class='ocr_line' id='line_1_57' title="bbox 1949 1228 3607 1310; baseline 0.008 -26"><span class='ocrx_word' id='word_1_403' title='bbox 1949 1228 2023 1285; x_wconf 89' lang='lat' dir='ltr'><strong>de</strong></span> <span class='ocrx_word' id='word_1_404' title='bbox 2062 1230 2282 1286; x_wconf 74' lang='lat' dir='ltr'><strong>famoso</strong></span> <span class='ocrx_word' id='word_1_405' title='bbox 2311 1228 2415 1287; x_wconf 94' lang='lat' dir='ltr'><strong>illo</strong></span> <span class='ocrx_word' id='word_1_406' title='bbox 2462 1230 2705 1289; x_wconf 89' lang='lat' dir='ltr'><strong>dissidio</strong></span> <span class='ocrx_word' id='word_1_407' title='bbox 2735 1232 2887 1290; x_wconf 87' lang='lat' dir='ltr'><strong>inter</strong></span> <span class='ocrx_word' id='word_1_408' title='bbox 2942 1249 3138 1309; x_wconf 90' lang='lat' dir='ltr'><strong>regem</strong></span> <span class='ocrx_word' id='word_1_409' title='bbox 3197 1241 3255 1294; x_wconf 90' lang='lat' dir='ltr'><strong>et</strong></span> <span class='ocrx_word' id='word_1_410' title='bbox 3285 1237 3607 1310; x_wconf 89' lang='lat' dir='ltr'><strong>primatem</strong></span> 
     </span>
     <span class='ocr_line' id='line_1_58' title="bbox 1947 1318 3609 1402; baseline 0.007 -28"><span class='ocrx_word' id='word_1_411' title='bbox 1947 1318 2191 1391; x_wconf 82' lang='lat' dir='ltr'><strong>Angliae,</strong></span> <span class='ocrx_word' id='word_1_412' title='bbox 2224 1319 2482 1391; x_wconf 90' lang='lat' dir='ltr'><strong>primum</strong></span> <span class='ocrx_word' id='word_1_413' title='bbox 2504 1321 2816 1382; x_wconf 87' lang='lat' dir='ltr'><strong>damnans.</strong></span> <span class='ocrx_word' id='word_1_414' title='bbox 2831 1327 3033 1397; x_wconf 89' lang='lat' dir='ltr'><strong>Neque</strong></span> <span class='ocrx_word' id='word_1_415' title='bbox 3054 1330 3253 1383; x_wconf 88' lang='lat' dir='ltr'><strong>tamen</strong></span> <span class='ocrx_word' id='word_1_416' title='bbox 3286 1328 3360 1385; x_wconf 92' lang='lat' dir='ltr'><strong>ob</strong></span> <span class='ocrx_word' id='word_1_417' title='bbox 3383 1328 3444 1385; x_wconf 90' lang='lat' dir='ltr'><strong>id</strong></span> <span class='ocrx_word' id='word_1_418' title='bbox 3477 1345 3609 1402; x_wconf 89' lang='lat' dir='ltr'><strong>gra-</strong></span> 
     </span>
     <span class='ocr_line' id='line_1_59' title="bbox 1948 1407 3603 1488; baseline 0.007 -24"><span class='ocrx_word' id='word_1_419' title='bbox 1948 1407 2030 1464; x_wconf 89' lang='lat' dir='ltr'><strong>tia</strong></span> <span class='ocrx_word' id='word_1_420' title='bbox 2061 1407 2210 1481; x_wconf 84' lang='lat' dir='ltr'><strong>regis</strong></span> <span class='ocrx_word' id='word_1_421' title='bbox 2230 1409 2462 1481; x_wconf 82' lang='lat' dir='ltr'><strong>excidit,</strong></span> <span class='ocrx_word' id='word_1_422' title='bbox 2487 1413 2639 1481; x_wconf 87' lang='lat' dir='ltr'><strong>quod</strong></span> <span class='ocrx_word' id='word_1_423' title='bbox 2670 1413 2798 1485; x_wconf 88' lang='lat' dir='ltr'><strong>ejus</strong></span> <span class='ocrx_word' id='word_1_424' title='bbox 2820 1414 3018 1471; x_wconf 88' lang='lat' dir='ltr'><strong>animo</strong></span> <span class='ocrx_word' id='word_1_425' title='bbox 3038 1414 3332 1488; x_wconf 84' lang='lat' dir='ltr'><strong>versipelli</strong></span> <span class='ocrx_word' id='word_1_426' title='bbox 3358 1417 3603 1488; x_wconf 91' lang='lat' dir='ltr'><strong>quidam</strong></span> 
     </span>
     <span class='ocr_line' id='line_1_60' title="bbox 1946 1495 3604 1576; baseline 0.007 -23"><span class='ocrx_word' id='word_1_427' title='bbox 1946 1495 2234 1567; x_wconf 88' lang='lat' dir='ltr'><strong>tribuunt,</strong></span> <span class='ocrx_word' id='word_1_428' title='bbox 2268 1498 2383 1556; x_wconf 91' lang='lat' dir='ltr'><strong>imo</strong></span> <span class='ocrx_word' id='word_1_429' title='bbox 2411 1499 2564 1557; x_wconf 89' lang='lat' dir='ltr'><strong>inter</strong></span> <span class='ocrx_word' id='word_1_430' title='bbox 2585 1501 2906 1573; x_wconf 83' lang='lat' dir='ltr'><strong>praecipuos</strong></span> <span class='ocrx_word' id='word_1_431' title='bbox 2937 1504 3066 1576; x_wconf 87' lang='lat' dir='ltr'><strong>ejus</strong></span> <span class='ocrx_word' id='word_1_432' title='bbox 3097 1506 3468 1564; x_wconf 87' lang='lat' dir='ltr'><strong>consiliarios</strong></span> <span class='ocrx_word' id='word_1_433' title='bbox 3500 1507 3604 1563; x_wconf 92' lang='lat' dir='ltr'><strong>ad-</strong></span> 
     </span>
     <span class='ocr_line' id='line_1_61' title="bbox 1947 1585 3602 1668; baseline 0.007 -26"><span class='ocrx_word' id='word_1_434' title='bbox 1947 1585 2171 1644; x_wconf 87' lang='lat' dir='ltr'><strong>missus</strong></span> <span class='ocrx_word' id='word_1_435' title='bbox 2190 1588 2249 1644; x_wconf 90' lang='lat' dir='ltr'><strong>in</strong></span> <span class='ocrx_word' id='word_1_436' title='bbox 2278 1587 2583 1646; x_wconf 89' lang='lat' dir='ltr'><strong>collatione</strong></span> <span class='ocrx_word' id='word_1_437' title='bbox 2607 1590 2804 1650; x_wconf 83' lang='lat' dir='ltr'><strong>habita</strong></span> <span class='ocrx_word' id='word_1_438' title='bbox 2825 1609 2977 1650; x_wconf 90' lang='lat' dir='ltr'><strong>auno</strong></span> <span class='ocrx_word' id='word_1_439' title='bbox 3001 1594 3143 1651; x_wconf 88' lang='grc'><strong>1166</strong></span> <span class='ocrx_word' id='word_1_440' title='bbox 3165 1596 3316 1668; x_wconf 90' lang='lat' dir='ltr'><strong>apud</strong></span> <span class='ocrx_word' id='word_1_441' title='bbox 3342 1599 3602 1655; x_wconf 89' lang='lat' dir='ltr'><strong>castrum</strong></span> 
     </span>
     <span class='ocr_line' id='line_1_62' title="bbox 1947 1675 3603 1757; baseline 0.008 -27"><span class='ocrx_word' id='word_1_442' title='bbox 1947 1675 2258 1735; x_wconf 83' lang='lat' dir='ltr'><strong>cainonem</strong></span> <span class='ocrx_word' id='word_1_443' title='bbox 2296 1679 2356 1735; x_wconf 90' lang='lat' dir='ltr'><strong>in</strong></span> <span class='ocrx_word' id='word_1_444' title='bbox 2404 1679 2763 1751; x_wconf 88' lang='lat' dir='ltr'><strong>Turonibus,</strong></span> <span class='ocrx_word' id='word_1_445' title='bbox 2821 1699 2955 1739; x_wconf 90' lang='lat' dir='ltr'><strong>cum</strong></span> <span class='ocrx_word' id='word_1_446' title='bbox 3006 1700 3102 1740; x_wconf 88' lang='lat' dir='ltr'><strong>rex</strong></span> <span class='ocrx_word' id='word_1_447' title='bbox 3135 1685 3482 1757; x_wconf 82' lang='lat' dir='ltr'><strong>praevideret</strong></span> <span class='ocrx_word' id='word_1_448' title='bbox 3540 1703 3603 1744; x_wconf 89' lang='lat' dir='ltr'><strong>se</strong></span> 
     </span>
     <span class='ocr_line' id='line_1_63' title="bbox 1948 1765 3602 1834; baseline 0.007 -12"><span class='ocrx_word' id='word_1_449' title='bbox 1948 1765 2107 1823; x_wconf 85' lang='lat' dir='ltr'><strong>brevi</strong></span> <span class='ocrx_word' id='word_1_450' title='bbox 2146 1768 2437 1826; x_wconf 92' lang='lat' dir='ltr'><strong>sententia</strong></span> <span class='ocrx_word' id='word_1_451' title='bbox 2492 1770 3119 1831; x_wconf 86' lang='lat' dir='ltr'><strong>excommunicationis</strong></span> <span class='ocrx_word' id='word_1_452' title='bbox 3181 1775 3508 1833; x_wconf 78' lang='lat' dir='ltr'><strong>feriendum</strong></span> <span class='ocrx_word' id='word_1_453' title='bbox 3566 1792 3602 1834; x_wconf 98' lang='lat' dir='ltr'><strong>a</strong></span> 
     </span>
     <span class='ocr_line' id='line_1_64' title="bbox 1949 1855 3598 1936; baseline 0.007 -25"><span class='ocrx_word' id='word_1_454' title='bbox 1949 1855 2010 1912; x_wconf 90' lang='lat' dir='ltr'><strong>S.</strong></span> <span class='ocrx_word' id='word_1_455' title='bbox 2036 1855 2282 1924; x_wconf 74' lang='lat' dir='ltr'><strong>Thomu,</strong></span> <span class='ocrx_word' id='word_1_456' title='bbox 2313 1873 2489 1931; x_wconf 91' lang='lat' dir='ltr'><strong>quem</strong></span> <span class='ocrx_word' id='word_1_457' title='bbox 2519 1859 2779 1931; x_wconf 77' lang='lat' dir='ltr'><strong>pontifex</strong></span> <span class='ocrx_word' id='word_1_458' title='bbox 2829 1859 3090 1934; x_wconf 89' lang='lat' dir='ltr'><strong>legatum</strong></span> <span class='ocrx_word' id='word_1_459' title='bbox 3125 1862 3186 1919; x_wconf 92' lang='lat' dir='ltr'><strong>in</strong></span> <span class='ocrx_word' id='word_1_460' title='bbox 3215 1863 3426 1936; x_wconf 83' lang='lat' dir='ltr'><strong>Anglia</strong></span> <span class='ocrx_word' id='word_1_461' title='bbox 3456 1881 3598 1921; x_wconf 92' lang='lat' dir='ltr'><strong>con-</strong></span> 
     </span>
     <span class='ocr_line' id='line_1_65' title="bbox 1948 1947 3593 2027; baseline 0.004 -23"><span class='ocrx_word' id='word_1_462' title='bbox 1948 1947 2242 2017; x_wconf 87' lang='lat' dir='ltr'><strong>stituerat,</strong></span> <span class='ocrx_word' id='word_1_463' title='bbox 2289 1949 2572 2007; x_wconf 79' lang='lat' dir='ltr'><strong>Arnulfus</strong></span> <span class='ocrx_word' id='word_1_464' title='bbox 2602 1950 2908 2009; x_wconf 83' lang='lat' dir='ltr'><strong>consilium</strong></span> <span class='ocrx_word' id='word_1_465' title='bbox 2956 1954 3078 2026; x_wconf 90' lang='lat' dir='ltr'><strong>regi</strong></span> <span class='ocrx_word' id='word_1_466' title='bbox 3124 1954 3285 2011; x_wconf 90' lang='lat' dir='ltr'><strong>dedit</strong></span> <span class='ocrx_word' id='word_1_467' title='bbox 3339 1954 3593 2027; x_wconf 88' lang='lat' dir='ltr'><strong>appella-</strong></span> 
     </span>
     <span class='ocr_line' id='line_1_66' title="bbox 1946 2034 3596 2113; baseline 0.004 -22"><span class='ocrx_word' id='word_1_468' title='bbox 1946 2034 2124 2092; x_wconf 86' lang='lat' dir='ltr'><strong>tionis</strong></span> <span class='ocrx_word' id='word_1_469' title='bbox 2143 2036 2217 2094; x_wconf 89' lang='lat' dir='ltr'><strong>ad</strong></span> <span class='ocrx_word' id='word_1_470' title='bbox 2238 2053 2534 2095; x_wconf 88' lang='lat' dir='ltr'><strong>summum</strong></span> <span class='ocrx_word' id='word_1_471' title='bbox 2566 2039 2903 2111; x_wconf 81' lang='lat' dir='ltr'><strong>pontificem</strong></span> <span class='ocrx_word' id='word_1_472' title='bbox 2935 2041 3336 2113; x_wconf 66' lang='lat' dir='ltr'><strong>significandas</strong></span> <span class='ocrx_word' id='word_1_473' title='bbox 3358 2044 3416 2100; x_wconf 88' lang='lat' dir='ltr'><strong>S.</strong></span> <span class='ocrx_word' id='word_1_474' title='bbox 3444 2043 3596 2099; x_wconf 86' lang='lat' dir='ltr'><strong>Tho-</strong></span> 
     </span>
     <span class='ocr_line' id='line_1_67' title="bbox 1945 2128 3599 2203; baseline 0.003 -18"><span class='ocrx_word' id='word_1_475' title='bbox 1945 2143 2078 2195; x_wconf 80' lang='lat' dir='ltr'><strong>mae,</strong></span> <span class='ocrx_word' id='word_1_476' title='bbox 2135 2128 2314 2200; x_wconf 88' lang='lat' dir='ltr'><strong>idque</strong></span> <span class='ocrx_word' id='word_1_477' title='bbox 2372 2129 2805 2199; x_wconf 87' lang='lat' dir='ltr'><strong>exsequendum</strong></span> <span class='ocrx_word' id='word_1_478' title='bbox 2834 2145 2973 2186; x_wconf 88' lang='lat' dir='ltr'><strong>cum</strong></span> <span class='ocrx_word' id='word_1_479' title='bbox 3026 2131 3295 2203; x_wconf 88' lang='lat' dir='ltr'><strong>episcopo</strong></span> <span class='ocrx_word' id='word_1_480' title='bbox 3326 2132 3599 2203; x_wconf 88' lang='lat' dir='ltr'><strong>Sagiensi</strong></span> 
     </span>
     <span class='ocr_line' id='line_1_68' title="bbox 1944 2215 3602 2293; baseline 0.001 -18"><span class='ocrx_word' id='word_1_481' title='bbox 1944 2215 2223 2290; x_wconf 82' lang='lat' dir='ltr'><strong>suscepit.</strong></span> <span class='ocrx_word' id='word_1_482' title='bbox 2237 2216 2370 2274; x_wconf 88' lang='lat' dir='ltr'><strong>Post</strong></span> <span class='ocrx_word' id='word_1_483' title='bbox 2400 2215 2618 2273; x_wconf 80' lang='lat' dir='ltr'><strong>caedem</strong></span> <span class='ocrx_word' id='word_1_484' title='bbox 2638 2232 2869 2290; x_wconf 89' lang='lat' dir='ltr'><strong>quoque</strong></span> <span class='ocrx_word' id='word_1_485' title='bbox 2894 2218 3081 2277; x_wconf 88' lang='lat' dir='ltr'><strong>sancti</strong></span> <span class='ocrx_word' id='word_1_486' title='bbox 3103 2219 3333 2276; x_wconf 84' lang='lat' dir='ltr'><strong>Thomae</strong></span> <span class='ocrx_word' id='word_1_487' title='bbox 3361 2220 3602 2293; x_wconf 87' lang='lat' dir='ltr'><strong>scripsit</strong></span> 
     </span>
     <span class='ocr_line' id='line_1_69' title="bbox 1945 2305 3597 2382; baseline 0.002 -16"><span class='ocrx_word' id='word_1_488' title='bbox 1945 2308 2019 2366; x_wconf 85' lang='lat' dir='ltr'><strong>ad</strong></span> <span class='ocrx_word' id='word_1_489' title='bbox 2052 2305 2439 2365; x_wconf 75' lang='lat' dir='ltr'><strong>Alexandrum</strong></span> <span class='ocrx_word' id='word_1_490' title='bbox 2489 2322 2700 2379; x_wconf 80' lang='lat' dir='ltr'><strong>papam</strong></span> <span class='ocrx_word' id='word_1_491' title='bbox 2750 2307 2989 2365; x_wconf 91' lang='lat' dir='ltr'><strong>nomine</strong></span> <span class='ocrx_word' id='word_1_492' title='bbox 3017 2308 3425 2382; x_wconf 90' lang='lat' dir='ltr'><strong>episcoporum</strong></span> <span class='ocrx_word' id='word_1_493' title='bbox 3458 2327 3597 2368; x_wconf 90' lang='lat' dir='ltr'><strong>om-</strong></span> 
     </span>
     <span class='ocr_line' id='line_1_70' title="bbox 1945 2396 3597 2469; baseline 0.001 -15"><span class='ocrx_word' id='word_1_494' title='bbox 1945 2396 2109 2454; x_wconf 90' lang='lat' dir='ltr'><strong>nium</strong></span> <span class='ocrx_word' id='word_1_495' title='bbox 2141 2396 2382 2469; x_wconf 79' lang='lat' dir='ltr'><strong>Angliae,</strong></span> <span class='ocrx_word' id='word_1_496' title='bbox 2414 2412 2699 2455; x_wconf 82' lang='lat' dir='ltr'><strong>excusans</strong></span> <span class='ocrx_word' id='word_1_497' title='bbox 2728 2397 3063 2469; x_wconf 87' lang='lat' dir='ltr'><strong>Henricum,</strong></span> <span class='ocrx_word' id='word_1_498' title='bbox 3098 2403 3155 2457; x_wconf 91' lang='lat' dir='ltr'><strong>et</strong></span> <span class='ocrx_word' id='word_1_499' title='bbox 3188 2401 3336 2458; x_wconf 81' lang='lat' dir='ltr'><strong>tanti</strong></span> <span class='ocrx_word' id='word_1_500' title='bbox 3358 2400 3597 2458; x_wconf 83' lang='lat' dir='ltr'><strong>sceleris</strong></span> 
     </span>
     <span class='ocr_line' id='line_1_71' title="bbox 1944 2485 3596 2563; baseline 0.002 -18"><span class='ocrx_word' id='word_1_501' title='bbox 1944 2490 2147 2545; x_wconf 89' lang='lat' dir='ltr'><strong>notam</strong></span> <span class='ocrx_word' id='word_1_502' title='bbox 2195 2485 2422 2544; x_wconf 88' lang='lat' dir='ltr'><strong>diluens</strong></span> <span class='ocrx_word' id='word_1_503' title='bbox 2471 2487 2640 2561; x_wconf 88' lang='lat' dir='ltr'><strong>epist.</strong></span> <span class='ocrx_word' id='word_1_504' title='bbox 2669 2488 2762 2546; x_wconf 87' lang='grc'><strong>79.</strong></span> <span class='ocrx_word' id='word_1_505' title='bbox 2814 2488 3123 2563; x_wconf 88' lang='lat' dir='ltr'><strong>Reperitur</strong></span> <span class='ocrx_word' id='word_1_506' title='bbox 3162 2491 3332 2548; x_wconf 91' lang='lat' dir='ltr'><strong>annis</strong></span> <span class='ocrx_word' id='word_1_507' title='bbox 3368 2491 3507 2547; x_wconf 90' lang='grc'><strong>1170</strong></span> <span class='ocrx_word' id='word_1_508' title='bbox 3536 2496 3596 2548; x_wconf 90' lang='lat' dir='ltr'><strong>et</strong></span> 
     </span>
     <span class='ocr_line' id='line_1_72' title="bbox 1946 2576 3589 2654; baseline 0.002 -20"><span class='ocrx_word' id='word_1_509' title='bbox 1946 2577 2086 2634; x_wconf 92' lang='grc'><strong>1179</strong></span> <span class='ocrx_word' id='word_1_510' title='bbox 2114 2576 2175 2635; x_wconf 93' lang='lat' dir='ltr'><strong>in</strong></span> <span class='ocrx_word' id='word_1_511' title='bbox 2231 2576 2642 2636; x_wconf 87' lang='lat' dir='ltr'><strong>instrumentis</strong></span> <span class='ocrx_word' id='word_1_512' title='bbox 2695 2577 2881 2637; x_wconf 89' lang='lat' dir='ltr'><strong>Vallis</strong></span> <span class='ocrx_word' id='word_1_513' title='bbox 2921 2579 3191 2653; x_wconf 88' lang='lat' dir='ltr'><strong>Richerii,</strong></span> <span class='ocrx_word' id='word_1_514' title='bbox 3225 2597 3340 2654; x_wconf 91' lang='lat' dir='ltr'><strong>quo</strong></span> <span class='ocrx_word' id='word_1_515' title='bbox 3380 2580 3589 2638; x_wconf 87' lang='lat' dir='ltr'><strong>ultime</strong></span> 
     </span>
     <span class='ocr_line' id='line_1_73' title="bbox 1943 2665 3585 2728; baseline 0.001 -3"><span class='ocrx_word' id='word_1_516' title='bbox 1943 2665 2231 2725; x_wconf 85' lang='lat' dir='ltr'><strong>concessit</strong></span> <span class='ocrx_word' id='word_1_517' title='bbox 2269 2666 2573 2724; x_wconf 89' lang='lat' dir='ltr'><strong>monachis</strong></span> <span class='ocrx_word' id='word_1_518' title='bbox 2611 2667 2941 2727; x_wconf 87' lang='lat' dir='ltr'><strong>libertatem</strong></span> <span class='ocrx_word' id='word_1_519' title='bbox 2971 2678 3025 2727; x_wconf 91' lang='lat' dir='ltr'><strong>et</strong></span> <span class='ocrx_word' id='word_1_520' title='bbox 3063 2670 3491 2728; x_wconf 82' lang='lat' dir='ltr'><strong>immunitatem</strong></span> <span class='ocrx_word' id='word_1_521' title='bbox 3523 2669 3585 2726; x_wconf 90' lang='lat' dir='ltr'><strong>in</strong></span> 
     </span>
     <span class='ocr_line' id='line_1_74' title="bbox 1944 2758 3591 2821; baseline 0.002 -4"><span class='ocrx_word' id='word_1_522' title='bbox 1944 2758 2175 2818; x_wconf 86' lang='lat' dir='ltr'><strong>civitate</strong></span> <span class='ocrx_word' id='word_1_523' title='bbox 2205 2762 2261 2816; x_wconf 92' lang='lat' dir='ltr'><strong>et</strong></span> <span class='ocrx_word' id='word_1_524' title='bbox 2281 2763 2534 2818; x_wconf 89' lang='lat' dir='ltr'><strong>mercato</strong></span> <span class='ocrx_word' id='word_1_525' title='bbox 2564 2760 2927 2820; x_wconf 83' lang='lat' dir='ltr'><strong>Lexoviensi.</strong></span> <span class='ocrx_word' id='word_1_526' title='bbox 2949 2763 3165 2821; x_wconf 77' lang='lat' dir='ltr'><strong>Eodem</strong></span> <span class='ocrx_word' id='word_1_527' title='bbox 3190 2763 3377 2821; x_wconf 88' lang='lat' dir='ltr'><strong>astitit</strong></span> <span class='ocrx_word' id='word_1_528' title='bbox 3403 2767 3591 2821; x_wconf 87' lang='lat' dir='ltr'><strong>trans·</strong></span> 
     </span>
     <span class='ocr_line' id='line_1_75' title="bbox 1944 2849 3588 2927; baseline 0.003 -21"><span class='ocrx_word' id='word_1_529' title='bbox 1944 2849 2151 2907; x_wconf 93' lang='lat' dir='ltr'><strong>lationi</strong></span> <span class='ocrx_word' id='word_1_530' title='bbox 2206 2849 2465 2920; x_wconf 89' lang='lat' dir='ltr'><strong>corporis</strong></span> <span class='ocrx_word' id='word_1_531' title='bbox 2512 2849 2571 2908; x_wconf 91' lang='lat' dir='ltr'><strong>S.</strong></span> <span class='ocrx_word' id='word_1_532' title='bbox 2606 2850 2854 2908; x_wconf 88' lang='lat' dir='ltr'><strong>Romani</strong></span> <span class='ocrx_word' id='word_1_533' title='bbox 2891 2852 3313 2927; x_wconf 88' lang='lat' dir='ltr'><strong>archiepiscopi</strong></span> <span class='ocrx_word' id='word_1_534' title='bbox 3368 2853 3588 2911; x_wconf 87' lang='lat' dir='ltr'><strong>Rotbo-</strong></span> 
     </span>
     <span class='ocr_line' id='line_1_76' title="bbox 1944 2938 3589 3015; baseline 0.002 -19"><span class='ocrx_word' id='word_1_535' title='bbox 1944 2938 2261 3013; x_wconf 88' lang='lat' dir='ltr'><strong>magensis.</strong></span> <span class='ocrx_word' id='word_1_536' title='bbox 2294 2939 2537 2997; x_wconf 90' lang='lat' dir='ltr'><strong>Biennio</strong></span> <span class='ocrx_word' id='word_1_537' title='bbox 2567 2944 2700 2998; x_wconf 89' lang='lat' dir='ltr'><strong>ante</strong></span> <span class='ocrx_word' id='word_1_538' title='bbox 2730 2946 3025 3015; x_wconf 87' lang='lat' dir='ltr'><strong>acceptam</strong></span> <span class='ocrx_word' id='word_1_539' title='bbox 3056 2941 3198 3000; x_wconf 90' lang='lat' dir='ltr'><strong>olim</strong></span> <span class='ocrx_word' id='word_1_540' title='bbox 3239 2943 3312 3000; x_wconf 92' lang='lat' dir='ltr'><strong>ab</strong></span> <span class='ocrx_word' id='word_1_541' title='bbox 3342 2942 3589 3002; x_wconf 87' lang='lat' dir='ltr'><strong>Henrico</strong></span> 
     </span>
     <span class='ocr_line' id='line_1_77' title="bbox 1945 3029 3594 3104; baseline 0.002 -17"><span class='ocrx_word' id='word_1_542' title='bbox 1945 3046 2080 3104; x_wconf 90' lang='lat' dir='ltr'><strong>rege</strong></span> <span class='ocrx_word' id='word_1_543' title='bbox 2109 3029 2532 3103; x_wconf 88' lang='lat' dir='ltr'><strong>cappellaniam</strong></span> <span class='ocrx_word' id='word_1_544' title='bbox 2557 3032 2628 3089; x_wconf 90' lang='lat' dir='ltr'><strong>de</strong></span> <span class='ocrx_word' id='word_1_545' title='bbox 2649 3032 2934 3090; x_wconf 89' lang='lat' dir='ltr'><strong>Boscham</strong></span> <span class='ocrx_word' id='word_1_546' title='bbox 2955 3034 3292 3092; x_wconf 83' lang='lat' dir='ltr'><strong>restituerat</strong></span> <span class='ocrx_word' id='word_1_547' title='bbox 3314 3037 3370 3091; x_wconf 89' lang='lat' dir='ltr'><strong>et</strong></span> <span class='ocrx_word' id='word_1_548' title='bbox 3391 3050 3594 3091; x_wconf 90' lang='lat' dir='ltr'><strong>mona-</strong></span> 
     </span>
     <span class='ocr_line' id='line_1_78' title="bbox 1946 3119 3587 3182; baseline 0.001 -3"><span class='ocrx_word' id='word_1_549' title='bbox 1946 3121 2121 3179; x_wconf 90' lang='lat' dir='ltr'><strong>sterio</strong></span> <span class='ocrx_word' id='word_1_550' title='bbox 2174 3120 2234 3177; x_wconf 93' lang='lat' dir='ltr'><strong>S.</strong></span> <span class='ocrx_word' id='word_1_551' title='bbox 2282 3119 2532 3177; x_wconf 88' lang='lat' dir='ltr'><strong>Victoris</strong></span> <span class='ocrx_word' id='word_1_552' title='bbox 2581 3121 2926 3180; x_wconf 86' lang='lat' dir='ltr'><strong>Parisiensis</strong></span> <span class='ocrx_word' id='word_1_553' title='bbox 2983 3123 3226 3182; x_wconf 88' lang='lat' dir='ltr'><strong>dederat</strong></span> <span class='ocrx_word' id='word_1_554' title='bbox 3280 3123 3587 3182; x_wconf 86' lang='lat' dir='ltr'><strong>ecclesiam</strong></span> 
     </span>
     <span class='ocr_line' id='line_1_79' title="bbox 1944 3206 2891 3268; baseline 0.005 -5"><span class='ocrx_word' id='word_1_555' title='bbox 1944 3207 2008 3266; x_wconf 92' lang='lat' dir='ltr'><strong>B.</strong></span> <span class='ocrx_word' id='word_1_556' title='bbox 2040 3206 2189 3265; x_wconf 90' lang='lat' dir='ltr'><strong>Petri</strong></span> <span class='ocrx_word' id='word_1_557' title='bbox 2220 3207 2289 3263; x_wconf 89' lang='lat' dir='ltr'><strong>de</strong></span> <span class='ocrx_word' id='word_1_558' title='bbox 2318 3206 2522 3264; x_wconf 88' lang='lat' dir='ltr'><strong>Gaccio</strong></span> <span class='ocrx_word' id='word_1_559' title='bbox 2553 3224 2705 3267; x_wconf 89' lang='lat' dir='ltr'><strong>anno</strong></span> <span class='ocrx_word' id='word_1_560' title='bbox 2731 3208 2891 3268; x_wconf 87' lang='grc'><strong>1177.</strong></span> 
     </span>
    </p>

    <p class='ocr_par' dir='ltr' id='par_1_9' title="bbox 1935 3296 3593 4449">
     <span class='ocr_line' id='line_1_80' title="bbox 2013 3296 3588 3360; baseline 0.004 -7"><span class='ocrx_word' id='word_1_561' title='bbox 2013 3296 2375 3354; x_wconf 85' lang='lat' dir='ltr'><strong>Memoratur</strong></span> <span class='ocrx_word' id='word_1_562' title='bbox 2394 3296 2587 3355; x_wconf 91' lang='lat' dir='ltr'><strong>adhuc</strong></span> <span class='ocrx_word' id='word_1_563' title='bbox 2607 3297 2667 3355; x_wconf 93' lang='lat' dir='ltr'><strong>in</strong></span> <span class='ocrx_word' id='word_1_564' title='bbox 2698 3298 2919 3358; x_wconf 84' lang='lat' dir='ltr'><strong>chartis</strong></span> <span class='ocrx_word' id='word_1_565' title='bbox 2941 3301 3227 3360; x_wconf 87' lang='lat' dir='ltr'><strong>Saviniaci</strong></span> <span class='ocrx_word' id='word_1_566' title='bbox 3248 3319 3402 3360; x_wconf 91' lang='lat' dir='ltr'><strong>anno</strong></span> <span class='ocrx_word' id='word_1_567' title='bbox 3428 3303 3588 3360; x_wconf 92' lang='grc'><strong>1180.</strong></span> 
     </span>
     <span class='ocr_line' id='line_1_81' title="bbox 1943 3386 3593 3467; baseline 0.003 -22"><span class='ocrx_word' id='word_1_568' title='bbox 1943 3386 2276 3458; x_wconf 88' lang='lat' dir='ltr'><strong>Insequenti</strong></span> <span class='ocrx_word' id='word_1_569' title='bbox 2309 3386 2443 3441; x_wconf 90' lang='grc'><strong>1181</strong></span> <span class='ocrx_word' id='word_1_570' title='bbox 2470 3386 2624 3460; x_wconf 88' lang='lat' dir='ltr'><strong>regis</strong></span> <span class='ocrx_word' id='word_1_571' title='bbox 2652 3389 2986 3464; x_wconf 83' lang='lat' dir='ltr'><strong>summique</strong></span> <span class='ocrx_word' id='word_1_572' title='bbox 3008 3392 3301 3464; x_wconf 83' lang='lat' dir='ltr'><strong>pontificis</strong></span> <span class='ocrx_word' id='word_1_573' title='bbox 3324 3393 3593 3467; x_wconf 90' lang='lat' dir='ltr'><strong>indigna·</strong></span> 
     </span>
     <span class='ocr_line' id='line_1_82' title="bbox 1939 3474 3588 3557; baseline 0.003 -24"><span class='ocrx_word' id='word_1_574' title='bbox 1939 3476 2164 3534; x_wconf 89' lang='lat' dir='ltr'><strong>tionem</strong></span> <span class='ocrx_word' id='word_1_575' title='bbox 2185 3474 2433 3532; x_wconf 89' lang='lat' dir='ltr'><strong>incurrit</strong></span> <span class='ocrx_word' id='word_1_576' title='bbox 2455 3492 2471 3546; x_wconf 78' lang='lat'>3</span> <span class='ocrx_word' id='word_1_577' title='bbox 2499 3474 2609 3534; x_wconf 91' lang='lat' dir='ltr'><strong>hoc</strong></span> <span class='ocrx_word' id='word_1_578' title='bbox 2640 3477 2799 3536; x_wconf 89' lang='lat' dir='ltr'><strong>enim</strong></span> <span class='ocrx_word' id='word_1_579' title='bbox 2830 3495 2985 3537; x_wconf 92' lang='lat' dir='ltr'><strong>anno</strong></span> <span class='ocrx_word' id='word_1_580' title='bbox 3007 3480 3081 3538; x_wconf 91' lang='lat' dir='ltr'><strong>ad</strong></span> <span class='ocrx_word' id='word_1_581' title='bbox 3103 3482 3349 3540; x_wconf 89' lang='lat' dir='ltr'><strong>Lucium</strong></span> <span class='ocrx_word' id='word_1_582' title='bbox 3373 3498 3588 3557; x_wconf 89' lang='lat' dir='ltr'><strong>papam</strong></span> 
     </span>
     <span class='ocr_line' id='line_1_83' title="bbox 1939 3565 3592 3639; baseline 0.003 -16"><span class='ocrx_word' id='word_1_583' title='bbox 1939 3565 2206 3639; x_wconf 89' lang='lat' dir='ltr'><strong>querelas</strong></span> <span class='ocrx_word' id='word_1_584' title='bbox 2252 3565 2535 3623; x_wconf 87' lang='lat' dir='ltr'><strong>adversus</strong></span> <span class='ocrx_word' id='word_1_585' title='bbox 2568 3568 2885 3627; x_wconf 78' lang='lat' dir='ltr'><strong>Arnuli&#39;um</strong></span> <span class='ocrx_word' id='word_1_586' title='bbox 2936 3571 3274 3629; x_wconf 89' lang='lat' dir='ltr'><strong>detulerunt</strong></span> <span class='ocrx_word' id='word_1_587' title='bbox 3322 3570 3592 3630; x_wconf 87' lang='lat' dir='ltr'><strong>canonici</strong></span> 
     </span>
     <span class='ocr_line' id='line_1_84' title="bbox 1939 3655 3592 3732; baseline 0.005 -20"><span class='ocrx_word' id='word_1_588' title='bbox 1939 3655 2178 3730; x_wconf 90' lang='lat' dir='ltr'><strong>quidam</strong></span> <span class='ocrx_word' id='word_1_589' title='bbox 2236 3655 2645 3729; x_wconf 86' lang='lat' dir='ltr'><strong>Lexovienses,</strong></span> <span class='ocrx_word' id='word_1_590' title='bbox 2703 3659 2918 3732; x_wconf 89' lang='lat' dir='ltr'><strong>quibus</strong></span> <span class='ocrx_word' id='word_1_591' title='bbox 2968 3662 3243 3732; x_wconf 88' lang='lat' dir='ltr'><strong>acceptis,</strong></span> <span class='ocrx_word' id='word_1_592' title='bbox 3296 3663 3510 3720; x_wconf 84' lang='lat' dir='ltr'><strong>Lucius</strong></span> <span class='ocrx_word' id='word_1_593' title='bbox 3557 3681 3592 3719; x_wconf 86' lang='lat' dir='ltr'><strong>a</strong></span> 
     </span>
     <span class='ocr_line' id='line_1_85' title="bbox 1939 3744 3588 3824; baseline 0.004 -21"><span class='ocrx_word' id='word_1_594' title='bbox 1939 3762 2153 3818; x_wconf 85' lang='lat' dir='ltr'><strong>magna</strong></span> <span class='ocrx_word' id='word_1_595' title='bbox 2183 3745 2362 3803; x_wconf 79' lang='lat' dir='ltr'><strong>officii</strong></span> <span class='ocrx_word' id='word_1_596' title='bbox 2392 3744 2740 3820; x_wconf 89' lang='lat' dir='ltr'><strong>episcopalis</strong></span> <span class='ocrx_word' id='word_1_597' title='bbox 2769 3753 2934 3822; x_wconf 88' lang='lat' dir='ltr'><strong>parte</strong></span> <span class='ocrx_word' id='word_1_598' title='bbox 2962 3766 3096 3808; x_wconf 90' lang='lat' dir='ltr'><strong>eum</strong></span> <span class='ocrx_word' id='word_1_599' title='bbox 3129 3751 3458 3824; x_wconf 89' lang='lat' dir='ltr'><strong>suspendit.</strong></span> <span class='ocrx_word' id='word_1_600' title='bbox 3482 3751 3588 3810; x_wconf 90' lang='lat' dir='ltr'><strong>La·</strong></span> 
     </span>
     <span class='ocr_line' id='line_1_86' title="bbox 1937 3834 3591 3913; baseline 0.004 -20"><span class='ocrx_word' id='word_1_601' title='bbox 1937 3838 2062 3893; x_wconf 88' lang='lat' dir='ltr'><strong>tam</strong></span> <span class='ocrx_word' id='word_1_602' title='bbox 2089 3834 2327 3907; x_wconf 88' lang='lat' dir='ltr'><strong>quidem</strong></span> <span class='ocrx_word' id='word_1_603' title='bbox 2359 3835 2717 3907; x_wconf 86' lang='lat' dir='ltr'><strong>ajudicibus</strong></span> <span class='ocrx_word' id='word_1_604' title='bbox 2747 3840 3099 3897; x_wconf 88' lang='lat' dir='ltr'><strong>sententiam</strong></span> <span class='ocrx_word' id='word_1_605' title='bbox 3122 3845 3328 3913; x_wconf 88' lang='lat' dir='ltr'><strong>postea</strong></span> <span class='ocrx_word' id='word_1_606' title='bbox 3350 3843 3591 3899; x_wconf 90' lang='lat' dir='ltr'><strong>rescidit</strong></span> 
     </span>
     <span class='ocr_line' id='line_1_87' title="bbox 1936 3924 3587 4004; baseline 0.004 -22"><span class='ocrx_word' id='word_1_607' title='bbox 1936 3941 2206 3983; x_wconf 82' lang='lat' dir='ltr'><strong>summus</strong></span> <span class='ocrx_word' id='word_1_608' title='bbox 2262 3924 2544 3999; x_wconf 75' lang='lat' dir='ltr'><strong>pontifex,</strong></span> <span class='ocrx_word' id='word_1_609' title='bbox 2576 3927 2679 3984; x_wconf 89' lang='lat' dir='ltr'><strong>sed</strong></span> <span class='ocrx_word' id='word_1_610' title='bbox 2729 3927 2955 3999; x_wconf 85' lang='lat' dir='ltr'><strong>judicio</strong></span> <span class='ocrx_word' id='word_1_611' title='bbox 3013 3930 3211 3987; x_wconf 81' lang='lat' dir='ltr'><strong>statim</strong></span> <span class='ocrx_word' id='word_1_612' title='bbox 3269 3931 3587 4004; x_wconf 89' lang='lat' dir='ltr'><strong>apostolico</strong></span> 
     </span>
     <span class='ocr_line' id='line_1_88' title="bbox 1938 4013 3592 4094; baseline 0.002 -21"><span class='ocrx_word' id='word_1_613' title='bbox 1938 4014 2257 4073; x_wconf 83' lang='lat' dir='ltr'><strong>damnatus</strong></span> <span class='ocrx_word' id='word_1_614' title='bbox 2286 4013 2571 4072; x_wconf 85' lang='lat' dir='ltr'><strong>Arnull&#39;us</strong></span> <span class='ocrx_word' id='word_1_615' title='bbox 2616 4024 2869 4074; x_wconf 88' lang='lat' dir='ltr'><strong>cesserat</strong></span> <span class='ocrx_word' id='word_1_616' title='bbox 2895 4017 3201 4092; x_wconf 85' lang='lat' dir='ltr'><strong>dignitate,</strong></span> <span class='ocrx_word' id='word_1_617' title='bbox 3231 4024 3299 4078; x_wconf 92' lang='lat' dir='ltr'><strong>ut</strong></span> <span class='ocrx_word' id='word_1_618' title='bbox 3353 4036 3592 4094; x_wconf 90' lang='lat' dir='ltr'><strong>semper</strong></span> 
     </span>
     <span class='ocr_line' id='line_1_89' title="bbox 1935 4104 3589 4181; baseline 0.001 -17"><span class='ocrx_word' id='word_1_619' title='bbox 1935 4108 2250 4179; x_wconf 87' lang='lat' dir='ltr'><strong>optaverat.</strong></span> <span class='ocrx_word' id='word_1_620' title='bbox 2307 4104 2656 4177; x_wconf 90' lang='lat' dir='ltr'><strong>Priusquam</strong></span> <span class='ocrx_word' id='word_1_621' title='bbox 2706 4113 2900 4164; x_wconf 90' lang='lat' dir='ltr'><strong>autem</strong></span> <span class='ocrx_word' id='word_1_622' title='bbox 2932 4110 3178 4181; x_wconf 90' lang='lat' dir='ltr'><strong>cederet,</strong></span> <span class='ocrx_word' id='word_1_623' title='bbox 3211 4110 3402 4169; x_wconf 83' lang='lat' dir='ltr'><strong>virum</strong></span> <span class='ocrx_word' id='word_1_624' title='bbox 3433 4111 3589 4169; x_wconf 88' lang='lat' dir='ltr'><strong>inter</strong></span> 
     </span>
     <span class='ocr_line' id='line_1_90' title="bbox 1935 4192 3587 4259; baseline 0.002 -9"><span class='ocrx_word' id='word_1_625' title='bbox 1935 4210 2073 4251; x_wconf 84' lang='lat' dir='ltr'><strong>suos</strong></span> <span class='ocrx_word' id='word_1_626' title='bbox 2124 4192 2606 4251; x_wconf 87' lang='lat' dir='ltr'><strong>eruditissimum.</strong></span> <span class='ocrx_word' id='word_1_627' title='bbox 2637 4193 2870 4254; x_wconf 89' lang='lat' dir='ltr'><strong>Petrum</strong></span> <span class='ocrx_word' id='word_1_628' title='bbox 2902 4197 3235 4259; x_wconf 88' lang='lat' dir='ltr'><strong>Blesensem</strong></span> <span class='ocrx_word' id='word_1_629' title='bbox 3291 4198 3587 4258; x_wconf 89' lang='lat' dir='ltr'><strong>consuluit</strong></span> 
     </span>
     <span class='ocr_line' id='line_1_91' title="bbox 1935 4282 3586 4348; baseline 0.002 -8"><span class='ocrx_word' id='word_1_630' title='bbox 1935 4282 2162 4340; x_wconf 87' lang='lat' dir='ltr'><strong>cuinam</strong></span> <span class='ocrx_word' id='word_1_631' title='bbox 2194 4283 2318 4338; x_wconf 89' lang='lat' dir='ltr'><strong>ioco</strong></span> <span class='ocrx_word' id='word_1_632' title='bbox 2345 4298 2476 4339; x_wconf 86' lang='lat' dir='ltr'><strong>sese</strong></span> <span class='ocrx_word' id='word_1_633' title='bbox 2497 4284 2792 4342; x_wconf 86' lang='lat' dir='ltr'><strong>addiceret</strong></span> <span class='ocrx_word' id='word_1_634' title='bbox 2813 4287 3081 4346; x_wconf 89' lang='lat' dir='ltr'><strong>seclusus</strong></span> <span class='ocrx_word' id='word_1_635' title='bbox 3112 4291 3185 4348; x_wconf 90' lang='lat' dir='ltr'><strong>ab</strong></span> <span class='ocrx_word' id='word_1_636' title='bbox 3216 4289 3380 4348; x_wconf 91' lang='lat' dir='ltr'><strong>omni</strong></span> <span class='ocrx_word' id='word_1_637' title='bbox 3402 4289 3586 4346; x_wconf 92' lang='lat' dir='ltr'><strong>laico-</strong></span> 
     </span>
     <span class='ocr_line' id='line_1_92' title="bbox 1935 4369 3578 4449; baseline 0.003 -21"><span class='ocrx_word' id='word_1_638' title='bbox 1935 4386 2069 4428; x_wconf 91' lang='lat' dir='ltr'><strong>rum</strong></span> <span class='ocrx_word' id='word_1_639' title='bbox 2099 4369 2392 4428; x_wconf 89' lang='lat' dir='ltr'><strong>coneortio</strong></span> <span class='ocrx_word' id='word_1_640' title='bbox 2413 4371 3037 4447; x_wconf 81' lang='lat' dir='ltr'><strong>saeculari.Respondit</strong></span> <span class='ocrx_word' id='word_1_641' title='bbox 3069 4379 3277 4433; x_wconf 79' lang='lat' dir='ltr'><strong>Petrus</strong></span> <span class='ocrx_word' id='word_1_642' title='bbox 3308 4379 3480 4449; x_wconf 88' lang='lat' dir='ltr'><strong>epist.</strong></span> <span class='ocrx_word' id='word_1_643' title='bbox 3508 4378 3578 4433; x_wconf 78' lang='lat'><strong>44</strong></span> 
     </span>
    </p>
   </div>
   <div class='ocr_carea' id='block_1_9' title="bbox 172 4438 3587 4535">
    <p class='ocr_par' dir='ltr' id='par_1_10' title="bbox 172 4438 3587 4535">
     <span class='ocr_line' id='line_1_93' title="bbox 172 4438 3587 4535; baseline 0.001 -15"><span class='ocrx_word' id='word_1_644' title='bbox 172 4461 399 4520; x_wconf 87' lang='lat' dir='ltr'><strong>unitate</strong></span> <span class='ocrx_word' id='word_1_645' title='bbox 426 4459 699 4519; x_wconf 67' lang='lat' dir='ltr'><strong>Ecclesia</strong></span> <span class='ocrx_word' id='word_1_646' title='bbox 729 4458 1029 4517; x_wconf 62' lang='lat' dir='ltr'><strong>catholicas</strong></span> <span class='ocrx_word' id='word_1_647' title='bbox 1058 4464 1198 4515; x_wconf 91' lang='lat' dir='ltr'><strong>tunc</strong></span> <span class='ocrx_word' id='word_1_648' title='bbox 1221 4457 1537 4516; x_wconf 89' lang='lat' dir='ltr'><strong>schismate</strong></span> <span class='ocrx_word' id='word_1_649' title='bbox 1576 4459 1820 4516; x_wconf 80' lang='lat' dir='ltr'><strong>turbatas</strong></span> <span class='ocrx_word' id='word_1_650' title='bbox 1851 4438 1899 4503; x_wconf 82' lang='lat' dir='ltr'>D</span> <span class='ocrx_word' id='word_1_651' title='bbox 1928 4460 2099 4532; x_wconf 90' lang='lat' dir='ltr'><strong>eique</strong></span> <span class='ocrx_word' id='word_1_652' title='bbox 2128 4460 2335 4517; x_wconf 89' lang='lat' dir='ltr'><strong>suadet</strong></span> <span class='ocrx_word' id='word_1_653' title='bbox 2370 4463 2437 4517; x_wconf 91' lang='lat' dir='ltr'><strong>ut</strong></span> <span class='ocrx_word' id='word_1_654' title='bbox 2466 4460 2828 4535; x_wconf 87' lang='lat' dir='ltr'><strong>episcopatui</strong></span> <span class='ocrx_word' id='word_1_655' title='bbox 2868 4464 3106 4523; x_wconf 89' lang='lat' dir='ltr'><strong>minime</strong></span> <span class='ocrx_word' id='word_1_656' title='bbox 3135 4466 3315 4523; x_wconf 90' lang='lat' dir='ltr'><strong>cedat</strong></span> <span class='ocrx_word' id='word_1_657' title='bbox 3351 4467 3426 4523; x_wconf 92' lang='lat' dir='ltr'><strong>ob</strong></span> <span class='ocrx_word' id='word_1_658' title='bbox 3459 4482 3587 4523; x_wconf 91' lang='lat' dir='ltr'><strong>mo·</strong></span> 
     </span>
    </p>
   </div>
   <div class='ocr_carea' id='block_1_10' title="bbox 166 4547 1822 5617">
    <p class='ocr_par' dir='ltr' id='par_1_11' title="bbox 166 4547 1822 5617">
     <span class='ocr_line' id='line_1_94' title="bbox 173 4547 1818 4621; baseline -0.001 -13"><span class='ocrx_word' id='word_1_659' title='bbox 173 4549 556 4608; x_wconf 81' lang='lat' dir='ltr'><strong>fluctuantem</strong></span> <span class='ocrx_word' id='word_1_660' title='bbox 580 4548 980 4607; x_wconf 84' lang='lat' dir='ltr'><strong>stabilivisset.</strong></span> <span class='ocrx_word' id='word_1_661' title='bbox 1024 4547 1297 4605; x_wconf 75' lang='lat' dir='ltr'><strong>Interfuit</strong></span> <span class='ocrx_word' id='word_1_662' title='bbox 1335 4563 1488 4604; x_wconf 90' lang='lat' dir='ltr'><strong>anno</strong></span> <span class='ocrx_word' id='word_1_663' title='bbox 1511 4549 1650 4605; x_wconf 83' lang='lat'>1162</span> <span class='ocrx_word' id='word_1_664' title='bbox 1670 4550 1818 4621; x_wconf 91' lang='lat' dir='ltr'><strong>apud</strong></span> 
     </span>
     <span class='ocr_line' id='line_1_95' title="bbox 170 4636 1822 4710; baseline -0.001 -12"><span class='ocrx_word' id='word_1_665' title='bbox 170 4638 525 4698; x_wconf 81' lang='lat' dir='ltr'><strong>Fiecannum</strong></span> <span class='ocrx_word' id='word_1_666' title='bbox 556 4636 859 4697; x_wconf 88' lang='lat' dir='ltr'><strong>translatis</strong></span> <span class='ocrx_word' id='word_1_667' title='bbox 879 4636 952 4696; x_wconf 91' lang='lat' dir='ltr'><strong>ab</strong></span> <span class='ocrx_word' id='word_1_668' title='bbox 982 4636 1230 4694; x_wconf 87' lang='lat' dir='ltr'><strong>Henrico</strong></span> <span class='ocrx_word' id='word_1_669' title='bbox 1258 4636 1450 4710; x_wconf 84' lang='lat' dir='ltr'><strong>legato</strong></span> <span class='ocrx_word' id='word_1_670' title='bbox 1480 4636 1743 4710; x_wconf 88' lang='lat' dir='ltr'><strong>reliquiis</strong></span> <span class='ocrx_word' id='word_1_671' title='bbox 1763 4642 1822 4696; x_wconf 92' lang='lat' dir='ltr'><strong>et</strong></span> 
     </span>
     <span class='ocr_line' id='line_1_96' title="bbox 170 4726 1816 4800; baseline -0.002 -13"><span class='ocrx_word' id='word_1_672' title='bbox 170 4727 493 4787; x_wconf 86' lang='lat' dir='ltr'><strong>Richardil</strong></span> <span class='ocrx_word' id='word_1_673' title='bbox 521 4732 579 4787; x_wconf 90' lang='lat' dir='ltr'><strong>et</strong></span> <span class='ocrx_word' id='word_1_674' title='bbox 609 4728 660 4785; x_wconf 86' lang='lat'><strong>11</strong></span> <span class='ocrx_word' id='word_1_675' title='bbox 693 4728 911 4785; x_wconf 90' lang='lat' dir='ltr'><strong>ducum</strong></span> <span class='ocrx_word' id='word_1_676' title='bbox 943 4726 1305 4800; x_wconf 84' lang='lat' dir='ltr'><strong>corporibus.</strong></span> <span class='ocrx_word' id='word_1_677' title='bbox 1332 4729 1391 4783; x_wconf 90' lang='lat' dir='ltr'><strong>et</strong></span> <span class='ocrx_word' id='word_1_678' title='bbox 1420 4743 1573 4783; x_wconf 91' lang='lat' dir='ltr'><strong>anno</strong></span> <span class='ocrx_word' id='word_1_679' title='bbox 1597 4727 1816 4784; x_wconf 79' lang='lat'>1163111</span> 
     </span>
     <span class='ocr_line' id='line_1_97' title="bbox 169 4816 1816 4890; baseline 0 -15"><span class='ocrx_word' id='word_1_680' title='bbox 169 4817 308 4877; x_wconf 83' lang='lat' dir='ltr'><strong>Idus</strong></span> <span class='ocrx_word' id='word_1_681' title='bbox 336 4818 567 4876; x_wconf 88' lang='lat' dir='ltr'><strong>Octobr.</strong></span> <span class='ocrx_word' id='word_1_682' title='bbox 601 4816 974 4875; x_wconf 86' lang='lat' dir='ltr'><strong>translationi</strong></span> <span class='ocrx_word' id='word_1_683' title='bbox 1019 4816 1276 4890; x_wconf 86' lang='lat' dir='ltr'><strong>corporis</strong></span> <span class='ocrx_word' id='word_1_684' title='bbox 1322 4816 1383 4873; x_wconf 90' lang='lat' dir='ltr'><strong>S.</strong></span> <span class='ocrx_word' id='word_1_685' title='bbox 1415 4817 1665 4874; x_wconf 81' lang='lat' dir='ltr'><strong>Eduardi</strong></span> <span class='ocrx_word' id='word_1_686' title='bbox 1697 4820 1816 4875; x_wconf 90' lang='lat' dir='ltr'><strong>An-</strong></span> 
     </span>
     <span class='ocr_line' id='line_1_98' title="bbox 169 4903 1816 4982; baseline 0 -19"><span class='ocrx_word' id='word_1_687' title='bbox 169 4905 301 4982; x_wconf 73' lang='lat' dir='ltr'><strong>glite</strong></span> <span class='ocrx_word' id='word_1_688' title='bbox 322 4907 477 4981; x_wconf 88' lang='lat' dir='ltr'><strong>regis</strong></span> <span class='ocrx_word' id='word_1_689' title='bbox 498 4908 654 4981; x_wconf 89' lang='lat' dir='ltr'><strong>apud</strong></span> <span class='ocrx_word' id='word_1_690' title='bbox 681 4904 1288 4965; x_wconf 83' lang='lat' dir='ltr'><strong>westmonasterium.</strong></span> <span class='ocrx_word' id='word_1_691' title='bbox 1307 4903 1371 4961; x_wconf 87' lang='lat' dir='ltr'><strong>In</strong></span> <span class='ocrx_word' id='word_1_692' title='bbox 1392 4905 1612 4977; x_wconf 81' lang='lat' dir='ltr'><strong>synodo</strong></span> <span class='ocrx_word' id='word_1_693' title='bbox 1635 4906 1816 4964; x_wconf 87' lang='lat' dir='ltr'><strong>Turo-</strong></span> 
     </span>
     <span class='ocr_line' id='line_1_99' title="bbox 168 4993 1815 5068; baseline 0 -14"><span class='ocrx_word' id='word_1_694' title='bbox 168 4996 336 5055; x_wconf 89' lang='lat' dir='ltr'><strong>nensi</strong></span> <span class='ocrx_word' id='word_1_695' title='bbox 397 4994 540 5053; x_wconf 89' lang='lat' dir='ltr'><strong>anni</strong></span> <span class='ocrx_word' id='word_1_696' title='bbox 597 4995 865 5068; x_wconf 82' lang='lat' dir='ltr'><strong>ejusdem</strong></span> <span class='ocrx_word' id='word_1_697' title='bbox 926 4996 1105 5068; x_wconf 86' lang='lat' dir='ltr'><strong>jussu</strong></span> <span class='ocrx_word' id='word_1_698' title='bbox 1158 4993 1450 5066; x_wconf 81' lang='lat' dir='ltr'><strong>pontificis</strong></span> <span class='ocrx_word' id='word_1_699' title='bbox 1500 4993 1815 5054; x_wconf 85' lang='lat' dir='ltr'><strong>orationem</strong></span> 
     </span>
     <span class='ocr_line' id='line_1_100' title="bbox 166 5083 1814 5158; baseline -0.001 -14"><span class='ocrx_word' id='word_1_700' title='bbox 166 5084 397 5155; x_wconf 84' lang='lat' dir='ltr'><strong>hahuit,</strong></span> <span class='ocrx_word' id='word_1_701' title='bbox 421 5102 456 5142; x_wconf 90' lang='lat' dir='ltr'><strong>a</strong></span> <span class='ocrx_word' id='word_1_702' title='bbox 483 5100 600 5157; x_wconf 89' lang='lat' dir='ltr'><strong>quo</strong></span> <span class='ocrx_word' id='word_1_703' title='bbox 619 5101 723 5158; x_wconf 89' lang='lat' dir='ltr'><strong>per</strong></span> <span class='ocrx_word' id='word_1_704' title='bbox 742 5090 923 5142; x_wconf 89' lang='lat' dir='ltr'><strong>totam</strong></span> <span class='ocrx_word' id='word_1_705' title='bbox 957 5083 1441 5142; x_wconf 85' lang='lat' dir='ltr'><strong>Northmanniam</strong></span> <span class='ocrx_word' id='word_1_706' title='bbox 1459 5083 1639 5155; x_wconf 78' lang='lat' dir='ltr'><strong>iudex</strong></span> <span class='ocrx_word' id='word_1_707' title='bbox 1661 5085 1814 5143; x_wconf 89' lang='lat' dir='ltr'><strong>dele·</strong></span> 
     </span>
     <span class='ocr_line' id='line_1_101' title="bbox 168 5171 1816 5251; baseline 0 -17"><span class='ocrx_word' id='word_1_708' title='bbox 168 5179 342 5251; x_wconf 86' lang='lat' dir='ltr'><strong>gatus</strong></span> <span class='ocrx_word' id='word_1_709' title='bbox 362 5178 454 5231; x_wconf 89' lang='lat' dir='ltr'><strong>est</strong></span> <span class='ocrx_word' id='word_1_710' title='bbox 480 5191 583 5247; x_wconf 90' lang='lat' dir='ltr'><strong>pro</strong></span> <span class='ocrx_word' id='word_1_711' title='bbox 613 5174 958 5232; x_wconf 89' lang='lat' dir='ltr'><strong>dirimendis</strong></span> <span class='ocrx_word' id='word_1_712' title='bbox 980 5171 1397 5230; x_wconf 87' lang='lat' dir='ltr'><strong>controversiis</strong></span> <span class='ocrx_word' id='word_1_713' title='bbox 1419 5188 1594 5246; x_wconf 90' lang='lat' dir='ltr'><strong>quam</strong></span> <span class='ocrx_word' id='word_1_714' title='bbox 1619 5174 1816 5247; x_wconf 90' lang='lat' dir='ltr'><strong>plures</strong></span> 
     </span>
     <span class='ocr_line' id='line_1_102' title="bbox 169 5260 1815 5337; baseline 0.001 -15"><span class='ocrx_word' id='word_1_715' title='bbox 169 5263 476 5337; x_wconf 86' lang='lat' dir='ltr'><strong>episcopos</strong></span> <span class='ocrx_word' id='word_1_716' title='bbox 492 5261 646 5321; x_wconf 88' lang='lat' dir='ltr'><strong>inter</strong></span> <span class='ocrx_word' id='word_1_717' title='bbox 656 5266 714 5320; x_wconf 89' lang='lat' dir='ltr'><strong>et</strong></span> <span class='ocrx_word' id='word_1_718' title='bbox 728 5263 971 5321; x_wconf 87' lang='lat' dir='ltr'><strong>abbates</strong></span> <span class='ocrx_word' id='word_1_719' title='bbox 985 5261 1335 5335; x_wconf 88' lang='lat' dir='ltr'><strong>composuit.</strong></span> <span class='ocrx_word' id='word_1_720' title='bbox 1357 5260 1510 5319; x_wconf 87' lang='lat' dir='ltr'><strong>Inibi</strong></span> <span class='ocrx_word' id='word_1_721' title='bbox 1526 5264 1815 5337; x_wconf 87' lang='lat' dir='ltr'><strong>egregiam</strong></span> 
     </span>
     <span class='ocr_line' id='line_1_103' title="bbox 170 5351 1813 5428; baseline 0.001 -16"><span class='ocrx_word' id='word_1_722' title='bbox 170 5352 404 5413; x_wconf 80' lang='lat' dir='ltr'><strong>navavit</strong></span> <span class='ocrx_word' id='word_1_723' title='bbox 429 5370 665 5426; x_wconf 89' lang='lat' dir='ltr'><strong>operam</strong></span> <span class='ocrx_word' id='word_1_724' title='bbox 697 5369 801 5428; x_wconf 89' lang='lat' dir='ltr'><strong>pro</strong></span> <span class='ocrx_word' id='word_1_725' title='bbox 831 5354 1155 5412; x_wconf 84' lang='lat' dir='ltr'><strong>Alexandro</strong></span> <span class='ocrx_word' id='word_1_726' title='bbox 1184 5351 1259 5409; x_wconf 86' lang='lat'><strong>111</strong></span> <span class='ocrx_word' id='word_1_727' title='bbox 1291 5356 1492 5412; x_wconf 87' lang='lat' dir='ltr'><strong>contra</strong></span> <span class='ocrx_word' id='word_1_728' title='bbox 1520 5352 1813 5414; x_wconf 86' lang='lat' dir='ltr'><strong>Victorem</strong></span> 
     </span>
     <span class='ocr_line' id='line_1_104' title="bbox 167 5442 1813 5520; baseline -0.001 -17"><span class='ocrx_word' id='word_1_729' title='bbox 167 5442 754 5520; x_wconf 81' lang='lat' dir='ltr'><strong>pseudopontificem.</strong></span> <span class='ocrx_word' id='word_1_730' title='bbox 805 5445 966 5518; x_wconf 79' lang='lat' dir='ltr'><strong>tingo</strong></span> <span class='ocrx_word' id='word_1_731' title='bbox 999 5442 1487 5516; x_wconf 82' lang='lat' dir='ltr'><strong>Rothomagensis</strong></span> <span class='ocrx_word' id='word_1_732' title='bbox 1529 5443 1813 5517; x_wconf 87' lang='lat' dir='ltr'><strong>archiepi-</strong></span> 
     </span>
     <span class='ocr_line' id='line_1_105' title="bbox 166 5530 1817 5617; baseline 0.001 -23"><span class='ocrx_word' id='word_1_733' title='bbox 166 5548 380 5609; x_wconf 80' lang='lat' dir='ltr'><strong>scopus</strong></span> <span class='ocrx_word' id='word_1_734' title='bbox 407 5533 718 5614; x_wconf 71' lang='lat' dir='ltr'><strong>deiunctus</strong></span> <span class='ocrx_word' id='word_1_735' title='bbox 771 5550 925 5596; x_wconf 78' lang='lat' dir='ltr'><strong>anno</strong></span> <span class='ocrx_word' id='word_1_736' title='bbox 967 5534 1107 5597; x_wconf 78' lang='lat'>1164</span> <span class='ocrx_word' id='word_1_737' title='bbox 1155 5531 1400 5614; x_wconf 68' lang='lat' dir='ltr'><strong>Amulio</strong></span> <span class='ocrx_word' id='word_1_738' title='bbox 1448 5530 1817 5617; x_wconf 77' lang='lat' dir='ltr'><strong>dedicaverat</strong></span> 
     </span>
    </p>
   </div>
   <div class='ocr_carea' id='block_1_11' title="bbox 1928 4549 3586 5163">
    <p class='ocr_par' dir='ltr' id='par_1_12' title="bbox 1928 4549 3586 5163">
     <span class='ocr_line' id='line_1_106' title="bbox 1933 4549 3586 4627; baseline 0.003 -21"><span class='ocrx_word' id='word_1_739' title='bbox 1933 4549 2131 4608; x_wconf 87' lang='lat' dir='ltr'><strong>lestias</strong></span> <span class='ocrx_word' id='word_1_740' title='bbox 2162 4549 2282 4606; x_wconf 85' lang='lat' dir='ltr'><strong>sive</strong></span> <span class='ocrx_word' id='word_1_741' title='bbox 2302 4567 2337 4606; x_wconf 92' lang='lat' dir='ltr'><strong>a</strong></span> <span class='ocrx_word' id='word_1_742' title='bbox 2365 4550 2647 4623; x_wconf 86' lang='lat' dir='ltr'><strong>principe,</strong></span> <span class='ocrx_word' id='word_1_743' title='bbox 2668 4552 2787 4610; x_wconf 81' lang='lat' dir='ltr'><strong>sive</strong></span> <span class='ocrx_word' id='word_1_744' title='bbox 2815 4569 2851 4609; x_wconf 89' lang='lat' dir='ltr'><strong>a</strong></span> <span class='ocrx_word' id='word_1_745' title='bbox 2878 4554 3161 4627; x_wconf 88' lang='lat' dir='ltr'><strong>capitulo,</strong></span> <span class='ocrx_word' id='word_1_746' title='bbox 3195 4553 3319 4614; x_wconf 86' lang='lat' dir='ltr'><strong>sive</strong></span> <span class='ocrx_word' id='word_1_747' title='bbox 3350 4556 3423 4612; x_wconf 90' lang='lat' dir='ltr'><strong>ab</strong></span> <span class='ocrx_word' id='word_1_748' title='bbox 3454 4555 3586 4612; x_wconf 90' lang='lat' dir='ltr'><strong>aliis</strong></span> 
     </span>
     <span class='ocr_line' id='line_1_107' title="bbox 1929 4638 3584 4716; baseline 0.003 -20"><span class='ocrx_word' id='word_1_749' title='bbox 1929 4640 2147 4712; x_wconf 85' lang='lat' dir='ltr'><strong>injuste</strong></span> <span class='ocrx_word' id='word_1_750' title='bbox 2197 4638 2429 4707; x_wconf 80' lang='lat' dir='ltr'><strong>illatas3</strong></span> <span class='ocrx_word' id='word_1_751' title='bbox 2458 4640 2844 4700; x_wconf 87' lang='lat' dir='ltr'><strong>deserendum</strong></span> <span class='ocrx_word' id='word_1_752' title='bbox 2895 4650 3087 4702; x_wconf 88' lang='lat' dir='ltr'><strong>tamen</strong></span> <span class='ocrx_word' id='word_1_753' title='bbox 3136 4662 3272 4703; x_wconf 88' lang='lat' dir='ltr'><strong>eum</strong></span> <span class='ocrx_word' id='word_1_754' title='bbox 3304 4647 3491 4716; x_wconf 89' lang='lat' dir='ltr'><strong>docet,</strong></span> <span class='ocrx_word' id='word_1_755' title='bbox 3533 4646 3584 4701; x_wconf 88' lang='lat' dir='ltr'><strong>si</strong></span> 
     </span>
     <span class='ocr_line' id='line_1_108' title="bbox 1930 4726 3582 4805; baseline 0.004 -21"><span class='ocrx_word' id='word_1_756' title='bbox 1930 4743 2034 4800; x_wconf 87' lang='lat' dir='ltr'><strong>per</strong></span> <span class='ocrx_word' id='word_1_757' title='bbox 2062 4726 2348 4784; x_wconf 90' lang='lat' dir='ltr'><strong>ambitum</strong></span> <span class='ocrx_word' id='word_1_758' title='bbox 2370 4726 2449 4783; x_wconf 87' lang='lat' dir='ltr'><strong>sit</strong></span> <span class='ocrx_word' id='word_1_759' title='bbox 2470 4726 2764 4786; x_wconf 87' lang='lat' dir='ltr'><strong>obtentus.</strong></span> <span class='ocrx_word' id='word_1_760' title='bbox 2788 4730 3011 4805; x_wconf 90' lang='lat' dir='ltr'><strong>Negare</strong></span> <span class='ocrx_word' id='word_1_761' title='bbox 3031 4733 3269 4790; x_wconf 83' lang='lat' dir='ltr'><strong>videtur</strong></span> <span class='ocrx_word' id='word_1_762' title='bbox 3317 4734 3582 4790; x_wconf 87' lang='lat' dir='ltr'><strong>Gussan-</strong></span> 
     </span>
     <span class='ocr_line' id='line_1_109' title="bbox 1928 4815 3583 4893; baseline 0.004 -20"><span class='ocrx_word' id='word_1_763' title='bbox 1928 4816 2149 4874; x_wconf 77' lang='lat' dir='ltr'><strong>villaeus</strong></span> <span class='ocrx_word' id='word_1_764' title='bbox 2186 4815 2245 4873; x_wconf 91' lang='lat' dir='ltr'><strong>in</strong></span> <span class='ocrx_word' id='word_1_765' title='bbox 2303 4815 2457 4872; x_wconf 90' lang='lat' dir='ltr'><strong>notis</strong></span> <span class='ocrx_word' id='word_1_766' title='bbox 2489 4815 2560 4872; x_wconf 90' lang='lat' dir='ltr'><strong>ad</strong></span> <span class='ocrx_word' id='word_1_767' title='bbox 2617 4817 2833 4875; x_wconf 88' lang='lat' dir='ltr'><strong>dictam</strong></span> <span class='ocrx_word' id='word_1_768' title='bbox 2892 4821 3205 4893; x_wconf 82' lang='lat' dir='ltr'><strong>epistolam</strong></span> <span class='ocrx_word' id='word_1_769' title='bbox 3264 4821 3583 4879; x_wconf 74' lang='lat' dir='ltr'><strong>Arnulium</strong></span> 
     </span>
     <span class='ocr_line' id='line_1_110' title="bbox 1929 4905 3584 4980; baseline 0.002 -16"><span class='ocrx_word' id='word_1_770' title='bbox 1929 4905 2244 4964; x_wconf 85' lang='lat' dir='ltr'><strong>secessisse</strong></span> <span class='ocrx_word' id='word_1_771' title='bbox 2274 4907 2510 4977; x_wconf 88' lang='lat' dir='ltr'><strong>propter</strong></span> <span class='ocrx_word' id='word_1_772' title='bbox 2547 4906 2699 4979; x_wconf 86' lang='lat' dir='ltr'><strong>regis</strong></span> <span class='ocrx_word' id='word_1_773' title='bbox 2731 4908 2956 4966; x_wconf 84' lang='lat' dir='ltr'><strong>Henrici</strong></span> <span class='ocrx_word' id='word_1_774' title='bbox 2991 4911 3041 4968; x_wconf 93' lang='lat'><strong>11</strong></span> <span class='ocrx_word' id='word_1_775' title='bbox 3072 4912 3278 4969; x_wconf 91' lang='lat' dir='ltr'><strong>odium</strong></span> <span class='ocrx_word' id='word_1_776' title='bbox 3312 4930 3327 4980; x_wconf 88' lang='lat'><strong>;</strong></span> <span class='ocrx_word' id='word_1_777' title='bbox 3362 4918 3419 4969; x_wconf 90' lang='lat' dir='ltr'><strong>at</strong></span> <span class='ocrx_word' id='word_1_778' title='bbox 3446 4927 3584 4969; x_wconf 89' lang='lat' dir='ltr'><strong>con·</strong></span> 
     </span>
     <span class='ocr_line' id='line_1_111' title="bbox 1930 4991 3583 5072; baseline 0.002 -19"><span class='ocrx_word' id='word_1_779' title='bbox 1930 4996 2170 5054; x_wconf 87' lang='lat' dir='ltr'><strong>trarium</strong></span> <span class='ocrx_word' id='word_1_780' title='bbox 2227 4991 2513 5050; x_wconf 88' lang='lat' dir='ltr'><strong>evincitur</strong></span> <span class='ocrx_word' id='word_1_781' title='bbox 2571 4998 2697 5053; x_wconf 91' lang='lat' dir='ltr'><strong>tum</strong></span> <span class='ocrx_word' id='word_1_782' title='bbox 2752 5013 2822 5053; x_wconf 91' lang='lat' dir='ltr'><strong>ex</strong></span> <span class='ocrx_word' id='word_1_783' title='bbox 2871 4998 3116 5072; x_wconf 86' lang='lat' dir='ltr'><strong>Rogerio</strong></span> <span class='ocrx_word' id='word_1_784' title='bbox 3184 5000 3494 5058; x_wconf 86' lang='lat' dir='ltr'><strong>Hovedeno</strong></span> <span class='ocrx_word' id='word_1_785' title='bbox 3525 5004 3583 5057; x_wconf 89' lang='lat' dir='ltr'><strong>et</strong></span> 
     </span>
     <span class='ocr_line' id='line_1_112' title="bbox 1929 5082 3582 5163; baseline 0.002 -22"><span class='ocrx_word' id='word_1_786' title='bbox 1929 5082 2194 5152; x_wconf 77' lang='lat' dir='ltr'><strong>Beronio,</strong></span> <span class='ocrx_word' id='word_1_787' title='bbox 2254 5086 2378 5140; x_wconf 91' lang='lat' dir='ltr'><strong>tum</strong></span> <span class='ocrx_word' id='word_1_788' title='bbox 2433 5098 2501 5141; x_wconf 83' lang='lat' dir='ltr'><strong>ex</strong></span> <span class='ocrx_word' id='word_1_789' title='bbox 2558 5084 2668 5142; x_wconf 88' lang='lat' dir='ltr'><strong>bac</strong></span> <span class='ocrx_word' id='word_1_790' title='bbox 2725 5087 2997 5161; x_wconf 85' lang='lat' dir='ltr'><strong>epistola,</strong></span> <span class='ocrx_word' id='word_1_791' title='bbox 3046 5093 3175 5147; x_wconf 91' lang='lat' dir='ltr'><strong>tum</strong></span> <span class='ocrx_word' id='word_1_792' title='bbox 3205 5107 3275 5147; x_wconf 88' lang='lat' dir='ltr'><strong>ex</strong></span> <span class='ocrx_word' id='word_1_793' title='bbox 3332 5089 3582 5163; x_wconf 90' lang='lat' dir='ltr'><strong>epistola</strong></span> 
     </span>
    </p>
   </div>
   <div class='ocr_carea' id='block_1_12' title="bbox 1926 5172 3582 5253">
    <p class='ocr_par' dir='ltr' id='par_1_13' title="bbox 1926 5172 3582 5253">
     <span class='ocr_line' id='line_1_113' title="bbox 1926 5172 3582 5253; baseline 0.003 -21"><span class='ocrx_word' id='word_1_794' title='bbox 1926 5175 2117 5249; x_wconf 90' lang='lat' dir='ltr'><strong>ipsius</strong></span> <span class='ocrx_word' id='word_1_795' title='bbox 2167 5172 2392 5229; x_wconf 77' lang='lat' dir='ltr'><strong>Arnulfl</strong></span> <span class='ocrx_word' id='word_1_796' title='bbox 2425 5174 2496 5229; x_wconf 90' lang='lat' dir='ltr'><strong>ad</strong></span> <span class='ocrx_word' id='word_1_797' title='bbox 2560 5176 2795 5234; x_wconf 86' lang='lat' dir='ltr'><strong>Lucium</strong></span> <span class='ocrx_word' id='word_1_798' title='bbox 2859 5194 3095 5252; x_wconf 89' lang='lat' dir='ltr'><strong>papam,</strong></span> <span class='ocrx_word' id='word_1_799' title='bbox 3152 5196 3341 5253; x_wconf 89' lang='lat' dir='ltr'><strong>quam</strong></span> <span class='ocrx_word' id='word_1_800' title='bbox 3398 5179 3582 5237; x_wconf 89' lang='lat' dir='ltr'><strong>hahes</strong></span> 
     </span>
    </p>
   </div>
   <div class='ocr_carea' id='block_1_13' title="bbox 1927 5264 3584 5435">
    <p class='ocr_par' dir='ltr' id='par_1_14' title="bbox 1927 5264 3584 5435">
     <span class='ocr_line' id='line_1_114' title="bbox 1927 5264 3584 5343; baseline 0.002 -20"><span class='ocrx_word' id='word_1_801' title='bbox 1927 5264 2200 5338; x_wconf 87' lang='lat' dir='ltr'><strong>Spieileg.</strong></span> <span class='ocrx_word' id='word_1_802' title='bbox 2227 5270 2365 5320; x_wconf 92' lang='lat' dir='ltr'><strong>tom.</strong></span> <span class='ocrx_word' id='word_1_803' title='bbox 2401 5265 2470 5332; x_wconf 88' lang='lat'><strong>11,</strong></span> <span class='ocrx_word' id='word_1_804' title='bbox 2495 5281 2629 5339; x_wconf 90' lang='lat' dir='ltr'><strong>pag.</strong></span> <span class='ocrx_word' id='word_1_805' title='bbox 2660 5266 2788 5323; x_wconf 74' lang='lat'><strong>482.</strong></span> <span class='ocrx_word' id='word_1_806' title='bbox 2823 5267 3022 5342; x_wconf 89' lang='lat' dir='ltr'><strong>Neque</strong></span> <span class='ocrx_word' id='word_1_807' title='bbox 3042 5286 3176 5328; x_wconf 88' lang='lat' dir='ltr'><strong>vero</strong></span> <span class='ocrx_word' id='word_1_808' title='bbox 3209 5270 3424 5343; x_wconf 87' lang='lat' dir='ltr'><strong>probro</strong></span> <span class='ocrx_word' id='word_1_809' title='bbox 3451 5285 3584 5327; x_wconf 91' lang='lat' dir='ltr'><strong>esse</strong></span> 
     </span>
     <span class='ocr_line' id='line_1_115' title="bbox 1927 5353 3580 5435; baseline 0.001 -23"><span class='ocrx_word' id='word_1_810' title='bbox 1927 5359 2148 5428; x_wconf 84' lang='lat' dir='ltr'><strong>poterat</strong></span> <span class='ocrx_word' id='word_1_811' title='bbox 2185 5353 2454 5411; x_wconf 89' lang='lat' dir='ltr'><strong>secedere</strong></span> <span class='ocrx_word' id='word_1_812' title='bbox 2486 5370 2592 5427; x_wconf 92' lang='lat' dir='ltr'><strong>pro</strong></span> <span class='ocrx_word' id='word_1_813' title='bbox 2642 5354 2795 5414; x_wconf 92' lang='lat' dir='ltr'><strong>bono</strong></span> <span class='ocrx_word' id='word_1_814' title='bbox 2825 5359 2984 5431; x_wconf 83' lang='lat' dir='ltr'><strong>pacis</strong></span> <span class='ocrx_word' id='word_1_815' title='bbox 3015 5368 3069 5417; x_wconf 91' lang='lat' dir='ltr'><strong>et</strong></span> <span class='ocrx_word' id='word_1_816' title='bbox 3099 5360 3225 5435; x_wconf 89' lang='lat' dir='ltr'><strong>regi</strong></span> <span class='ocrx_word' id='word_1_817' title='bbox 3253 5359 3482 5416; x_wconf 87' lang='lat' dir='ltr'><strong>cedere.</strong></span> <span class='ocrx_word' id='word_1_818' title='bbox 3515 5360 3580 5415; x_wconf 82' lang='lat' dir='ltr'><strong>In</strong></span> 
     </span>
    </p>
   </div>
   <div class='ocr_carea' id='block_1_14' title="bbox 1923 5443 3581 5624">
    <p class='ocr_par' dir='ltr' id='par_1_15' title="bbox 1923 5443 3581 5624">
     <span class='ocr_line' id='line_1_116' title="bbox 1924 5443 3581 5520; baseline 0.002 -16"><span class='ocrx_word' id='word_1_819' title='bbox 1924 5443 2168 5519; x_wconf 87' lang='lat' dir='ltr'><strong>epistola</strong></span> <span class='ocrx_word' id='word_1_820' title='bbox 2196 5460 2369 5517; x_wconf 88' lang='lat' dir='ltr'><strong>quam</strong></span> <span class='ocrx_word' id='word_1_821' title='bbox 2401 5444 2471 5501; x_wconf 88' lang='lat' dir='ltr'><strong>ad</strong></span> <span class='ocrx_word' id='word_1_822' title='bbox 2519 5443 2791 5506; x_wconf 84' lang='lat' dir='ltr'><strong>abbatem</strong></span> <span class='ocrx_word' id='word_1_823' title='bbox 2837 5448 3287 5510; x_wconf 87' lang='lat' dir='ltr'><strong>Cisterciensem</strong></span> <span class='ocrx_word' id='word_1_824' title='bbox 3336 5448 3581 5520; x_wconf 88' lang='lat' dir='ltr'><strong>scripsit</strong></span> 
     </span>
     <span class='ocr_line' id='line_1_117' title="bbox 1923 5531 3577 5624; baseline 0.006 -29"><span class='ocrx_word' id='word_1_825' title='bbox 1923 5534 2226 5616; x_wconf 58' lang='lat' dir='ltr'><strong>ernulfus,</strong></span> <span class='ocrx_word' id='word_1_826' title='bbox 2259 5536 2325 5595; x_wconf 89' lang='lat' dir='ltr'><strong>ut</strong></span> <span class='ocrx_word' id='word_1_827' title='bbox 2352 5532 2464 5593; x_wconf 86' lang='lat' dir='ltr'><strong>sibi</strong></span> <span class='ocrx_word' id='word_1_828' title='bbox 2493 5531 2693 5616; x_wconf 74' lang='lat' dir='ltr'><strong>liceret</strong></span> <span class='ocrx_word' id='word_1_829' title='bbox 2721 5537 2891 5601; x_wconf 81' lang='lat' dir='ltr'><strong>finire</strong></span> <span class='ocrx_word' id='word_1_830' title='bbox 2929 5539 3107 5624; x_wconf 61' lang='lat' dir='ltr'><strong>vitam</strong></span> <span class='ocrx_word' id='word_1_831' title='bbox 3126 5539 3189 5607; x_wconf 84' lang='lat' dir='ltr'><strong>in</strong></span> <span class='ocrx_word' id='word_1_832' title='bbox 3217 5540 3577 5621; x_wconf 52' lang='lat' dir='ltr'><strong>monaterio</strong></span> 
     </span>
    </p>
   </div>
   <div class='ocr_carea' id='block_1_15' title="bbox 3482 5795 3586 5868">
    <p class='ocr_par' dir='ltr' id='par_1_16' title="bbox 3482 5795 3586 5868">
     <span class='ocr_line' id='line_1_118' title="bbox 3482 5795 3586 5868; baseline 0 0"><span class='ocrx_word' id='word_1_833' title='bbox 3482 5795 3586 5868; x_wconf 50' lang='lat' dir='ltr'><strong>S·</strong></span> 
     </span>
    </p>
   </div>
   <div class='ocr_carea' id='block_1_16' title="bbox 3525 5914 3662 5945">
    <p class='ocr_par' dir='ltr' id='par_1_17' title="bbox 3525 5914 3662 5945">
     <span class='ocr_line' id='line_1_119' title="bbox 3525 5914 3662 5945; baseline 0.007 -1"><span class='ocrx_word' id='word_1_834' title='bbox 3525 5914 3662 5945; x_wconf 55' lang='lat' dir='ltr'><strong>§A</strong></span> 
     </span>
    </p>
   </div>
  </div>
 </body>
</html>
