3784 6000
320 186 471 243 1119

1740 187 1933 247 Lucu
1973 190 2051 248 111
2090 191 2299 249 PAPAE
2357 235 2366 245 ,

3590 187 3737 245 1120

319 313 748 383 possessiones,
774 329 1148 387 quaecunque
1170 314 1333 371 bona
1354 314 1514 371 idem
1539 315 1975 373 monasterium
2003 317 2048 372 Α
2079 317 2188 390 qui
2218 321 2357 390 post
2393 333 2503 375 vos
2543 314 2936 374 successerint
2967 311 3379 372 nescientibus
3418 315 3477 370 et
3512 309 3741 385 invitis,

311 401 473 472 juste
503 409 559 458 et
585 404 870 459 canonice
904 404 1189 476 possidet,
1216 405 1397 462 autin
1428 404 1702 461 futurum
1733 421 1971 461 conces-

317 491 484 546 sione
507 493 879 564 pontificum,
901 492 1215 566 largitione
1245 510 1454 565 regum
1486 496 1579 551 vel
1603 495 1968 573 principum,

316 579 619 636 oblatione
643 580 1048 643 fidelium,seu
1077 583 1206 640 aliis
1221 584 1398 656 justis
1412 587 1627 651 modis,
1652 590 1968 658 proestante

318 670 588 735 Domino,
623 670 835 741 poterit
864 671 1136 744 adipisci,
1173 674 1348 731 lirina
1390 675 1563 731 vobis
1603 679 1662 730 et
1698 675 1791 732 his
1828 690 1967 748 quae

316 761 452 829 post
471 773 576 814 vos
596 761 989 817 successerint
1007 766 1063 819 et
1088 761 1314 819 illibata
1330 769 1739 836 permaneant.
1760 765 1968 837 lnqui-

316 845 428 901 bus
453 845 580 902 haec
614 848 862 920 propriis
881 849 1166 907 duximus
1186 853 1577 924 exprimenda
1609 853 1916 911 vocabulis
1947 868 1962 908 ε

382 935 552 991 Noire
573 937 1022 995 etmedietatem
1055 941 1320 998 Ostelens
1343 959 1357 1009 ;
1384 943 1782 1002 ecclesiamde
1812 947 1964 1002 Moo-

314 1024 432 1081 lers
476 1042 615 1082 cum
665 1029 931 1100 quadam
988 1036 1153 1103 parte
1190 1033 1456 1090 territorii
1487 1051 1501 1103 ;
1532 1036 1856 1093 ecclesiam
1892 1036 1966 1093 de

317 1116 516 1171 Raons
544 1132 681 1173 cum
714 1118 951 1175 duobus
978 1123 1208 1178 mansis
1233 1122 1291 1178 in
1324 1124 1537 1182 eadem
1552 1125 1687 1182 villa
1720 1145 1733 1191 ;
1766 1125 1964 1183 villam

316 1205 514 1261 Sancti
532 1206 776 1264 Lamani
803 1225 943 1266 cum
968 1212 1339 1283 appendiciis
1366 1216 1488 1270 suis
1521 1216 1874 1282 ;ecclesiam
1888 1216 1966 1272 de

319 1295 500 1351 Brairi
530 1313 545 1363 ς
578 1296 635 1351 in
686 1297 814 1354 villa
857 1300 1047 1358 Arlaci
1102 1318 1349 1359 mansos
1377 1307 1511 1371 tres,
1554 1308 1612 1360 et
1652 1305 1966 1361 ecclesiam

316 1383 516 1440 Sancti
553 1386 835 1444 vincentii
870 1407 883 1458 ;
916 1390 975 1445 in
1011 1391 1252 1448 castello
1282 1393 1471 1450 Arlaci
1499 1394 1794 1467 capellam
1818 1394 1966 1451 San·

316 1474 392 1530 cti
420 1474 639 1532 Nicolai
685 1478 743 1532 in
784 1478 1112 1547 Blaterans,
1151 1482 1448 1539 sexdecim
1486 1500 1733 1541 mansos
1763 1491 1820 1541 et
1843 1501 1963 1541 me·

316 1563 597 1621 dietatem
629 1566 777 1623 villas
816 1568 890 1625 de
923 1570 1129 1627 Larnai
1164 1587 1178 1638 ;
1211 1571 1375 1643 apud
1418 1574 1666 1629 Vincens
1697 1576 1966 1648 quinque

317 1668 561 1711 mansos
592 1655 690 1722 ;in
748 1656 1007 1714 Lombar
1044 1666 1303 1733 quatuor
1356 1677 1620 1729 mansoS,
1660 1663 1762 1736 jus
1797 1666 1966 1737 quod
1999 1692 2043 1748 Β

312 1742 548 1800 habetis
569 1745 630 1801 in
650 1746 900 1804 ecclesia
921 1749 1119 1805 Sancti
1139 1750 1417 1809 Germani
1449 1758 1505 1809 et
1532 1752 1875 1826 capellania
1904 1756 1962 1812 in

313 1831 455 1889 villa
499 1833 573 1889 de
624 1836 956 1907 playnoisel
989 1856 1005 1909 ;
1039 1839 1354 1897 ecclesiam
1397 1842 1592 1899 Sancti
1630 1844 1878 1917 Remigii
1910 1850 1967 1902 et

317 1937 600 1979 mansum
635 1925 709 1981 de
748 1927 999 1983 Moseres
1031 1944 1046 1993 ;
1079 1930 1392 1987 ecelesiam
1433 1933 1506 1988 de
1527 1932 1877 2004 calmargis,
1903 1934 1963 1990 in

313 2013 601 2084 parochia
626 2014 701 2071 de
729 2018 928 2074 vetars
967 2018 1261 2093 quidquid
1283 2022 1442 2092 juste
1473 2023 1809 2095 possidetis,
1837 2041 1966 2082 cas-

311 2106 471 2158 trum
510 2103 585 2160 de
615 2105 915 2173 Galardin,
948 2109 1114 2182 quod
1139 2110 1354 2167 nobilis
1387 2113 1475 2168 vir
1504 2113 1836 2171 Willelmus
1867 2130 1965 2172 co·

315 2207 442 2248 mes
463 2192 525 2250 in
559 2197 661 2251 tua
698 2195 914 2253 dilecta
946 2199 1006 2253 in
1048 2199 1277 2257 Christo
1307 2200 1426 2258 filia
1465 2207 1521 2259 et
1550 2204 1803 2261 aliorum
1837 2206 1965 2279 plu-

312 2281 606 2339 rimorum
637 2287 952 2356 praesentia
982 2289 1286 2360 refutavit,
1317 2293 1630 2351 ecclesiam
1660 2293 1734 2351 de
1755 2296 1964 2352 luvin-

314 2385 448 2444 gey,
491 2371 802 2432 ecclesiam
843 2377 914 2432 de
940 2378 1226 2434 Arinthod
1260 2398 1275 2447 ;
1309 2380 1511 2438 villam
1544 2383 1785 2440 Plesiaci
1823 2401 1963 2443 cum

312 2462 671 2533 appenditiis
694 2464 837 2529 suis,
882 2464 1078 2523 villam
1107 2467 1180 2523 de
1211 2470 1522 2539 Louveres,
1549 2472 1750 2530 villam
1781 2477 1964 2531 Moro-

313 2565 559 2606 nensem
607 2551 780 2607 in.....
839 2570 1086 2612 mansos
1136 2561 1269 2626 tres,
1325 2559 1386 2617 in
1432 2562 1638 2618 Chilim
1693 2564 1963 2637 quinque

315 2654 559 2695 mansos
582 2659 600 2710 3
634 2642 942 2700 ecclesiam
974 2646 1285 2704 'l'urbionis
1317 2666 1455 2707 cum
1482 2652 1619 2724 ipsa
1645 2652 1781 2709 villa
1809 2669 1824 2720 ;
1858 2660 1963 2710 ter·

312 2727 455 2783 tiam
481 2734 707 2799 partem
737 2732 811 2789 de
844 2735 1195 2793 Faissecum
1222 2738 1472 2796 ecclesia
1502 2757 1517 2810 ;
1549 2741 1861 2798 ecclesiam
1891 2743 1965 2800 de

313 2817 444 2875 Fied
475 2833 613 2875 cum
635 2820 887 2879 aedificio
912 2824 1138 2882 domini
1161 2828 1447 2885 Guidonis
1472 2832 1752 2901 eremitas,
1785 2833 1844 2888 in
1862 2834 1964 2889 Be-

312 2922 459 2964 seno
488 2909 800 2967 ecclesiam
841 2913 1038 2970 Sancti
1067 2916 1313 2973 Ioannis
1337 2918 1617 2992 Baptistae
1646 2937 1660 2988 ;
1685 2922 1744 2977 in
1770 2921 1964 2981 Crote·

312 2999 410 3054 nai
431 2999 747 3057 ecclesiam
779 3004 840 3060 S.
872 3004 1045 3073 Petri,
1074 3009 1368 3079 capellam
1400 3010 1474 3067 de
1505 3011 1827 3079 Novavilla,
1853 3014 1960 3069 vil·

307 3084 432 3143 lam
453 3088 754 3146 Ministroli
779 3109 793 3159 ;
828 3092 1591 3170 carolicastrumintegrum
1614 3117 1752 3158 cum
1771 3104 1962 3159 omni-

311 3177 426 3234 bus
448 3179 818 3251 pertinentiis
842 3183 988 3249 suis,
1012 3186 1371 3261 etquidquid
1398 3190 1456 3245 in
1481 3191 1962 3263 parochiaLedo·

309 3268 480 3324 nensi
510 3270 849 3341 possidetis.
885 3276 1193 3346 Praeterea,
1232 3277 1535 3337 Willelmo
1576 3281 1793 3338 comite
1819 3284 1961 3340 Bur-

309 3356 689 3428 gundionum
713 3364 773 3416 et
797 3363 1246 3422 matisconensis
1271 3367 1427 3424 viam
1448 3370 1735 3428 universae
1761 3374 1959 3429 carnis

309 3446 601 3518 ingresso,
651 3449 860 3507 Pontia
906 3455 1232 3523 comitissa,
1282 3473 1431 3514 uxor
1463 3460 1614 3529 ejus,
1656 3477 1796 3517 cum
1842 3463 1960 3520 Ste-

307 3536 514 3609 phano
556 3542 612 3594 et
637 3540 896 3598 Gerardo
927 3542 1062 3598 tiliis
1094 3544 1235 3612 suis,
1283 3547 1471 3604 tallias
1499 3553 1558 3605 et
1595 3549 1712 3607 alia
1731 3553 1961 3610 emolu-

311 3631 515 3683 menta
542 3643 680 3700 quoe
711 3629 769 3685 in
799 3646 1009 3689 earum
1041 3638 1195 3690 terra
1231 3640 1441 3693 contra
1463 3637 1756 3709 justitiam
1784 3640 1961 3700 facie-

307 3713 477 3779 bant,
509 3715 570 3771 in
595 3721 918 3789 praesentia
942 3721 1299 3779 venerabilis
1339 3723 1537 3783 fratris
1564 3732 1753 3786 nostri
1783 3734 1961 3790 llum-

308 3803 481 3872 berti,
532 3807 957 3866 Bisuntinensis
999 3807 1450 3891 archiepiscopi,
1477 3821 1836 3891 supradictae
1867 3839 1961 3880 ec-

307 3893 502 3951 clesiae
534 3897 768 3967 pietatis
808 3899 1053 3968 intuitu,
1082 3903 1417 3963 refutarunt
1449 3924 1463 3974 ;
1495 3916 1555 3964 et
1576 3909 1852 3967 'ribertus
1882 3912 1959 3968 de

308 3983 658 4041 Montmoret
686 3986 999 4045 ecclesiam
1029 3990 1398 4062 Paintarum,
1416 4000 1873 4070 campanariam
1904 4003 1963 4058 et

307 4072 645 4142 gerbariam
659 4092 795 4147 quae
811 4081 869 4134 in
889 4081 1187 4151 quosdam
1204 4084 1479 4141 homines
1500 4090 1850 4146 monasterii
1872 4088 1964 4146 fa-

306 4160 522 4228 ciebat,
558 4167 618 4219 et
657 4170 886 4237 septem
937 4185 1246 4244 nummos,
1291 4190 1445 4249 quos
1491 4176 1552 4234 in
1594 4176 1749 4236 festo
1770 4180 1962 4236 sancti

310 4251 531 4307 Martini
564 4256 877 4313 annuatim
914 4258 973 4315 in
1023 4277 1400 4338 unoquoque·
1435 4283 1647 4325 manso
1683 4275 1739 4325 et
1770 4269 1962 4327 Caroli

308 4340 605 4398 Castrensi
664 4345 913 4405 ecclesia
973 4351 1271 4422 exigebat,
1326 4354 1387 4411 in
1438 4359 1756 4429 proesentia
1810 4376 1960 4432 quo-

308 4432 590 4489 rumdam
604 4435 893 4493 nobilium
906 4454 1017 4512 pro
1039 4441 1259 4499 animoe
1282 4460 1406 4500 suas
1419 4446 1685 4503 remedio
1701 4450 1758 4504 et
1773 4448 1963 4506 salute
1997 4421 2042 4476 D

308 4521 565 4596 reliquit.

379 4611 634 4671 Easdem
662 4614 1048 4673 refutationes
1072 4622 1382 4691 proesentis
1415 4624 1616 4697 scripti
1647 4625 1961 4699 privilegio

306 4703 840 4775 communimus‚et
862 4705 1253 4768 inconcussas
1265 4715 1567 4787 perpetuis
1590 4716 1960 4788 temporibus

308 4805 678 4862 permanere.
714 4793 870 4852 Sane
893 4798 1078 4870 quieti
1100 4805 1310 4857 vestrm
1335 4803 1396 4859 in
1428 4809 1733 4875 posterum
1766 4805 1960 4879 provi·

305 4881 447 4938 dere
478 4883 761 4950 volentes,
810 4887 1160 4944 auctoritate
1182 4892 1508 4964 apostolica
1536 4892 1873 4951 inhibemus
1897 4900 1960 4952 ut

304 4970 366 5027 in
408 4974 891 5045 possessionibus
946 4978 1209 5038 coenobii
1252 4980 1429 5037 vestri
1475 4983 1603 5038 sine
1657 4988 1851 5040 vestro
1904 4988 1961 5043 et

304 5076 514 5119 earum
540 5079 676 5135 quas
708 5065 879 5122 vobis
900 5070 1302 5127 successerint
1324 5072 1573 5129 consilio
1603 5078 1659 5131 et
1680 5089 1956 5140 assensu,

302 5151 501 5209 nullus
529 5154 778 5212 omnino
807 5162 1020 5230 turres,
1062 5158 1298 5230 domos,
1341 5161 1433 5218 vel
1465 5163 1827 5220 munitiones
1855 5163 1957 5221 ali·

302 5257 455 5316 quas
465 5242 761 5302 aedifleare
773 5253 1127 5319 praesumat3
1144 5249 1486 5323 adjicientes
1501 5251 1683 5310 etiam
1698 5259 1758 5309 ut
1773 5258 1958 5311 terras

302 5337 359 5388 et
382 5332 796 5405 possessiones
808 5336 888 5393 ad
910 5344 1174 5396 vestrum
1199 5342 1632 5399 monasterium
1663 5344 1961 5415 pertinen-

304 5423 395 5476 tes
426 5421 643 5491 nullus,
670 5424 902 5499 absque
922 5442 1108 5485 causa
1145 5429 1505 5500 rationabili,
1537 5431 1711 5488 vobis
1744 5432 1836 5490 vel
1865 5433 1959 5490 his

380 5529 460 5603 (ο)
487 5533 672 5604 Signa
697 5534 1128 5608 chronologica
1155 5542 1297 5596 sunt
1333 5542 1638 5613 corrupta·

2081 408 2316 465 emendi
2356 409 2576 465 habeat
2607 405 2952 463 facultatem
3007 408 3063 458 et
3085 403 3174 475 ;si
3216 402 3449 468 emerit,
3479 401 3742 460 venditio

2077 497 2180 554 illa
2209 496 2596 555 nihilbabeat
2622 493 2937 551 firmitatis.
2972 495 3035 549 ln
3065 492 3351 549 electione
3392 495 3602 549 autem
3635 490 3741 549 ab·

2077 586 2316 644 batissoe
2332 586 2496 643 nulla
2517 601 2760 658 prorsus
2782 582 3082 641 saecularis
3113 597 3396 655 persona,
3418 596 3631 640 vocem
3655 580 3743 641 vel

2076 683 2433 750 potestatem
2462 676 2577 733 sibi
2605 675 2825 734 audeat
2849 688 3131 744 arrogare
3160 688 3176 741 ς
3208 672 3336 739 sed,
3363 674 3629 730 obeunte
3658 676 3738 741 te,

2077 765 2391 824 Petronilla
2433 765 2743 823 abbatissa
2795 763 3013 820 dilecta
3068 763 3130 818 in
3174 762 3404 819 Christo
3446 761 3599 831 filia,
3648 762 3738 819 vel

2073 871 2282 913 earum
2298 872 2435 929 quas
2460 855 2565 912 tibi
2587 852 2998 918 successerint,
3022 849 3184 907 nulla
3204 849 3284 906 ibi
3305 849 3581 924 qualibet
3597 849 3742 907 suh·

2071 946 2363 1019 reptionis
2392 945 2611 1002 astutia
2636 959 2742 1000 seu
2780 941 3062 998 violentia
3083 944 3491 1014 prieponatur‚
3524 942 3742 1014 prester

2074 1051 2209 1093 eam
2236 1050 2423 1108 quam
2453 1048 2685 1091 sorores
2701 1029 2974 1104 ejusdem
3004 1028 3143 1097 loci,
3166 1028 3254 1086 vel
3283 1043 3562 1086 sororum
3593 1043 3738 1102 pars

2075 1124 2302 1181 consilii
2338 1124 2609 1187 sanioris,
2643 1119 2977 1177 secundum
3022 1119 3121 1175 Dei
3164 1118 3439 1176 timorem
3481 1124 3538 1175 et
3578 1116 3739 1174 beati

2075 1212 2367 1270 Benedicti
2406 1211 2691 1282 Regulam
2728 1208 3096 1284 providerint
3123 1207 3490 1278 eligendam.
3531 1210 3739 1265 Decer-

2073 1304 2276 1360 nimus
2304 1317 2446 1373 ergo
2466 1306 2527 1357 ut
2551 1299 2696 1356 nulli
2716 1298 2965 1355 omnino
2981 1296 3299 1354 hominum
3325 1296 3504 1353 liceat
3529 1312 3742 1369 supra·

2074 1391 2299 1450 dictum
2332 1388 2761 1449 monasterium
2801 1391 3023 1444 temere
3055 1386 3428 1459 perturbare,
3463 1392 3572 1443 aut
3603 1386 3738 1458 eius

2074 1481 2492 1555 possessiones
2502 1477 2751 1545 auferre,
2770 1476 2860 1532 vel
2880 1475 3112 1532 ablatas
3125 1474 3375 1532 retinere
3392 1479 3449 1531 et
3467 1475 3595 1532 min
3604 1490 3740 1531 uere

2075 1588 2184 1628 seu
2208 1568 2571 1644 quibuslibet
2601 1564 3017 1623 vexationibus
3044 1563 3295 1635 fatigare
3327 1581 3342 1633 ;
3375 1563 3485 1620 sed
3509 1562 3735 1622 illibata

2074 1661 2280 1719 omnia
2307 1665 2364 1716 et
2399 1658 2631 1730 integra
2660 1660 3161 1713 conserventur...
3194 1668 3305 1725 pro
3335 1668 3601 1726 quarum
3633 1668 3736 1724 gu·

2074 1749 2426 1808 bernatione
2470 1763 2541 1804 ac
2582 1743 2953 1803 institutione
3002 1756 3295 1800 concessa
3335 1746 3481 1799 sunt
3524 1741 3735 1800 usibus

2072 1837 2440 1898 omnimodis
2452 1836 2784 1910 profutura,
2807 1832 2976 1889 salva
2999 1832 3157 1888 sedis
3176 1829 3522 1904 apostolicae
3537 1837 3737 1889 aueto-

2071 1931 2242 1987 ritate
2258 1932 2315 1984 et
2343 1926 2664 1984 dioecesani
2689 1921 2958 1996 episcopi
2983 1919 3281 1978 canonica
3294 1920 3553 1992 justitia.
3583 1921 3737 1979 Sane

2077 2034 2183 2076 vos
2214 2017 2292 2074 ad
2326 2015 2619 2089 judicium
2646 2013 2827 2086 huius
2867 2010 3227 2085 praescriptae
3254 2026 3293 2068 a
3328 2012 3607 2067 Romana
3643 2025 3739 2067 eo-

2074 2107 2254 2165 clesia
2267 2104 2673 2179 protectionis,
2687 2102 2897 2159 decem
2910 2100 3095 2157 libras
3107 2114 3279 2167 ceroe,
3295 2099 3555 2173 septimo
3576 2114 3739 2158 anno

2071 2197 2378 2254 redeunte.
2431 2191 2807 2251 l.ateranensi
2847 2190 3070 2263 palatio
3109 2187 3487 2262 persolvetis.
3529 2189 3741 2261 Siqua

2073 2285 2253 2357 igitur
2272 2284 2331 2340 in
2350 2283 2614 2340 futurum
2635 2279 3034 2337 ecclesiastica
3050 2277 3434 2335 saecnlarisve
3447 2292 3737 2350 persona,

2072 2374 2230 2432 hanc
2256 2379 2475 2430 nostroe
2498 2369 2934 2428 constitutionis
2961 2368 3251 2440 paginam
3276 2366 3499 2434 sciens,
3528 2370 3738 2424 contra

2073 2479 2207 2521 eam
2221 2468 2439 2520 temere
2455 2460 2653 2517 venire
2668 2457 2999 2522 tentaverit,
3015 2455 3282 2514 secundo
3296 2456 3549 2521 tertiove
3578 2469 3738 2511 com-

2075 2553 2322 2616 monita,
2345 2549 2458 2606 nisi
2470 2554 2699 2606 reatum
2715 2561 2894 2602 suum
2916 2544 3100 2616 digna
3114 2542 3524 2601 satisfactione
3542 2557 3731 2600 corre·

2072 2641 2242 2713 xerit,
2283 2638 2595 2713 potestatis
2636 2636 3000 2708 honorisque
3038 2634 3131 2691 sui
3172 2633 3462 2703 dignitate
3513 2635 3731 2697 careat,

2073 2744 2361 2803 reamque
2398 2744 2461 2784 se
2498 2726 2701 2783 divino
2734 2722 2964 2795 judicio
3002 2722 3256 2780 existere
3283 2721 3361 2779 de
3384 2724 3729 2794 perpetrata

2071 2818 2383 2892 iniquitate
2411 2818 2741 2886 cognoscat
2766 2830 2781 2880 ;
2810 2816 2870 2870 et
2887 2828 2925 2870 a
2963 2810 3373 2869 sacratissimo
3398 2824 3655 2883 corpore
3677 2814 3733 2867 et

2073 2907 2367 2978 sanguine
2418 2904 2519 2961 Dei
2549 2919 2621 2961 ac
2670 2901 2904 2959 Domini
2928 2901 3112 2959 nostri
3159 2903 3296 2958 lesu
3316 2897 3733 2972 Redemptoris

2073 2996 2285 3056 Christi
2323 2994 2519 3054 aliena
2548 2993 2671 3061 flat,
2706 2997 2887 3066 atque
2924 2990 2987 3048 in
3028 2997 3294 3048 extremo
3319 2989 3602 3047 examine
3645 2987 3734 3046 di-

2069 3087 2283 3144 strictae
2300 3083 2846 3154 ultionisubjaceat.
2880 3081 3118 3138 Cunctis
3143 3085 3345 3137 autem
3365 3078 3567 3135 eidem
3602 3078 3732 3135 loco

2071 3193 2181 3233 sua
2221 3176 2361 3248 jura
2398 3171 2773 3230 servantibus
2815 3171 2889 3227 sit
2934 3184 3051 3242 pax
3088 3167 3323 3226 Domini
3371 3167 3563 3224 nostri
3595 3166 3733 3223 Iesu

2071 3264 2299 3330 Christi.
2331 3266 2629 3336 quatenus
2658 3265 2714 3317 et
2742 3260 2837 3317 hic
2850 3259 3027 3316 bonae
3048 3257 3296 3316 actionis
3309 3256 3571 3314 fructum
3607 3270 3735 3329 per-

2070 3354 2314 3427 cipiant,
2331 3357 2389 3409 et
2404 3351 2570 3424 apud
2589 3349 2925 3407 districtum
2940 3348 3206 3420 judicem
3226 3344 3477 3420 praemia
3497 3350 3732 3404 oeternoe

2069 3444 2236 3518 pacis
2257 3441 2584 3499 inveniant.
2625 3445 2834 3505 Amen,
2857 3452 3057 3495 amen.

2140 3533 2485 3606 Sequuntur
2502 3529 2675 3600 siqua
2689 3527 2876 3593 Lucii,
2896 3524 3224 3585 catholica
3236 3525 3500 3583 ecclesia
3508 3524 3729 3595 episeo-

2066 3622 2153 3694 ρι’,
2183 3628 2236 3680 et
2276 3619 2604 3678 multorum
2633 3616 2915 3682 aliorum,
2943 3622 3066 3673 tam
3100 3614 3514 3673 cardinalium
3552 3628 3732 3687 quan

2070 3712 2497 3783 episcoporum,
2531 3707 2673 3765 etin
2694 3707 2817 3776 tine
2842 3723 2864 3763 .·

2141 3802 2355 3857 Datum
2368 3797 2639 3855 Laterani
2663 3810 2768 3868 per
2784 3809 3034 3851 manum
3049 3792 3287 3855 alberti.
3305 3794 3361 3850 S.
3392 3794 3458 3849 R.
3493 3794 3556 3849 E.
3578 3806 3728 3865 pre·-

2070 3889 2227 3963 sbyt.
2251 3885 2573 3945 cardinalis
2602 3889 2657 3943 et
2686 3882 3046 3949 cancellarii,
3068 3898 3104 3939 v
3129 3880 3257 3939 Kal.
3276 3880 3486 3947 Martii,
3517 3880 3722 3938 indict.

2069 3992 2339 4037 xv.anno
2371 3973 2798 4033 incarnationis
2818 3971 3142 4030 Dominices
3171 3968 3562 4043 ¹18¹,pontih
3594 3984 3725 4028 vero

2072 4068 2137 4124 D.
2170 4066 2330 4124 Lucii
2351 4080 2494 4139 pap.
2526 4078 2670 4121 ann.
2686 4078 2747 4119 m
2772 4062 2873 4135 (6).

2757 4194 2992 4253 XXXIX.

2075 4307 2461 4381 Privileqium
2497 4323 2568 4364 su
2615 4320 2680 4363 er
2707 4303 3109 4373 redemptione
3144 4303 3516 4361 decimarum
3549 4301 3726 4361 oma-

2569 4322 2877 4450 gurqmsis
2914 4374 3219 4434 Ecclesias-

2597 4491 2914 4563 (Laterani,
2936 4493 3099 4550 Hart.
3123 4488 3205 4562 2.)

2391 4602 2646 4674 [Moesta.
2677 4601 2820 4659 Osn.
2851 4598 3083 4668 Geren..
3123 4598 3212 4665 lv,
3253 4598 3406 4669 ¹02.)

2138 4732 2344 4788 Lucius
2374 4727 2721 4801 episcopus,
2755 4740 2963 4782 servus
2995 4737 3308 4781 servorum
3338 4721 3464 4791 Dei,
3494 4721 3724 4782 dilectis

2069 4820 2205 4878 filiis
2241 4815 2503 4891 capitulo
2542 4814 2742 4872 Sancti
2770 4813 2920 4871 Petri
2936 4811 3441 4884 osnaburgensis,
3473 4812 3724 4871 salutem

2068 4915 2125 4967 et
2144 4907 2542 4981 apostolicam
2579 4902 3084 4961 benedictionem.

2140 4999 2282 5064 Quae
2312 5011 2348 5052 a
2359 4993 2533 5051 nobis
2546 4991 2975 5051 rationabiliter
2988 4991 3371 5065 expetuntur,
3389 4990 3606 5050 animo
3622 5006 3722 5048 nos

2068 5087 2239 5146 decet
2262 5083 2470 5140 libenti
2501 5080 2849 5148 concedere,
2882 5084 2940 5137 et
2975 5096 3048 5137 ea
3075 5077 3289 5136 effectu
3314 5083 3718 5154 prosequente

2069 5175 2390 5248 complere.
2413 5173 2756 5245 Eapropter,
2777 5168 2973 5225 dilecti
2993 5168 3052 5224 in
3083 5167 3336 5224 Domino
3349 5166 3479 5235 mii,
3511 5168 3715 5226 vestris

2063 5266 2239 5340 iustis
2251 5257 2756 5337 postulationibus
2774 5262 3125 5324 annuentes,
3144 5255 3415 5314 decimas
3431 5255 3518 5315 ad
3551 5257 3718 5316 eccle·

2067 5357 2221 5413 siam
2249 5353 2447 5424 ipsam
2486 5351 2824 5420 spectantes
2848 5345 3309 5419 quibuscunque
3336 5344 3546 5404 modis
3575 5353 3720 5421 pote·

2068 5446 2194 5504 ritis
2226 5442 2302 5500 de
2354 5453 2544 5497 manu
2578 5436 2869 5494 redimere
2908 5434 3196 5493 laieorum
3237 5439 3297 5491 et
3335 5449 3466 5505 eas,
3514 5435 3722 5495 numus

2073 5530 2543 5600 contradictione
2578 5525 2877 5592 obstante,
2915 5524 3127 5585 vestris
3175 5522 3390 5584 usibus
3425 5525 3721 5603 applicat·
