3784 6000
915 196 1285 259 EPISTOLAE
1323 196 1413 255 m·
1449 192 1889 255 PnlvlLEfflA.
1929 222 2000 237 —
2036 189 2151 251 AN.
2202 191 2357 251 1183.
3195 193 3342 253 ¹218

1597 324 1646 379 A
1678 316 1965 375 omnibus
1992 316 2365 390 appendiciis
2390 314 2532 382 suis,
2564 315 2774 382 vineis,
2795 316 2953 388 agris
2982 319 3040 374 et
3064 317 3248 390 pratis
3275 321 3338 377 et

1678 408 1904 474 hanno.
1919 405 2276 479 etcapellam
2304 405 2494 478 ipsius
2517 404 2702 461 curtis
2713 407 3149 464 cumomnibus
3178 406 3336 464 deci·

1680 497 1794 554 mis
1824 494 2034 569 proedii
2068 496 2160 552 sui
2203 500 2260 551 et
2293 509 2434 550 cum
2460 493 2714 550 decimis
2741 493 3063 552 duodecim
3097 511 3335 554 manso-

1682 601 1817 643 rum
1841 590 1900 643 et
1925 584 2180 642 aliorum
2207 583 2467 640 duorum
2499 596 2854 641 mansorum
2882 584 3333 655 Argentinensis

1680 673 1966 732 ecclesiae.
1994 675 2056 728 10
2074 670 2419 729 orheswilae
2436 676 2665 727 curtem
2685 671 3057 730 dominicam
3076 689 3216 731 cum
3227 674 3344 730 de·

1683 761 1856 819 cimis
1882 761 2070 834 ipsius
2092 760 2293 832 praedii
2316 765 2375 817 et
2399 759 2625 817 banno.
2661 763 2722 816 10
2748 760 3181 832 Bunegesheim
3204 778 3335 818 cur·

154 329 440 387 Henricus
470 328 826 386 Albanensis
855 327 1194 401 episcopus.

152 419 490 476 Theodinus
522 418 856 474 portuensis
888 423 946 473 et
969 418 1029 473 S.
1053 415 1281 472 Rufinae
1308 413 1496 486 episc.

166 512 367 566 Petrus
422 507 730 580 presbyter
771 505 1092 563 cardinalis
1136 502 1308 561 titulo
1351 504 1410 561 S.
1468 502 1572 559 Su-

160 686 454 744 Vivianus
501 686 585 742 tit.
638 687 694 742 S.
741 684 1026 757 Stephani
1075 683 1133 739 in
1174 682 1357 740 Coelio
1386 683 1573 739 110010

157 774 499 834 cardinalis.

143 867 442 923 Laborans
465 865 663 938 presb.
698 864 864 921 card.
895 865 952 920 S.
985 862 1174 920 Mariis
1201 864 1389 918 Trans
1411 859 1576 918 Tibe-
1682 857 1801 909 tem
1832 866 1974 908 eum
1998 848 2221 907 allodio
2260 850 2573 906 vinearum
2601 854 2660 906 et
2685 864 2967 922 agrorum
2996 866 3136 908 cum
3164 851 3338 909 omni

142 999 154 1010 .
184 954 415 1011 calixti.
1681 939 1920 997 decima
1945 954 2077 1005 sua,
2128 935 2296 1012 quod
2339 937 2661 1009 Ringardis
2691 938 2900 1009 regina
2947 938 3118 996 vobis
3148 939 3342 998 dedit.

139 1060 215 1102 ex
237 1044 366 1102 alii.
1683 1029 1933 1101 Insuper
1953 1026 2245 1085 allodium
2269 1026 2330 1082 in
2355 1028 2487 1098 ipsa
2504 1026 2643 1082 villa
2657 1028 2823 1100 quod
2839 1026 3148 1085 odalricus
3169 1028 3340 1086 vobis

136 1151 213 1190 im
253 1132 489 1205 signiae,
522 1147 631 1204 par
671 1147 920 1187 manum
950 1130 1170 1187 Alberti
1209 1133 1428 1185 sanctae
1468 1129 1577 1184 Ro·

152 1222 421 1279 Ecclesioe
466 1220 668 1294 presb.
698 1220 1020 1277 cardinalis
1065 1225 1123 1275 et
1148 1216 1507 1282 cancellarii,
1535 1231 1573 1270 11

155 1311 308 1376 iulii,
354 1310 678 1366 indictione
737 1308 952 1381 prima,
983 1307 1420 1364 iucarnationis
1465 1308 1575 1363 Do-

137 1417 163 1456 0
186 1414 349 1456 0000
378 1401 534 1465 1183,
568 1397 957 1471 pontificatus
987 1411 1127 1453 vero
1156 1394 1387 1452 domini
1412 1392 1578 1450 Lucii

138 1489 273 1546 ‚ertii
304 1504 466 1545 anno
496 1486 785 1543 secundo.

666 1578 822 1634 exn.

1682 1117 1872 1175 dedit.
1905 1116 1967 1173 lb
1991 1116 2297 1173 scerwilre
2317 1122 2546 1172 curtem
2575 1115 2944 1173 dominicam
2965 1131 3105 1174 cum
3127 1117 3337 1175 vineis,

1685 1206 1870 1277 agris,
1900 1206 2082 1277 pratis
2109 1211 2164 1260 et
2193 1220 2332 1261 cum
2366 1204 2637 1270 decimis,
2666 1211 2722 1262 et
2752 1206 2957 1263 banno
2980 1206 3170 1280 ipsius
3192 1222 3342 1279 prae-

1684 1295 1787 1353 dii.
1839 1298 1902 1351 ln
1948 1293 2257 1353 Tamwilre
2292 1292 2580 1352 allodium
2634 1309 2776 1351 cum
2831 1296 2992 1366 agris
3048 1298 3105 1352 et
3155 1295 3340 1368 pratis

1686 1389 1744 1441 et
1789 1397 2088 1457 aquarum
2144 1381 2501 1439 decursibus
2548 1388 2606 1440 et
2640 1383 2938 1456 capellam
2990 1399 3130 1441 cum
3179 1383 3344 1442 deci-

1688 1474 1824 1531 mis.
1856 1473 1920 1529 10
1958 1470 2310 1529 Ebersheim
2331 1477 2557 1529 curtem
2596 1471 2966 1529 dominicam
2996 1487 3130 1529 cum
3160 1470 3344 1529 fores-

1690 1562 1765 1619 tis
1803 1567 1861 1619 et
1885 1566 2102 1634 quarta
2143 1565 2310 1632 parte
2345 1559 2533 1617 banni
2574 1560 2769 1633 ipsius
2798 1561 2970 1619 villoe.
3019 1560 3085 1618 In
3117 1562 3346 1632 110300-

137 1664 796 1726 :teriiEbev-sheimensis
815 1664 1065 1721 tutelam
1083 1661 1349 1733 suscipit,
1360 1676 1583 1733 posses·
1618 1679 1664 1737 Β
1689 1650 1852 1707 belm
1899 1655 2127 1707 curtem
2175 1648 2548 1707 dominicam
2596 1664 2735 1705 cum
2781 1649 3068 1707 omnibus
3115 1664 3346 1723 appen-

291 1739 597 1810 sionesque
626 1744 678 1793 et
699 1738 854 1807 jura
886 1735 1219 1806 confirmat.

490 1826 751 1898 (Signiae,
780 1825 895 1881 lul.
920 1825 1033 1895 19.)

178 1918 569 1993 [scaosrrun.
598 1915 726 1971 Als.
754 1913 931 1984 dipl„
950 1918 990 1970 t.
1017 1915 1060 1979 1,
1089 1928 1149 1985 p.
1183 1912 1337 1987 278]

137 2025 212 2066 zus
255 2009 596 2080 episcopus,
625 2020 834 2060 servus
863 2018 1174 2059 servorum
1211 2003 1330 2071 Dei,
1358 2001 1587 2058 dilectis

137 2100 395 2155 :eston-o
436 2094 639 2151 abbati
676 2091 1022 2150 monasterii
1050 2092 1408 2150 Sanctorum
1439 2088 1588 2147 Petri

136 2186 193 2243 ili
222 2194 401 2259 atque
430 2183 679 2242 mauritii
706 2183 781 2239 de
807 2181 1170 2248 Ebersheim,
1199 2182 1252 2255 ej
1265 2195 1455 2253 usque
1475 2178 1592 2237 fra·

135 2318 152 2342 ,
186 2282 308 2332 tam
336 2271 733 2348 praesentibus
761 2286 948 2344 quam
977 2269 1217 2342 futuris,
1254 2269 1588 2342 regularem

137 2364 413 2429 rotassis,
443 2364 505 2420 in
543 2367 894 2436 perpetuam
926 2360 1305 2418 memoriam.

137 2454 256 2511 »ties
299 2468 335 2510 a
364 2452 537 2509 nobis
575 2451 807 2523 petitur,
835 2449 1001 2521 quod
1030 2447 1301 2520 religioni
1331 2452 1389 2505 et
1411 2448 1603 2505 hone·

137 2544 413 2599 cnvenire
432 2541 824 2614 dignoscitur,
844 2539 1048 2596 animo
1073 2553 1186 2594 nos
1204 2538 1373 2624 decet
1391 2537 1595 2595 libenti

135 2634 274 2690 dere
296 2638 350 2689 et
366 2630 693 2704 petentium
711 2626 1020 2684 desideriis
1039 2641 1377 2698 congruum
1388 2626 1600 2683 suflra-

156 2720 463 2794 impertiri.
492 2721 842 2791 Eapropter,
873 2715 1070 2773 dilecti
1101 2715 1163 2771 in
1193 2715 1445 2773 Domino
1470 2714 1595 2780 tilii,

137 2829 160 2868 s
181 2811 360 2885 justis
384 2805 883 2882 postulationibus
916 2806 1236 2862 clementer
1274 2805 1600 2873 annuimus

137 2901 335 2957 :fatum
357 2897 792 2956 monasterium
820 2900 1167 2954 sanctorum
1185 2894 1336 2952 Petri
1358 2898 1416 2950 et
1439 2893 1602 2951 Pauli

177 2989 428 3049 Mauritii
480 2986 900 3060 sociorumque
947 2985 1079 3057 eius
1116 2983 1193 3042 de
1234 2983 1599 3050 ichenheim,

164 3081 224 3138 in
256 3094 414 3153 pago
439 3078 795 3143 Alsaciense,
824 3091 1010 3149 super
1031 3074 1285 3131 fluvium
1316 3074 1485 3148 quod
1516 3073 1607 3130 di-

137 3169 265 3234 1110,
298 3170 358 3226 10
395 3182 518 3240 quo
547 3165 754 3222 divino
781 3164 1107 3237 mancipati
1135 3164 1278 3220 estis
1307 3163 1607 3237 obsequio

138 3260 250 3317 eati
285 3258 431 3314 Petri
454 3261 509 3313 et
539 3260 741 3312 nostra
770 3254 1133 3326 protectione
1164 3252 1529 3324 suscipimus
1552 3256 1611 3311 et

137 3349 268 3406 antis
280 3345 478 3418 scripti
496 3343 804 3419 privilegio
828 3341 1306 3399 communimus.
1328 3341 1611 3414 Inprimis

137 3438 255 3494 lem
280 3439 611 3493 statuentes
630 3432 849 3490 utordo
862 3432 1256 3499 monasticus,
1277 3430 1382 3503 qui
1405 3445 1614 3487 secun-

135 3528 320 3584 Deum
352 3530 407 3582 et
453 3524 613 3581 beati
643 3520 938 3578 Benedicti
969 3518 1255 3591 Regulam
1300 3521 1360 3577 in
1400 3519 1614 3578 eodem

137 3616 323 3673 sterio
362 3612 664 3670 institutus
703 3625 839 3666 esse
889 3608 1287 3679 dignoscitur,
1317 3615 1623 3681 perpetuis

137 3724 185 3763 :n
216 3702 590 3777 temporibus
620 3698 1035 3756 inviolabiliter
1062 3697 1435 3756 observetur.
1459 3697 1621 3755 Ρω-

145 3806 542 3869 quascunque
572 3790 1009 3864 possessiones,
1039 3802 1424 3861 quiscunque
1453 3785 1620 3844 bona

142 3882 576 3942 monasterium
596 3880 655 3935 10
684 3877 1138 3951 praesentiarum
1167 3876 1326 3948 juste
1358 3881 1416 3934 et
1437 3889 1618 3935 cano·

137 3974 393 4038 ›ossidet,
427 3970 614 4028 autin
652 3969 935 4031 futurum,
966 3966 1353 4024 concessione
1377 3965 1618 4038 pontifi-

163 4062 472 4133 largitione
508 4073 720 4129 regum
767 4055 856 4113 vel
898 4055 1270 4129 principum,
1311 4053 1616 4111 oblatione

137 4168 225 4208 im
255 4166 362 4206 seu
380 4148 515 4205 aliis
538 4147 717 4220 justis
745 4145 964 4211 modis,
991 4147 1309 4216 proestante
1338 4143 1612 4208 Domino,

137 4241 178 4296 11
203 4237 476 4311 adipisci,
510 4235 691 4292 firma
717 4233 894 4291 vobis
936 4234 1269 4305 vestrisque
1300 4246 1613 4289 successo-

157 4334 214 4386 et
251 4327 481 4384 illibata
523 4328 938 4398 permaneant.
972 4326 1035 4379 ln
1063 4321 1286 4396 quibus
1316 4320 1448 4379 hoec
1480 4335 1615 4395 pro-

137 4416 415 4473 duximus
446 4412 839 4486 exprimenda
869 4411 1175 4469 vocabulis
1208 4428 1223 4464 ε

137 4523 257 4564 tum
304 4506 506 4578 ipsum
547 4503 611 4558 iu
653 4517 776 4576 quo
819 4500 1134 4573 praefatum
1178 4497 1615 4558 monasterium

137 4616 147 4652 ι
176 4599 283 4660 est,
302 4609 442 4650 cum
469 4591 755 4649 omnibus
778 4589 1146 4663 pertinentiis
1173 4587 1323 4645 suis.
1351 4590 1415 4645 10
1445 4588 1617 4647 sulza

136 4702 192 4742 m
221 4684 389 4740 Porte
420 4698 556 4739 cum
578 4681 828 4737 decimis
852 4678 974 4737 suis
1004 4683 1224 4736 etcum
1253 4678 1492 4736 decimis
1510 4676 1616 4735 do-

137 4792 200 4832 :oe
248 4773 431 4830 curtis
466 4771 528 4827 in
558 4768 740 4842 agris,
772 4767 960 4842 pratis
988 4772 1046 4824 et
1089 4766 1300 4825 vineis.
1327 4770 1388 4823 10
1434 4767 1617 4838 Rege-

137 4864 241 4921 2im
266 4862 533 4918 decimas
561 4860 822 4915 duorum
854 4871 1230 4915 mansorum.
1259 4860 1325 4913 ln
1352 4852 1618 4913 Gundol-

137 4954 233 5011 lim
255 4951 522 5009 decimas
540 4948 811 5022 quinque
841 4962 1215 5004 mansorum.
1230 4943 1618 5003 lnBercholtz

137 5059 235 5099 aas
270 5043 446 5097 unius
481 5038 689 5096 vineoe.
721 5040 786 5093 ln
833 5034 1270 5104 Balteresheim,
1296 5036 1359 5091 in
1391 5037 1619 5092 Batten·

137 5173 150 5198 ,
203 5132 265 5186 10
315 5128 766 5193 Bolichesheim,
814 5127 874 5183 in
929 5123 1300 5183 Bollenwilre
1350 5122 1619 5180 decimas

167 5220 229 5276 in
274 5220 357 5275 eis
385 5218 639 5275 habetis.
673 5215 975 5289 Capellam
1007 5213 1155 5271 Zelle
1200 5229 1341 5271 cum
1370 5211 1621 5269 decimis

138 5308 175 5365 ii
197 5308 312 5375 sui,
327 5306 630 5381 Capellam
658 5305 1021 5363 Sarmonzhe
1045 5318 1185 5361 cum
1208 5302 1458 5360 decimis
1478 5299 1621 5359 allo·

137 5397 203 5455 11.
236 5399 300 5453 10
344 5396 729 5466 Egenesheim
761 5394 1029 5451 decimas
1087 5392 1263 5450 unius
1300 5388 1621 5448 dominico

137 5505 178 5547 s.
217 5486 286 5545 In
328 5484 739 5558 sigoltesheim
788 5487 1019 5543 curtem
1063 5480 1436 5542 dominicam
1479 5492 1621 5538 cum

1691 1739 1863 1797 diciis
1900 1739 2027 1795 suis
2067 1743 2124 1797 et
2150 1738 2377 1796 hanno.
2411 1741 2473 1794 ln
2523 1738 2924 1795 sermesheim
2963 1744 3196 1796 curtem
3232 1737 3349 1797 do·

1692 1830 2002 1896 minicam,
2033 1844 2175 1886 cum
2217 1827 2454 1885 decima
2507 1827 2703 1885 salicae
2746 1833 2913 1885 terroe
2942 1834 3002 1886 et
3028 1828 3348 1887 ecclesiam

1693 1935 1834 1978 cum
1862 1917 2112 1976 decimis
2148 1917 2339 1990 ipsius
2376 1915 2549 1973 villae.
2584 1916 2652 1972 Ιο
2680 1916 3036 1974 Hittenheim
3080 1916 3350 1975 decimas

1698 2010 1877 2066 unius
1929 2006 2252 2064 dominicas
2289 2005 2494 2062 curtis.
2545 2005 2612 2062 ln
2659 2006 3023 2064 nazenheim
3074 2006 3348 2065 decimas

1698 2096 2011 2168 sexaginta
2031 2100 2166 2153 octo
2187 2096 2493 2168 jugerum.
2523 2097 2587 2150 10
2616 2095 2970 2152 outenheim
2992 2099 3220 2152 curtem
3246 2096 3352 2153 do·

1699 2187 1990 2244 minicam
2013 2192 2069 2244 et
2087 2183 2398 2243 ecclesiam
2422 2199 2561 2241 cum
2591 2183 2842 2240 decimis
2874 2185 3069 2257 ipsius
3094 2183 3263 2242 villoe.
3285 2187 3351 2244 ln

1700 2275 1958 2334 Northus
1979 2273 2248 2332 decimas
2281 2275 2457 2330 unius
2470 2272 2790 2330 dominicoe
2814 2272 3016 2330 curtis.
3036 2273 3099 2330 10
3118 2272 3355 2331 Hunde-

1700 2364 1971 2424 nesheim
1985 2371 2045 2421 et
2068 2364 2130 2421 in
2160 2361 2572 2420 Lumersheim
2604 2362 2894 2420 similiter.
2920 2365 2982 2419 10
3014 2362 3201 2421 valna
3223 2377 3358 2422 cur-

1704 2461 1824 2513 tem
1869 2452 2238 2512 dominicam
2279 2468 2419 2509 cum
2461 2457 2681 2524 quarta
2714 2457 2885 2523 parte
2929 2450 3120 2509 hanni
3157 2451 3355 2525 ipsius

1705 2543 1884 2601 villas.
1907 2543 1969 2599 10
1998 2543 2328 2600 Birenheim
2344 2549 2574 2599 curtem
2590 2542 2957 2599 dominicam
2978 2557 3118 2599 cum
3138 2542 3358 2599 medie-

1707 2639 1823 2691 tate
1860 2631 2072 2690 banni.
2097 2631 2163 2687 10
2195 2629 2536 2688 Hiltesheim
2565 2635 2790 2686 curtem
2817 2629 3191 2687 dominicam
3215 2646 3357 2688 cum

1707 2721 1957 2779 decimis
1971 2720 2167 2777 salicoe
2183 2727 2347 2775 terroe
2362 2724 2418 2776 et
2431 2717 2744 2776 ecclesiam
2761 2734 2900 2776 cum
2917 2719 3157 2778 decima
3169 2719 3360 2792 ipsius

1712 2810 1865 2868 villoe
1890 2813 1951 2867 et
1976 2807 2183 2866 banno
2213 2813 2270 2865 et
2295 2824 2434 2865 cum
2459 2808 2625 2864 omni
2642 2807 3048 2864 mundiburde
3076 2807 3366 2866 01100011-

1710 2900 1958 2957 bertate.
1978 2903 2119 2955 ltem
2138 2897 2203 2954 in
2221 2898 2359 2970 ipsa
2375 2897 2514 2954 villa
2534 2904 2762 2954 curtem
2782 2896 3156 2954 dominicam
3170 2895 3251 2954 ad
3270 2912 3366 2956 sa-

1712 2987 1976 3046 crarium
2022 2985 2345 3060 pertinens,
2389 3002 2528 3043 cum
2581 2984 2832 3043 decimis
2879 2990 2939 3043 et
2986 2985 3363 3059 appendiciis

1713 3079 1858 3144 suis,
1881 3076 2107 3134 scilicet
2120 3075 2489 3145 cellesheim,
2514 3074 2880 3133 conenheim
2895 3080 2954 3132 et
2973 3074 3364 3148 Hagenheim.

1714 3170 1777 3224 ln
1792 3164 2206 3224 Azolveswilre
2225 3171 2454 3222 curtem
2470 3165 2840 3222 dominicam
2863 3180 3002 3222 cum
3030 3164 3286 3223 ecclesia
3312 3168 3372 3223 et

1714 3257 1923 3314 hanno
1940 3256 2184 3313 etomni
2205 3253 2497 3311 dominio.
2533 3257 2593 3310 ln
2622 3253 2977 3312 mutersholz
3001 3259 3230 3312 curtem
3258 3252 3374 3311 do-

1716 3347 2005 3403 minicam
2054 3360 2194 3400 cum
2228 3343 2480 3401 ecclesia
2506 3348 2566 3400 et
2601 3342 2854 3400 decimis
2897 3344 3089 3417 ipsius
3130 3342 3284 3401 villas
3313 3347 3373 3402 et

1717 3434 2036 3493 medietate
2052 3432 2261 3490 banni.
2286 3433 2350 3488 ln
2379 3430 2768 3489 Baldenheim
2785 3432 3079 3505 capellam
3094 3447 3235 3490 cum
3251 3446 3374 3489 me-

1720 3524 1940 3583 dietate
1975 3522 2352 3579 decimarum
2387 3520 2576 3593 ipsius
2627 3519 2800 3577 villae.
2853 3521 2919 3577 10
2967 3519 3370 3579 wittensheim

1722 3621 1949 3672 curtem
1980 3611 2354 3669 dominicam
2390 3625 2529 3667 cum
2576 3609 2766 3666 tribus
2792 3609 3068 3683 partibus
3096 3609 3285 3666 banni
3316 3611 3377 3666 et

1723 3702 2040 3762 ecclesiam
2068 3699 2256 3774 ipsius
2300 3699 2416 3757 loci
2444 3714 2584 3756 cum
2631 3698 2902 3756 decimis.
2932 3701 3008 3755 10
3047 3698 3377 3756 Niverates-

1722 3793 1885 3852 heim
1931 3790 2221 3850 allodium
2258 3794 2316 3847 et
2360 3787 2679 3872 ecclesiam
2715 3803 2856 3845 cum
2900 3787 3150 3845 decimis
3185 3788 3376 3861 ipsius

1721 3882 1899 3940 villae.
1949 3884 2012 3938 ln
2072 3878 2477 3936 swavesheim
2530 3884 2759 3935 curtem
2812 3876 3183 3934 dominicam
3232 3891 3373 3935 cum

1723 3971 2043 4030 medietate
2069 3969 2277 4025 hanni.
2309 3969 2375 4025 ln
2410 3966 2874 4039 Artusvesheim,
2915 3971 3142 4023 curtem
3187 3965 3378 4023 domi·

1721 4064 1922 4118 nicam
1942 4074 2081 4116 cum
2101 4057 2352 4114 ecclesia
2372 4061 2429 4113 et
2442 4053 3064 4129 decimisipsiusvillae
3077 4054 3376 4113 ethanno.

1723 4148 2026 4224 Capellam
2066 4148 2128 4203 in
2166 4147 2455 4203 Bireheim
2486 4160 2625 4202 cum
2663 4143 2916 4202 decimis
2954 4144 3104 4201 suis.
3135 4147 3201 4202 ln
3239 4144 3378 4201 Cru-

1720 4238 1993 4296 zenheim
2020 4242 2247 4294 curtem
2283 4234 2677 4303 dominicam,
2707 4249 2849 4291 cum
2881 4233 3072 4300 trihus
3109 4234 3379 4308 partibus

1721 4328 1910 4387 hanni
1945 4334 2005 4384 et
2046 4326 2213 4383 omni
2241 4323 2513 4382 dominio
2555 4324 2746 4397 ipsius
2787 4322 2939 4381 villoe
2968 4328 3026 4381 et
3061 4323 3377 4381 ecclesiam

1646 4395 1691 4451 D
1721 4434 1861 4476 cum
1887 4416 2139 4474 decimis
2155 4416 2301 4472 suis.
2318 4414 2384 4472 10
2401 4414 2746 4472 arzenheim
2762 4420 2995 4471 curtem
3007 4412 3379 4476 dominicam

1722 4524 1859 4565 cum
1877 4507 2049 4565 omni
2066 4506 2202 4578 iure
2221 4521 2353 4563 suo.
2381 4505 2446 4561 ln
2464 4504 2744 4561 Burheim
2766 4503 3036 4560 decimas
3057 4502 3377 4562 dominicae

1723 4598 1925 4655 curtis.
1955 4596 2023 4653 10
2060 4595 2355 4652 castineto
2397 4594 2697 4667 praedium
2740 4607 2951 4649 unum.
2985 4594 3049 4647 ln
3076 4589 3379 4656 'tambaco

1725 4686 2019 4761 praedium
2050 4700 2261 4741 unum.
2282 4685 2347 4739 10
2366 4681 2736 4738 Illichirchen
2758 4685 2876 4737 tres
2904 4693 3170 4737 mansos.
3196 4665 3262 4742 in
3287 4677 3383 4734 Of-

1724 4775 1986 4833 tenheim
2002 4774 2159 4831 duos
2173 4787 2446 4830 mansos.
2466 4774 2529 4828 10
2550 4785 2709 4843 pago
2724 4768 3126 4840 Brisaugiensi
3153 4771 3380 4828 curtem

1725 4864 2094 4923 dominicam
2118 4863 2179 4919 in
2201 4861 2341 4919 villa
2368 4859 2656 4917 wizwilre
2684 4874 2824 4918 cum
2843 4857 3133 4916 omnihus
3153 4869 3383 4930 appen-

1725 4953 1898 5011 diciis
1921 4952 2048 5009 suis
2076 4957 2132 5009 et
2157 4950 2474 5008 ecclesiam
2519 4964 2659 5007 cum
2699 4948 2946 5005 decimis
2973 4947 3168 5020 ipsius
3197 4944 3381 5013 villae,

1726 5043 1934 5101 banno
1961 5047 2020 5099 et
2047 5041 2212 5099 omni
2242 5038 2534 5097 dominio.
2564 5040 2630 5094 10
2661 5035 3120 5095 Baldovesheim
3159 5047 3386 5092 novem

1730 5146 2001 5190 mansos.
2020 5134 2081 5188 ln
2093 5129 2398 5188 lbenheim
2415 5143 2699 5186 mansum
2715 5141 2929 5184 unum.
2953 5128 3018 5182 10
3040 5121 3380 5181 widensoln

1729 5237 2013 5279 mansum
2026 5217 2424 5278 etdimidium.
2435 5220 2496 5273 ln
2512 5216 2811 5276 Uresheim
2829 5229 3094 5273 mansum
3106 5212 3390 5278 unum‚1n

1730 5309 2131 5371 otrateswche
2142 5313 2259 5366 tres
2270 5308 2610 5366 mansos.ln
2627 5305 2892 5363 Ostheim
2907 5318 3158 5362 manum
3170 5316 3381 5370 unum,

1729 5401 1791 5459 in
1818 5400 2071 5459 Onheim
2100 5399 2256 5457 duos
2295 5411 2565 5468 mansos,
2590 5395 2651 5453 in
2681 5385 3114 5454 veltchirichen
3141 5391 3381 5451 vineam

1729 5506 1919 5552 unam
1952 5495 2011 5551 et
2052 5488 2375 5549 dimidium
2412 5500 2722 5548 mansum.
2750 5483 2822 5543 ln
2860 5481 3198 5544 Roleswilrs
3224 5479 3384 5556 duas
