3784 6000
266 223 327 288 3⁷

1732 166 2162 281 EPISTOLAE.

3572 227 3654 292 38

312 354 553 412 Litteras
602 370 638 411 a
683 357 788 411 tua
834 350 1000 409 nobis
1047 350 1359 425 prudentia
1388 351 1731 419 destinatae,
1768 354 1881 409 etc.
1912 350 1968 420 A
1996 348 2115 406 cuti
2147 351 2307 407 sunt.
2357 348 2468 406 Alii
2529 348 2742 423 gladiis
2773 351 3241 412 discurrentibus
3272 356 3480 426 territi,
3510 374 3646 417 cum

261 444 362 502 me
389 446 451 501 in
480 442 802 502 Alexandro
836 443 915 499 111
942 456 1117 516 popa,
1164 442 1235 500 ad
1262 459 1357 499 an.
1391 442 1554 513 1181,
1584 443 1729 502 inter
1767 443 1886 499 Pu-

255 535 490 607 trolopiae
519 538 694 593 umes
713 548 847 591 mox
872 532 1124 591 edendos.

974 622 1169 679 xxm.

392 730 470 771 an
508 728 992 771 ancmsmscoros
1030 729 1098 769 ετ
1136 728 1438 771 episcopos
1477 728 1719 771 aueum.

294 806 529 869 Quanta
589 807 933 877 tempestate
1001 802 1224 860 laboret
1279 802 1538 861 Ecclesia
1591 808 1764 876 atque
1825 800 1887 857 in

242 899 449 968 quanto
478 896 748 953 videatur
768 892 1027 968 periculo
1047 893 1386 965 constituta,
1410 897 1603 951 vestra
1622 909 1769 966 quos
1790 891 1886 949 hic

237 983 394 1041 dolor
419 985 621 1057 tangit
657 984 973 1057 prudentia
992 999 1108 1041 non
1131 984 1385 1057 ignorat.
1416 984 1488 1040 Et
1516 982 1622 1040 filii
1650 982 1889 1056 quidem

237 1072 546 1147 Babylonis
563 1072 929 1147 prospiciunt
944 1076 1003 1131 et
1017 1071 1337 1144 exsultant,
1352 1072 1453 1145 qui
1475 1071 1645 1145 quasi
1666 1074 1888 1129 certum

236 1163 612 1235 auspicantes
640 1164 713 1220 de
733 1161 1121 1237 procellarum
1145 1162 1468 1236 quantitate
1489 1160 1885 1234 naufragium,

234 1253 289 1309 ad
317 1252 699 1326 diripiendas
725 1252 986 1310 sarcinas
1007 1252 1211 1325 etipsa
1227 1249 1442 1324 navigii
1461 1249 1725 1308 fabulata
1754 1266 1891 1308 con·

233 1350 487 1399 currunt.
521 1340 708 1398 Nobis
758 1347 955 1398 autem
1004 1340 1377 1398 securitatem
1410 1342 1642 1411 praestat
1692 1338 1889 1396 divina

232 1430 565 1503 promissio,
584 1430 917 1503 qua'portas
933 1428 1106 1487 inferi
1122 1430 1402 1487 adversus
1425 1445 1555 1487 eam
1576 1428 1887 1502 proevalere

233 1538 333 1579 non
366 1520 541 1588 sinit,
565 1520 669 1577 sed
697 1518 1017 1578 vexationis
1046 1518 1297 1591 injurias
1311 1518 1566 1577 victoriae
1599 1515 1885 1575 certitudo

233 1613 596 1685 compensat.
626 1609 827 1683 Neque
845 1610 1005 1666 enim
1028 1608 1422 1682 desperationi
1444 1608 1608 1667 locus
1639 1611 1748 1675 est,
1782 1606 1884 1663 ubi

233 1716 462 1759 musam
494 1700 782 1757 rectitudo
803 1700 1201 1769 commendat,
1222 1704 1277 1755 et
1299 1698 1570 1755 virtatem
1590 1696 1881 1770 patientiis
1914 1726 1963 1793 B

232 1792 424 1848 firmat
441 1789 687 1847 interim
713 1788 1071 1848 conscientia
1086 1787 1570 1846 veritatis.Causae
1589 1786 1884 1860 siquidem

230 1883 437 1938 noetrae
466 1894 579 1937 neo
609 1879 810 1950 ignota
852 1877 1067 1937 veritas
1099 1880 1204 1950 est,
1238 1893 1345 1936 nec
1376 1876 1602 1934 incerte
1626 1876 1884 1949 justitia,

228 1970 325 2026 sed
353 1985 451 2026 res
476 1969 613 2027 luce
660 1967 873 2026 clarior
919 1972 979 2025 et
1029 1965 1329 2041 pravitatis
1378 1966 1534 2023 nube
1581 1966 1885 2039 negotium

223 2062 454 2131 purgat,
484 2061 545 2115 et
565 2057 732 2115 omni
764 2056 1057 2129 jndicium
1094 2055 1361 2114 'absolvit
1389 2071 1605 2112 errore.
1638 2055 1699 2113 Si
1729 2055 1888 2113 enim

222 2162 471 2219 pereum
516 2163 778 2220 personas
829 2150 1222 2219 comparetur,
1283 2147 1551 2203 nostram
1612 2145 1890 2217 perfectio

220 2236 481 2295 scientio
511 2239 572 2293 et
626 2235 890 2294 omnium
952 2235 1234 2293 virtutum
1285 2235 1500 2293 format
1560 2233 1889 2306 integritas,

215 2327 370 2400 qnod
431 2343 554 2384 non
586 2326 776 2399 magis
805 2328 1005 2383 nostra
1035 2341 1215 2398 quam
1261 2323 1604 2381 adversariae
1653 2337 1888 2397 quoque

222 2416 417 2488 partis
444 2414 781 2473 testimonio
814 2415 1220 2473 confirmatur.
1254 2412 1435 2471 Alteri
1455 2426 1590 2471 vero
1611 2412 1661 2469 si
1684 2412 1892 2470 nobili-

215 2508 317 2561 tas
346 2505 588 2578 generis
605 2509 663 2563 et
681 2504 928 2578 quesita
947 2503 1021 2561 ob
1049 2504 1163 2562 hoo
1190 2503 1382 2576 ipsum
1405 2501 1730 2575 potentium
1751 2518 1886 2576 gra-

219 2596 306 2651 tia
340 2594 756 2663 subtrahatur,
790 2611 906 2652 non
928 2592 1041 2652 erit
1056 2593 1209 2651 unde
1231 2592 1302 2648 ad
1325 2591 1645 2664 majestatis
1666 2596 1897 2666 aposto-

219 2686 357 2744 licae
387 2685 698 2758 fastigium
733 2685 943 2743 audeat
972 2683 1254 2757 aspirare.
1278 2683 1391 2740 Sed
1424 2685 1483 2740 et
1510 2682 1562 2740 si
1590 2682 1744 2739 facta
1772 2682 1898 2740 ele-

229 2776 506 2833 etionnm
536 2774 786 2833 invicem
816 2773 1212 2843 conferantur,
1256 2771 1599 2830 electIonem
1629 2774 1893 2830 nostram

229 2865 402 2923 omni
434 2864 661 2934 ordine,
707 2862 867 2921 omni
900 2862 1297 2934 solemnitate,
1345 2861 1506 2918 omni
1537 2862 1784 2934 denique
1805 2879 1895 2919 ra-

227 2956 399 3013 tione
427 2954 754 3023 subnixam,
773 2953 1014 3013 alteram
1034 2952 1264 3027 plenam
1282 2951 1648 3025 impudentia
1667 2957 1898 3010 constat

226 3048 290 3102 et
319 3045 485 3101 omni
534 3045 780 3102 rationis
807 3043 1169 3102 adminiculo
1201 3043 1562 3102 destitutam.
1613 3042 1891 3116 Nunquid

1996 437 2181 496 electo
2238 455 2346 496 suo
2365 442 2426 496 in
2448 438 2836 497 munitionem
2858 443 3186 515 proximam
3211 453 3648 518 concesserunt,

1995 528 2099 585 ubi
2133 545 2233 587 eos
2260 530 2628 589 adversarius
2644 529 2740 588 ille
2763 548 2967 591 novem
2985 535 3195 593 diebus
3240 537 3512 596 obsessos
3532 538 3656 610 gla-

1997 618 2109 676 diis
2139 619 2328 676 tenuit
2355 624 2413 676 et
2444 619 2725 689 inclusos,
2753 621 3044 694 exiguam,
3065 625 3220 682 sicut
3238 629 3524 699 poterant,
3550 626 3656 686 ali-

1996 710 2254 766 moniam
2279 712 2397 767 toto
2421 709 2524 766 illo
2541 713 2799 782 tempore
2834 714 3257 773 mendicantes.
3291 718 3451 775 Unde
3472 718 3652 776 etiam

1997 798 2111 856 sibi
2130 800 2445 857 mentiendi
2468 816 2708 858 causam
2725 804 3021 876 componit
3053 805 3357 880 iniquitas,
3390 826 3656 868 asserens

1993 888 2287 960 Ottonem,
2303 889 2644 964 priusquam
2668 890 2816 948 alter
2833 892 3164 966 eligeretur,
3187 912 3290 968 per
3301 913 3507 955 novem
3526 897 3654 957 dies

1995 978 2350 1049 apostolatus
2381 979 2720 1037 cathedram
2770 981 3091 1040 solitarium
3137 985 3446 1057 insedisse,
3480 985 3655 1061 quasi

1995 1068 2091 1126 ille
2120 1069 2193 1126 ab
2240 1069 2427 1137 initio,
2475 1069 2611 1127 licet
2651 1071 2932 1140 renuerit,
2980 1089 3096 1131 non
3145 1074 3355 1134 fuisset
3402 1076 3655 1152 electus,

1993 1160 2285 1233 uniusque
2305 1160 2556 1217 violenta
2574 1161 2867 1233 possessio
2892 1163 3258 1222 sanctificare
3272 1164 3651 1239 injustitiam,

1992 1253 2051 1305 et
2081 1247 2419 1306 ambitionis
2449 1250 2758 1308 audaciam
2811 1250 3001 1309 valeat
3046 1253 3302 1325 expiare.
3348 1254 3525 1313 Porro
3559 1256 3650 1315 illi

1992 1339 2064 1395 de
2096 1354 2327 1396 carcere
2357 1339 2638 1397 beneficio
2662 1345 2902 1399 senatus
2934 1342 3156 1412 educti,
3189 1345 3260 1401 ad
3309 1344 3498 1403 locum
3530 1362 3651 1419 quo

1996 1426 2313 1501 apostolica
2333 1427 2587 1501 insignia
2608 1430 3012 1502 servabantur,
3036 1432 3281 1491 Domino
3304 1435 3655 1506 miserante,

1992 1518 2258 1591 perducti
2306 1522 2465 1587 sunt,
2499 1522 2563 1574 ut
2591 1518 2795 1576 electio
2829 1520 3264 1595 manciparetur
3283 1524 3540 1593 effectui,
3597 1530 3659 1584 et

1994 1604 2212 1662 electus
2233 1606 2479 1678 gratiam
2503 1607 2952 1665 consecrationis
2973 1625 3073 1680 per
3096 1626 3336 1667 manum
3363 1611 3654 1670 Ostiensis

1994 1694 2361 1767 episcopi,ad
2394 1711 2568 1767 quem
2590 1694 2844 1767 hocJure
2878 1697 3116 1770 speciali
3159 1700 3509 1772 pertinebat,
3542 1716 3655 1761 ao-

1993 1784 2225 1858 ciperet.
2249 1783 2511 1857 Denique
2540 1786 2868 1844 cardinales
2900 1791 2958 1844 et
2986 1789 3266 1862 episcopi.
3299 1792 3403 1863 qui
3440 1808 3541 1864 per
3561 1791 3651 1849 di-

1994 1888 2189 1930 versas
2220 1874 2549 1945 provincias
2579 1874 2885 1948 legationis
2912 1878 3298 1949 fungebantur
3329 1880 3544 1950 officio,
3574 1880 3648 1937 ad

1996 1978 2131 2019 eum
2162 1962 2287 2034 pari
2317 1963 2618 2020 devotione
2647 1966 2914 2023 conversi
2936 1970 3108 2035 sunt;
3142 1969 3364 2041 totique
3387 1970 3514 2041 jam
3546 1971 3651 2026 Ec-

1997 2052 2185 2109 olesiae
2216 2052 2318 2108 Dei
2351 2051 2685 2109 indubitatas
2714 2053 3153 2127 tranquillitatis
3182 2057 3469 2114 serenitas
3499 2057 3653 2115 arri-

1999 2141 2178 2201 deret,
2213 2139 2324 2196 nisi
2358 2139 2532 2197 homo
2584 2140 2682 2197 ille
2721 2142 2794 2198 ad
2837 2148 3229 2214 praeparatum
3278 2144 3650 2218 imperaioris

1999 2226 2284 2283 auxilium
2306 2226 2738 2299 transfugisset.
2771 2227 2990 2287 Verum
3039 2231 3137 2287 ille
3179 2231 3373 2303 gloriis
3415 2250 3537 2291 suo
3590 2237 3651 2291 et

2002 2332 2116 2374 non
2150 2316 2250 2373 Dei
2299 2317 2543 2374 sedulus
2597 2317 2919 2388 simulator,
2972 2319 3247 2377 desiderii
3287 2322 3647 2395 complendi,

2001 2406 2153 2479 quod
2167 2407 2239 2463 de
2252 2422 2596 2481 proavorum
2622 2407 2884 2480 exemplo
2906 2416 3269 2482 conceperat,
3285 2413 3648 2472 occasionem

1999 2495 2371 2554 laetabundus
2387 2497 2628 2568 accepit.
2648 2498 2842 2554 Nostis
2863 2499 3018 2555 enim
3043 2501 3499 2572 praedecessores
3520 2502 3651 2574 ejus

2004 2590 2073 2646 ad
2097 2589 2529 2661 subjugandam
2562 2589 2768 2647 ditioni
2796 2607 2915 2648 sues
2939 2593 3254 2650 Romanam
3276 2595 3596 2653 Ecclesiam
3618 2610 3654 2653 a

2003 2678 2196 2751 longis
2212 2684 2364 2737 retro
2380 2680 2742 2753 temporibus
2753 2681 3066 2754 aspirasse,
3082 2685 3358 2757 ipsosque
3371 2687 3653 2744 adversus

2006 2786 2136 2828 eam
2155 2786 2384 2842 semper
2405 2769 2491 2826 vel
2515 2772 2838 2828 suscitasse
2864 2771 2954 2829 vel
2984 2773 3193 2832 fovisse
3223 2774 3653 2849 schismaticos,

2003 2877 2120 2934 quo
2144 2861 2331 2934 magis
2358 2859 2419 2916 in
2445 2860 2580 2930 jnra
2609 2860 2738 2931 ejus
2769 2863 2862 2918 cui
2893 2862 3000 2934 ipsi
3045 2864 3439 2922 ministerium
3488 2867 3656 2925 debe-

2005 2951 2150 3010 bant
2177 2951 2310 3025 (23),
2347 2951 2679 3008 affectatum
2730 2955 2971 3023 possent
3015 2952 3325 3028 imperium
3369 2970 3653 3026 exercere,

2005 3057 2247 3113 eamque
2276 3042 2348 3101 ad
2379 3058 2549 3099 suam
2592 3057 2872 3101 converso
2911 3044 3115 3101 ordine
3155 3061 3273 3102 non
3318 3045 3648 3118 disponere,

224 3132 394 3190 enim
426 3131 604 3189 unius
625 3132 906 3206 episcopi,
927 3131 1234 3206 ipsiusque
1256 3147 1429 3205 quem
1452 3131 1661 3200 nostis,
1682 3135 1738 3187 et
1754 3132 1896 3188 duo·
1924 3104 1969 3174 C
2007 3133 2109 3189 sed
2123 3137 2376 3191 evertere
2389 3135 2769 3193 voluntatem.
2795 3135 2946 3192 Bene
2974 3138 3191 3208 tamen,
3209 3135 3487 3208 quoniam
3502 3135 3659 3210 quis-

223 3236 370 3277 rum
415 3221 797 3280 cardinalium
827 3222 932 3279 toti
959 3221 1230 3279 Ecclesiae
1261 3218 1668 3293 praejudicabit
1697 3224 1900 3278 aucto-

226 3312 400 3379 ritas,
432 3314 489 3368 et
517 3312 821 3383 reprobata
848 3309 1546 3385 universitate2Catholica
1575 3310 1731 3366 intra
1756 3328 1900 3383 qua-

238 3399 543 3458 ternitatis
569 3401 751 3472 huius
771 3401 1077 3474 angustiae
1097 3403 1386 3459 coarctata
1408 3399 1677 3456 credetur
1694 3399 1724 3453 ⁶?
1738 3398 1900 3457 Nun-

241 3490 390 3563 quid
424 3489 872 3559 consecrationi,
905 3490 1013 3547 rite
1044 3507 1110 3547 ac
1143 3489 1484 3547 solemniter
1513 3504 1617 3561 per
1642 3504 1770 3547 eam
1797 3506 1903 3548 cu-

229 3580 342 3650 jus
365 3579 608 3636 interest
650 3578 1088 3637 multitudinem
1140 3580 1461 3647 celebratas,
1495 3595 1564 3636 ea
1592 3594 1715 3650 quis
1747 3581 1902 3652 post-

248 3669 500 3725 modum
531 3685 634 3739 per
677 3684 896 3740 paucas
923 3668 1204 3743 ipsasque
1249 3670 1646 3728 emendicatas
1686 3686 1899 3727 manus

239 3761 549 3814 contracta
569 3761 659 3814 est
687 3756 899 3830 poterit
920 3759 1272 3831 praevalere?
1298 3760 1574 3833 Nunquid
1595 3760 1674 3817 im
1684 3761 1898 3833 puden·

241 3847 392 3904 tiam
424 3847 670 3919 oonjecti
701 3847 814 3905 sibi
836 3847 1085 3920 propriis
1116 3850 1391 3908 manibus
1420 3851 1752 3908 indumenti
1786 3852 1899 3907 mi-

243 3951 358 3992 nax
389 3936 826 4009 redemptorum
849 3938 1171 3997 satellitum
1191 3942 1465 4000 violentia
1485 3942 1901 4001 consecrabit?

242 4024 483 4082 Certum
503 4025 797 4099 siquidem
819 4032 908 4086 est
928 4030 1198 4090 ottonem
1217 4034 1524 4091 ecclesiam
1550 4034 1702 4092 Beati
1724 4033 1898 4106 Petri,

241 4130 384 4174 cnm
417 4115 500 4171 ibi
531 4114 875 4175 celebranda
905 4118 1053 4178 foret
1083 4120 1307 4195 electio,
1348 4127 1703 4182 armatorum
1733 4123 1901 4196 copia

241 4203 647 4276 complevisse,
670 4210 736 4263 ut
763 4208 921 4280 quod
950 4209 1022 4267 de
1052 4211 1277 4270 meritis
1307 4213 1432 4271 suis
1462 4216 1519 4270 et
1564 4215 1899 4270 sanctorum

244 4293 487 4351 Patr-um
509 4294 696 4367 gratia
715 4312 831 4354 non
852 4301 1127 4371 sperabat
1155 4302 1377 4361 strictis
1411 4304 1472 4359 in
1512 4303 1766 4361 cervices
1808 4318 1901 4361 re-

247 4383 583 4483 sistentium
604 4383 817 4458 gladiis
844 4395 1172 4463 usurparet.
1194 4391 1456 4466 Denique
1471 4409 1759 4451 consensu
1778 4410 1901 4451 om·

252 4486 424 4527 mum
451 4472 514 4530 in
531 4488 839 4545 personam
857 4479 1213 4538 sanctissimi
1244 4483 1434 4540 Patris
1462 4483 1774 4540 Alexandri
1805 4484 1899 4539 iir-

252 4562 589 4630 mato,dum
609 4563 734 4635 ipse
762 4563 1048 4625 laudabili
1069 4570 1421 4629 verecundia
1432 4572 1629 4629 renuit
1639 4589 1709 4630 ex
1729 4588 1906 4630 excu-

253 4655 367 4720 sat,
399 4651 856 4727 impositumque
883 4656 995 4716 sibi
1025 4661 1301 4720 manibus
1331 4663 1451 4723 iere
1474 4664 1738 4723 omnium
1773 4663 1908 4738 plu-

254 4739 669 4813 vialejrepellit,
682 4743 1058 4807 dissimulare
1069 4748 1316 4810 ulterius
1327 4753 1573 4811 ambitio
1586 4769 1701 4811 non
1716 4753 1907 4827 potuit

253 4827 347 4884 vel
369 4829 621 4900 differre,
652 4834 751 4891 sed
779 4835 966 4895 effusa
989 4842 1320 4899 temeritate
1350 4841 1514 4902 nullo
1544 4843 1738 4902 adhuc
1773 4861 1908 4902 car-

257 4917 569 4990 dinalium,
623 4922 780 4980 sicut
822 4925 1056 5000 dicitur,
1106 4935 1491 5006 prosequente
1528 4933 1791 4992 cucurrit
1828 4935 1902 4992 ad

257 5007 617 5079 cathedram,
633 5025 701 5069 ea
716 5013 997 5074 nimirum
1017 5016 1234 5080 fiducia
1252 5024 1407 5093 qnod
1430 5021 1631 5081 invitis
1666 5024 1906 5081 armatis

257 5113 377 5154 non
407 5104 607 5171 posset
643 5102 716 5159 ah
764 5103 1091 5165 inermibus
1146 5111 1420 5168 amoveri.
1487 5113 1622 5170 Pari
1671 5128 1905 5186 quoque

260 5187 544 5258 palatium
563 5189 934 5253 festinatione
948 5199 1307 5271 conscendit,
1331 5204 1397 5256 ut
1420 5201 1647 5275 primus
1684 5206 1906 5259 utram-

262 5292 374 5349 que
409 5278 750 5340 cathedram
778 5284 1073 5345 videretur
1097 5288 1413 5358 insedisse,
1442 5296 1500 5348 et
1547 5307 1722 5364 quem
1766 5293 1908 5365 jure

145 5416 150 5421 .
261 5378 377 5422 non
407 5370 637 5438 poterat
661 5368 872 5429 saltem
897 5373 972 5431 de
985 5373 1358 5434 testinatione
1378 5377 1686 5437 sortiretur
1700 5394 1909 5437 ascen-

259 5469 408 5527 sum,
435 5471 558 5530 quo
585 5460 846 5531 predicti
873 5467 994 5524 tres
1012 5480 1149 5525 eum
1169 5466 1243 5526 de
1266 5470 1387 5525 tota
1409 5469 1789 5530 universitate
1808 5486 1907 5529 se-

327 5563 452 5643 (2³)
477 5568 574 5638 3.,
603 5566 802 5643 iure...
831 5571 1047 5639 ment.

2011 3222 2144 3296 quis
2174 3224 2247 3280 ad
2275 3223 2422 3280 banc
2453 3225 2524 3281 de
2555 3224 2907 3284 confidentia
2932 3226 3236 3297 potcstatis
3266 3224 3427 3282 illius
3448 3242 3657 3299 proru-

2010 3314 2096 3386 pit
2122 3314 2451 3384 audaciam,
2479 3315 2540 3372 in
2572 3316 2794 3374 ruinam
2820 3316 2936 3373 sibi
2961 3316 3147 3374 factus
3171 3321 3281 3387 est,
3332 3317 3559 3376 caeteris
3591 3317 3653 3375 iu

2009 3403 2362 3476 exemplum,
2394 3421 2509 3477 quo
2540 3406 2778 3463 confusa
2809 3405 3083 3478 deinceps
3112 3412 3365 3464 cessaret
3400 3405 3569 3465 elatio
3597 3408 3657 3464 et

2010 3510 2115 3551 sua
2135 3493 2407 3551 Ecclesiae
2426 3496 2526 3552 Dei
2548 3496 2802 3568 dignitas
2837 3501 2895 3553 et
2930 3496 3251 3554 reverentia
3301 3499 3652 3554 servaretur.

2009 3582 2292 3640 Caeterum
2326 3583 2418 3640 hic
2441 3585 2656 3643 blenda
2675 3585 3034 3643 schismatici
3058 3586 3427 3660 desperantis
3455 3586 3653 3644 humi-

2007 3671 2246 3730 liatione
2276 3674 2549 3731 seductus
2587 3677 2697 3742 est,
2729 3676 2869 3731 dum
2900 3673 2999 3730 ille
3023 3690 3329 3747 personam
3363 3691 3529 3732 suam
3551 3692 3655 3733 ar-

2010 3761 2178 3820 bitrio
2208 3762 2335 3834 ejus
2365 3764 2602 3836 exponit
2629 3768 2686 3821 et
2715 3780 2974 3834 causam,
3007 3779 3194 3835 neque
3222 3779 3285 3820 se
3329 3763 3654 3835 quidquam

2008 3851 2150 3920 iore,
2183 3851 2294 3908 nisi
2325 3851 2397 3908 de
2426 3850 2552 3908 sola
2572 3853 2760 3925 ipsius
2785 3852 3104 3921 voluntate,
3132 3851 3456 3922 praesumit.
3489 3848 3655 3908 Unde

2009 3939 2167 3996 etad
2193 3942 2369 4014 pedes
2400 3943 2528 4014 ejus
2556 3941 2681 4013 ipsa
2728 3941 2941 3997 dicitur
2989 3938 3354 4011 apostolatus
3393 3939 3657 4013 insignia

2010 4029 2358 4101 resignasse,
2386 4034 2703 4102 posteaque
2732 4029 2804 4086 de
2826 4045 3000 4086 manu
3031 4028 3213 4101 ipsius
3245 4029 3657 4087 investituram

2011 4119 2307 4191 accepisse
2331 4136 2433 4191 per
2452 4119 2764 4190 annulum,
2788 4122 2873 4188 ut,
2893 4119 3069 4177 veteri
3086 4118 3311 4177 scilicet
3331 4121 3657 4192 quaestione

2010 4209 2351 4282 composita,
2367 4224 2613 4283 regnum
2639 4209 2814 4283 plane
2834 4210 2906 4266 de
2926 4207 3274 4276 sacerdotio,
3289 4210 3361 4265 de
3382 4210 3657 4282 spiritua-

2009 4298 2165 4356 libus
2188 4298 2551 4370 temporalia,
2573 4301 2643 4356 de
2661 4298 3073 4356 ecclesiasticis
3104 4298 3439 4357 viderentur
3478 4315 3661 4357 saecu-

2009 4386 2156 4445 laria
2168 4389 2345 4445 trium
2352 4388 2903 4463 phasse.1ndignum
2917 4387 3140 4446 facinus
3155 4388 3548 4462 omnibusque
3561 4405 3665 4446 εω-

1929 4472 1976 4538 D
2007 4477 2154 4534 culis
2188 4477 2534 4536 detestanda
2556 4478 2799 4548 malitia,
2815 4478 3240 4537 ordinationem
3274 4477 3663 4536 scilicetdivi-

2017 4584 2151 4624 nam
2184 4567 2446 4640 qualibet
2474 4567 2799 4625 temeritate
2828 4572 3161 4625 convertere
3200 4570 3259 4625 et
3298 4567 3661 4638 redemptam

2016 4657 2302 4730 sanguine
2330 4657 2545 4714 Christi
2575 4657 2859 4730 perimere
2896 4655 3267 4715 libertatem!

2086 4748 2403 4806 Praedictus
2431 4749 2628 4821 itaque
2658 4749 2927 4822 princeps
2956 4749 3251 4820 negotium
3293 4761 3489 4815 suum,
3524 4748 3662 4802 tan·

2015 4852 2192 4910 quam
2214 4838 2326 4895 sub
2358 4838 2567 4896 umbra
2595 4838 2825 4910 pietatis
2855 4852 3147 4903 exercens,
3199 4831 3660 4893 ecclesiasticum

2016 4928 2385 5001 congregavit
2404 4927 2667 4985 soeculari
2690 4929 2972 4999 potestate
3002 4926 3468 4996 conventum,ut
3512 4936 3665 4998 prae-

2017 5017 2414 5090 sumptionem
2438 5015 2795 5075 schismatici
2816 5014 3225 5090 illiusproprio
3257 5015 3664 5074 roboraretas-

2017 5122 2218 5176 sensu,
2250 5109 2472 5178 etquos
2501 5109 2698 5178 posset
2728 5105 2799 5161 ad
2833 5104 3221 5163 obedientiam
3253 5104 3417 5163 illius
3461 5109 3664 5178 tyran·

2017 5194 2159 5250 nicae
2190 5192 2489 5267 potestatis
2528 5192 2848 5250 terroribus
2886 5191 3219 5264 inclinaret,
3268 5208 3337 5250 ea
3373 5188 3659 5262 siquidem

2015 5284 2338 5342 intentione
2350 5286 2431 5352 ut,
2448 5281 2749 5355 utriusque
2763 5282 2936 5355 gladii
2958 5283 3008 5340 vi
3018 5285 3171 5340 rtute
3191 5281 3318 5353 conj
3330 5282 3526 5348 uncta,
3548 5277 3664 5353 pri-

2016 5374 2235 5433 stinam
2292 5371 2630 5429 reformaret
2687 5372 2797 5444 (24)
2844 5370 3070 5445 imperii
3117 5370 3524 5443 majestatem;
3572 5373 3660 5440 ut,

2019 5463 2323 5536 utriusque
2339 5461 2585 5520 invicem
2599 5468 2945 5535 cooperante
2966 5460 3245 5535 potentia,
3262 5457 3462 5521 omnia
3483 5472 3664 5532 regna

2085 5573 2198 5651 (24)
2229 5571 2318 5647 B.,
2349 5571 2734 5647 comminuta„
2763 5586 2823 5646 p.
2853 5571 3134 5645 reformet.
