3784 6000
296 207 445 268 43⁴3

983 332 1255 390 ccxxm.

287 450 634 509 nonasterii
654 449 721 508 S.
747 449 954 506 Μανίαν
981 449 1053 505 de
1083 449 1387 506 Chai-itote
1402 447 1819 518 protectionem
1837 463 1938 504 su-

359 521 557 594 scipit,
581 520 1084 594 possessionesque
1096 525 1153 577 et
1183 519 1503 591 privileqia
1530 518 1865 588 confirmat.

787 638 1073 706 (Veronoe,
1105 638 1267 695 Mart.
1302 635 1416 709 19.)

291 754 488 826 [Hune.
519 752 686 810 sacri
711 759 767 809 et
789 751 1061 809 canonia
1095 751 1322 808 ordinis
1348 751 1944 809 mamimus-‚Anna-

746 841 850 910 les,
878 845 922 898 t.
953 841 1023 909 11,
1056 841 1251 907 Proh„
1286 858 1346 913 p.
1374 840 1491 916 96.]

366 960 563 1016 Lucius
601 957 946 1031 episcopus,
1002 972 1209 1014 servus
1226 973 1537 1014 servorum
1557 957 1679 1028 Dei,
1713 956 1947 1014 dilectis

288 1046 427 1103 filiis
449 1047 641 1103 Joamn
669 1046 875 1103 abbati
922 1047 980 1103 S.
1013 1047 1201 1104 Marias
1230 1047 1305 1103 de
1353 1047 1650 1104 Chai-itate
1695 1047 1947 1118 ejusque

289 1135 596 1202 tratribus,
652 1140 770 1192 tam
816 1136 1210 1208 proesentibus
1236 1151 1423 1208 quam
1452 1134 1685 1202 futuris,
1713 1135 1950 1206 regula-

292 1239 417 1281 rem
448 1225 630 1282 vitam
653 1225 929 1296 professis
955 1225 1018 1281 in
1045 1229 1419 1298 perpetuum.

363 1314 792 1384 Religiosorum
818 1314 1002 1371 vitam
1015 1314 1371 1385 eligentibus
1384 1312 1778 1386 apostolicum
1804 1328 1943 1370 con·

294 1405 453 1460 venit
481 1402 690 1460 adesse
712 1401 1081 1476 proesidium,
1112 1418 1187 1459 ne
1206 1403 1356 1460 forte
1377 1402 1693 1475 qu'uslibet
1713 1403 1950 1459 temeri-

291 1493 432 1548 tatis
470 1491 768 1560 incursus,
817 1496 920 1548 aut
951 1507 1053 1548 eos
1098 1506 1135 1548 a
1172 1492 1494 1565 proeposito
1537 1496 1793 1555 revocet.
1846 1495 1951 1549 aut

286 1579 672 1652 robur(quod
700 1579 861 1635 absit
883 1579 923 1650 t)
938 1595 1126 1636 sacroe
1145 1579 1452 1651 religionis
1468 1580 1769 1651 infringat.
1788 1582 1952 1648 Qua-

1724 204 1922 265 Lucu
1964 204 2042 262 111
2081 205 2290 263 PAPAE

1969 331 2017 385 A
2045 328 2311 388 buslibet
2327 330 2459 388 aliis
2499 325 2921 387 ecclesiasticis
2973 321 3390 388 sacramentis,
3440 319 3649 378 nullus
3681 335 3714 379 a

3580 182 3712 257 {8st

2048 418 2238 486 vobis,
2270 424 2375 478 aut
2403 421 2521 476 sub
2547 418 2799 476 obtentu
2827 413 3302 480 consuetudinis,
3320 415 3429 469 aut
3446 408 3715 485 quolibet
3783 405 3784 419 ¹

2048 508 2235 565 modo
2259 509 2378 567 alio
2402 508 2738 583 quidquam
2758 504 2979 562 audeat
2994 501 3318 577 postulare.
3354 501 3415 559 si
3444 499 3591 573 quis
3616 514 3711 557 au·

2051 602 2170 655 tem
2197 602 2404 655 contra
2452 598 2568 655 boc
2616 595 2820 653 venire
2868 590 3341 667 praesumpserit,
3373 589 3714 662 portionem

2050 703 2191 744 cum
2239 687 2392 744 Giezi
2437 702 2501 743 se
2556 685 2783 743 noverit
2836 681 3209 748 habiturum,
3252 679 3430 750 cuius
3490 677 3716 736 factum

2051 777 2360 834 exactione
2391 775 2584 849 turpis
2617 773 2885 832 muneris
2911 771 3176 828 imitatur
3197 768 3255 843 (1
3266 769 3309 824 V
3338 769 3470 840 Req.
3503 768 3589 837 v).
3621 768 3716 824 Se-

2053 864 2355 939 pulturam
2389 879 2634 938 quoque
2657 862 2849 934 ipsius
2871 861 2987 918 loci
3006 859 3259 917 liberam
3287 872 3417 914 esse
3440 855 3713 913 decerni·

2054 970 2216 1022 mus,
2240 960 2531 1012 uteorum
2555 951 2858 1010 devotioni
2879 953 2938 1007 et
2961 953 3242 1006 extremo
3266 943 3592 1011 voluntati,
3614 945 3714 1016 qui

2056 1059 2123 1099 se
2147 1042 2263 1100 illic
2291 1042 2527 1116 sepeliri
2554 1038 3035 1103 deliberaverint,
3050 1035 3166 1093 nisi
3185 1035 3337 1092 forte
3367 1047 3714 1091 excommn-

2056 1132 2237 1190 nicati
2261 1131 2354 1188 vel
2400 1129 2697 1188 interdicti
2722 1128 2957 1193 tuerint,
2990 1124 3190 1183 nullus
3220 1123 3501 1188 obsistat,
3550 1119 3715 1179 salva

2057 1226 2261 1280 tamen
2285 1219 2520 1292 justitia
2542 1218 2780 1275 illarum
2794 1216 3201 1279 ecclesiarum,
3236 1210 3532 1285 aquibus
3564 1223 3715 1266 mor-

2061 1317 2297 1369 tuorum
2330 1324 2588 1383 corpora
2608 1310 3030 1366 assumuntur.

2130 1409 2509 1466 Decet-nimus
2565 1421 2708 1477 ergo
2759 1409 2825 1462 ut
2872 1401 3018 1460 nulli
3085 1401 3337 1460 omnino
3396 1397 3713 1456 bominum

2059 1499 2151 1556 las
2210 1498 2284 1554 sit
2342 1496 2655 1570 praefatam
2718 1492 3034 1550 ecclesiam
3065 1497 3287 1548 temere
3342 1485 3713 1561 perturbare,

2059 1593 2163 1644 aut
2216 1587 2345 1659 ejus
2388 1584 2801 1659 possessiones
2858 1579 3109 1645 auferre,
3165 1577 3262 1636 vel
3304 1576 3552 1634 ablatas
3589 1573 3715 1631 reti-

289 1673 552 1741 propter,
580 1667 776 1724 dilecti
808 1668 868 1724 in
881 1668 1117 1725 Christo
1144 1669 1273 1734 filii,
1311 1669 1518 1724 vestris
1536 1669 1717 1742 justis
1746 1673 1950 1741 postu·
1984 1680 2030 1738 Β
2061 1692 2222 1741 nere,
2274 1675 2559 1738 minuere,
2616 1688 2723 1729 seu
2774 1666 3147 1744 quibuslibet
3194 1664 3621 1723 vexationibus
3643 1663 3716 1720 fg.

288 1757 616 1815 lationibus
645 1757 967 1813 clementer
981 1757 1311 1814 annuimus
1339 1761 1398 1813 et
1426 1757 1738 1828 proelatam
1770 1757 1953 1814 eccleu

290 1847 443 1904 siam
475 1847 707 1903 Sanctae
734 1845 926 1903 Marias
958 1845 1033 1902 de
1084 1846 1398 1912 Charitate,
1431 1851 1602 1903 extra
1651 1847 1952 1904 civitatem

291 1934 564 1992 Roderici
590 1935 788 2000 sitam,
822 1934 885 1990 in
903 1950 1024 2008 qua
1050 1934 1255 1991 divino
1271 1935 1594 2007 mancipati
1618 1936 1760 1991 estis
1783 1934 1955 1992 obse-

295 2023 462 2096 quio,
487 2021 601 2079 sub
630 2024 688 2081 Β.
715 2023 869 2080 Petri
886 2028 1163 2080 etnostra
1184 2024 1551 2096 protectione
1567 2024 1952 2095 suscipimus,

292 2112 593 2185 imprimis
623 2112 922 2184 siquidem
949 2117 1269 2170 statuentes
1297 2116 1362 2168 ut
1387 2112 1538 2170 ordo
1603 2113 1953 2180 canonicus,

292 2202 398 2273 qui
420 2200 755 2258 secundum
787 2203 975 2258 Deum
1005 2206 1061 2258 et
1089 2201 1252 2259 beati
1301 2201 1630 2272 Augustini
1667 2200 1957 2272 Regulam

297 2294 478 2364 atque
505 2291 934 2348 institutionem
966 2289 1957 2347 Praemonstratensiumfratrumin

298 2379 509 2437 eadem
543 2378 793 2436 ecclesia
841 2379 1145 2436 institutus
1173 2394 1306 2436 esse
1336 2380 1729 2450 dignoscitur,
1757 2394 1960 2452 perpe·

299 2468 413 2524 tuis
439 2466 664 2524 ibidem
695 2467 1071 2541 temporibus
1126 2466 1552 2524 inviolabiliter
1577 2467 1955 2525 observetur.

299 2557 587 2613 Praeterea
599 2572 982 2630 quascunque
994 2558 1793 2631 possessiones‚quaecunque
1806 2557 1961 2614 bona

301 2643 515 2701 eadem
538 2644 789 2703 ecclesia
816 2645 878 2701 in
918 2645 1372 2718 praesentiarum
1396 2647 1553 2717 juste
1576 2651 1631 2702 et
1669 2647 1960 2703 canonice

301 2733 592 2808 possidet,
624 2739 726 2791 aut
749 2734 811 2790 in
851 2733 1121 2791 futurum
1151 2737 1558 2803 concessione,
1585 2735 1957 2807 pontificum,

295 2820 614 2893 largitione
632 2838 837 2893 regum
854 2821 947 2878 vel
964 2822 1325 2895 principum,
1343 2822 1647 2879 oblatione
1666 2822 1958 2892 fidelium,

300 2926 405 2966 seu
439 2910 567 2966 aliis
592 2911 772 2982 justis
812 2910 1031 2977 modis,
1079 2917 1392 2982 praestante
1440 2910 1710 2976 Domin0,
1747 2911 1959 2983 poterit

2063 1767 2293 1836 tigare;
2358 1761 2466 1819 sed
2499 1762 2707 1818 omnia
2749 1760 2982 1830 integra
3043 1758 3477 1813 conserventur
3515 1766 3718 1810 eorum

2063 1869 2173 1928 pro
2222 1867 2486 1925 quorum
2537 1846 2970 1905 sustentatione
3004 1860 3076 1902 ac
3105 1841 3554 1917 gubernatione
3582 1855 3721 1897 con-

2063 1958 2236 2000 cessa
2287 1944 2429 1997 sunt
2478 1938 2685 1995 usibus
2732 1934 3100 1993 omnimodis
3166 1932 3504 2006 protutura,
3560 1927 3721 1985 salva

2064 2031 2228 2088 sedis
2256 2027 2602 2101 apostolicas
2632 2025 2979 2084 auctoritate
3016 2026 3075 2080 et
3098 2019 3429 2079 dioecesani
3454 2016 3721 2092 episcopi

2067 2119 2361 2178 canonica
2411 2116 2659 2189 iustitia.
2691 2115 2747 2171 Si
2778 2128 2901 2188 qua
2930 2112 3110 2185 igitur
3138 2110 3198 2168 in
3226 2109 3499 2166 futurum
3538 2105 3721 2164 eccle·

2068 2210 2306 2267 siastica
2332 2205 2705 2264 saecularisve
2730 2217 2993 2278 persona
3010 2201 3170 2258 banc
3195 2202 3409 2256 nostrae
3439 2196 3724 2255 constitu·

2069 2297 2243 2357 tionis
2278 2297 2567 2371 paginam
2587 2293 2782 2351 sciens
2812 2296 3020 2349 contra
3044 2304 3182 2347 eam
3213 2288 3418 2346 venire
3460 2291 3724 2343 tentave-

2071 2389 2164 2458 rit,
2192 2386 2461 2445 secundo
2480 2384 2724 2442 tertiove
2744 2379 3132 2447 commonita,
3149 2377 3267 2436 nisi
3285 2380 3526 2434 reatum
3549 2388 3726 2432 suum

2068 2492 2337 2550 congrua
2374 2471 2778 2532 satisfactione
2798 2468 3130 2537 correxerit,
3157 2465 3499 2538 potestatis,
3535 2465 3725 2522 hono-

2068 2568 2272 2639 risque
2310 2564 2402 2620 sui
2427 2562 2715 2634 dignitate
2740 2563 2960 2626 careat,
2991 2572 3280 2631 reamque
3300 2568 3365 2611 se
3389 2552 3604 2611 divino
3628 2552 3721 2624 iu-

2070 2655 2479 2713 dicioexistere
2494 2651 2569 2707 de
2596 2651 2938 2723 perpetrata
2954 2645 3270 2733 iniquitate
3292 2645 3645 2715 cognoscat.
3674 2644 3729 2698 et

2068 2764 2106 2805 a
2143 2743 2550 2802 sacratissimo
2587 2755 2837 2813 corpore
2859 2755 2931 2796 ac
2961 2735 3254 2810 sanguine
3282 2734 3385 2791 Dei
3410 2737 3473 2789 et
3494 2730 3728 2790 Domini

2072 2832 2478 2904 Redemptoris
2515 2828 2701 2886 nostri
2730 2828 2868 2884 lesu
2899 2825 3111 2885 Christi
3140 2824 3338 2881 aliena
3365 2820 3515 2890 flat;
3545 2824 3725 2893 atque

2069 2925 2131 2981 in
2151 2927 2417 2980 extremo
2428 2918 2706 2976 examine
2733 2915 2951 2973 divinas
2980 2912 3187 2971 ultioni
3214 2910 3551 2983 subjaceat.
3575 2910 3727 2966 Cun-

300 2998 576 3072 adipisci,
606 3000 784 3057 firma
832 3000 1000 3057 vobis
1033 3000 1365 3073 vestrisque
1397 3000 1847 3057 successoribus
1903 3007 1961 3057 et
1998 3035 2040 3093 C
2070 3012 2180 3070 οὓς
2207 3015 2409 3069 autem
2425 3008 2622 3066 eidem
2650 3006 2786 3064 1000
2806 3020 2919 3061 sua
2941 3003 3081 3076 Jura
3097 2999 3477 3058 servantibus
3506 2997 3583 3056 sit
3611 3012 3730 3073 pax

303 3088 533 3145 illibata
559 3093 974 3159 permaneant.
1010 3093 1072 3145 ln
1101 3089 1326 3161 quibus
1355 3089 1484 3146 haec
1515 3089 1770 3162 propriis
1790 3088 1963 3147 duxi·

309 3192 445 3233 mus
465 3178 862 3249 exprimenda
891 3176 1201 3234 vocabulis
1233 3194 1248 3233 ε

379 3267 600 3322 Locum
640 3266 843 3337 ipsum
872 3265 935 3321 in
971 3280 1094 3337 quo
1140 3265 1389 3338 proefata
1439 3265 1693 3324 ecclesia
1735 3268 1849 3323 sita
1876 3273 1965 3324 est

305 3369 446 3412 cum
475 3355 759 3412 omuibus
813 3354 1181 3427 pertinentiis
1231 3356 1357 3411 suis
1385 3360 1443 3412 et
1467 3356 1962 3427 possessionibus

305 3442 988 3515 circumadjacentibus3
1020 3442 1341 3501 ecclesiam
1384 3446 1448 3501 S.
1490 3443 1783 3501 Leonardi
1822 3461 1963 3502 cum

301 3532 668 3606 pertinentiis
693 3532 815 3588 suis
841 3549 856 3603 ;
892 3534 1301 3605 possessiones
1327 3548 1482 3606 quas
1513 3533 1699 3590 habet
1738 3533 1800 3590 in
1836 3534 1966 3591 Cal·

303 3621 454 3679 detis
479 3639 498 3693 ;
534 3621 946 3693 possessiones
975 3637 1131 3694 quas
1161 3622 1349 3679 habet
1369 3623 1431 3679 in
1456 3625 1759 3694 Gassapos
1784 3641 1798 3691 3
1829 3638 1967 3697 pos-

307 3708 606 3766 sessiones
625 3724 782 3782 quas
807 3709 988 3768 babet
1016 3710 1078 3766 in
1107 3710 1279 3778 Eltis3
1305 3712 1544 3769 asenias
1564 3726 1718 3785 quas
1731 3711 1966 3768 habetis

309 3798 368 3854 in
403 3799 533 3855 rivo
559 3798 634 3854 de
657 3797 864 3870 Agada
889 3804 946 3855 et
973 3799 1190 3855 domos
1212 3814 1369 3871 quas
1384 3799 1618 3857 habetis
1640 3801 1702 3856 in
1733 3800 1967 3858 civitate

311 3886 600 3944 Roderici.
636 3890 788 3944 Saue
817 3888 1124 3945 novalium
1150 3894 1506 3956 vestrorum,
1539 3904 1676 3962 quas
1709 3889 1967 3963 propriis

311 3976 593 4033 manibus
619 3983 722 4034 aut
743 3977 1087 4048 sumptibus
1118 3978 1329 4042 colitis,
1363 3978 1489 4035 sive
1533 3979 1610 4036 de
1637 3980 1967 4035 nutrimen-

314 4065 385 4121 tis
415 4065 771 4123 animalium
820 4071 1177 4133 vestrorum,
1213 4065 1413 4124 nullus
1442 4083 1480 4126 a
1506 4068 1672 4125 vohis
1700 4067 1970 4125 decimas

311 4155 546 4226 exigere
575 4156 668 4212 vel
706 4160 1057 4229 extorquere
1101 4160 1449 4228 prasumat.
1484 4157 1680 4214 Liceat
1724 4171 1970 4232 quoque

312 4242 487 4300 vobis
525 4243 773 4300 clericos
788 4243 881 4300 vel
905 4244 1108 4310 laicos,
1142 4245 1408 4303 esaeculo
1438 4245 1734 4317 fugientes
1745 4244 1971 4303 liberos

314 4336 372 4388 et
400 4331 713 4388 absolutos
750 4333 827 4388 ad
849 4334 1302 4390 conversionem
1320 4335 1601 4406 recipere,
1623 4341 1680 4393 et
1707 4350 1810 4392 eos
1834 4337 1973 4394 abs·

316 4435 436 4493 que
463 4420 937 4478 contradictione
969 4421 1175 4495 aliqua
1204 4423 1474 4479 retinere.

388 4508 788 4567 Prohibemus
815 4511 1058 4584 insuper
1084 4518 1144 4567 ut
1166 4510 1312 4568 nulli
1331 4510 1581 4570 fratrum
1610 4518 1973 4578 vestrorum,

314 4604 452 4673 post
475 4597 775 4656 factamin
819 4599 1033 4657 eodem
1083 4598 1217 4657 loco
1263 4599 1727 4673 professionem,
1769 4600 1862 4659 fas
1901 4601 1977 4659 sit

315 4686 549 4761 absque
581 4687 821 4745 abbatis
860 4690 952 4744 sui
991 4687 1229 4746 licentia
1266 4690 1342 4747 de
1370 4690 1585 4747 eodem
1612 4690 1745 4748 loco
1786 4689 1977 4748 disce-

317 4775 458 4833 dere
467 4776 912 4848 3discedentem
940 4782 1143 4835 autem
1175 4778 1396 4850 absque
1410 4778 1978 4836 communiumlitte·

318 4880 524 4923 rarum
576 4865 851 4923 cautione
880 4865 1084 4923 nullus
1115 4866 1335 4923 audeat
1365 4866 1636 4924 retinere.
1679 4868 1827 4925 Cum
1873 4882 1980 4923 au·

319 4960 437 5012 tem
467 4954 744 5026 generale
767 4954 1144 5013 interdictum
1175 4961 1341 5013 terras
1368 4955 1563 5023 fuerit,
1585 4956 1757 5013 liceat
1783 4954 1976 5021 vobis,

317 5044 784 5115 clausisjanuis,
815 5045 1354 5103 excommunicatis
1402 5050 1464 5102 et
1513 5044 1842 5103 interdictis
1885 5061 1981 5103 ex·

318 5134 660 5200 clusis,non
693 5134 945 5206 pulsatis
963 5135 1302 5208 campanis,
1335 5150 1661 5207 suppressa
1699 5150 1864 5202 voce,
1891 5135 1980 5192 di·

320 5223 463 5281 vina
490 5222 692 5281 officia
719 5222 1019 5280 celebrare
1046 5239 1063 5291 ;
1087 5238 1197 5296 pro
1216 5224 1540 5281 chrismate
1564 5239 1719 5290 vero,
1734 5222 1868 5281 oleo
1883 5240 1978 5283 sa·

2071 3099 2307 3158 Domini
2332 3097 2666 3156 nostri-lesu
2696 3092 3248 3166 Christi,quatenus
3268 3087 3448 3146 ethic
3475 3086 3729 3144 [ructum

2070 3194 2247 3247 bonae
2276 3186 2525 3246 actionis
2552 3183 2885 3258 percipiant
2913 3187 2972 3238 et
3000 3178 3167 3252 apud
3197 3177 3545 3235 districtum
3573 3174 3726 3232 ludi·

2071 3294 2203 3336 cem
2232 3275 2486 3351 praemia
2513 3272 2679 3347 pacis
2707 3271 3037 3328 inveniant.
3069 3272 3278 3325 Amen.

2145 3379 2267 3447 Ego
2295 3372 2512 3431 Lucius
2541 3368 2854 3428 catholicin
2884 3365 3165 3424 Ecclesia
3203 3363 3557 3438 episcopus.

2145 3477 2268 3545 Ego
2285 3473 2546 3529 loannes
2566 3467 2879 3543 presbyter
2913 3462 3263 3528 cardinalis,
3297 3460 3450 3517 tituli
3474 3460 3697 3518 calixti.

2146 3575 2265 3644 ligo
2296 3568 2601 3626 Laborans
2637 3563 2948 3639 presbyter
2970 3560 3296 3619 cardinalis
3349 3557 3505 3615 tituli
3538 3559 3595 3617 S.
3628 3559 3737 3616 Hs·

2073 3663 2182 3721 rioe
2216 3667 2380 3718 trans
2405 3655 2687 3714 Tiberim.

2146 3762 2264 3832 Ego
2294 3755 2591 3815 unbertus
2618 3750 2928 3826 presbyter
2964 3745 3288 3806 cardinalis
3320 3744 3471 3803 tituli
3502 3746 3565 3803 S.
3598 3745 3738 3803 Lau·

2074 3847 2245 3907 rentii
2269 3847 2331 3903 in
2362 3844 2645 3902 Damaso.

2147 3950 2269 4018 Ego
2282 3940 2655 4013 pandulphus
2666 3936 2973 4013 presbyter
2982 3932 3302 3993 cardinalis
3317 3930 3469 3989 tituli
3478 3929 3738 3990 basilico

2080 4034 2405 4094 Duodecim
2432 4027 2879 4104 Apostolorum.

2150 4136 2275 4205 Ego
2316 4129 2568 4188 Albinus
2599 4122 2752 4183 tituli
2804 4125 2863 4182 S.
2895 4121 3098 4181 Crucis
3124 4119 3188 4177 in
3215 4118 3557 4177 Jerusalem
3583 4133 3733 4193 pres·

2079 4225 2253 4297 byter
2276 4215 2624 4278 cardinalis.

2156 4313 2277 4381 Ego
2303 4303 2685 4366 Theobaldus
2698 4299 2984 4361 Ostiensis
3009 4296 3380 4356 velleriensis
3393 4298 3735 4370 episcopus.

2005 4390 2053 4446 D
2152 4402 2271 4470 Ego
2309 4394 2648 4454 Theodinus
2694 4389 3030 4449 portuensis
3085 4392 3143 4445 et
3192 4386 3253 4443 S.
3310 4383 3544 4444 Rufino
3591 4384 3741 4442 sedis

2084 4505 2116 4547 e
2162 4502 2434 4558 iscopus.

2120 4506 2278 4648 pEgo
2304 4573 2588 4633 Henricus
2613 4566 2969 4627 albanensis
3005 4566 3348 4637 episcopus.

2156 4668 2276 4736 Ego
2324 4660 2550 4720 Arditio
2577 4655 2904 4716 cardinalis
2954 4654 3249 4712 diaconus
3297 4650 3504 4710 Sancti
3554 4650 3740 4709 Theo·

2084 4754 2243 4815 dori.

2159 4855 2279 4926 Ego
2306 4849 2626 4908 Gratianus
2651 4847 2751 4905 SS.
2783 4844 3013 4901 cosmo
3037 4846 3097 4899 et
3126 4838 3406 4899 Damiani
3426 4837 3739 4897 diaconus.

2159 4943 2279 5013 Ego
2308 4936 2614 4997 Soffredus
2644 4936 2704 4993 S.
2733 4931 2929 4992 larice
2974 4933 3037 4990 in
3089 4929 3200 4988 Via
3253 4929 3404 4987 Lata
3451 4926 3742 4986 diaconus

2087 5027 2438 5089 cardinalis.

2157 5130 2373 5186 Datum
2383 5126 2629 5181 Veronae
2650 5136 2757 5195 per
2769 5135 2987 5177 manus
3002 5116 3242 5184 ⁴alberti,
3263 5113 3607 5190 presbyteri
3623 5128 3745 5171 car·

2084 5217 2305 5277 dinalis
2327 5219 2384 5271 et
2405 5208 2767 5277 cancellarii,
2798 5224 2897 5265 xiv
2923 5205 3225 5265 Kalendas
3266 5203 3519 5276 Aprilis,
3543 5202 3744 5262 indict.

318 5327 442 5380 cro,
481 5311 1036 5370 consecrationibus
1064 5312 1473 5384 ecclesiarum,
1495 5313 1976 5371 ordinationibus
2084 5326 2163 5376 m,
2214 5299 2649 5362 incarnationis
2687 5296 2924 5356 Domini
2970 5309 3134 5353 anno
3166 5291 3325 5358 1¹8⁴,
3359 5292 3746 5366 pontificatus

314 5400 668 5457 clericorum
713 5401 820 5473 qui
866 5400 945 5458 ad
988 5415 1194 5459 sacros
1218 5400 1463 5460 ordines
1491 5400 1708 5458 tuerint
1737 5416 1977 5474 promo-
2084 5410 2225 5455 vero
2238 5388 2470 5450 domini
2498 5387 2655 5445 Lucii
2686 5384 2940 5460 papolll
2966 5398 3132 5441 anno
3162 5398 3239 5439 iv.

325 5487 527 5557 vendi,
556 5488 682 5546 sive
710 5488 931 5549 abbate
959 5489 1318 5551 deducendo
1343 5489 1421 5548 ad
1454 5489 1684 5560 sedem,
1715 5488 1809 5551 vel
1843 5491 1975 5565 qui-
