3784 6000
104 243 223 304 777

100 384 446 455 quantoque
476 395 576 438 eos
608 380 863 452 amplius
892 383 1056 438 novit
1085 381 1354 450 afflictos,
1387 386 1540 438 tanto
1560 380 1752 438 acrius
1783 387 1833 452 Α

101 471 325 529 instare
362 470 640 542 praecipit.
684 470 978 527 Soldanus
1015 488 1245 544 quoque
1279 472 1635 539 succinctus,
1674 471 1746 528 ad

98 559 307 617 omnia
337 560 608 633 impiger,
640 559 907 627 sedulus,
933 560 1102 630 piena
1132 560 1529 616 sollicitudine
1544 560 1751 616 circuit

100 649 404 723 principes
430 650 735 705 universos
760 666 775 717 ;
807 665 982 705 manu
1015 651 1272 720 profusa,
1302 650 1601 721 impensas
1629 664 1754 720 por-

100 737 244 810 rigit
274 739 347 794 ad
379 738 802 793 construendas
821 739 1204 804 machinas,et
1218 743 1491 809 sumptus
1520 738 1593 794 sd
1624 753 1753 794 om-

101 841 241 885 nem
275 826 411 883 belli
445 841 619 883 usum
660 826 961 894 liberales;
1004 827 1326 883 artificibus
1365 826 1753 899 competentia

100 915 321 973 salaria
352 914 604 987 largitur
636 931 652 983 ;
681 915 1041 987 pauperibus
1080 920 1137 972 et
1174 917 1395 988 egenis,
1438 916 1753 989 praesertim

101 1005 347 1072 sauciis,
382 1003 548 1060 utsui
571 1019 773 1060 curam
797 1003 1098 1070 haberent,
1126 1020 1370 1061 munera
1393 1008 1569 1062 donat
1601 1005 1755 1075 ;bel-

103 1093 307 1151 licosis
341 1109 595 1166 quoque,
628 1098 687 1148 et
718 1109 865 1164 quos
913 1095 972 1148 in
1017 1093 1212 1165 proelio
1263 1096 1419 1150 novit
1461 1100 1755 1166 strenuos,

103 1183 331 1256 aliquid
362 1182 679 1241 distribuit.

679 1307 916 1364 CAPUT
945 1307 1186 1364 xxvltl.

104 1415 413 1473 Simeonus
456 1414 576 1473 haec
614 1414 863 1484 audiens,
908 1432 1029 1472 cum
1067 1418 1289 1489 Huqonc
1331 1418 1662 1476 Caesariensi
1690 1419 1761 1473 (Ic

717 1503 851 1558 pace
894 1487 1157 1559 loquitur.

186 1611 335 1666 Dum
358 1609 480 1665 haec
509 1610 663 1682 apud
697 1609 1101 1666 Alexandriam
1135 1620 1410 1683 aguntur,
1434 1610 1761 1683 superiores

639 240 847 305 ms'r.
890 240 1163 306 RERUM
1209 240 1744 305 TRANSHARIN.
1789 274 1867 289 -
1910 241 2059 304 LlB.
2103 241 2263 305 XlX.
2305 241 2757 308 AMALRIOUS
2799 242 2982 308 REX.

3393 248 3512 309 778
3581 306 3588 315 .

2467 379 2704 437 CAPUT
2741 378 2944 439 XXIX.

1984 470 2141 540 Huqo
2169 485 2290 525 cum
2317 485 2440 541 repe
2466 475 2522 526 ct
2546 470 2891 542 principibus
2915 469 3140 541 loederis
3171 470 3406 544 complet

2544 568 2803 616 tenorem.

1935 647 2149 704 Audito
2184 646 2293 703 hoc
2326 648 2521 718 verbo,
2566 648 2842 705 dominus
2891 649 3056 722 Hugo
3084 649 3240 708 sicut
3282 654 3409 709 erat
3436 649 3524 709 vir

1866 735 2142 806 providus
2191 740 2249 792 et
2308 736 2620 806 discretus,
2671 736 2851 793 multo
2893 738 3043 810 apud
3098 753 3163 795 se
3209 737 3521 798 libramine

1865 824 2042 879 verba
2070 825 2263 881 oblata
2293 841 2709 898 compensans,
2738 824 2870 882 licet
2891 825 3087 883 utilem
3111 826 3336 885 nostris
3355 828 3520 901 pacis

1865 911 2114 969 formam
2146 916 2201 969 et
2230 917 2493 970 tenorem
2541 914 2772 971 foederis
2811 928 2929 971 non
2969 913 3283 985 dubitaret,
3327 919 3520 973 tamen

1866 1018 1938 1056 ne
1961 1001 2246 1058 videretur
2291 1003 2423 1074 plus
2468 1002 2760 1061 libertatis
2801 1004 3045 1076 propriae
3077 1005 3203 1076 rapi
3230 1003 3520 1064 desiderio

1867 1107 2042 1162 quam
2077 1090 2310 1147 utilitati
2345 1091 2591 1164 publicae
2620 1092 2731 1148 hoc
2759 1093 3071 1149 verborum
3101 1096 3353 1151 tractatu
3387 1110 3521 1165 pro-

1868 1181 2085 1248 videre,
2118 1180 2421 1237 honestius
2449 1181 2668 1252 judicat
2703 1198 2805 1254 per
2833 1182 3014 1238 alium
3058 1181 3281 1253 primos
3309 1181 3523 1239 tentari

1869 1271 2081 1327 aditus.
2114 1270 2274 1327 Hanc
2305 1287 2471 1327 suam
2505 1271 2888 1329 intentionem
2919 1271 3045 1343 ipse
3076 1271 3250 1330 nobis
3267 1275 3524 1344 postmo-

1868 1357 2009 1414 dum
2034 1358 2402 1417 familiariter
2420 1359 2709 1431 exposuit.
2733 1359 2949 1417 Missus
2970 1367 3063 1418 est
3077 1359 3242 1417 verbi
3263 1360 3524 1433 bajulus,

1870 1447 1972 1521 qui
2003 1448 2274 1505 similiter
2301 1451 2564 1521 captivus
2592 1449 2921 1518 tenebatur,
2952 1449 3192 1522 quidam
3242 1450 3399 1523 regis
3441 1451 3525 1509 fa·

1873 1536 2143 1598 miliaria.
2174 1538 2454 1594 Arnulfus
2480 1540 2550 1594 de
2583 1538 2925 1609 Turusssel,
2954 1538 3053 1610 qui
3103 1553 3241 1596 cum
3285 1540 3527 1600 domino

1873 1625 2137 1697 Hugone‚
2195 1624 2266 1681 de
2324 1642 2438 1698 quo
2499 1626 2898 1698 praediximus,
2966 1630 3026 1685 in
3056 1629 3262 1685 eodem
3327 1630 3528 1701 proelio

108 1699 339 1772 AESYPU
357 1698 671 1754 Simofflffls
690 1714 790 1768 1³0¹·
794 1704 956 1771 ⁰8¹·ss
975 1700 1274 1772 Ρθὲῑθῦθῦὶ
1307 1702 1764 1772 ΡΘΝΘΒΞΩΠΞἿΜ
1873 1721 2080 1786 captus
2112 1717 2338 1785 fuerat;
2372 1717 2496 1787 qui,
2530 1721 2798 1789 suscepto
2842 1716 3037 1784 verbo,
3065 1717 3138 1774 ad
3171 1733 3363 1791 regem
3391 1735 3528 1791 pro-

113 1787 711 1860 ⁰³q⁰00h082¹=0¹¹t⁸¹2
725 1805 1058 1861 0¹P¹¹8¹¹⁸P0
1076 1790 1368 1846 &vitatem
1401 1809 1414 1858 3
1450 1792 1768 1862 *montique
1799 1775 1844 1839 Β
1873 1811 2077 1877 perat;
2108 1805 2421 1878 legationis
2451 1823 2684 1864 causam
2717 1807 3030 1880 diligenter
3059 1807 3243 1880 aperit
3271 1827 3287 1877 ;
3320 1823 3528 1866 convo-

116 1877 277 1950 quod
313 1893 427 1933 non
463 1877 788 1949 proficeret,
819 1883 878 1933 et
910 1878 1221 1948 prolixiora
1247 1878 1585 1950 hujusmodi
1606 1896 1769 1952 expo·

118 1970 356 2024 scerent
394 1969 679 2038 tempora,
711 1967 903 2038 ipsum
938 1974 1129 2024 autem
1158 1968 1226 2024 ad
1259 1968 1373 2025 alia
1404 1968 1631 2040 nepotis
1664 1984 1768 2023 ne·

114 2055 370 2112 cessitas
403 2059 633 2127 urgeret
678 2056 928 2127 negotia,
971 2061 1202 2128 sumpta
1247 2059 1315 2114 ad
1366 2058 1604 2113 urbibus
1654 2055 1771 2113 illis

114 2144 389 2218 pecunia,
426 2148 678 2200 maturat
724 2145 981 2201 reditum
1020 2154 1074 2201 et
1129 2146 1199 2201 ad
1228 2146 1495 2202 inferiora
1542 2149 1771 2202 revocat

114 2234 437 2291 exercitum
478 2250 651 2306 quem
685 2234 969 2292 trahebat.
998 2234 1256 2307 Cumque
1289 2235 1620 2307 regrediens
1661 2236 1768 2291 Ba-

120 2321 399 2396 bylonem
444 2323 818 2395 pervenisset,
864 2324 1068 2380 videns
1120 2326 1271 2396 quod
1313 2342 1409 2380 rex
1455 2324 1671 2382 Cehere
1715 2327 1772 2381 et

121 2410 284 2482 ponti
326 2415 628 2483 nugonem
680 2411 751 2466 de
782 2411 984 2467 lbelim
1031 2413 1355 2469 dimisisset
1398 2419 1667 2480 tutorem,
1716 2416 1774 2468 et

122 2503 298 2572 longe
327 2515 495 2556 secus
520 2517 696 2572 quam
728 2501 1047 2557 arbitratus
1077 2509 1248 2569 esset,
1283 2503 1477 2559 omnia
1507 2520 1571 2559 se
1602 2501 1770 2559 bebo-

124 2596 278 2657 rent,
314 2589 619 2662 Bugonem
656 2589 1095 2660 Caesariensem,
1144 2609 1313 2665 quem
1349 2595 1639 2664 captivum
1682 2599 1772 2648 te-

124 2680 327 2743 nebat,
358 2678 630 2733 familiari
664 2679 972 2751 compellat
1006 2681 1289 2752 alloqui03
1327 2688 1503 2753 utque
1535 2681 1621 2737 vir
1648 2681 1775 2737 elo-

127 2768 619 2839 quenseturbane
634 2767 940 2834 facundus,
967 2786 1236 2825 sermone
1257 2771 1581 2842 composito
1601 2769 1777 2841 coepit

122 2871 255 2912 eum
292 2857 637 2913 convenire:
673 2861 908 2928 Maynus
939 2861 1191 2931 princeps
1237 2875 1312 2926 es,
1360 2859 1582 2928 nobilis,
1632 2857 1777 2931 apud

124 2958 247 3008 tuos
283 2947 639 3016 clarissimus,
671 2963 770 3004 nec
812 2952 887 3004 est
931 2947 997 3004 de
1037 2950 1231 3006 vestris
1261 2948 1598 3020 principibus
1626 2947 1776 3020 quis·

120 3044 298 3114 piam,
344 3039 393 3093 si
439 3038 613 3093 libera
655 3037 796 3092 mihi
842 3037 1067 3093 daretur
1113 3041 1281 3106 optio,
1319 3040 1411 3093 cui
1454 3043 1630 3109 maqis
1678 3038 1778 3095 hoo

1873 1903 2000 1950 cato
2030 1899 2204 1962 coetu,
2237 1897 2295 1952 in
2328 1895 2658 1967 principum
2686 1897 3053 1963 consistorio,
3084 1900 3371 1969 prasente
3400 1896 3527 1954 sol-

1873 1985 2023 2040 dano
2056 1988 2114 2040 et
2143 1983 2276 2039 tiliis
2305 1985 2455 2056 ejus,
2499 1991 2850 2057 conceptum
2892 1985 3140 2041 verbum
3185 1991 3243 2041 et
3288 2001 3527 2059 compo·

1871 2073 2103 2129 silionis
2134 2073 2380 2129 formam
2414 2073 2706 2146 proponit.
2743 2075 2943 2131 Placet
2962 2074 3240 2130 omnibus
3262 2074 3422 2145 pacis
3438 2078 3530 2133 te-

1873 2177 2001 2228 nor,
2033 2165 2091 2216 et
2118 2160 2385 2216 sufficere
2417 2160 2645 2216 videtur
2678 2159 2751 2216 ad
2781 2160 3050 2231 gloriam,
3083 2164 3140 2217 et
3175 2162 3245 2218 ad
3289 2159 3522 2233 plenam

1874 2256 2175 2323 pactorum
2209 2250 2358 2307 inter
2389 2266 2584 2322 regem
2615 2256 2673 2306 et
2700 2250 2998 2322 calipham
3029 2249 3290 2308 initorun
3323 2252 3528 2319 fldem,

1877 2342 1941 2394 ut
1969 2336 2172 2394 civitas
2205 2353 2304 2408 per
2333 2337 2691 2394 deditionem
2722 2337 2782 2393 in
2813 2336 3037 2393 domini
3076 2337 3232 2409 regis
3264 2343 3525 2394 transeat

1878 2431 2224 2500 potestatem
2252 2443 2266 2492 3
2296 2431 2352 2481 et
2378 2431 2494 2481 tam
2526 2425 2586 2481 hi
2629 2426 2701 2481 de
2744 2425 3040 2487 hostibus.
3081 2424 3181 2498 qui
3222 2425 3528 2483 obsidione

1877 2515 2325 2580 claudebantur,
2368 2530 2543 2585 quam
2601 2513 2699 2585 qui
2761 2513 3108 2571 Siraconum
3168 2514 3372 2583 seculi,
3426 2529 3529 2587 per

1878 2603 2109 2676 AEgypti
2133 2605 2277 2659 fines
2298 2607 2465 2658 erant
2483 2602 2757 2673 dispersi,
2780 2603 2990 2659 solutis
3011 2619 3241 2675 quoque
3262 2602 3531 2676 captivis,

1880 2709 2027 2764 quos
2054 2694 2125 2748 de
2158 2691 2369 2747 nostris
2419 2690 2730 2747 trahebant
2770 2692 2828 2747 in
2869 2691 3142 2761 vinculis,
3187 2691 3314 2747 suis
3356 2688 3530 2748 ctiam

1880 2777 2266 2835 nihilominus
2325 2779 2597 2849 receptis,
2628 2779 2701 2833 de
2733 2777 3020 2834 universis
3055 2778 3282 2851 AEgypti
3317 2776 3536 2834 finibus

1879 2870 2309 2942 compellantur
2338 2870 2517 2927 exire.
2552 2870 2728 2926 Savar
2758 2869 3041 2927 soldanus
3070 2886 3198 2926 cum
3245 2869 3535 2926 universis

1880 2958 2280 3032 AEgyptiorum
2347 2958 2595 3030 satrapis
2650 2964 2877 3031 pactum
2947 2960 3251 3032 approbat,
3297 2958 3535 3017 foederis

1884 3050 2326 3107 consonantiam
2350 3049 2540 3106 libens
2569 3051 2940 3121 amplectitur
2964 3070 2979 3121 ;
3004 3049 3323 3107 dummodo
3345 3048 3537 3107 bostis

122 3146 310 3187 meum
329 3130 731 3185 communicare
751 3132 1018 3183 secretum
1048 3131 1294 3200 cupiam,
1326 3139 1376 3184 ct
1416 3127 1567 3185 verbi
1612 3128 1787 3212 hujus·
1806 3141 1849 3209 C
1889 3139 2370 3211 „mpecuggimus
2400 3143 2456 3195 et
2501 3140 2664 3211 regni
2713 3138 2959 3195 aemulufl
3008 3138 3374 3205 excludatur,
3423 3137 3532 3195 sihi

120 3219 457 3292 Pffl'll'cil’em
515 3219 863 3273 ‘'Ousll'iflerss·
927 3216 1133 3272 Obluffl
1188 3223 1377 3288 SPWM
1433 3217 1679 3289 [Orlwwv
1723 3223 1777 3271 ²1
1885 3228 2115 3300 plenius
2146 3229 2289 3285 dicit
2316 3244 2445 3285 esse
2506 3227 2891 3284 satisfactum.
2934 3228 3191 3285 Tandem
3261 3227 3536 3284 dominus

124 3314 352 3368 eventus
381 3308 604 3363 donavit
637 3307 889 3372 bellicus,
921 3308 1061 3379 quod
1091 3306 1239 3363 alias
1272 3308 1459 3363 multis
1487 3307 1773 3364 conatibus

121 3402 259 3456 esset
290 3395 665 3469 quaerendum,
700 3401 760 3451 ul
799 3403 912 3453 ταῶ·
941 3397 1298 3468 experientiae
1352 3396 1492 3452 mibi
1521 3397 1598 3453 ab
1645 3412 1776 3467 opus

121 3502 373 3562 praescns
400 3487 557 3558 ficret
593 3485 769 3558 copia.
806 3488 1002 3541 Fateor
1058 3503 1208 3551 sanc,
1257 3488 1401 3558 quod
1453 3486 1651 3557 oloriae
1689 3502 1779 3541 cu-

122 3578 310 3650 pidus,
360 3576 511 3632 sicut
568 3576 900 3631 mortalibus
958 3578 1093 3632 solet
1152 3584 1482 3647 continqcrc,
1527 3580 1581 3632 el
1622 3576 1780 3644 rcqni

126 3672 337 3723 tractus
371 3664 681 3737 opulentia,
725 3664 791 3721 de
829 3664 1221 3737 indiqenarum
1262 3680 1472 3738 quoque
1524 3664 1781 3721 imbecil-

124 3758 323 3813 slilate
349 3754 598 3824 conlisus,
631 3770 779 3826 spem
807 3754 1104 3827 aliquando
1122 3755 1369 3825 concepi,
1402 3762 1462 3811 ul
1495 3759 1554 3811 in
1587 3770 1783 3816 »nanus

125 3861 279 3902 meas
316 3860 550 3914 reanum
605 3844 703 3899 hoc
747 3843 1045 3915 aliquando
1096 3845 1420 3901 traderetur.
1476 3845 1601 3902 Ideo
1658 3862 1783 3902 cum

126 3935 442 4005 sumptibus
469 3939 521 3989 ct
555 3931 838 3989 laboribus
866 3933 1131 4003 infinitis,
1180 3933 1540 4008 infructuosis
1578 3944 1781 4003 tamen,

128 4031 193 4080 ut
224 4022 400 4092 video,
430 4039 555 4079 cum
586 4024 838 4094 equitatu
868 4026 1080 4095 copiose
1123 4024 1417 4091 nobilium,
1467 4025 1563 4095 qui
1603 4040 1785 4080 omncs

129 4111 326 4169 eudem
380 4112 759 4180 trahebantur,
816 4129 920 4184 per
981 4117 1056 4169 tot
1127 4115 1372 4185 pericula
1418 4113 1666 4170 descendi
1726 4116 1784 4169 in

132 4203 458 4275 AEqyplum,
488 4201 655 4257 aliter
686 4208 842 4258 ratus
871 4203 944 4257 dc
962 4217 1146 4258 rerum
1175 4211 1369 4259 eventu
1397 4220 1562 4274 quam
1588 4218 1782 4259 occur·

131 4295 229 4350 rit.
262 4290 496 4348 Adversa
516 4293 684 4358 enim,
720 4296 783 4345 ul
814 4289 984 4360 video,
1025 4293 1256 4361 [ot-luna
1299 4292 1583 4365 inyrcssus
1622 4309 1785 4361 sum,-

131 4383 356 4437 utinam
380 4395 640 4452 prospera
691 4380 775 4435 vel
813 4381 991 4436 redire
1025 4381 1226 4436 liceat!
1272 4382 1435 4438 Homo
1477 4383 1676 4438 nobilis
1702 4398 1781 4448 cs,

1885 3318 2069 3388 Hugo,
2105 3334 2271 3373 suam
2301 3316 2582 3373 exbibens
2604 3318 3001 3387 praesentiam,
3024 3316 3217 3374 verbis
3244 3315 3537 3373 hincinde

1888 3405 2150 3462 tractatis
2201 3406 2581 3461 novissimam
2630 3421 2870 3461 manum
2918 3409 2976 3462 et
3029 3404 3310 3476 placitum
3356 3405 3529 3463 finem

1886 3495 2176 3569 apposuit.

2501 3584 2728 3641 CAPUT
2758 3585 2935 3641 XXX.

1930 3674 2258 3747 Resipnatur
2283 3677 2400 3745 rcqi
2447 3673 2661 3745 civitas,
2691 3679 2744 3731 et
2784 3690 2901 3746 pax
2940 3671 3205 3729 indicitur
3243 3672 3494 3730 Alexan·

2616 3763 2811 3819 drinis.

1965 3854 2247 3910 Indicitur
2266 3870 2397 3924 ergo
2426 3869 2558 3910 voce
2591 3853 2882 3925 praeconia
2912 3851 3259 3909 cohortibus
3286 3851 3534 3924 singulis

1893 3948 1951 4000 et
1980 3944 2250 4000 omnibus
2274 3942 2621 4016 generaliter
2642 3941 2940 4015 praeliandi
2963 3941 3118 4011 finis,
3151 3945 3209 3998 et
3223 3940 3532 4014 perlegem

1893 4033 2200 4091 edictalem
2235 4049 2307 4089 ne
2334 4032 2743 4089 Alexandrinis
2774 4031 3058 4088 inferatur
3078 4029 3344 4087 molestia
3366 4028 3538 4088 inter·

1893 4124 2129 4181 dicitur.
2155 4122 2543 4196 Egrediuntur
2574 4121 2754 4193 igitur
2772 4138 3046 4179 concessa
3069 4136 3230 4194 paca,
3252 4120 3535 4185 laetantes,

1895 4213 1996 4285 qui
2026 4214 2299 4269 diuturna
2324 4213 2551 4268 fuerant
2579 4212 2886 4268 obsidione
2907 4211 3179 4268 macerati
3200 4228 3217 4279 ς
3242 4210 3541 4283 angustias

1895 4317 2013 4374 qua
2043 4301 2399 4372 pertulerant
2430 4302 2811 4370 fastidientes,
2854 4299 3350 4358 deambulationes
3382 4299 3541 4356 taedii

1895 4389 2188 4448 relevandi
2218 4392 2427 4463 gratia,
2460 4397 2661 4448 amant
2688 4396 2745 4448 et
2774 4395 3055 4463 appetunt
3085 4390 3408 4448 liberiores.
3441 4390 3544 4445 In-

134 4478 197 4526 “2
224 4470 369 4540 Μ,
395 4471 520 4541 '⁶0²'
547 4468 769 4536 “M’'m»
818 4484 1068 4525 Sermfflw
1102 4478 1291 4541 Ρθῑθΐῑις
1329 4478 1383 4526 0‘
1432 4486 1633 4543 Opere:
1681 4479 1792 4527 0⁸10
1822 4467 1870 4531 D
1899 4487 2069 4538 venta
2096 4481 2267 4538 eliam
2301 4481 2719 4538 alimentorum
2751 4481 2939 4554 copia,
2974 4485 3030 4538 et
3058 4481 3541 4537 commerciorum

133 4562 287 4614 inter
332 4574 431 4614 nos
471 4560 620 4630 pacis
656 4557 963 4620 mediator:
1005 4575 1322 4631 prosperum
1366 4561 1464 4630 fiat
1509 4563 1568 4616 in
1617 4577 1788 4617 manu

136 4653 235 4704 lua
283 4647 547 4710 verbum:
586 4646 673 4703 dic
710 4648 927 4704 domino
999 4651 1119 4718 rcoi
1147 4666 1164 4704 .·
1205 4648 1399 4705 Otium
1447 4650 1708 4717 terimus,
1732 4654 1790 4706 et

136 4737 390 4795 effluunt
423 4740 685 4801 tempora
715 4737 840 4793 sine
872 4738 1096 4805 fructu,
1130 4737 1283 4794 domi
1318 4739 1504 4795 multa
1535 4743 1785 4807 restant;

140 4828 315 4898 ipsius
361 4825 531 4882 eliam
576 4841 747 4897 reone
799 4843 895 4882 suo
944 4828 1252 4898 plurimum
1299 4832 1433 4886 esset
1480 4828 1791 4886 necessaria

139 4913 290 4985 repis
308 4915 604 4986 praesentia
624 4932 648 4981 ,·
677 4933 826 4972 nunc
861 4915 992 4972 aliis
1037 4918 1309 4973 consumit
1353 4935 1616 4986 operam:
1661 4935 1791 4975 nam

137 5009 427 5078 postquam
454 5023 552 5062 nos
584 5007 874 5079 repulerit,
921 5011 1133 5064 miseris
1170 5011 1401 5076 civibus,
1441 5019 1493 5067 el
1542 5015 1635 5068 vix
1678 5011 1795 5068 vila

138 5095 344 5166 dignis,
394 5093 557 5168 hujus
622 5099 781 5166 requi
832 5097 1097 5168 relinquit
1143 5100 1500 5169 opulentiam.
1552 5101 1795 5171 Recipiat

139 5199 288 5254 suos,
318 5199 450 5255 quos
488 5185 550 5240 in
593 5183 830 5241 vinculis
865 5185 1079 5251 habem-
1111 5187 1230 5258 ipse
1271 5203 1481 5260 quoquc
1522 5187 1798 5244 obsidione

138 5273 322 5331 soluta
349 5283 399 5331 el
426 5291 560 5348 quos
592 5278 649 5331 in
695 5276 932 5331 vinculis
979 5276 1157 5346 habet,
1203 5284 1259 5333 ct
1299 5294 1431 5350 quos
1467 5281 1527 5333 in
1572 5276 1799 5334 cii-itale

137 5363 351 5420 cohibet
370 5365 772 5434 Alexandrina,
802 5368 1063 5423 restituat
1088 5386 1107 5430 ,·
1138 5370 1186 5422 el
1216 5383 1312 5435 eqo
1349 5372 1595 5438 suscepta
1634 5370 1789 5438 prius

138 5463 197 5509 ar
226 5469 291 5510 eo
312 5456 626 5523 securitate,
657 5458 805 5527 quod
834 5459 890 5511 in
923 5455 1122 5512 itinere
1145 5473 1247 5529 per
1286 5472 1413 5514 suos
1455 5456 1599 5515 nibil
1640 5457 1798 5517 nobis

140 5541 502 5617 difficultatis
531 5555 810 5616 occurrat,
839 5553 1069 5619 paratus
1096 5562 1218 5606 sum
1256 5548 1433 5607 exire.

467 5645 740 5716 Parnoi..
783 5642 927 5716 cci.

1898 4568 2165 4626 libertate
2194 4570 2498 4643 permissa,
2530 4569 2725 4626 inedia
2766 4569 3185 4626 tabefactorum
3233 4581 3543 4638 corporum

1899 4658 2126 4714 ruinam
2162 4664 2484 4716 restaurare
2511 4663 2805 4730 satagunt,
2851 4662 2910 4713 et
2953 4656 3277 4713 refocillare
3319 4655 3547 4711 animas

1892 4748 2018 4819 jam
2046 4748 2361 4804 labentes.J
2371 4753 2506 4803 uvat
2526 4746 2761 4820 agmina
2775 4746 2967 4801 videre
2986 4748 3209 4816 pacata,
3227 4758 3353 4815 quae
3377 4739 3548 4814 paulo

1901 4842 2037 4894 ante
2084 4835 2430 4892 horruerant
2473 4839 2530 4891 et
2579 4836 2862 4902 oderant;
2912 4842 3201 4890 eteorum
3240 4829 3549 4902 colloquiis

1903 4925 2317 4996 perfrui,quos
2344 4929 2479 4980 ante
2528 4924 2816 4980 modicum
2872 4923 3211 4991 timuerant,
3254 4918 3551 4994 periculo-

1903 5028 2033 5068 rum
2083 5030 2324 5069 suorum
2387 5012 2682 5069 ministros
2745 5016 2801 5068 et
2859 5013 3066 5067 mortis
3124 5012 3549 5082 procuratores.

1903 5101 2095 5157 Nostri
2135 5118 2385 5173 quoque,
2435 5118 2548 5157 non
2600 5103 2840 5173 segnius
2889 5101 3096 5156 urbem
3146 5098 3552 5170 ingrediuntur

1904 5196 2160 5263 optatam
2181 5211 2195 5259 ;
2219 5192 2488 5247 etliberis
2510 5190 2902 5257 discursibus,
2925 5189 3067 5258 vias,
3089 5191 3312 5260 portus,
3337 5185 3553 5241 moenia

1904 5280 2242 5346 lustrantes,
2285 5280 2616 5366 ‘diligenter
2651 5277 2902 5335 videndo
2950 5276 3255 5348 colligunt,
3290 5275 3442 5331 unde
3479 5275 3551 5331 ad

1908 5370 2139 5440 propria
2170 5369 2405 5436 reversi,
2425 5369 2549 5423 suis
2575 5368 2893 5439 aliquando
2915 5375 3105 5424 texere
3128 5364 3362 5438 possint
3381 5363 3557 5420 bisto-

1908 5461 2045 5525 rias,
2067 5463 2126 5515 et
2154 5458 2515 5516 audientium
2542 5457 2768 5516 animos
2788 5458 2972 5531 gratis
2990 5452 3559 5513 confabulationibus

1909 5562 2191 5610 recreare.
2239 5548 2389 5610 Huic
2413 5548 2736 5626 splendido
2797 5545 3013 5606 civitati
3062 5543 3248 5603 turris
3287 5542 3561 5602 imminet
