3784 6000
212 262 333 326 761

754 264 956 329 HIST.
1004 266 1271 331 RERUM
1314 268 1865 336 TRANSMARIN.
1913 305 1989 317 —
2031 273 2180 337 Lm.
2228 274 2386 339 xlx.
2431 276 2876 345 AMALRIGUS
2919 282 3098 348 REX.

3515 291 3633 359 762

209 415 353 457 cum
405 400 509 475 qui
562 400 782 459 dicitur
833 401 1044 472 Attasi,
1105 405 1438 477 pervenisse
1494 406 1864 466 denuntiant.
1897 405 1952 475 Α
1983 406 2182 467 hemet
2208 411 2613 472 trecentesimo
2644 416 3006 488 sexagesimo
3037 418 3247 492 primo,
3293 422 3455 495 regni
3492 440 3626 484 vero

210 491 379 548 Tunc
407 506 541 548 vero
587 490 867 549 soldanus
898 493 1031 550 fidei
1063 502 1269 551 nostrai
1310 495 1628 567 admirans,
1659 501 1716 554 et
1735 496 1859 554 lau-

208 578 390 635 dibus
406 580 683 637 attollens
695 581 1115 652 sinceritatem,
1131 583 1444 660 diligenter
1456 586 1860 656 considerans,

211 674 498 741 quantam
518 686 620 743 pro
648 671 849 729 amlcis
877 672 1329 730 sollicitudinem
1366 674 1737 732 Christianus
1757 676 1863 732 im-

208 758 512 830 pendisset
567 760 873 830 exercitus,
930 762 1231 820 universas
1274 764 1438 836 regni
1492 768 1548 821 et
1593 764 1858 838 caliphae,

208 846 363 920 regis
410 847 710 921 obsequiis
757 850 994 923 exponit
1039 851 1294 922 divitias,
1349 852 1860 926 universorumque

207 936 622 994 mandatorum
653 937 782 1009 ejus
810 939 1083 996 sedulum
1114 941 1187 997 ab
1217 940 1318 997 illa
1356 942 1448 998 die
1497 959 1559 999 se
1610 943 1859 1015 praebuit

202 1029 604 1082 exsecutorem
626 1044 641 1087 ς
665 1026 908 1099 ejusque
939 1028 1216 1087 dominus
1248 1046 1365 1100 rex,
1400 1031 1473 1088 ad
1505 1031 1704 1089 omnia
1754 1048 1856 1090 ne·

203 1113 474 1171 cessariis
506 1117 776 1172 utebatur
804 1117 1175 1177 ministeriis.

826 1224 1059 1281 CAPUT
1093 1225 1233 1282 xlv.

202 1310 544 1368 Describitur
572 1311 813 1380 cahem
843 1318 894 1370 et
919 1313 1042 1386 quis
1070 1316 1188 1387 ejus
1217 1316 1325 1373 loci
1343 1316 1560 1389 primus
1588 1319 1858 1390 fundator

773 1387 969 1454 suerit,
1000 1389 1274 1456 aperitur.

270 1471 669 1530 Transeuntes
691 1473 873 1547 igitur
891 1475 1192 1533 Pelusium
1214 1477 1520 1546 etCahere‚
1558 1479 1653 1535 ubi
1693 1480 1855 1551 regui

199 1558 414 1617 solium
444 1566 502 1618 et
531 1562 707 1618 totius
737 1563 962 1637 AEgypti
993 1565 1222 1621 culmen
1256 1566 1578 1637 magnificis
1616 1568 1855 1626 decora·

201 1654 328 1707 tum
360 1650 628 1708 aedificiis
659 1658 1040 1721 monstratur,
1071 1655 1143 1711 ad
1174 1655 1377 1713 laevam
1411 1656 1697 1715 babentes
1751 1676 1857 1716 no-

196 1739 382 1796 bilem
402 1743 461 1796 et
480 1743 771 1814 egregiam
785 1743 1172 1815 metropolim,
1192 1762 1317 1817 quae
1335 1746 1507 1819 vulgo
1535 1746 1855 1821 Babylonia
1888 1784 1937 1849 B

198 1828 437 1893 dicitur,
468 1828 670 1905 lingua
700 1848 835 1888 vero
865 1832 1104 1889 Arabica
1134 1833 1329 1892 Macer
1358 1833 1703 1908 appellatur,
1752 1853 1859 1894 su-

195 1933 301 1990 pra
333 1917 523 1991 ripam
555 1919 816 1978 fluminis
865 1930 1054 1980 castra
1100 1922 1445 1980 locaverant.
1494 1927 1679 1995 HuJ‘us
1721 1926 1855 1983 civi-

197 2007 343 2062 tatis
374 2023 586 2065 nomen
611 2026 724 2065 non
744 2011 1044 2082 potuimus
1062 2015 1308 2082 reperire
1354 2014 1689 2087 antiquius;
1715 2031 1852 2072 nam

199 2094 486 2168 Babylon,
510 2095 629 2153 sive
650 2098 988 2170 Babylonia,
1003 2101 1206 2158 civitas
1226 2102 1336 2158 l'uit
1362 2103 1774 2175 antiquissima
1795 2105 1854 2161 in

199 2184 455 2242 Oriente.
484 2185 661 2243 Juxta
688 2188 844 2244 enim
878 2195 1098 2246 veteres
1128 2195 1186 2250 et
1212 2192 1642 2249 vetustissimas
1679 2193 1853 2249 etiam

195 2274 498 2345 historias,
532 2277 696 2335 nulla
724 2295 988 2351 unquam
1020 2279 1080 2336 in
1109 2281 1352 2354 AEgypto
1374 2282 1554 2354 huJus
1601 2283 1856 2340 nominis

194 2364 397 2422 audita
425 2369 515 2423 est
544 2367 767 2424 civitas.
802 2368 966 2425 Unde
1020 2370 1333 2428 verisimile
1380 2376 1492 2441 est,
1523 2378 1656 2444 post
1706 2378 1853 2430 tem-

192 2470 344 2528 pora
360 2454 752 2524 pharaonum,
775 2459 876 2531 qui
899 2459 1072 2531 primi
1096 2460 1153 2515 in
1175 2463 1419 2534 AEgypto
1444 2466 1852 2535 regnaverunt,

191 2549 253 2602 et
285 2544 729 2604 Ptolemoeorum
772 2549 873 2622 qui
914 2552 1293 2622 posteriores;
1348 2553 1448 2609 sed
1498 2553 1673 2610 etiam
1720 2557 1854 2625 post

193 2634 597 2692 Romanorum
630 2645 907 2709 tempora,
938 2639 1042 2711 qui
1074 2657 1322 2713 regnum
1351 2642 1580 2715 AEgypti
1611 2642 1670 2698 in
1725 2658 1854 2714 pro-

193 2723 454 2780 vinciam
478 2726 834 2800 redegerunt,
861 2726 1010 2784 hanc
1035 2729 1237 2787 urbem
1260 2732 1578 2800 conditam,
1597 2732 1752 2788 sicut
1780 2732 1852 2788 de

197 2810 425 2869 Cahere
435 2819 676 2886 constat,
690 2817 842 2888 quod
855 2816 1036 2873 Jobar
1050 2818 1133 2889 pri
1145 2833 1323 2890 nceps
1336 2817 1555 2875 militiis
1587 2818 1849 2878 Mebeze-

200 2900 445 2969 dinalla,
476 2902 576 2974 qui
607 2907 746 2960 tunc
778 2905 838 2960 in
869 2905 1064 2961 Africa
1093 2907 1371 2979 regnabat
1403 2915 1710 2980 postquam
1742 2909 1848 2966 do-

206 2990 369 3048 mino
402 3007 509 3049 suo
532 2993 923 3066 Egyptiacam
945 3012 1178 3053 omnem
1202 2995 1495 3055 dioecesim
1519 2996 1848 3071 acquisivit,

204 3078 488 3137 fundasse
519 3082 915 3153 dignoscitur:
951 3085 1107 3156 quod
1151 3085 1396 3156 qualiter
1442 3087 1737 3156 acciderit,
1786 3087 1848 3145 in

1979 499 2067 556 sui
2098 502 2372 558 vicesimo
2406 519 2421 572 ;
2451 503 2605 560 sicut
2634 503 2774 561 alibi
2800 506 2857 561 in
2878 504 3143 582 historia,
3174 527 3350 582 quam
3369 513 3439 570 de
3460 514 3626 587 prin·

1976 588 2204 661 cipibus
2235 590 2627 650 Orientalibus
2671 595 3101 665 contexuimus,
3149 599 3487 673 diligentius
3534 606 3622 661 est

1974 679 2288 752 digestum.

2609 773 2838 831 CAPUT
2862 773 2982 831 XV.

1971 860 2258 919 accedenti
2277 861 2561 931 siracono,
2607 878 2707 919 rex
2739 864 2978 920 occurrit
3016 867 3225 922 obviam
3247 885 3268 932 ;
3293 868 3391 926 illc
3443 883 3626 941 reqcm

2343 936 2750 1006 praevsniendo,
2782 936 2985 992 transit
3020 938 3245 1008 flumen.

2043 1022 2268 1080 Locatis
2297 1023 2473 1094 igitur
2516 1025 2735 1080 nostris
2765 1041 2943 1097 super
2982 1027 3167 1095 ripam
3217 1027 3501 1099 fluminis,
3527 1030 3625 1087 vix

1971 1129 2006 1169 a
2036 1112 2311 1182 pra-dicta
2341 1112 2482 1168 urbe
2511 1114 2712 1169 stadiis
2743 1115 2991 1182 duobus,
3027 1118 3457 1175 communicato
3485 1135 3620 1177 con·

1971 1199 2099 1256 silio
2131 1199 2471 1271 libratisque
2503 1200 2688 1258 multa
2721 1202 3132 1261 deliberatione
3184 1205 3472 1277 partibus,
3522 1224 3624 1279 po-

1970 1290 2269 1345 tissimum
2295 1291 2516 1346 ducunt
2544 1290 2819 1347 Siracono
2858 1292 3095 1365 suisque
3142 1299 3461 1367 antequam
3512 1295 3620 1354 ssu-

1969 1378 2130 1436 vium
2162 1382 2483 1448 transeant,
2524 1396 2861 1448 occurrere,
2905 1396 3155 1454 eumque
3195 1383 3358 1456 regni
3397 1383 3619 1442 fluibus

1969 1484 2184 1537 arcere,
2206 1484 2382 1541 quam
2406 1469 2649 1526 flumine
2664 1471 3015 1527 transmisso
3041 1487 3174 1527 cum
3192 1472 3279 1528 eis
3291 1487 3618 1544 conserere,

1968 1575 2112 1630 quos
2131 1562 2329 1632 postea
2345 1560 2475 1632 ipsa
2495 1561 2793 1617 remeandi
2839 1561 2895 1617 di
2905 1561 3157 1619 incultas
3180 1562 3444 1621 redderet
3461 1578 3618 1622 acer-

1968 1648 2177 1705 biores.
2196 1647 2410 1704 solutis
2438 1648 2618 1720 igitur
2646 1651 2877 1711 castris,
2921 1654 2991 1706 ad
3025 1651 3216 1708 locum
3270 1652 3368 1709 ubi
3415 1653 3615 1711 hostes

1967 1752 2096 1793 esse
2126 1737 2488 1806 dicebantur,
2521 1737 2820 1794 festinant.
2848 1738 2899 1795 Is
2931 1743 3127 1796 autem
3158 1741 3231 1796 ab
3253 1757 3343 1812 eo,
3375 1743 3476 1798 ubi
3508 1758 3614 1801 no·

1967 1826 2074 1883 stri
2108 1827 2269 1897 prius
2299 1827 2688 1884 castrametati
2736 1830 2987 1898 fuerant,
3046 1832 3214 1902 quasi
3267 1831 3615 1890 milliaribus

1965 1912 2165 1970 decem
2196 1913 2500 1970 dicebatur
2528 1915 2758 1971 distare.
2791 1915 3105 1988 Postquam
3135 1933 3268 1974 vero
3298 1919 3369 1974 ad
3402 1919 3611 1991 predi·

1965 2006 2126 2059 ctum
2157 2003 2504 2059 conveniunt
2528 2003 2716 2060 locum
2747 2005 2872 2076 ipse
2894 2007 3016 2077 jam
3058 2010 3333 2078 tanquam
3373 2008 3493 2065 dux
3522 2007 3607 2064 vi-

1963 2092 2412 2164 gilantissimus,
2444 2109 2576 2150 cum
2603 2095 2871 2151 universo
2903 2111 3046 2166 pene
3083 2097 3339 2153 exercitu
3388 2097 3606 2156 flumen

1962 2183 2293 2250 transierat,
2328 2183 2531 2254 paucis
2561 2183 2798 2254 relictis,
2844 2199 2993 2256 quos
3051 2186 3230 2242 nostri
3279 2187 3597 2259 capientes,

1961 2272 2209 2328 vinculis
2236 2272 2569 2342 alligarunt.
2616 2273 2952 2345 Interrogati
3002 2279 3196 2331 tamen
3234 2277 3305 2332 de
3347 2276 3597 2333 transitu

1961 2363 2109 2434 ejus,
2142 2362 2212 2418 de
2236 2361 2489 2418 militum
2514 2378 2779 2431 numero,
2803 2364 2875 2418 de
2904 2363 3106 2420 multis
3129 2365 3469 2422 necessariis
3499 2383 3610 2424 no-

1961 2459 2115 2509 stros
2154 2453 2606 2509 instruxerunt:
2651 2454 2924 2522 quiddam
2982 2469 3122 2510 sane
3167 2456 3319 2527 quod
3384 2457 3605 2514 nostris

1960 2548 2081 2598 erat
2112 2542 2496 2615 incognitum,
2525 2559 2727 2599 eorum
2751 2542 2936 2615 patuit
2965 2543 3242 2601 relatione
3267 2562 3282 2614 ς
3316 2544 3612 2609 videlicet,

1962 2631 2112 2702 quod
2146 2632 2205 2687 in
2237 2631 2575 2701 solitudine,
2615 2637 2926 2705 postquam
2958 2633 3186 2705 Syriam
3217 2633 3392 2691 Sobal
3422 2639 3610 2692 trans-

1960 2720 2172 2788 ierant,
2203 2721 2405 2778 oborto
2441 2722 2635 2778 subito
2672 2726 2978 2778 ventorum
3018 2721 3251 2779 turbine
3288 2723 3608 2781 immanis-

1961 2811 2132 2880 simo,
2172 2817 2365 2870 tantus
2411 2829 2481 2869 ex
2522 2828 2700 2869 arena
2747 2811 2937 2884 pulvis
2963 2814 3024 2870 in
3075 2812 3310 2870 modum
3355 2814 3604 2872 nubium

1960 2905 2018 2957 et
2045 2903 2236 2959 densae
2260 2902 2524 2975 caliginis
2548 2919 2649 2973 per
2668 2918 2802 2958 aera
2819 2903 3117 2974 dispersus
3151 2908 3259 2971 est,
3293 2908 3358 2959 ut
3380 2904 3604 2970 oculos,

1958 2988 2045 3047 vel
2098 3008 2217 3062 ora,
2270 2999 2332 3049 ut
2362 2992 2474 3050 sibi
2530 2990 3013 3063 colloquerentur,
3087 2993 3186 3065 qui
3233 2994 3294 3048 in
3353 2991 3605 3050 exercitu

1960 3089 2146 3151 erant,
2179 3085 2404 3156 aperire
2432 3082 2670 3140 omnino
2703 3098 2816 3139 non
2847 3083 3149 3152 auderent,
3183 3083 3254 3138 de
3299 3083 3468 3157 equis
3508 3083 3609 3140 de-

200 3170 586 3242 aequentibus
616 3170 898 3232 dicemus.
929 3173 1124 3246 Aliqui
1156 3183 1342 3231 tamen
1373 3176 1734 3233 confidenter
1772 3194 1853 3234 as-
1881 3150 1926 3220 (ἶ
1963 3174 2327 3242 scendentes,
2361 3172 2432 3228 ad
2466 3180 2675 3229 terram
2727 3173 3018 3245 prostrati,
3070 3172 3344 3229 manibus
3393 3176 3610 3244 quanto

198 3264 423 3325 serunt,
453 3260 613 3331 quod
643 3261 754 3317 ista
785 3262 862 3318 sit
893 3262 993 3318 illa
1021 3263 1264 3336 antiqua
1280 3268 1337 3320 et
1356 3265 1564 3322 nobilis
1586 3271 1645 3323 et
1667 3266 1853 3324 famo-

196 3349 436 3406 sissima
464 3351 771 3422 Memphis,
803 3354 969 3425 cujus
1002 3354 1061 3411 in
1092 3354 1381 3413 veteribus
1410 3356 1674 3413 historiis
1703 3364 1760 3413 et
1791 3358 1850 3414 in

200 3439 511 3513 prophetis
539 3440 721 3498 multa
749 3451 832 3499 est
863 3445 1165 3510 memoria,
1199 3462 1326 3518 quie
1359 3446 1541 3503 totius
1572 3449 1732 3522 regni
1784 3449 1852 3505 il-

196 3529 336 3600 lius,
364 3535 419 3585 et
450 3528 770 3587 multarum
805 3532 1189 3591 finitimarum
1225 3534 1653 3607 provinciarum
1676 3541 1852 3609 caput

195 3623 254 3674 et
296 3618 654 3677 moderatrix
684 3620 902 3679 dicitur
933 3623 1135 3681 fuisse.
1168 3623 1361 3698 Usque
1400 3624 1572 3682 hodie
1628 3630 1848 3689 tamen.

196 3709 355 3766 ultra
384 3708 605 3778 Nilum,
637 3712 739 3785 qui
788 3712 959 3786 hanc,
992 3714 1064 3771 de
1113 3731 1229 3786 qua
1276 3715 1594 3788 loquimur,
1647 3718 1849 3775 urbem

195 3797 562 3870 preterfluit,
594 3800 766 3872 quasi
796 3801 865 3858 ad
897 3802 1096 3859 decem
1128 3803 1406 3861 milliaria
1434 3810 1674 3879 apparet
1712 3809 1851 3865 urbs

195 3902 447 3956 annosa,
478 3887 729 3960 infinita,
762 3896 1002 3947 vetustte
1034 3892 1353 3950 nobilitatis
1381 3902 1437 3950 et
1464 3895 1688 3953 eximi-‘e
1722 3913 1848 3954 ma-

196 3972 534 4047 gnitudinis
564 3984 914 4050 argumenta
953 3981 1293 4053 praeteream
1328 3998 1506 4054 quam
1538 3985 1714 4042 etiam
1754 3985 1849 4041 in·

195 4063 341 4120 colae
377 4065 627 4136 regionis
657 4068 975 4140 Memphim
1009 4075 1261 4128 veterem
1297 4072 1496 4140 fuisse,
1540 4089 1643 4145 pro
1690 4080 1845 4132 certo

193 4161 561 4214 asseverant.
585 4156 889 4215 Probabile
911 4165 1000 4216 est
1019 4177 1178 4233 ergo,
1206 4166 1307 4217 aut
1325 4163 1668 4222 necessitate
1688 4179 1845 4222 com-

192 4244 459 4316 pulsum,
492 4251 595 4304 aut
640 4248 961 4319 majoribus
1009 4251 1520 4310 commoditatibus
1568 4257 1839 4323 tractum,

190 4335 532 4408 mempheos
548 4336 850 4409 populum,
874 4338 1021 4395 citra
1041 4339 1256 4396 flumen
1273 4342 1569 4400 domicilia
1590 4347 1844 4402 transtu·

192 4422 356 4494 lisse,
386 4439 717 4498 nomenque
746 4427 834 4484 vel
868 4431 1030 4498 tunc,
1062 4429 1149 4486 vel
1183 4434 1404 4501 postea,
1437 4438 1691 4492 mutasse
1722 4435 1841 4507 pri-

1960 3263 2137 3319 altius
2168 3279 2353 3319 arensi
2385 3263 2716 3334 imprimere
2759 3266 3028 3334 poterant
3073 3263 3431 3319 adhaerentes
3459 3262 3609 3331 solo,

1962 3370 2032 3410 ne
2076 3354 2131 3410 vi
2174 3353 2425 3410 turbinis
2465 3357 2811 3424 raperentur
2855 3352 2913 3408 in
2958 3352 3230 3414 sublime,
3273 3353 3485 3410 iterum
3532 3354 3605 3410 ad

1960 3447 2173 3499 terram
2207 3443 2485 3499 recasuri.
2517 3442 2712 3499 Solent
2743 3441 2899 3498 enim
2931 3442 2990 3498 in
3023 3443 3124 3500 illa
3153 3443 3471 3500 solitudine
3511 3443 3602 3500 in-

1958 3537 2079 3591 star
2109 3533 2307 3601 maris,
2340 3547 2645 3588 arenarum
2686 3531 2853 3603 quasi
2887 3532 3124 3603 quidam
3174 3531 3387 3588 fluctus
3419 3531 3603 3589 attolli

1957 3622 2308 3694 deponique,
2341 3621 2399 3675 in
2432 3620 2669 3675 modurn
2695 3619 3115 3691 procellarum;
3150 3619 3230 3675 ita
3252 3627 3314 3676 ut
3344 3636 3458 3676 non
3491 3619 3603 3676 mi-

1959 3727 2070 3767 nus
2105 3726 2279 3785 quam
2303 3725 2406 3782 per
2424 3724 2607 3780 aquas
2632 3707 3065 3780 navigantibus,
3105 3707 3490 3780 periculosum
3507 3707 3603 3781 sit,

1958 3816 2059 3872 per
2087 3801 2270 3857 illast
2296 3799 2636 3873 importuna
2673 3797 2802 3855 loca
2846 3798 3119 3855 transire.
3166 3797 3416 3855 Amissis
3465 3813 3604 3874 ergo

1956 3890 2196 3946 camelis
2218 3893 2275 3945 et
2304 3886 2709 3944 alimentorum
2740 3892 2903 3960 parte
2933 3887 3210 3956 maxima,
3240 3887 3332 3942 vix
3360 3886 3433 3944 ds
3476 3886 3598 3944 vita

1955 3984 2280 4052 sperantes,
2309 3974 2609 4035 exstinctis
2640 3976 2929 4048 pluribus,
2959 3976 3157 4033 multis
3180 3975 3349 4033 etiam
3381 3992 3484 4049 per
3501 3993 3600 4034 va·

1953 4070 2207 4126 stitatem
2240 4068 2352 4125 late
2394 4069 2715 4140 patentium
2762 4082 3067 4124 arenarum
3109 4066 3411 4139 dispersis,
3457 4067 3595 4124 red-

1954 4158 2076 4215 dita
2118 4160 2353 4215 demum
2401 4157 2551 4215 acris
2596 4158 2921 4225 clementia,
2965 4157 3205 4213 incertis
3255 4156 3592 4226 itineribus,

1952 4249 2139 4322 magis
2178 4248 2471 4306 deviantes
2515 4263 2682 4319 quam
2709 4249 2780 4303 de
2817 4246 2913 4304 via
2948 4246 3110 4314 certi,
3154 4249 3285 4318 post
3330 4246 3452 4303 dies
3485 4245 3594 4303 ali·

1949 4344 2111 4412 quot,
2146 4344 2210 4394 ut
2239 4338 2568 4411 praedictum
2596 4340 2706 4405 est,
2741 4340 3125 4409 pervenerunt
3174 4334 3234 4390 in
3256 4339 3596 4409 Egyptum.

1951 4432 2123 4485 Porro
2153 4430 2357 4485 videns
2390 4427 2681 4484 exercitus
2712 4431 2926 4492 noster,
2961 4427 3117 4499 quod
3157 4424 3259 4482 ille
3298 4441 3430 4483 cum
3469 4423 3596 4482 suis

190 4512 440 4571 stinum.
473 4513 760 4572 Caeterum
794 4517 969 4574 fixum
1003 4522 1285 4588 tenemus,
1329 4521 1483 4591 quod
1531 4524 1731 4594 Johar,
1781 4529 1844 4583 ut
1872 4522 1921 4592 1)
1956 4519 2175 4575 flumen
2206 4517 2537 4586 transierat,
2570 4533 2805 4574 recursa
2831 4531 3119 4588 perquam
3166 4518 3442 4572 venerant
3482 4513 3593 4582 via,

188 4619 371 4675 supra
396 4605 671 4674 diximus,
694 4608 794 4679 qui
818 4610 1164 4667 exercitibus
1195 4616 1393 4684 magni
1416 4613 1698 4686 principis
1722 4616 1842 4675 Me-

189 4691 572 4757 hezedinalls‚
610 4697 683 4752 ad
712 4699 1161 4769 expugnandam
1199 4700 1509 4774 AEgyptum
1538 4703 1609 4759 ab
1651 4704 1845 4763 Africa

191 4782 411 4840 missus
458 4783 666 4854 fuerat,
689 4785 853 4857 juxta
883 4786 1032 4844 hanc
1063 4790 1323 4845 eamdem
1355 4789 1671 4863 civitatem,
1702 4793 1841 4851 sub·

189 4875 327 4929 acta
358 4873 632 4932 universa
652 4875 887 4949 regione
917 4881 974 4934 et
1003 4877 1236 4950 populis
1269 4878 1593 4938 tributariis
1621 4883 1838 4940 eonsti-

190 4958 355 5028 tutis,
385 4962 600 5021 cahere
638 4965 980 5032 construxit,
1006 4967 1172 5039 quasi
1204 4968 1441 5025 domino
1486 4986 1591 5027 suo
1641 4971 1839 5043 presci-

182 5065 375 5122 puum
397 5050 661 5112 futurum
692 5059 751 5111 et
780 5055 1066 5113 familiare
1097 5057 1485 5125 domicilium,
1517 5075 1672 5117 anno
1702 5077 1840 5119 are-

179 5156 294 5209 gno
324 5140 613 5200 Mehemet
642 5147 1047 5205 trecentesimo
1068 5146 1557 5220 quinquagesimo
1583 5153 1785 5207 octavo
1810 5169 1826 5215 ς

179 5245 356 5302 quem
389 5230 843 5292 Mehezedinalla
868 5236 1038 5292 tertio
1071 5240 1274 5308 postea
1303 5253 1478 5307 anno,
1513 5237 1712 5295 relicta
1741 5239 1837 5296 Ca·

175 5336 312 5390 raea,
348 5321 450 5379 ubi
482 5323 646 5395 regni
672 5325 765 5381 sui
797 5326 965 5383 sedes
998 5342 1102 5397 per
1130 5325 1354 5399 aliquot
1384 5342 1577 5386 annos
1625 5327 1835 5397 fuerat,

172 5416 436 5478 secutus,
462 5411 631 5481 juxta
658 5413 941 5486 principis
971 5414 1064 5471 sui
1104 5413 1565 5488 dispositionem,
1616 5417 1835 5488 proedi-

173 5503 339 5557 ctum
371 5500 565 5558 locum
595 5504 756 5577 regni
789 5504 999 5562 solium
1031 5503 1358 5575 constituit,
1410 5511 1465 5562 et
1511 5506 1836 5566 domestica

144 5659 153 5670 ἱ
173 5587 603 5650 inhabitatione
632 5592 887 5660 reddidit
910 5592 1255 5669 gloriosum,
1278 5609 1433 5680 anno
1452 5611 1489 5658 a
1514 5612 1691 5671 regno
1709 5596 1835 5666 ue-

1946 4611 2108 4683 Juxta
2136 4608 2400 4666 eamdem
2433 4608 2657 4677 urbem,
2681 4621 2856 4678 quam
2884 4605 3049 4679 prius
3093 4604 3459 4672 dimiserant,
3491 4619 3596 4660 su-

1955 4716 2057 4773 per
2085 4696 2345 4755 fluminis
2375 4697 2565 4771 ripam
2596 4701 2786 4753 castra
2815 4696 3024 4752 iterum
3054 4694 3410 4751 locaverunt.

2558 4803 2788 4861 CAPUT
2839 4802 2989 4859 xvt.

1946 4895 2131 4954 Savar
2152 4895 2432 4964 soldanus,
2476 4895 2536 4951 ul
2560 4893 3056 5024 νσρθῖῧοιξξειίηεαί,
3088 4890 3263 4965 pactis
3296 4889 3594 4965 innovatis,

2018 5058 2233 5117 videns
2262 5058 2442 5132 igitur
2470 5056 2772 5128 soldanus,
2795 5057 2948 5131 quod
2976 5055 3205 5113 hostem
3232 5054 3386 5112 intra
3413 5054 3586 5128 regni

1949 5150 2258 5224 praecordia
2287 5151 2648 5222 susceperat,
2680 5164 2852 5223 quem
2901 5147 3236 5204 nullatenus
3278 5151 3379 5202 aut
3418 5143 3595 5202 susti·

1948 5254 2107 5310 nere,
2133 5243 2235 5296 aut
2261 5256 2293 5296 a
2323 5238 2486 5312 regni
2516 5237 2731 5295 finibus
2763 5237 2876 5294 nisi
2911 5253 3009 5308 per
3039 5236 3347 5294 dominum
3393 5249 3589 5308 regem

1946 5333 2170 5402 poterat
2197 5328 2482 5402 expellere
2512 5327 2796 5386 sollicitus
2841 5333 2988 5395 erat,
3019 5342 3135 5400 quo
3181 5328 3347 5397 pacto
3399 5325 3591 5382 domi·

1946 5435 2086 5476 num
2117 5434 2312 5492 regem
2344 5422 2539 5492 posset
2567 5417 2626 5474 in
2665 5417 2908 5492 AEgypto
2945 5415 3206 5473 detinere
3239 5432 3254 5485 ;
3285 5414 3590 5473 verebatur

1942 5509 2123 5578 enim,
2147 5525 2219 5567 ne
2260 5508 2477 5567 laboris
2525 5507 2924 5565 immensitate
2962 5505 3264 5579 fatigatus,
3290 5498 3492 5562 ‘redire
3516 5504 3588 5561 ad

1943 5597 2178 5674 propria
2201 5596 2565 5674 disponeret;
2595 5613 2700 5658 nec
2718 5596 2837 5657 alia
2855 5596 3101 5669 ratione,
3133 5596 3290 5674 quod
3310 5593 3588 5656 dominus
