<?xml version="1.0" encoding="UTF-8"?>
<!DOCTYPE html PUBLIC "-//W3C//DTD XHTML 1.0 Transitional//EN"
    "http://www.w3.org/TR/xhtml1/DTD/xhtml1-transitional.dtd">
<html xmlns="http://www.w3.org/1999/xhtml" xml:lang="en" lang="en">
 <head>
  <title>
</title>
<meta http-equiv="Content-Type" content="text/html;charset=utf-8" />
  <meta name='ocr-system' content='tesseract 3.04.00' />
  <meta name='ocr-capabilities' content='ocr_page ocr_carea ocr_par ocr_line ocrx_word'/>
</head>
<body>
  <div class='ocr_page' id='page_1' title='image "./patrologiaecurs32goog_0034.png"; bbox 0 0 3784 6000; ppageno 0'>
   <div class='ocr_carea' id='block_1_1' title="bbox 184 244 3606 320">
    <p class='ocr_par' dir='ltr' id='par_1_1' title="bbox 184 244 3606 320">
     <span class='ocr_line' id='line_1_1' title="bbox 184 244 3606 320; baseline -0.005 3"><span class='ocrx_word' id='word_1_1' title='bbox 184 254 265 314; x_wconf 74' lang='grc'>59</span> <span class='ocrx_word' id='word_1_2' title='bbox 1280 258 1627 320; x_wconf 80' lang='lat' dir='ltr'>ARNULFI</span> <span class='ocrx_word' id='word_1_3' title='bbox 1670 254 2177 320; x_wconf 65' lang='lat' dir='ltr'>LuxovaSIS</span> <span class='ocrx_word' id='word_1_4' title='bbox 2224 248 2572 314; x_wconf 82' lang='lat' dir='ltr'><strong>EPISGOPI</strong></span> <span class='ocrx_word' id='word_1_5' title='bbox 3526 244 3606 308; x_wconf 78' lang='lat'>60</span> 
     </span>
    </p>
   </div>
   <div class='ocr_carea' id='block_1_2' title="bbox 179 383 3606 465">
    <p class='ocr_par' dir='ltr' id='par_1_2' title="bbox 179 383 3606 465">
     <span class='ocr_line' id='line_1_2' title="bbox 179 383 3606 465; baseline -0.002 -15"><span class='ocrx_word' id='word_1_6' title='bbox 179 390 486 461; x_wconf 77' lang='lat' dir='ltr'>aeficium,</span> <span class='ocrx_word' id='word_1_7' title='bbox 508 407 687 464; x_wconf 88' lang='lat' dir='ltr'>quam</span> <span class='ocrx_word' id='word_1_8' title='bbox 734 391 1027 465; x_wconf 73' lang='lat' dir='ltr'>patientias</span> <span class='ocrx_word' id='word_1_9' title='bbox 1055 399 1256 449; x_wconf 69' lang='lat' dir='ltr'>vestro</span> <span class='ocrx_word' id='word_1_10' title='bbox 1277 392 1504 452; x_wconf 91' lang='lat' dir='ltr'>cederet</span> <span class='ocrx_word' id='word_1_11' title='bbox 1529 395 1588 451; x_wconf 92' lang='lat' dir='ltr'>in</span> <span class='ocrx_word' id='word_1_12' title='bbox 1621 395 1825 453; x_wconf 89' lang='lat' dir='ltr'>trium·</span> <span class='ocrx_word' id='word_1_13' title='bbox 1857 399 1909 463; x_wconf 73' lang='grc' dir='ltr'><strong>Α</strong></span> <span class='ocrx_word' id='word_1_14' title='bbox 1939 392 2223 450; x_wconf 88' lang='lat' dir='ltr'>utendum</span> <span class='ocrx_word' id='word_1_15' title='bbox 2245 383 3239 452; x_wconf 87' lang='lat' dir='ltr'>dissimulatione,necsermonibus</span> <span class='ocrx_word' id='word_1_16' title='bbox 3257 387 3606 458; x_wconf 87' lang='lat' dir='ltr'>temperan-</span> 
     </span>
    </p>
   </div>
   <div class='ocr_carea' id='block_1_3' title="bbox 170 479 1831 4480">
    <p class='ocr_par' dir='ltr' id='par_1_3' title="bbox 183 479 395 554">
     <span class='ocr_line' id='line_1_3' title="bbox 183 479 395 554; baseline 0 -17"><span class='ocrx_word' id='word_1_17' title='bbox 183 479 395 554; x_wconf 89' lang='lat' dir='ltr'>phum.</span> 
     </span>
    </p>

    <p class='ocr_par' dir='ltr' id='par_1_4' title="bbox 170 571 1831 2251">
     <span class='ocr_line' id='line_1_4' title="bbox 252 571 1829 642; baseline 0.003 -16"><span class='ocrx_word' id='word_1_18' title='bbox 252 571 335 627; x_wconf 82' lang='lat' dir='ltr'>Ad</span> <span class='ocrx_word' id='word_1_19' title='bbox 367 585 661 628; x_wconf 91' lang='lat' dir='ltr'>summam</span> <span class='ocrx_word' id='word_1_20' title='bbox 691 571 982 642; x_wconf 74' lang='lat' dir='ltr'>frequenti</span> <span class='ocrx_word' id='word_1_21' title='bbox 1015 571 1178 628; x_wconf 78' lang='lat' dir='ltr'>vobis</span> <span class='ocrx_word' id='word_1_22' title='bbox 1210 573 1676 632; x_wconf 73' lang='lat' dir='ltr'><strong>consideratione</strong></span> <span class='ocrx_word' id='word_1_23' title='bbox 1704 582 1829 631; x_wconf 88' lang='lat' dir='ltr'>tra-</span> 
     </span>
     <span class='ocr_line' id='line_1_5' title="bbox 182 660 1831 737; baseline 0.003 -20"><span class='ocrx_word' id='word_1_24' title='bbox 182 660 459 718; x_wconf 86' lang='lat' dir='ltr'>ctandum</span> <span class='ocrx_word' id='word_1_25' title='bbox 481 675 610 731; x_wconf 79' lang='lat' dir='ltr'>quoe</span> <span class='ocrx_word' id='word_1_26' title='bbox 630 664 823 717; x_wconf 88' lang='lat' dir='ltr'>vestra</span> <span class='ocrx_word' id='word_1_27' title='bbox 838 676 1012 718; x_wconf 87' lang='lat' dir='ltr'>causa</span> <span class='ocrx_word' id='word_1_28' title='bbox 1031 663 1127 731; x_wconf 89' lang='lat' dir='ltr'>sit,</span> <span class='ocrx_word' id='word_1_29' title='bbox 1143 662 1274 734; x_wconf 90' lang='lat' dir='ltr'>quis</span> <span class='ocrx_word' id='word_1_30' title='bbox 1290 664 1681 733; x_wconf 87' lang='lat' dir='ltr'>adversarius,</span> <span class='ocrx_word' id='word_1_31' title='bbox 1704 681 1831 737; x_wconf 70' lang='lat' dir='ltr'>quse</span> 
     </span>
     <span class='ocr_line' id='line_1_6' title="bbox 180 750 1828 826; baseline 0.004 -20"><span class='ocrx_word' id='word_1_32' title='bbox 180 751 333 823; x_wconf 91' lang='lat' dir='ltr'>parti</span> <span class='ocrx_word' id='word_1_33' title='bbox 365 754 565 805; x_wconf 69' lang='lat' dir='ltr'>vestrae</span> <span class='ocrx_word' id='word_1_34' title='bbox 599 750 800 806; x_wconf 89' lang='lat' dir='ltr'>studia</span> <span class='ocrx_word' id='word_1_35' title='bbox 818 751 1236 823; x_wconf 74' lang='lat' dir='ltr'>suffragentur.</span> <span class='ocrx_word' id='word_1_36' title='bbox 1269 753 1336 809; x_wconf 80' lang='lat' dir='ltr'>Et</span> <span class='ocrx_word' id='word_1_37' title='bbox 1375 770 1564 811; x_wconf 70' lang='lat' dir='ltr'>cause</span> <span class='ocrx_word' id='word_1_38' title='bbox 1594 755 1828 826; x_wconf 89' lang='lat' dir='ltr'>quidem</span> 
     </span>
     <span class='ocr_line' id='line_1_7' title="bbox 182 837 1831 911; baseline 0.002 -16"><span class='ocrx_word' id='word_1_39' title='bbox 182 837 408 909; x_wconf 84' lang='lat' dir='ltr'>justitia</span> <span class='ocrx_word' id='word_1_40' title='bbox 457 838 774 895; x_wconf 87' lang='lat' dir='ltr'>manifesta</span> <span class='ocrx_word' id='word_1_41' title='bbox 819 844 932 909; x_wconf 89' lang='lat' dir='ltr'>est,</span> <span class='ocrx_word' id='word_1_42' title='bbox 962 840 1246 911; x_wconf 90' lang='lat' dir='ltr'>quoniam</span> <span class='ocrx_word' id='word_1_43' title='bbox 1289 858 1390 911; x_wconf 90' lang='lat' dir='ltr'>pro</span> <span class='ocrx_word' id='word_1_44' title='bbox 1440 843 1706 899; x_wconf 68' lang='lat' dir='ltr'>Ecclesiae</span> <span class='ocrx_word' id='word_1_45' title='bbox 1734 843 1831 900; x_wconf 90' lang='lat' dir='ltr'>Dei</span> 
     </span>
     <span class='ocr_line' id='line_1_8' title="bbox 176 926 1831 1000; baseline 0.004 -18"><span class='ocrx_word' id='word_1_46' title='bbox 176 926 447 983; x_wconf 89' lang='lat' dir='ltr'>libertate</span> <span class='ocrx_word' id='word_1_47' title='bbox 467 927 837 996; x_wconf 72' lang='lat' dir='ltr'><strong>contenditis,</strong></span> <span class='ocrx_word' id='word_1_48' title='bbox 869 943 1048 1000; x_wconf 89' lang='lat' dir='ltr'>quam</span> <span class='ocrx_word' id='word_1_49' title='bbox 1073 929 1170 986; x_wconf 91' lang='lat' dir='ltr'>ille</span> <span class='ocrx_word' id='word_1_50' title='bbox 1197 931 1381 988; x_wconf 91' lang='lat' dir='ltr'>semel</span> <span class='ocrx_word' id='word_1_51' title='bbox 1410 931 1470 987; x_wconf 91' lang='lat' dir='ltr'>in</span> <span class='ocrx_word' id='word_1_52' title='bbox 1501 948 1671 989; x_wconf 90' lang='lat' dir='ltr'>cruce</span> <span class='ocrx_word' id='word_1_53' title='bbox 1691 932 1831 989; x_wconf 90' lang='lat' dir='ltr'>libe-</span> 
     </span>
     <span class='ocr_line' id='line_1_9' title="bbox 182 1015 1828 1093; baseline 0.003 -20"><span class='ocrx_word' id='word_1_54' title='bbox 182 1019 339 1073; x_wconf 89' lang='lat' dir='ltr'>rator</span> <span class='ocrx_word' id='word_1_55' title='bbox 359 1015 550 1084; x_wconf 87' lang='lat' dir='ltr'>evicit,</span> <span class='ocrx_word' id='word_1_56' title='bbox 582 1020 639 1073; x_wconf 90' lang='lat' dir='ltr'>et</span> <span class='ocrx_word' id='word_1_57' title='bbox 685 1017 1048 1089; x_wconf 88' lang='lat' dir='ltr'>redemptam</span> <span class='ocrx_word' id='word_1_58' title='bbox 1088 1019 1462 1091; x_wconf 70' lang='lat' dir='ltr'>impretiabili</span> <span class='ocrx_word' id='word_1_59' title='bbox 1496 1021 1675 1093; x_wconf 93' lang='lat' dir='ltr'>pretio</span> <span class='ocrx_word' id='word_1_60' title='bbox 1706 1023 1828 1078; x_wconf 90' lang='lat' dir='ltr'>uni·</span> 
     </span>
     <span class='ocr_line' id='line_1_10' title="bbox 177 1103 1829 1178; baseline 0.004 -18"><span class='ocrx_word' id='word_1_61' title='bbox 177 1103 361 1160; x_wconf 86' lang='lat' dir='ltr'>versis</span> <span class='ocrx_word' id='word_1_62' title='bbox 380 1105 482 1178; x_wconf 91' lang='lat' dir='ltr'>qui</span> <span class='ocrx_word' id='word_1_63' title='bbox 503 1105 692 1177; x_wconf 89' lang='lat' dir='ltr'>ipsius</span> <span class='ocrx_word' id='word_1_64' title='bbox 723 1108 957 1164; x_wconf 90' lang='lat' dir='ltr'>nomine</span> <span class='ocrx_word' id='word_1_65' title='bbox 985 1110 1582 1177; x_wconf 85' lang='lat' dir='ltr'>censentur,reddidit</span> <span class='ocrx_word' id='word_1_66' title='bbox 1612 1110 1829 1168; x_wconf 87' lang='lat' dir='ltr'>unifor-</span> 
     </span>
     <span class='ocr_line' id='line_1_11' title="bbox 181 1193 1829 1271; baseline 0.005 -22"><span class='ocrx_word' id='word_1_67' title='bbox 181 1208 359 1250; x_wconf 90' lang='lat' dir='ltr'>mem.</span> <span class='ocrx_word' id='word_1_68' title='bbox 393 1193 558 1250; x_wconf 91' lang='lat' dir='ltr'>Sicut</span> <span class='ocrx_word' id='word_1_69' title='bbox 587 1195 745 1250; x_wconf 90' lang='lat' dir='ltr'>enim</span> <span class='ocrx_word' id='word_1_70' title='bbox 779 1211 893 1252; x_wconf 91' lang='lat' dir='ltr'>una</span> <span class='ocrx_word' id='word_1_71' title='bbox 914 1196 1058 1253; x_wconf 86' lang='lat' dir='ltr'>fides</span> <span class='ocrx_word' id='word_1_72' title='bbox 1087 1203 1174 1254; x_wconf 88' lang='lat' dir='ltr'>est</span> <span class='ocrx_word' id='word_1_73' title='bbox 1199 1198 1419 1270; x_wconf 67' lang='lat' dir='ltr'>(Ephe-3.</span> <span class='ocrx_word' id='word_1_74' title='bbox 1464 1200 1564 1271; x_wconf 82' lang='grc' dir='ltr'>ιν),</span> <span class='ocrx_word' id='word_1_75' title='bbox 1595 1216 1711 1257; x_wconf 91' lang='lat' dir='ltr'>una</span> <span class='ocrx_word' id='word_1_76' title='bbox 1739 1204 1829 1257; x_wconf 91' lang='lat' dir='ltr'>est</span> 
     </span>
     <span class='ocr_line' id='line_1_12' title="bbox 179 1280 1828 1362; baseline 0.005 -25"><span class='ocrx_word' id='word_1_77' title='bbox 179 1284 239 1337; x_wconf 92' lang='lat' dir='ltr'>et</span> <span class='ocrx_word' id='word_1_78' title='bbox 267 1280 526 1352; x_wconf 87' lang='lat' dir='ltr'>libertas,</span> <span class='ocrx_word' id='word_1_79' title='bbox 559 1300 735 1356; x_wconf 91' lang='lat' dir='ltr'>quam</span> <span class='ocrx_word' id='word_1_80' title='bbox 776 1284 1051 1342; x_wconf 76' lang='lat' dir='ltr'>identitas</span> <span class='ocrx_word' id='word_1_81' title='bbox 1081 1292 1581 1345; x_wconf 89' lang='lat' dir='ltr'>sacramentorum</span> <span class='ocrx_word' id='word_1_82' title='bbox 1614 1294 1673 1346; x_wconf 93' lang='lat' dir='ltr'>et</span> <span class='ocrx_word' id='word_1_83' title='bbox 1699 1305 1828 1362; x_wconf 90' lang='lat' dir='ltr'>ope-</span> 
     </span>
     <span class='ocr_line' id='line_1_13' title="bbox 177 1371 1824 1446; baseline 0.005 -20"><span class='ocrx_word' id='word_1_84' title='bbox 177 1371 364 1428; x_wconf 90' lang='lat' dir='ltr'>rantis</span> <span class='ocrx_word' id='word_1_85' title='bbox 393 1372 592 1429; x_wconf 89' lang='lat' dir='ltr'>omnia</span> <span class='ocrx_word' id='word_1_86' title='bbox 619 1373 866 1445; x_wconf 91' lang='lat' dir='ltr'>Spiritus</span> <span class='ocrx_word' id='word_1_87' title='bbox 909 1375 1254 1446; x_wconf 70' lang='lat' dir='ltr'>simplicitas</span> <span class='ocrx_word' id='word_1_88' title='bbox 1285 1383 1586 1434; x_wconf 88' lang='lat' dir='ltr'>consecrat</span> <span class='ocrx_word' id='word_1_89' title='bbox 1605 1383 1660 1434; x_wconf 92' lang='lat' dir='ltr'>et</span> <span class='ocrx_word' id='word_1_90' title='bbox 1686 1394 1824 1436; x_wconf 92' lang='lat' dir='ltr'>con-</span> 
     </span>
     <span class='ocr_line' id='line_1_14' title="bbox 174 1459 1825 1535; baseline 0.005 -20"><span class='ocrx_word' id='word_1_91' title='bbox 174 1459 389 1518; x_wconf 84' lang='lat' dir='ltr'>firmat.</span> <span class='ocrx_word' id='word_1_92' title='bbox 416 1465 480 1519; x_wconf 89' lang='lat' dir='ltr'>ln</span> <span class='ocrx_word' id='word_1_93' title='bbox 509 1461 618 1519; x_wconf 92' lang='lat' dir='ltr'>boc</span> <span class='ocrx_word' id='word_1_94' title='bbox 639 1462 853 1535; x_wconf 87' lang='lat' dir='ltr'>quippe</span> <span class='ocrx_word' id='word_1_95' title='bbox 883 1465 1407 1523; x_wconf 88' lang='lat' dir='ltr'>consistitunitatis</span> <span class='ocrx_word' id='word_1_96' title='bbox 1428 1467 1825 1525; x_wconf 70' lang='lat' dir='ltr'>ecclesiasticas</span> 
     </span>
     <span class='ocr_line' id='line_1_15' title="bbox 177 1550 1821 1626; baseline 0.005 -21"><span class='ocrx_word' id='word_1_97' title='bbox 177 1550 445 1608; x_wconf 91' lang='lat' dir='ltr'>mirabile</span> <span class='ocrx_word' id='word_1_98' title='bbox 493 1558 950 1618; x_wconf 89' lang='lat' dir='ltr'>sacramentum,</span> <span class='ocrx_word' id='word_1_99' title='bbox 999 1555 1153 1626; x_wconf 90' lang='lat' dir='ltr'>quod</span> <span class='ocrx_word' id='word_1_100' title='bbox 1206 1556 1361 1612; x_wconf 89' lang='lat' dir='ltr'>sicut</span> <span class='ocrx_word' id='word_1_101' title='bbox 1390 1572 1508 1613; x_wconf 88' lang='lat' dir='ltr'>una</span> <span class='ocrx_word' id='word_1_102' title='bbox 1546 1557 1692 1614; x_wconf 84' lang='lat' dir='ltr'>fides</span> <span class='ocrx_word' id='word_1_103' title='bbox 1712 1561 1821 1626; x_wconf 90' lang='lat' dir='ltr'>est,</span> 
     </span>
     <span class='ocr_line' id='line_1_16' title="bbox 181 1641 1825 1717; baseline 0.005 -22"><span class='ocrx_word' id='word_1_104' title='bbox 181 1654 338 1696; x_wconf 90' lang='lat' dir='ltr'>unus</span> <span class='ocrx_word' id='word_1_105' title='bbox 374 1641 645 1713; x_wconf 81' lang='lat' dir='ltr'>Spiritus,</span> <span class='ocrx_word' id='word_1_106' title='bbox 694 1647 754 1698; x_wconf 91' lang='lat' dir='ltr'>et</span> <span class='ocrx_word' id='word_1_107' title='bbox 815 1659 997 1700; x_wconf 90' lang='lat' dir='ltr'>unum</span> <span class='ocrx_word' id='word_1_108' title='bbox 1038 1644 1328 1716; x_wconf 86' lang='lat' dir='ltr'>baptisma</span> <span class='ocrx_word' id='word_1_109' title='bbox 1383 1646 1591 1717; x_wconf 55' lang='lat' dir='ltr'>(ibim),</span> <span class='ocrx_word' id='word_1_110' title='bbox 1622 1646 1705 1702; x_wconf 91' lang='lat' dir='ltr'>ita</span> <span class='ocrx_word' id='word_1_111' title='bbox 1733 1651 1825 1703; x_wconf 87' lang='lat' dir='ltr'>est</span> 
     </span>
     <span class='ocr_line' id='line_1_17' title="bbox 172 1731 1818 1808; baseline 0.004 -23"><span class='ocrx_word' id='word_1_112' title='bbox 172 1744 361 1785; x_wconf 90' lang='lat' dir='ltr'>unum</span> <span class='ocrx_word' id='word_1_113' title='bbox 393 1731 877 1789; x_wconf 73' lang='lat' dir='ltr'>manumissionis</span> <span class='ocrx_word' id='word_1_114' title='bbox 904 1738 1195 1805; x_wconf 81' lang='lat' dir='ltr'>perpetuae</span> <span class='ocrx_word' id='word_1_115' title='bbox 1229 1739 1671 1802; x_wconf 89' lang='lat' dir='ltr'>testamentum,</span> <span class='ocrx_word' id='word_1_116' title='bbox 1703 1752 1818 1808; x_wconf 91' lang='lat' dir='ltr'>quo</span> 
     </span>
     <span class='ocr_line' id='line_1_18' title="bbox 178 1820 1817 1896; baseline 0.004 -20"><span class='ocrx_word' id='word_1_117' title='bbox 178 1834 285 1876; x_wconf 91' lang='lat' dir='ltr'>nos</span> <span class='ocrx_word' id='word_1_118' title='bbox 330 1820 538 1877; x_wconf 77' lang='lat' dir='ltr'>divinae</span> <span class='ocrx_word' id='word_1_119' title='bbox 582 1821 863 1879; x_wconf 90' lang='lat' dir='ltr'>bonitatis</span> <span class='ocrx_word' id='word_1_120' title='bbox 908 1823 1141 1896; x_wconf 86' lang='lat' dir='ltr'>adoptio</span> <span class='ocrx_word' id='word_1_121' title='bbox 1196 1840 1310 1881; x_wconf 89' lang='lat' dir='ltr'>non</span> <span class='ocrx_word' id='word_1_122' title='bbox 1347 1829 1574 1882; x_wconf 89' lang='lat' dir='ltr'>tantum</span> <span class='ocrx_word' id='word_1_123' title='bbox 1600 1825 1817 1882; x_wconf 85' lang='lat' dir='ltr'>liberos</span> 
     </span>
     <span class='ocr_line' id='line_1_19' title="bbox 175 1907 1820 1985; baseline 0.004 -21"><span class='ocrx_word' id='word_1_124' title='bbox 175 1907 377 1975; x_wconf 83' lang='lat' dir='ltr'>efficit,</span> <span class='ocrx_word' id='word_1_125' title='bbox 409 1909 512 1965; x_wconf 90' lang='lat' dir='ltr'>sed</span> <span class='ocrx_word' id='word_1_126' title='bbox 541 1911 717 1968; x_wconf 89' lang='lat' dir='ltr'>etiam</span> <span class='ocrx_word' id='word_1_127' title='bbox 731 1910 1076 1969; x_wconf 75' lang='lat' dir='ltr'>cohaeredes.</span> <span class='ocrx_word' id='word_1_128' title='bbox 1100 1913 1162 1969; x_wconf 88' lang='lat' dir='ltr'>In</span> <span class='ocrx_word' id='word_1_129' title='bbox 1187 1930 1303 1985; x_wconf 90' lang='lat' dir='ltr'>quo</span> <span class='ocrx_word' id='word_1_130' title='bbox 1325 1914 1551 1984; x_wconf 91' lang='lat' dir='ltr'>quoties</span> <span class='ocrx_word' id='word_1_131' title='bbox 1571 1915 1820 1971; x_wconf 75' lang='lat' dir='ltr'>libertati</span> 
     </span>
     <span class='ocr_line' id='line_1_20' title="bbox 175 1993 1820 2076; baseline 0.006 -25"><span class='ocrx_word' id='word_1_132' title='bbox 175 1993 525 2066; x_wconf 88' lang='lat' dir='ltr'>detrahitur,</span> <span class='ocrx_word' id='word_1_133' title='bbox 555 2001 779 2056; x_wconf 90' lang='lat' dir='ltr'>constat</span> <span class='ocrx_word' id='word_1_134' title='bbox 798 1999 929 2055; x_wconf 88' lang='lat' dir='ltr'>fidei</span> <span class='ocrx_word' id='word_1_135' title='bbox 947 2000 1328 2058; x_wconf 88' lang='lat' dir='ltr'>nibilominus</span> <span class='ocrx_word' id='word_1_136' title='bbox 1359 2002 1646 2074; x_wconf 75' lang='lat' dir='ltr'>derogari,</span> <span class='ocrx_word' id='word_1_137' title='bbox 1670 2020 1820 2076; x_wconf 89' lang='lat' dir='ltr'>quo·</span> 
     </span>
     <span class='ocr_line' id='line_1_21' title="bbox 171 2082 1819 2149; baseline 0.005 -8"><span class='ocrx_word' id='word_1_138' title='bbox 171 2082 326 2141; x_wconf 88' lang='lat' dir='ltr'>niam</span> <span class='ocrx_word' id='word_1_139' title='bbox 361 2088 568 2142; x_wconf 89' lang='lat' dir='ltr'>mutua</span> <span class='ocrx_word' id='word_1_140' title='bbox 623 2086 736 2144; x_wconf 91' lang='lat' dir='ltr'>sibi</span> <span class='ocrx_word' id='word_1_141' title='bbox 784 2087 1028 2146; x_wconf 90' lang='lat' dir='ltr'>invicem</span> <span class='ocrx_word' id='word_1_142' title='bbox 1070 2090 1287 2148; x_wconf 88' lang='lat' dir='ltr'>ratione</span> <span class='ocrx_word' id='word_1_143' title='bbox 1325 2107 1593 2148; x_wconf 69' lang='lat' dir='ltr'>connexas</span> <span class='ocrx_word' id='word_1_144' title='bbox 1615 2093 1819 2149; x_wconf 90' lang='lat' dir='ltr'>eadem</span> 
     </span>
     <span class='ocr_line' id='line_1_22' title="bbox 170 2174 1555 2251; baseline 0.004 -22"><span class='ocrx_word' id='word_1_145' title='bbox 170 2186 401 2246; x_wconf 89' lang='lat' dir='ltr'>semper</span> <span class='ocrx_word' id='word_1_146' title='bbox 427 2177 483 2231; x_wconf 87' lang='lat' dir='ltr'>et</span> <span class='ocrx_word' id='word_1_147' title='bbox 506 2174 813 2246; x_wconf 90' lang='lat' dir='ltr'>dispendia</span> <span class='ocrx_word' id='word_1_148' title='bbox 843 2177 1103 2235; x_wconf 87' lang='lat' dir='ltr'>sentiunt</span> <span class='ocrx_word' id='word_1_149' title='bbox 1131 2182 1188 2234; x_wconf 87' lang='lat' dir='ltr'>et</span> <span class='ocrx_word' id='word_1_150' title='bbox 1218 2186 1555 2251; x_wconf 87' lang='lat' dir='ltr'>proventus.</span> 
     </span>
    </p>

    <p class='ocr_par' dir='ltr' id='par_1_5' title="bbox 171 2263 1830 4480">
     <span class='ocr_line' id='line_1_23' title="bbox 249 2263 1822 2342; baseline 0.009 -26"><span class='ocrx_word' id='word_1_151' title='bbox 249 2265 427 2319; x_wconf 86' lang='lat' dir='ltr'>Porro</span> <span class='ocrx_word' id='word_1_152' title='bbox 483 2263 762 2321; x_wconf 82' lang='lat' dir='ltr'>adversus</span> <span class='ocrx_word' id='word_1_153' title='bbox 821 2280 953 2322; x_wconf 89' lang='lat' dir='ltr'>eum</span> <span class='ocrx_word' id='word_1_154' title='bbox 1000 2267 1163 2323; x_wconf 86' lang='lat' dir='ltr'>vobis</span> <span class='ocrx_word' id='word_1_155' title='bbox 1203 2270 1494 2340; x_wconf 87' lang='lat' dir='ltr'>agendum</span> <span class='ocrx_word' id='word_1_156' title='bbox 1539 2277 1621 2327; x_wconf 88' lang='lat' dir='ltr'>est</span> <span class='ocrx_word' id='word_1_157' title='bbox 1653 2272 1822 2342; x_wconf 89' lang='lat' dir='ltr'>cujus</span> 
     </span>
     <span class='ocr_line' id='line_1_24' title="bbox 176 2351 1818 2427; baseline 0.005 -18"><span class='ocrx_word' id='word_1_158' title='bbox 176 2351 458 2409; x_wconf 86' lang='lat' dir='ltr'>astutiam</span> <span class='ocrx_word' id='word_1_159' title='bbox 489 2353 717 2424; x_wconf 90' lang='lat' dir='ltr'>remoti,</span> <span class='ocrx_word' id='word_1_160' title='bbox 739 2353 914 2411; x_wconf 85' lang='lat' dir='ltr'>vicini</span> <span class='ocrx_word' id='word_1_161' title='bbox 930 2356 1271 2427; x_wconf 89' lang='lat' dir='ltr'>potentiam,</span> <span class='ocrx_word' id='word_1_162' title='bbox 1295 2359 1658 2416; x_wconf 88' lang='lat' dir='ltr'>severitatem</span> <span class='ocrx_word' id='word_1_163' title='bbox 1678 2360 1818 2416; x_wconf 89' lang='lat' dir='ltr'>sub·</span> 
     </span>
     <span class='ocr_line' id='line_1_25' title="bbox 174 2437 1821 2508; baseline 0.006 -13"><span class='ocrx_word' id='word_1_164' title='bbox 174 2437 283 2495; x_wconf 89' lang='lat' dir='ltr'>diti</span> <span class='ocrx_word' id='word_1_165' title='bbox 327 2439 726 2497; x_wconf 76' lang='lat' dir='ltr'>reformidant.</span> <span class='ocrx_word' id='word_1_166' title='bbox 758 2443 942 2508; x_wconf 88' lang='lat' dir='ltr'>Quem</span> <span class='ocrx_word' id='word_1_167' title='bbox 997 2445 1139 2502; x_wconf 90' lang='lat' dir='ltr'>adeo</span> <span class='ocrx_word' id='word_1_168' title='bbox 1187 2446 1372 2502; x_wconf 84' lang='lat' dir='ltr'>crebri</span> <span class='ocrx_word' id='word_1_169' title='bbox 1428 2463 1737 2505; x_wconf 79' lang='lat' dir='ltr'>successus</span> <span class='ocrx_word' id='word_1_170' title='bbox 1765 2451 1821 2505; x_wconf 91' lang='lat' dir='ltr'>et</span> 
     </span>
     <span class='ocr_line' id='line_1_26' title="bbox 172 2527 1819 2609; baseline 0.005 -24"><span class='ocrx_word' id='word_1_171' title='bbox 172 2527 423 2585; x_wconf 65' lang='lat' dir='ltr'>fortunas</span> <span class='ocrx_word' id='word_1_172' title='bbox 479 2529 667 2601; x_wconf 83' lang='lat' dir='ltr'>gratia</span> <span class='ocrx_word' id='word_1_173' title='bbox 714 2529 851 2588; x_wconf 81' lang='lat' dir='ltr'>fecit</span> <span class='ocrx_word' id='word_1_174' title='bbox 904 2531 1242 2600; x_wconf 88' lang='lat' dir='ltr'>delicatum,</span> <span class='ocrx_word' id='word_1_175' title='bbox 1275 2540 1339 2592; x_wconf 90' lang='lat' dir='ltr'>ut</span> <span class='ocrx_word' id='word_1_176' title='bbox 1377 2537 1664 2609; x_wconf 90' lang='lat' dir='ltr'>quidquid</span> <span class='ocrx_word' id='word_1_177' title='bbox 1704 2554 1819 2594; x_wconf 89' lang='lat' dir='ltr'>non</span> 
     </span>
     <span class='ocr_line' id='line_1_27' title="bbox 177 2616 1818 2696; baseline 0.005 -22"><span class='ocrx_word' id='word_1_178' title='bbox 177 2616 524 2690; x_wconf 79' lang='lat' dir='ltr'>obsequitur</span> <span class='ocrx_word' id='word_1_179' title='bbox 570 2618 744 2675; x_wconf 88' lang='lat' dir='ltr'>ducat</span> <span class='ocrx_word' id='word_1_180' title='bbox 799 2620 1100 2691; x_wconf 88' lang='lat' dir='ltr'>injuriam.</span> <span class='ocrx_word' id='word_1_181' title='bbox 1132 2625 1313 2689; x_wconf 89' lang='lat' dir='ltr'>Quem</span> <span class='ocrx_word' id='word_1_182' title='bbox 1348 2631 1570 2696; x_wconf 92' lang='lat' dir='ltr'>quanto</span> <span class='ocrx_word' id='word_1_183' title='bbox 1603 2628 1818 2683; x_wconf 88' lang='lat' dir='ltr'>moveri</span> 
     </span>
     <span class='ocr_line' id='line_1_28' title="bbox 174 2706 1819 2788; baseline 0.007 -26"><span class='ocrx_word' id='word_1_184' title='bbox 174 2706 428 2777; x_wconf 80' lang='lat' dir='ltr'>facilius,</span> <span class='ocrx_word' id='word_1_185' title='bbox 456 2710 616 2764; x_wconf 89' lang='lat' dir='ltr'>tanto</span> <span class='ocrx_word' id='word_1_186' title='bbox 655 2709 736 2764; x_wconf 92' lang='lat' dir='ltr'>sit</span> <span class='ocrx_word' id='word_1_187' title='bbox 787 2709 1083 2767; x_wconf 76' lang='lat' dir='ltr'>difficilius</span> <span class='ocrx_word' id='word_1_188' title='bbox 1131 2713 1410 2785; x_wconf 82' lang='lat' dir='ltr'>mitigari.</span> <span class='ocrx_word' id='word_1_189' title='bbox 1439 2716 1601 2786; x_wconf 88' lang='lat' dir='ltr'>Apud</span> <span class='ocrx_word' id='word_1_190' title='bbox 1643 2732 1819 2788; x_wconf 91' lang='lat' dir='ltr'>quem</span> 
     </span>
     <span class='ocr_line' id='line_1_29' title="bbox 171 2795 1817 2872; baseline 0.005 -18"><span class='ocrx_word' id='word_1_191' title='bbox 171 2795 563 2854; x_wconf 86' lang='lat' dir='ltr'>temeritatem</span> <span class='ocrx_word' id='word_1_192' title='bbox 618 2814 732 2854; x_wconf 91' lang='lat' dir='ltr'>non</span> <span class='ocrx_word' id='word_1_193' title='bbox 793 2800 943 2856; x_wconf 82' lang='lat' dir='ltr'>fovet</span> <span class='ocrx_word' id='word_1_194' title='bbox 977 2801 1324 2872; x_wconf 89' lang='lat' dir='ltr'>impunitas,</span> <span class='ocrx_word' id='word_1_195' title='bbox 1356 2805 1454 2861; x_wconf 90' lang='lat' dir='ltr'>sed</span> <span class='ocrx_word' id='word_1_196' title='bbox 1514 2803 1817 2862; x_wconf 85' lang='lat' dir='ltr'>indilatam</span> 
     </span>
     <span class='ocr_line' id='line_1_30' title="bbox 173 2884 1821 2968; baseline 0.006 -27"><span class='ocrx_word' id='word_1_197' title='bbox 173 2884 409 2942; x_wconf 87' lang='lat' dir='ltr'>delictis</span> <span class='ocrx_word' id='word_1_198' title='bbox 440 2884 657 2958; x_wconf 87' lang='lat' dir='ltr'>irrogat</span> <span class='ocrx_word' id='word_1_199' title='bbox 701 2886 1004 2945; x_wconf 88' lang='lat' dir='ltr'>ultionem.</span> <span class='ocrx_word' id='word_1_200' title='bbox 1045 2890 1263 2947; x_wconf 87' lang='lat' dir='ltr'>Verum</span> <span class='ocrx_word' id='word_1_201' title='bbox 1298 2892 1606 2951; x_wconf 84' lang='lat' dir='ltr'>humilitati</span> <span class='ocrx_word' id='word_1_202' title='bbox 1636 2903 1690 2951; x_wconf 90' lang='lat' dir='ltr'>et</span> <span class='ocrx_word' id='word_1_203' title='bbox 1723 2910 1821 2968; x_wconf 88' lang='lat' dir='ltr'>pa·</span> 
     </span>
     <span class='ocr_line' id='line_1_31' title="bbox 177 2973 1820 3053; baseline 0.005 -20"><span class='ocrx_word' id='word_1_204' title='bbox 177 2973 396 3033; x_wconf 77' lang='lat' dir='ltr'>tientiae</span> <span class='ocrx_word' id='word_1_205' title='bbox 419 2979 659 3048; x_wconf 76' lang='lat' dir='ltr'>praestat</span> <span class='ocrx_word' id='word_1_206' title='bbox 686 2992 749 3034; x_wconf 92' lang='lat' dir='ltr'>se</span> <span class='ocrx_word' id='word_1_207' title='bbox 799 2979 1152 3053; x_wconf 89' lang='lat' dir='ltr'>quandoque</span> <span class='ocrx_word' id='word_1_208' title='bbox 1183 2983 1565 3053; x_wconf 85' lang='lat' dir='ltr'>tractabilem,</span> <span class='ocrx_word' id='word_1_209' title='bbox 1597 2984 1820 3042; x_wconf 83' lang='lat' dir='ltr'>viribus</span> 
     </span>
     <span class='ocr_line' id='line_1_32' title="bbox 172 3065 1816 3145; baseline 0.005 -24"><span class='ocrx_word' id='word_1_210' title='bbox 172 3080 287 3121; x_wconf 88' lang='lat' dir='ltr'>non</span> <span class='ocrx_word' id='word_1_211' title='bbox 320 3065 570 3123; x_wconf 89' lang='lat' dir='ltr'>sustinet</span> <span class='ocrx_word' id='word_1_212' title='bbox 597 3069 941 3140; x_wconf 89' lang='lat' dir='ltr'>expugnari,</span> <span class='ocrx_word' id='word_1_213' title='bbox 964 3071 1062 3126; x_wconf 90' lang='lat' dir='ltr'>sed</span> <span class='ocrx_word' id='word_1_214' title='bbox 1082 3075 1146 3127; x_wconf 89' lang='lat' dir='ltr'>ut</span> <span class='ocrx_word' id='word_1_215' title='bbox 1176 3070 1346 3142; x_wconf 91' lang='lat' dir='ltr'>plane</span> <span class='ocrx_word' id='word_1_216' title='bbox 1366 3074 1649 3145; x_wconf 81' lang='lat' dir='ltr'>quidquid</span> <span class='ocrx_word' id='word_1_217' title='bbox 1674 3076 1816 3132; x_wconf 85' lang='lat' dir='ltr'>fece-</span> 
     </span>
     <span class='ocr_line' id='line_1_33' title="bbox 174 3151 1817 3235; baseline 0.008 -27"><span class='ocrx_word' id='word_1_218' title='bbox 174 3153 275 3218; x_wconf 85' lang='lat' dir='ltr'>rit,</span> <span class='ocrx_word' id='word_1_219' title='bbox 297 3153 370 3208; x_wconf 92' lang='lat' dir='ltr'>de</span> <span class='ocrx_word' id='word_1_220' title='bbox 398 3151 698 3210; x_wconf 83' lang='lat' dir='ltr'>voluntate</span> <span class='ocrx_word' id='word_1_221' title='bbox 726 3155 994 3212; x_wconf 81' lang='lat' dir='ltr'>videatur</span> <span class='ocrx_word' id='word_1_222' title='bbox 1033 3175 1145 3213; x_wconf 89' lang='lat' dir='ltr'>non</span> <span class='ocrx_word' id='word_1_223' title='bbox 1195 3159 1268 3216; x_wconf 90' lang='lat' dir='ltr'>de</span> <span class='ocrx_word' id='word_1_224' title='bbox 1312 3161 1654 3233; x_wconf 89' lang='lat' dir='ltr'>impotentia</span> <span class='ocrx_word' id='word_1_225' title='bbox 1684 3180 1817 3235; x_wconf 91' lang='lat' dir='ltr'>pro-</span> 
     </span>
     <span class='ocr_line' id='line_1_34' title="bbox 173 3240 1823 3324; baseline 0.008 -28"><span class='ocrx_word' id='word_1_226' title='bbox 173 3240 405 3298; x_wconf 84' lang='lat' dir='ltr'>venisse</span> <span class='ocrx_word' id='word_1_227' title='bbox 428 3258 443 3309; x_wconf 88' lang='lat'>;</span> <span class='ocrx_word' id='word_1_228' title='bbox 470 3243 676 3314; x_wconf 75' lang='lat' dir='ltr'>quaerit</span> <span class='ocrx_word' id='word_1_229' title='bbox 704 3244 859 3301; x_wconf 88' lang='lat' dir='ltr'>enim</span> <span class='ocrx_word' id='word_1_230' title='bbox 891 3247 1083 3316; x_wconf 90' lang='lat' dir='ltr'>potius</span> <span class='ocrx_word' id='word_1_231' title='bbox 1101 3247 1348 3320; x_wconf 83' lang='lat' dir='ltr'>gloriam</span> <span class='ocrx_word' id='word_1_232' title='bbox 1369 3267 1543 3322; x_wconf 89' lang='lat' dir='ltr'>quam</span> <span class='ocrx_word' id='word_1_233' title='bbox 1579 3268 1823 3324; x_wconf 81' lang='lat' dir='ltr'>proven-</span> 
     </span>
     <span class='ocr_line' id='line_1_35' title="bbox 174 3331 1823 3407; baseline 0.007 -21"><span class='ocrx_word' id='word_1_234' title='bbox 174 3332 326 3386; x_wconf 87' lang='lat' dir='ltr'>tum.</span> <span class='ocrx_word' id='word_1_235' title='bbox 359 3331 523 3395; x_wconf 85' lang='lat' dir='ltr'>Quod</span> <span class='ocrx_word' id='word_1_236' title='bbox 554 3332 612 3388; x_wconf 90' lang='lat' dir='ltr'>in</span> <span class='ocrx_word' id='word_1_237' title='bbox 644 3333 906 3403; x_wconf 89' lang='lat' dir='ltr'>principe</span> <span class='ocrx_word' id='word_1_238' title='bbox 953 3340 1152 3407; x_wconf 89' lang='lat' dir='ltr'>posset</span> <span class='ocrx_word' id='word_1_239' title='bbox 1183 3338 1326 3394; x_wconf 89' lang='lat' dir='ltr'>satis</span> <span class='ocrx_word' id='word_1_240' title='bbox 1357 3340 1823 3398; x_wconf 81' lang='lat' dir='ltr'>commendabile</span> 
     </span>
     <span class='ocr_line' id='line_1_36' title="bbox 180 3419 1820 3500; baseline 0.008 -23"><span class='ocrx_word' id='word_1_241' title='bbox 180 3419 458 3492; x_wconf 85' lang='lat' dir='ltr'>reputari,</span> <span class='ocrx_word' id='word_1_242' title='bbox 482 3420 533 3478; x_wconf 92' lang='lat' dir='ltr'>si</span> <span class='ocrx_word' id='word_1_243' title='bbox 562 3421 761 3495; x_wconf 71' lang='lat' dir='ltr'>glorite</span> <span class='ocrx_word' id='word_1_244' title='bbox 806 3426 1104 3483; x_wconf 89' lang='lat' dir='ltr'>materiam</span> <span class='ocrx_word' id='word_1_245' title='bbox 1135 3428 1323 3485; x_wconf 86' lang='lat' dir='ltr'>virtus</span> <span class='ocrx_word' id='word_1_246' title='bbox 1351 3433 1408 3485; x_wconf 91' lang='lat' dir='ltr'>et</span> <span class='ocrx_word' id='word_1_247' title='bbox 1436 3431 1670 3500; x_wconf 86' lang='lat' dir='ltr'>veritas,</span> <span class='ocrx_word' id='word_1_248' title='bbox 1704 3448 1820 3489; x_wconf 89' lang='lat' dir='ltr'>non</span> 
     </span>
     <span class='ocr_line' id='line_1_37' title="bbox 176 3508 1824 3586; baseline 0.008 -21"><span class='ocrx_word' id='word_1_249' title='bbox 176 3508 404 3566; x_wconf 76' lang='lat' dir='ltr'>vanitas</span> <span class='ocrx_word' id='word_1_250' title='bbox 452 3515 509 3567; x_wconf 90' lang='lat' dir='ltr'>et</span> <span class='ocrx_word' id='word_1_251' title='bbox 548 3511 738 3569; x_wconf 91' lang='lat' dir='ltr'>dulcis</span> <span class='ocrx_word' id='word_1_252' title='bbox 760 3529 947 3586; x_wconf 90' lang='lat' dir='ltr'>usque</span> <span class='ocrx_word' id='word_1_253' title='bbox 976 3517 1362 3575; x_wconf 89' lang='lat' dir='ltr'>meretricium</span> <span class='ocrx_word' id='word_1_254' title='bbox 1382 3518 1638 3578; x_wconf 85' lang='lat' dir='ltr'>adulatio</span> <span class='ocrx_word' id='word_1_255' title='bbox 1659 3537 1824 3579; x_wconf 91' lang='lat' dir='ltr'>com·</span> 
     </span>
     <span class='ocr_line' id='line_1_38' title="bbox 182 3600 1826 3684; baseline 0.009 -30"><span class='ocrx_word' id='word_1_256' title='bbox 182 3602 432 3671; x_wconf 90' lang='lat' dir='ltr'>pararet.</span> <span class='ocrx_word' id='word_1_257' title='bbox 467 3600 713 3673; x_wconf 77' lang='lat' dir='ltr'>Magnus</span> <span class='ocrx_word' id='word_1_258' title='bbox 742 3611 848 3672; x_wconf 89' lang='lat' dir='ltr'>est,</span> <span class='ocrx_word' id='word_1_259' title='bbox 883 3604 1320 3680; x_wconf 90' lang='lat' dir='ltr'>multorumque</span> <span class='ocrx_word' id='word_1_260' title='bbox 1350 3609 1664 3681; x_wconf 88' lang='lat' dir='ltr'>maximus,</span> <span class='ocrx_word' id='word_1_261' title='bbox 1688 3627 1826 3684; x_wconf 90' lang='lat' dir='ltr'>quo-</span> 
     </span>
     <span class='ocr_line' id='line_1_39' title="bbox 182 3686 1828 3770; baseline 0.009 -27"><span class='ocrx_word' id='word_1_262' title='bbox 182 3686 341 3744; x_wconf 88' lang='lat' dir='ltr'>niam</span> <span class='ocrx_word' id='word_1_263' title='bbox 363 3703 469 3745; x_wconf 90' lang='lat' dir='ltr'>nec</span> <span class='ocrx_word' id='word_1_264' title='bbox 499 3691 850 3761; x_wconf 87' lang='lat' dir='ltr'>superiorem</span> <span class='ocrx_word' id='word_1_265' title='bbox 891 3692 1066 3751; x_wconf 90' lang='lat' dir='ltr'>habet</span> <span class='ocrx_word' id='word_1_266' title='bbox 1095 3696 1196 3767; x_wconf 89' lang='lat' dir='ltr'>qui</span> <span class='ocrx_word' id='word_1_267' title='bbox 1219 3702 1449 3766; x_wconf 86' lang='lat' dir='ltr'>terreat,</span> <span class='ocrx_word' id='word_1_268' title='bbox 1475 3714 1657 3770; x_wconf 88' lang='lat' dir='ltr'>neque</span> <span class='ocrx_word' id='word_1_269' title='bbox 1687 3700 1828 3758; x_wconf 89' lang='lat' dir='ltr'>sub-</span> 
     </span>
     <span class='ocr_line' id='line_1_40' title="bbox 181 3774 1829 3860; baseline 0.009 -28"><span class='ocrx_word' id='word_1_270' title='bbox 181 3774 367 3833; x_wconf 87' lang='lat' dir='ltr'>ditum</span> <span class='ocrx_word' id='word_1_271' title='bbox 394 3778 1155 3853; x_wconf 85' lang='lat' dir='ltr'>quirspugnet.Necalienis</span> <span class='ocrx_word' id='word_1_272' title='bbox 1187 3785 1545 3844; x_wconf 89' lang='lat' dir='ltr'>extrinsecus</span> <span class='ocrx_word' id='word_1_273' title='bbox 1558 3788 1829 3860; x_wconf 89' lang='lat' dir='ltr'>pulsatur</span> 
     </span>
     <span class='ocr_line' id='line_1_41' title="bbox 185 3865 1828 3941; baseline 0.01 -20"><span class='ocrx_word' id='word_1_274' title='bbox 185 3865 439 3938; x_wconf 89' lang='lat' dir='ltr'>injuriis,</span> <span class='ocrx_word' id='word_1_275' title='bbox 474 3870 688 3941; x_wconf 89' lang='lat' dir='ltr'>quibus</span> <span class='ocrx_word' id='word_1_276' title='bbox 718 3871 790 3927; x_wconf 91' lang='lat' dir='ltr'>ab</span> <span class='ocrx_word' id='word_1_277' title='bbox 820 3874 1021 3930; x_wconf 89' lang='lat' dir='ltr'>innato</span> <span class='ocrx_word' id='word_1_278' title='bbox 1041 3874 1371 3933; x_wconf 62' lang='lat' dir='ltr'>domestica)</span> <span class='ocrx_word' id='word_1_279' title='bbox 1401 3876 1828 3937; x_wconf 88' lang='lat' dir='ltr'>feritatisman-</span> 
     </span>
     <span class='ocr_line' id='line_1_42' title="bbox 184 3956 1828 4035; baseline 0.01 -26"><span class='ocrx_word' id='word_1_280' title='bbox 184 3960 415 4013; x_wconf 85' lang='lat' dir='ltr'>suescat</span> <span class='ocrx_word' id='word_1_281' title='bbox 435 3956 666 4025; x_wconf 76' lang='lat' dir='ltr'>affectu,</span> <span class='ocrx_word' id='word_1_282' title='bbox 697 3960 798 4016; x_wconf 90' lang='lat' dir='ltr'>sed</span> <span class='ocrx_word' id='word_1_283' title='bbox 830 3977 1034 4019; x_wconf 91' lang='lat' dir='ltr'>omnes</span> <span class='ocrx_word' id='word_1_284' title='bbox 1072 3963 1177 4035; x_wconf 91' lang='lat' dir='ltr'>qui</span> <span class='ocrx_word' id='word_1_285' title='bbox 1216 3965 1491 4022; x_wconf 86' lang='lat' dir='ltr'>adversus</span> <span class='ocrx_word' id='word_1_286' title='bbox 1516 3982 1651 4024; x_wconf 90' lang='lat' dir='ltr'>eum</span> <span class='ocrx_word' id='word_1_287' title='bbox 1683 3983 1828 4025; x_wconf 92' lang='lat' dir='ltr'>con-</span> 
     </span>
     <span class='ocr_line' id='line_1_43' title="bbox 185 4041 1830 4127; baseline 0.009 -28"><span class='ocrx_word' id='word_1_288' title='bbox 185 4041 466 4099; x_wconf 86' lang='lat' dir='ltr'>tentionis</span> <span class='ocrx_word' id='word_1_289' title='bbox 479 4059 690 4102; x_wconf 82' lang='lat' dir='ltr'>causas</span> <span class='ocrx_word' id='word_1_290' title='bbox 705 4047 938 4118; x_wconf 89' lang='lat' dir='ltr'>babent,</span> <span class='ocrx_word' id='word_1_291' title='bbox 957 4053 1153 4123; x_wconf 91' lang='lat' dir='ltr'>potius</span> <span class='ocrx_word' id='word_1_292' title='bbox 1170 4054 1239 4108; x_wconf 91' lang='lat' dir='ltr'>ad</span> <span class='ocrx_word' id='word_1_293' title='bbox 1255 4071 1415 4112; x_wconf 81' lang='lat' dir='ltr'>vanae</span> <span class='ocrx_word' id='word_1_294' title='bbox 1430 4056 1589 4127; x_wconf 86' lang='lat' dir='ltr'>pacis</span> <span class='ocrx_word' id='word_1_295' title='bbox 1613 4058 1830 4114; x_wconf 82' lang='lat' dir='ltr'>foedera</span> 
     </span>
     <span class='ocr_line' id='line_1_44' title="bbox 181 4130 1826 4215; baseline 0.009 -28"><span class='ocrx_word' id='word_1_296' title='bbox 181 4130 439 4201; x_wconf 89' lang='lat' dir='ltr'>peritura</span> <span class='ocrx_word' id='word_1_297' title='bbox 463 4136 841 4198; x_wconf 82' lang='lat' dir='ltr'>conveniunt.</span> <span class='ocrx_word' id='word_1_298' title='bbox 875 4154 1050 4208; x_wconf 86' lang='lat' dir='ltr'>quam</span> <span class='ocrx_word' id='word_1_299' title='bbox 1073 4142 1144 4196; x_wconf 91' lang='lat' dir='ltr'>ad</span> <span class='ocrx_word' id='word_1_300' title='bbox 1168 4142 1383 4199; x_wconf 86' lang='lat' dir='ltr'>virium</span> <span class='ocrx_word' id='word_1_301' title='bbox 1429 4147 1826 4215; x_wconf 89' lang='lat' dir='ltr'>experimenta</span> 
     </span>
     <span class='ocr_line' id='line_1_45' title="bbox 188 4220 1829 4302; baseline 0.009 -27"><span class='ocrx_word' id='word_1_302' title='bbox 188 4220 520 4291; x_wconf 90' lang='lat' dir='ltr'>decurrant,</span> <span class='ocrx_word' id='word_1_303' title='bbox 553 4223 827 4293; x_wconf 90' lang='lat' dir='ltr'>quoniam</span> <span class='ocrx_word' id='word_1_304' title='bbox 849 4226 1188 4286; x_wconf 80' lang='lat' dir='ltr'>divitiarum</span> <span class='ocrx_word' id='word_1_305' title='bbox 1217 4231 1406 4302; x_wconf 92' lang='lat' dir='ltr'>copia,</span> <span class='ocrx_word' id='word_1_306' title='bbox 1449 4233 1829 4290; x_wconf 90' lang='lat' dir='ltr'>multitudine</span> 
     </span>
     <span class='ocr_line' id='line_1_46' title="bbox 184 4306 1828 4386; baseline 0.01 -24"><span class='ocrx_word' id='word_1_307' title='bbox 184 4306 458 4377; x_wconf 86' lang='lat' dir='ltr'>fortium,</span> <span class='ocrx_word' id='word_1_308' title='bbox 488 4311 880 4384; x_wconf 88' lang='lat' dir='ltr'>amplitudine</span> <span class='ocrx_word' id='word_1_309' title='bbox 901 4318 1462 4386; x_wconf 88' lang='lat' dir='ltr'>potestatisexcedit.</span> <span class='ocrx_word' id='word_1_310' title='bbox 1497 4321 1660 4385; x_wconf 91' lang='lat' dir='ltr'>Quod</span> <span class='ocrx_word' id='word_1_311' title='bbox 1685 4339 1828 4381; x_wconf 91' lang='lat' dir='ltr'>sane</span> 
     </span>
     <span class='ocr_line' id='line_1_47' title="bbox 186 4399 1830 4480; baseline 0.009 -27"><span class='ocrx_word' id='word_1_312' title='bbox 186 4399 559 4471; x_wconf 88' lang='lat' dir='ltr'>contemplati</span> <span class='ocrx_word' id='word_1_313' title='bbox 580 4417 952 4477; x_wconf 87' lang='lat' dir='ltr'>quorumope</span> <span class='ocrx_word' id='word_1_314' title='bbox 973 4406 1099 4468; x_wconf 84' lang='lat' dir='ltr'>niti.</span> <span class='ocrx_word' id='word_1_315' title='bbox 1130 4423 1378 4480; x_wconf 89' lang='lat' dir='ltr'>quorum</span> <span class='ocrx_word' id='word_1_316' title='bbox 1408 4411 1625 4466; x_wconf 88' lang='lat' dir='ltr'>muniri</span> <span class='ocrx_word' id='word_1_317' title='bbox 1646 4411 1830 4467; x_wconf 90' lang='lat' dir='ltr'>consi·</span> 
     </span>
    </p>
   </div>
   <div class='ocr_carea' id='block_1_4' title="bbox 1920 471 3672 3057">
    <p class='ocr_par' dir='ltr' id='par_1_6' title="bbox 1920 471 3672 3057">
     <span class='ocr_line' id='line_1_48' title="bbox 1940 471 3599 552; baseline -0.003 -15"><span class='ocrx_word' id='word_1_318' title='bbox 1940 481 2101 549; x_wconf 93' lang='lat' dir='ltr'>dum,</span> <span class='ocrx_word' id='word_1_319' title='bbox 2137 494 2242 536; x_wconf 91' lang='lat' dir='ltr'>nec</span> <span class='ocrx_word' id='word_1_320' title='bbox 2273 477 2626 552; x_wconf 87' lang='lat' dir='ltr'>parcendum</span> <span class='ocrx_word' id='word_1_321' title='bbox 2655 471 3029 532; x_wconf 90' lang='lat' dir='ltr'>contumeliis</span> <span class='ocrx_word' id='word_1_322' title='bbox 3078 477 3462 541; x_wconf 88' lang='lat' dir='ltr'>censuerunt,</span> <span class='ocrx_word' id='word_1_323' title='bbox 3491 475 3599 533; x_wconf 86' lang='lat' dir='ltr'>sed</span> 
     </span>
     <span class='ocr_line' id='line_1_49' title="bbox 1937 563 3662 635; baseline -0.003 -8"><span class='ocrx_word' id='word_1_324' title='bbox 1937 570 2080 627; x_wconf 91' lang='lat' dir='ltr'>totis</span> <span class='ocrx_word' id='word_1_325' title='bbox 2105 567 2316 626; x_wconf 90' lang='lat' dir='ltr'>studiis</span> <span class='ocrx_word' id='word_1_326' title='bbox 2356 581 2484 623; x_wconf 90' lang='lat' dir='ltr'>sese</span> <span class='ocrx_word' id='word_1_327' title='bbox 2522 564 2773 621; x_wconf 84' lang='lat' dir='ltr'>invicem</span> <span class='ocrx_word' id='word_1_328' title='bbox 2821 563 3136 634; x_wconf 80' lang='lat' dir='ltr'>praevenire</span> <span class='ocrx_word' id='word_1_329' title='bbox 3174 563 3499 635; x_wconf 83' lang='lat' dir='ltr'>certabant,</span> <span class='ocrx_word' id='word_1_330' title='bbox 3530 567 3596 622; x_wconf 90' lang='lat' dir='ltr'>ut</span> <span class='ocrx_word' id='word_1_331' title='bbox 3655 630 3662 635; x_wconf 56' lang='grc'><strong>,</strong></span> 
     </span>
     <span class='ocr_line' id='line_1_50' title="bbox 1939 651 3600 730; baseline -0.003 -14"><span class='ocrx_word' id='word_1_332' title='bbox 1939 658 2347 730; x_wconf 87' lang='lat' dir='ltr'>unusquisque</span> <span class='ocrx_word' id='word_1_333' title='bbox 2375 672 2481 712; x_wconf 89' lang='lat' dir='ltr'>vos</span> <span class='ocrx_word' id='word_1_334' title='bbox 2511 653 2596 710; x_wconf 82' lang='lat' dir='ltr'>vel</span> <span class='ocrx_word' id='word_1_335' title='bbox 2629 652 2816 725; x_wconf 86' lang='lat' dir='ltr'>magis</span> <span class='ocrx_word' id='word_1_336' title='bbox 2832 651 3028 709; x_wconf 88' lang='lat' dir='ltr'>odisse</span> <span class='ocrx_word' id='word_1_337' title='bbox 3047 651 3406 723; x_wconf 85' lang='lat' dir='ltr'>crederetur,</span> <span class='ocrx_word' id='word_1_338' title='bbox 3427 652 3600 711; x_wconf 80' lang='lat' dir='ltr'>velin</span> 
     </span>
     <span class='ocr_line' id='line_1_51' title="bbox 1939 745 3672 833; baseline -0.006 -27"><span class='ocrx_word' id='word_1_339' title='bbox 1939 748 2127 806; x_wconf 86' lang='lat' dir='ltr'>nihilo</span> <span class='ocrx_word' id='word_1_340' title='bbox 2159 745 2511 820; x_wconf 89' lang='lat' dir='ltr'>pepercisse.</span> <span class='ocrx_word' id='word_1_341' title='bbox 3667 826 3672 833; x_wconf 35' lang='grc' dir='ltr'>Ι</span> 
     </span>
     <span class='ocr_line' id='line_1_52' title="bbox 2010 829 3600 905; baseline -0.003 -13"><span class='ocrx_word' id='word_1_342' title='bbox 2010 836 2331 892; x_wconf 78' lang='lat' dir='ltr'>Mirabatur</span> <span class='ocrx_word' id='word_1_343' title='bbox 2349 834 2647 890; x_wconf 86' lang='lat' dir='ltr'>Romanus</span> <span class='ocrx_word' id='word_1_344' title='bbox 2659 831 2940 904; x_wconf 77' lang='lat' dir='ltr'>pontifex,</span> <span class='ocrx_word' id='word_1_345' title='bbox 2958 829 3090 886; x_wconf 85' lang='lat' dir='ltr'>ethi</span> <span class='ocrx_word' id='word_1_346' title='bbox 3106 846 3450 905; x_wconf 88' lang='lat' dir='ltr'>penesquos</span> <span class='ocrx_word' id='word_1_347' title='bbox 3463 844 3600 888; x_wconf 91' lang='lat' dir='ltr'>cum</span> 
     </span>
     <span class='ocr_line' id='line_1_53' title="bbox 1936 919 3596 995; baseline -0.002 -13"><span class='ocrx_word' id='word_1_348' title='bbox 1936 940 2004 983; x_wconf 91' lang='lat' dir='ltr'>eo</span> <span class='ocrx_word' id='word_1_349' title='bbox 2024 941 2260 982; x_wconf 88' lang='lat' dir='ltr'>summa</span> <span class='ocrx_word' id='word_1_350' title='bbox 2279 923 2654 995; x_wconf 66' lang='lat' dir='ltr'>disponendis</span> <span class='ocrx_word' id='word_1_351' title='bbox 2676 920 2944 977; x_wconf 79' lang='lat' dir='ltr'>Ecclesioe</span> <span class='ocrx_word' id='word_1_352' title='bbox 2965 935 3108 976; x_wconf 86' lang='lat' dir='ltr'>cura</span> <span class='ocrx_word' id='word_1_353' title='bbox 3128 919 3421 991; x_wconf 87' lang='lat' dir='ltr'>consistit,</span> <span class='ocrx_word' id='word_1_354' title='bbox 3437 919 3596 992; x_wconf 84' lang='lat' dir='ltr'>quod</span> 
     </span>
     <span class='ocr_line' id='line_1_54' title="bbox 1937 1007 3587 1085; baseline -0.004 -13"><span class='ocrx_word' id='word_1_355' title='bbox 1937 1029 2075 1073; x_wconf 85' lang='lat' dir='ltr'>oves</span> <span class='ocrx_word' id='word_1_356' title='bbox 2133 1014 2194 1068; x_wconf 91' lang='lat' dir='ltr'>in</span> <span class='ocrx_word' id='word_1_357' title='bbox 2253 1016 2564 1085; x_wconf 86' lang='lat' dir='ltr'>pastorem,</span> <span class='ocrx_word' id='word_1_358' title='bbox 2594 1010 2750 1082; x_wconf 90' lang='lat' dir='ltr'>quod</span> <span class='ocrx_word' id='word_1_359' title='bbox 2800 1008 2860 1064; x_wconf 86' lang='lat' dir='ltr'>in</span> <span class='ocrx_word' id='word_1_360' title='bbox 2905 1009 3135 1066; x_wconf 89' lang='lat' dir='ltr'>Patrem</span> <span class='ocrx_word' id='word_1_361' title='bbox 3185 1007 3316 1075; x_wconf 85' lang='lat' dir='ltr'>filii,</span> <span class='ocrx_word' id='word_1_362' title='bbox 3338 1009 3498 1081; x_wconf 86' lang='lat' dir='ltr'>quod</span> <span class='ocrx_word' id='word_1_363' title='bbox 3524 1007 3587 1066; x_wconf 89' lang='lat' dir='ltr'>in</span> 
     </span>
     <span class='ocr_line' id='line_1_55' title="bbox 1937 1092 3672 1177; baseline -0.004 -15"><span class='ocrx_word' id='word_1_364' title='bbox 1937 1105 2166 1177; x_wconf 90' lang='lat' dir='ltr'>seipsos</span> <span class='ocrx_word' id='word_1_365' title='bbox 2197 1100 2447 1174; x_wconf 89' lang='lat' dir='ltr'>denique</span> <span class='ocrx_word' id='word_1_366' title='bbox 2490 1104 2656 1157; x_wconf 88' lang='lat' dir='ltr'>tanta</span> <span class='ocrx_word' id='word_1_367' title='bbox 2694 1097 3063 1155; x_wconf 86' lang='lat' dir='ltr'>vehementia</span> <span class='ocrx_word' id='word_1_368' title='bbox 3090 1097 3319 1170; x_wconf 86' lang='lat' dir='ltr'>gladios</span> <span class='ocrx_word' id='word_1_369' title='bbox 3350 1104 3589 1155; x_wconf 87' lang='lat' dir='ltr'>centor·</span> <span class='ocrx_word' id='word_1_370' title='bbox 3667 1092 3672 1099; x_wconf 83' lang='lat'>&#39;</span> 
     </span>
     <span class='ocr_line' id='line_1_56' title="bbox 1934 1188 3596 1266; baseline -0.003 -16"><span class='ocrx_word' id='word_1_371' title='bbox 1934 1196 2205 1266; x_wconf 80' lang='lat' dir='ltr'>querant.</span> <span class='ocrx_word' id='word_1_372' title='bbox 2227 1191 2288 1249; x_wconf 90' lang='lat' dir='ltr'>Si</span> <span class='ocrx_word' id='word_1_373' title='bbox 2301 1192 2458 1248; x_wconf 90' lang='lat' dir='ltr'>enim</span> <span class='ocrx_word' id='word_1_374' title='bbox 2474 1189 3042 1263; x_wconf 86' lang='lat' dir='ltr'>potuissentefficere</span> <span class='ocrx_word' id='word_1_375' title='bbox 3053 1188 3207 1260; x_wconf 91' lang='lat' dir='ltr'>quod</span> <span class='ocrx_word' id='word_1_376' title='bbox 3222 1188 3596 1260; x_wconf 67' lang='lat' dir='ltr'>quaerebant,</span> 
     </span>
     <span class='ocr_line' id='line_1_57' title="bbox 1935 1275 3596 1354; baseline -0.004 -15"><span class='ocrx_word' id='word_1_377' title='bbox 1935 1298 2043 1339; x_wconf 90' lang='lat' dir='ltr'>nec</span> <span class='ocrx_word' id='word_1_378' title='bbox 2076 1282 2271 1354; x_wconf 90' lang='lat' dir='ltr'>ipsum</span> <span class='ocrx_word' id='word_1_379' title='bbox 2303 1280 2587 1337; x_wconf 84' lang='lat' dir='ltr'>libertatis</span> <span class='ocrx_word' id='word_1_380' title='bbox 2609 1293 2841 1346; x_wconf 90' lang='lat' dir='ltr'>nomen,</span> <span class='ocrx_word' id='word_1_381' title='bbox 2873 1292 2979 1333; x_wconf 91' lang='lat' dir='ltr'>nec</span> <span class='ocrx_word' id='word_1_382' title='bbox 2999 1291 3136 1348; x_wconf 90' lang='lat' dir='ltr'>spes</span> <span class='ocrx_word' id='word_1_383' title='bbox 3164 1275 3456 1334; x_wconf 84' lang='lat' dir='ltr'>libertatis</span> <span class='ocrx_word' id='word_1_384' title='bbox 3473 1275 3596 1334; x_wconf 87' lang='lat' dir='ltr'>ali-</span> 
     </span>
     <span class='ocr_line' id='line_1_58' title="bbox 1935 1363 3580 1445; baseline -0.004 -18"><span class='ocrx_word' id='word_1_385' title='bbox 1935 1389 2053 1445; x_wconf 88' lang='lat' dir='ltr'>qua</span> <span class='ocrx_word' id='word_1_386' title='bbox 2082 1371 2408 1436; x_wconf 85' lang='lat' dir='ltr'>resedisset,</span> <span class='ocrx_word' id='word_1_387' title='bbox 2428 1368 2528 1426; x_wconf 90' lang='lat' dir='ltr'>sed</span> <span class='ocrx_word' id='word_1_388' title='bbox 2546 1372 2706 1425; x_wconf 90' lang='lat' dir='ltr'>tanta</span> <span class='ocrx_word' id='word_1_389' title='bbox 2724 1368 2847 1439; x_wconf 85' lang='lat' dir='ltr'>jam</span> <span class='ocrx_word' id='word_1_390' title='bbox 2869 1364 3170 1440; x_wconf 87' lang='lat' dir='ltr'>regiminis</span> <span class='ocrx_word' id='word_1_391' title='bbox 3189 1363 3580 1423; x_wconf 90' lang='lat' dir='ltr'>ecclesiastici</span> 
     </span>
     <span class='ocr_line' id='line_1_59' title="bbox 1935 1455 3581 1526; baseline -0.004 -8"><span class='ocrx_word' id='word_1_392' title='bbox 1935 1461 2144 1518; x_wconf 85' lang='lat' dir='ltr'>fuisset</span> <span class='ocrx_word' id='word_1_393' title='bbox 2162 1463 2365 1517; x_wconf 89' lang='lat' dir='ltr'>secuta</span> <span class='ocrx_word' id='word_1_394' title='bbox 2393 1458 2675 1526; x_wconf 83' lang='lat' dir='ltr'>confusio,</span> <span class='ocrx_word' id='word_1_395' title='bbox 2705 1462 2767 1514; x_wconf 91' lang='lat' dir='ltr'>ut</span> <span class='ocrx_word' id='word_1_396' title='bbox 2800 1455 2946 1513; x_wconf 90' lang='lat' dir='ltr'>nibil</span> <span class='ocrx_word' id='word_1_397' title='bbox 2976 1455 3183 1514; x_wconf 91' lang='lat' dir='ltr'>ordine</span> <span class='ocrx_word' id='word_1_398' title='bbox 3212 1459 3581 1524; x_wconf 83' lang='lat' dir='ltr'>tractaretur,</span> 
     </span>
     <span class='ocr_line' id='line_1_60' title="bbox 1933 1544 3670 1620; baseline -0.003 -13"><span class='ocrx_word' id='word_1_399' title='bbox 1933 1552 2035 1608; x_wconf 90' lang='lat' dir='ltr'>sed</span> <span class='ocrx_word' id='word_1_400' title='bbox 2067 1550 2263 1608; x_wconf 88' lang='lat' dir='ltr'>omnia</span> <span class='ocrx_word' id='word_1_401' title='bbox 2298 1549 2509 1606; x_wconf 90' lang='lat' dir='ltr'>stolido</span> <span class='ocrx_word' id='word_1_402' title='bbox 2548 1547 3037 1620; x_wconf 88' lang='lat' dir='ltr'>permiscerentur</span> <span class='ocrx_word' id='word_1_403' title='bbox 3063 1560 3432 1613; x_wconf 89' lang='lat' dir='ltr'>errore,cum</span> <span class='ocrx_word' id='word_1_404' title='bbox 3449 1544 3596 1602; x_wconf 85' lang='lat' dir='ltr'>snb·</span> <span class='ocrx_word' id='word_1_405' title='bbox 3663 1552 3670 1559; x_wconf 92' lang='grc'><strong>“</strong></span> 
     </span>
     <span class='ocr_line' id='line_1_61' title="bbox 1930 1633 3585 1711; baseline -0.002 -14"><span class='ocrx_word' id='word_1_406' title='bbox 1930 1641 2067 1698; x_wconf 91' lang='lat' dir='ltr'>latis</span> <span class='ocrx_word' id='word_1_407' title='bbox 2095 1638 2358 1711; x_wconf 91' lang='lat' dir='ltr'>pristinis</span> <span class='ocrx_word' id='word_1_408' title='bbox 2416 1635 2879 1695; x_wconf 83' lang='lat' dir='ltr'>institutionibus</span> <span class='ocrx_word' id='word_1_409' title='bbox 2930 1634 3075 1692; x_wconf 88' lang='lat' dir='ltr'>nihil</span> <span class='ocrx_word' id='word_1_410' title='bbox 3119 1633 3194 1692; x_wconf 88' lang='lat' dir='ltr'>ad</span> <span class='ocrx_word' id='word_1_411' title='bbox 3217 1633 3445 1690; x_wconf 90' lang='lat' dir='ltr'>debitos</span> <span class='ocrx_word' id='word_1_412' title='bbox 3474 1649 3585 1693; x_wconf 89' lang='lat' dir='ltr'>suo</span> 
     </span>
     <span class='ocr_line' id='line_1_62' title="bbox 1924 1722 3579 1802; baseline -0.005 -16"><span class='ocrx_word' id='word_1_413' title='bbox 1924 1731 2060 1802; x_wconf 88' lang='lat' dir='ltr'>jure</span> <span class='ocrx_word' id='word_1_414' title='bbox 2073 1728 2419 1801; x_wconf 82' lang='lat' dir='ltr'>dirigeretur</span> <span class='ocrx_word' id='word_1_415' title='bbox 2430 1728 2692 1784; x_wconf 73' lang='lat' dir='ltr'>effectus.</span> <span class='ocrx_word' id='word_1_416' title='bbox 2715 1726 2780 1781; x_wconf 88' lang='lat' dir='ltr'>In</span> <span class='ocrx_word' id='word_1_417' title='bbox 2794 1724 2886 1781; x_wconf 88' lang='lat' dir='ltr'>bis</span> <span class='ocrx_word' id='word_1_418' title='bbox 2903 1724 3102 1797; x_wconf 90' lang='lat' dir='ltr'>igitur,</span> <span class='ocrx_word' id='word_1_419' title='bbox 3117 1728 3407 1796; x_wconf 85' lang='lat' dir='ltr'>quantum</span> <span class='ocrx_word' id='word_1_420' title='bbox 3427 1722 3579 1780; x_wconf 88' lang='lat' dir='ltr'>mibi</span> 
     </span>
     <span class='ocr_line' id='line_1_63' title="bbox 1925 1810 3568 1887; baseline -0.005 -11"><span class='ocrx_word' id='word_1_421' title='bbox 1925 1819 2174 1887; x_wconf 80' lang='lat' dir='ltr'>videtur,</span> <span class='ocrx_word' id='word_1_422' title='bbox 2207 1833 2321 1874; x_wconf 91' lang='lat' dir='ltr'>non</span> <span class='ocrx_word' id='word_1_423' title='bbox 2372 1816 2486 1872; x_wconf 91' lang='lat' dir='ltr'>nisi</span> <span class='ocrx_word' id='word_1_424' title='bbox 2541 1815 2777 1871; x_wconf 88' lang='lat' dir='ltr'>inanem</span> <span class='ocrx_word' id='word_1_425' title='bbox 2808 1812 2974 1870; x_wconf 88' lang='lat' dir='ltr'>vobis</span> <span class='ocrx_word' id='word_1_426' title='bbox 3005 1812 3252 1886; x_wconf 90' lang='lat' dir='ltr'>potestis</span> <span class='ocrx_word' id='word_1_427' title='bbox 3281 1810 3568 1870; x_wconf 87' lang='lat' dir='ltr'>collocare</span> 
     </span>
     <span class='ocr_line' id='line_1_64' title="bbox 1920 1902 3567 1978; baseline -0.004 -13"><span class='ocrx_word' id='word_1_428' title='bbox 1920 1908 2221 1976; x_wconf 84' lang='lat' dir='ltr'>fiduciam,</span> <span class='ocrx_word' id='word_1_429' title='bbox 2244 1907 2387 1978; x_wconf 88' lang='lat' dir='ltr'>quia</span> <span class='ocrx_word' id='word_1_430' title='bbox 2425 1904 2654 1961; x_wconf 86' lang='lat' dir='ltr'>fidelem</span> <span class='ocrx_word' id='word_1_431' title='bbox 2695 1902 3156 1960; x_wconf 83' lang='lat' dir='ltr'>reconciliationi</span> <span class='ocrx_word' id='word_1_432' title='bbox 3176 1917 3415 1974; x_wconf 89' lang='lat' dir='ltr'>operam</span> <span class='ocrx_word' id='word_1_433' title='bbox 3447 1917 3567 1958; x_wconf 89' lang='lat' dir='ltr'>non</span> 
     </span>
     <span class='ocr_line' id='line_1_65' title="bbox 1920 1990 3582 2070; baseline -0.002 -15"><span class='ocrx_word' id='word_1_434' title='bbox 1920 1993 2290 2070; x_wconf 84' lang='lat' dir='ltr'>impendunt,</span> <span class='ocrx_word' id='word_1_435' title='bbox 2322 1997 2672 2069; x_wconf 86' lang='lat' dir='ltr'>quicausam</span> <span class='ocrx_word' id='word_1_436' title='bbox 2703 1993 2949 2051; x_wconf 88' lang='lat' dir='ltr'>dissidio</span> <span class='ocrx_word' id='word_1_437' title='bbox 2982 1992 3400 2067; x_wconf 76' lang='lat' dir='ltr'>praestiterunt.</span> <span class='ocrx_word' id='word_1_438' title='bbox 3422 1990 3582 2051; x_wconf 85' lang='lat' dir='ltr'>Reli-</span> 
     </span>
     <span class='ocr_line' id='line_1_66' title="bbox 1921 2079 3569 2160; baseline -0.005 -14"><span class='ocrx_word' id='word_1_439' title='bbox 1921 2089 2024 2160; x_wconf 86' lang='lat' dir='ltr'>qul</span> <span class='ocrx_word' id='word_1_440' title='bbox 2042 2102 2173 2144; x_wconf 89' lang='lat' dir='ltr'>vero</span> <span class='ocrx_word' id='word_1_441' title='bbox 2196 2087 2527 2159; x_wconf 78' lang='lat' dir='ltr'>fereomnes</span> <span class='ocrx_word' id='word_1_442' title='bbox 2545 2083 2719 2157; x_wconf 89' lang='lat' dir='ltr'>quiin</span> <span class='ocrx_word' id='word_1_443' title='bbox 2737 2082 3111 2140; x_wconf 84' lang='lat' dir='ltr'>inferioribus</span> <span class='ocrx_word' id='word_1_444' title='bbox 3132 2084 3269 2138; x_wconf 89' lang='lat' dir='ltr'>sunt</span> <span class='ocrx_word' id='word_1_445' title='bbox 3283 2079 3569 2152; x_wconf 90' lang='lat' dir='ltr'>gradibus</span> 
     </span>
     <span class='ocr_line' id='line_1_67' title="bbox 1921 2173 3584 2248; baseline -0.001 -14"><span class='ocrx_word' id='word_1_446' title='bbox 1921 2177 2248 2246; x_wconf 90' lang='lat' dir='ltr'>constituti,</span> <span class='ocrx_word' id='word_1_447' title='bbox 2305 2191 2608 2248; x_wconf 86' lang='lat' dir='ltr'>personam</span> <span class='ocrx_word' id='word_1_448' title='bbox 2670 2180 2917 2232; x_wconf 82' lang='lat' dir='ltr'>vestram</span> <span class='ocrx_word' id='word_1_449' title='bbox 2973 2175 3212 2232; x_wconf 65' lang='lat' dir='ltr'>sincera</span> <span class='ocrx_word' id='word_1_450' title='bbox 3271 2173 3584 2232; x_wconf 83' lang='lat' dir='ltr'>charitatis</span> 
     </span>
     <span class='ocr_line' id='line_1_68' title="bbox 1926 2262 3579 2338; baseline -0.001 -15"><span class='ocrx_word' id='word_1_451' title='bbox 1926 2264 2182 2324; x_wconf 88' lang='lat' dir='ltr'>brachiis</span> <span class='ocrx_word' id='word_1_452' title='bbox 2199 2265 2629 2338; x_wconf 88' lang='lat' dir='ltr'>amplexantur.</span> <span class='ocrx_word' id='word_1_453' title='bbox 2648 2263 2803 2332; x_wconf 89' lang='lat' dir='ltr'>altis,</span> <span class='ocrx_word' id='word_1_454' title='bbox 2822 2264 3002 2321; x_wconf 89' lang='lat' dir='ltr'>sedin</span> <span class='ocrx_word' id='word_1_455' title='bbox 3024 2262 3279 2330; x_wconf 78' lang='lat' dir='ltr'>silentio,</span> <span class='ocrx_word' id='word_1_456' title='bbox 3300 2263 3579 2335; x_wconf 85' lang='lat' dir='ltr'>suspiriis</span> 
     </span>
     <span class='ocr_line' id='line_1_69' title="bbox 1920 2350 3576 2426; baseline 0.001 -18"><span class='ocrx_word' id='word_1_457' title='bbox 1920 2353 2325 2426; x_wconf 86' lang='lat' dir='ltr'>implorantes,</span> <span class='ocrx_word' id='word_1_458' title='bbox 2361 2358 2427 2410; x_wconf 90' lang='lat' dir='ltr'>ut</span> <span class='ocrx_word' id='word_1_459' title='bbox 2484 2369 2735 2425; x_wconf 87' lang='lat' dir='ltr'>sponsus</span> <span class='ocrx_word' id='word_1_460' title='bbox 2781 2352 3047 2410; x_wconf 82' lang='lat' dir='ltr'>Ecclesiae</span> <span class='ocrx_word' id='word_1_461' title='bbox 3093 2350 3168 2409; x_wconf 89' lang='lat' dir='ltr'>ad</span> <span class='ocrx_word' id='word_1_462' title='bbox 3202 2350 3449 2425; x_wconf 79' lang='lat' dir='ltr'>gloriam</span> <span class='ocrx_word' id='word_1_463' title='bbox 3479 2352 3576 2409; x_wconf 89' lang='lat' dir='ltr'>sui</span> 
     </span>
     <span class='ocr_line' id='line_1_70' title="bbox 1922 2443 3580 2503; baseline 0.001 -1"><span class='ocrx_word' id='word_1_464' title='bbox 1922 2444 2179 2502; x_wconf 90' lang='lat' dir='ltr'>nominis</span> <span class='ocrx_word' id='word_1_465' title='bbox 2203 2443 2359 2501; x_wconf 85' lang='lat' dir='ltr'>felici</span> <span class='ocrx_word' id='word_1_466' title='bbox 2409 2449 2542 2501; x_wconf 86' lang='lat' dir='ltr'>vota</span> <span class='ocrx_word' id='word_1_467' title='bbox 2588 2447 2777 2500; x_wconf 85' lang='lat' dir='ltr'>vestra</span> <span class='ocrx_word' id='word_1_468' title='bbox 2797 2444 3073 2500; x_wconf 85' lang='lat' dir='ltr'>secundet</span> <span class='ocrx_word' id='word_1_469' title='bbox 3101 2446 3329 2499; x_wconf 76' lang='lat' dir='ltr'>eventu.</span> <span class='ocrx_word' id='word_1_470' title='bbox 3362 2443 3580 2503; x_wconf 83' lang='lat' dir='ltr'>Nullus</span> 
     </span>
     <span class='ocr_line' id='line_1_71' title="bbox 1923 2533 3578 2608; baseline -0.002 -15"><span class='ocrx_word' id='word_1_471' title='bbox 1923 2539 2122 2593; x_wconf 87' lang='lat' dir='ltr'>tamen</span> <span class='ocrx_word' id='word_1_472' title='bbox 2171 2542 2254 2592; x_wconf 88' lang='lat' dir='ltr'>est</span> <span class='ocrx_word' id='word_1_473' title='bbox 2286 2534 2389 2608; x_wconf 90' lang='lat' dir='ltr'>qui</span> <span class='ocrx_word' id='word_1_474' title='bbox 2442 2550 2505 2592; x_wconf 94' lang='lat' dir='ltr'>se</span> <span class='ocrx_word' id='word_1_475' title='bbox 2564 2533 2728 2591; x_wconf 86' lang='lat' dir='ltr'>vobis</span> <span class='ocrx_word' id='word_1_476' title='bbox 2766 2534 3023 2590; x_wconf 89' lang='lat' dir='ltr'>amicum</span> <span class='ocrx_word' id='word_1_477' title='bbox 3054 2533 3270 2590; x_wconf 87' lang='lat' dir='ltr'>audeat</span> <span class='ocrx_word' id='word_1_478' title='bbox 3287 2533 3578 2606; x_wconf 86' lang='lat' dir='ltr'>confiteri,</span> 
     </span>
     <span class='ocr_line' id='line_1_72' title="bbox 1922 2620 3577 2697; baseline -0.001 -16"><span class='ocrx_word' id='word_1_479' title='bbox 1922 2625 2022 2681; x_wconf 89' lang='lat' dir='ltr'>sed</span> <span class='ocrx_word' id='word_1_480' title='bbox 2074 2641 2192 2696; x_wconf 89' lang='lat' dir='ltr'>quo</span> <span class='ocrx_word' id='word_1_481' title='bbox 2250 2623 2436 2697; x_wconf 90' lang='lat' dir='ltr'>magis</span> <span class='ocrx_word' id='word_1_482' title='bbox 2485 2623 2675 2680; x_wconf 82' lang='lat' dir='ltr'>odisse</span> <span class='ocrx_word' id='word_1_483' title='bbox 2697 2624 3032 2689; x_wconf 84' lang='lat' dir='ltr'>credantur,</span> <span class='ocrx_word' id='word_1_484' title='bbox 3063 2627 3287 2679; x_wconf 87' lang='lat' dir='ltr'>veteres</span> <span class='ocrx_word' id='word_1_485' title='bbox 3318 2620 3577 2680; x_wconf 89' lang='lat' dir='ltr'>inimici·</span> 
     </span>
     <span class='ocr_line' id='line_1_73' title="bbox 1923 2711 3576 2786; baseline -0.001 -15"><span class='ocrx_word' id='word_1_486' title='bbox 1923 2715 2141 2771; x_wconf 90' lang='lat' dir='ltr'>tiarum</span> <span class='ocrx_word' id='word_1_487' title='bbox 2174 2730 2380 2771; x_wconf 87' lang='lat' dir='ltr'>causas</span> <span class='ocrx_word' id='word_1_488' title='bbox 2400 2713 2676 2786; x_wconf 89' lang='lat' dir='ltr'>allegant,</span> <span class='ocrx_word' id='word_1_489' title='bbox 2701 2729 2771 2770; x_wconf 91' lang='lat' dir='ltr'>ne</span> <span class='ocrx_word' id='word_1_490' title='bbox 2788 2712 3026 2780; x_wconf 86' lang='lat' dir='ltr'>indicta,</span> <span class='ocrx_word' id='word_1_491' title='bbox 3050 2711 3287 2768; x_wconf 88' lang='lat' dir='ltr'>velutin</span> <span class='ocrx_word' id='word_1_492' title='bbox 3308 2716 3576 2781; x_wconf 75' lang='lat' dir='ltr'>coeteros,</span> 
     </span>
     <span class='ocr_line' id='line_1_74' title="bbox 1921 2801 3582 2876; baseline -0.001 -16"><span class='ocrx_word' id='word_1_493' title='bbox 1921 2803 2732 2876; x_wconf 89' lang='lat' dir='ltr'>proscriptionedamnentur.</span> <span class='ocrx_word' id='word_1_494' title='bbox 2763 2801 3134 2859; x_wconf 89' lang='lat' dir='ltr'>Ferturenim</span> <span class='ocrx_word' id='word_1_495' title='bbox 3146 2802 3219 2858; x_wconf 91' lang='lat' dir='ltr'>de</span> <span class='ocrx_word' id='word_1_496' title='bbox 3243 2801 3582 2874; x_wconf 91' lang='lat' dir='ltr'>suspicione</span> 
     </span>
     <span class='ocr_line' id='line_1_75' title="bbox 1923 2893 3575 2967; baseline -0.002 -14"><span class='ocrx_word' id='word_1_497' title='bbox 1923 2895 2232 2961; x_wconf 89' lang='lat' dir='ltr'>sententia,</span> <span class='ocrx_word' id='word_1_498' title='bbox 2256 2910 2360 2951; x_wconf 92' lang='lat' dir='ltr'>nec</span> <span class='ocrx_word' id='word_1_499' title='bbox 2377 2895 2450 2950; x_wconf 91' lang='lat' dir='ltr'>ad</span> <span class='ocrx_word' id='word_1_500' title='bbox 2473 2893 2843 2967; x_wconf 82' lang='lat' dir='ltr'>irrogandam</span> <span class='ocrx_word' id='word_1_501' title='bbox 2865 2908 3100 2965; x_wconf 82' lang='lat' dir='ltr'>poenam</span> <span class='ocrx_word' id='word_1_502' title='bbox 3123 2893 3383 2949; x_wconf 84' lang='lat' dir='ltr'>veritatis</span> <span class='ocrx_word' id='word_1_503' title='bbox 3402 2908 3575 2963; x_wconf 86' lang='lat' dir='ltr'>argu·</span> 
     </span>
     <span class='ocr_line' id='line_1_76' title="bbox 1922 2981 3582 3057; baseline -0.002 -16"><span class='ocrx_word' id='word_1_504' title='bbox 1922 2987 2120 3041; x_wconf 88' lang='lat' dir='ltr'>menta</span> <span class='ocrx_word' id='word_1_505' title='bbox 2131 2983 2595 3057; x_wconf 81' lang='lat' dir='ltr'>quaeruntur,sed</span> <span class='ocrx_word' id='word_1_506' title='bbox 2608 2982 2981 3039; x_wconf 85' lang='lat' dir='ltr'>involvuntur</span> <span class='ocrx_word' id='word_1_507' title='bbox 2993 2983 3265 3055; x_wconf 66' lang='lat' dir='ltr'>equitate</span> <span class='ocrx_word' id='word_1_508' title='bbox 3280 2981 3582 3055; x_wconf 86' lang='lat' dir='ltr'>supplicii,</span> 
     </span>
    </p>
   </div>
   <div class='ocr_carea' id='block_1_5' title="bbox 1844 3072 3582 3182">
    <p class='ocr_par' dir='ltr' id='par_1_7' title="bbox 1844 3072 3582 3182">
     <span class='ocr_line' id='line_1_77' title="bbox 1844 3072 3582 3182; baseline -0.001 -51"><span class='ocrx_word' id='word_1_509' title='bbox 1844 3114 1898 3182; x_wconf 75' lang='lat' dir='ltr'>G</span> <span class='ocrx_word' id='word_1_510' title='bbox 1929 3089 2074 3146; x_wconf 90' lang='lat' dir='ltr'>quos</span> <span class='ocrx_word' id='word_1_511' title='bbox 2095 3073 2187 3131; x_wconf 91' lang='lat' dir='ltr'>cul</span> <span class='ocrx_word' id='word_1_512' title='bbox 2197 3092 2267 3146; x_wconf 90' lang='lat' dir='ltr'>pa</span> <span class='ocrx_word' id='word_1_513' title='bbox 2287 3091 2400 3131; x_wconf 90' lang='lat' dir='ltr'>non</span> <span class='ocrx_word' id='word_1_514' title='bbox 2440 3079 2770 3146; x_wconf 67' lang='lat' dir='ltr'>aequaverat</span> <span class='ocrx_word' id='word_1_515' title='bbox 2784 3072 3063 3146; x_wconf 86' lang='lat' dir='ltr'>qualitate</span> <span class='ocrx_word' id='word_1_516' title='bbox 3082 3072 3301 3130; x_wconf 89' lang='lat' dir='ltr'>delicti.</span> <span class='ocrx_word' id='word_1_517' title='bbox 3318 3072 3582 3130; x_wconf 86' lang='lat' dir='ltr'>Profecto</span> 
     </span>
    </p>
   </div>
   <div class='ocr_carea' id='block_1_6' title="bbox 1931 3162 3591 4479">
    <p class='ocr_par' dir='ltr' id='par_1_8' title="bbox 1931 3162 3591 4306">
     <span class='ocr_line' id='line_1_78' title="bbox 1933 3162 3579 3237; baseline -0.001 -17"><span class='ocrx_word' id='word_1_518' title='bbox 1933 3164 2272 3237; x_wconf 86' lang='lat' dir='ltr'>gratissima</span> <span class='ocrx_word' id='word_1_519' title='bbox 2283 3164 2445 3221; x_wconf 87' lang='lat' dir='ltr'>vobis</span> <span class='ocrx_word' id='word_1_520' title='bbox 2477 3162 2862 3222; x_wconf 88' lang='lat' dir='ltr'>eorumdebet</span> <span class='ocrx_word' id='word_1_521' title='bbox 2880 3178 3009 3220; x_wconf 90' lang='lat' dir='ltr'>esse</span> <span class='ocrx_word' id='word_1_522' title='bbox 3038 3162 3390 3235; x_wconf 88' lang='lat' dir='ltr'>compassio,</span> <span class='ocrx_word' id='word_1_523' title='bbox 3412 3162 3579 3234; x_wconf 85' lang='lat' dir='ltr'>quia,</span> 
     </span>
     <span class='ocr_line' id='line_1_79' title="bbox 1931 3251 3581 3318; baseline -0.002 -9"><span class='ocrx_word' id='word_1_524' title='bbox 1931 3253 2069 3310; x_wconf 89' lang='lat' dir='ltr'>licet</span> <span class='ocrx_word' id='word_1_525' title='bbox 2082 3253 2312 3310; x_wconf 89' lang='lat' dir='ltr'>animos</span> <span class='ocrx_word' id='word_1_526' title='bbox 2335 3252 2672 3310; x_wconf 87' lang='lat' dir='ltr'>sublimium</span> <span class='ocrx_word' id='word_1_527' title='bbox 2693 3262 2826 3309; x_wconf 90' lang='lat' dir='ltr'>vota</span> <span class='ocrx_word' id='word_1_528' title='bbox 2840 3251 3134 3309; x_wconf 91' lang='lat' dir='ltr'>minorum</span> <span class='ocrx_word' id='word_1_529' title='bbox 3155 3267 3272 3308; x_wconf 92' lang='lat' dir='ltr'>non</span> <span class='ocrx_word' id='word_1_530' title='bbox 3287 3255 3581 3318; x_wconf 87' lang='lat' dir='ltr'>moveant,</span> 
     </span>
     <span class='ocr_line' id='line_1_80' title="bbox 1931 3340 3583 3414; baseline -0.001 -15"><span class='ocrx_word' id='word_1_531' title='bbox 1931 3342 2396 3414; x_wconf 84' lang='lat' dir='ltr'>indignationem</span> <span class='ocrx_word' id='word_1_532' title='bbox 2413 3347 2604 3398; x_wconf 89' lang='lat' dir='ltr'>tamen</span> <span class='ocrx_word' id='word_1_533' title='bbox 2625 3342 2831 3397; x_wconf 80' lang='lat' dir='ltr'>divinae</span> <span class='ocrx_word' id='word_1_534' title='bbox 2844 3341 3020 3399; x_wconf 91' lang='lat' dir='ltr'>etiam</span> <span class='ocrx_word' id='word_1_535' title='bbox 3055 3340 3380 3411; x_wconf 78' lang='lat' dir='ltr'>majestatis</span> <span class='ocrx_word' id='word_1_536' title='bbox 3397 3356 3583 3411; x_wconf 89' lang='lat' dir='ltr'>expu-</span> 
     </span>
     <span class='ocr_line' id='line_1_81' title="bbox 1934 3429 3586 3501; baseline 0 -14"><span class='ocrx_word' id='word_1_537' title='bbox 1934 3436 2137 3501; x_wconf 85' lang='lat' dir='ltr'>gnant,</span> <span class='ocrx_word' id='word_1_538' title='bbox 2169 3439 2230 3487; x_wconf 90' lang='lat' dir='ltr'>ut</span> <span class='ocrx_word' id='word_1_539' title='bbox 2260 3436 2423 3487; x_wconf 90' lang='lat' dir='ltr'>tanto</span> <span class='ocrx_word' id='word_1_540' title='bbox 2446 3431 2546 3486; x_wconf 92' lang='lat' dir='ltr'>fiat</span> <span class='ocrx_word' id='word_1_541' title='bbox 2571 3431 2640 3486; x_wconf 90' lang='lat' dir='ltr'>ad</span> <span class='ocrx_word' id='word_1_542' title='bbox 2665 3429 3086 3501; x_wconf 87' lang='lat' dir='ltr'>indulgentiam</span> <span class='ocrx_word' id='word_1_543' title='bbox 3108 3431 3344 3501; x_wconf 87' lang='lat' dir='ltr'>pronior</span> <span class='ocrx_word' id='word_1_544' title='bbox 3357 3433 3586 3501; x_wconf 85' lang='lat' dir='ltr'>quanto</span> 
     </span>
     <span class='ocr_line' id='line_1_82' title="bbox 1932 3517 3591 3591; baseline -0.002 -14"><span class='ocrx_word' id='word_1_545' title='bbox 1932 3521 2007 3578; x_wconf 85' lang='lat' dir='ltr'>ab</span> <span class='ocrx_word' id='word_1_546' title='bbox 2028 3519 2328 3577; x_wconf 88' lang='lat' dir='ltr'>humiliori</span> <span class='ocrx_word' id='word_1_547' title='bbox 2358 3519 2865 3576; x_wconf 84' lang='lat' dir='ltr'>fueritreverantia</span> <span class='ocrx_word' id='word_1_548' title='bbox 2891 3518 3305 3591; x_wconf 87' lang='lat' dir='ltr'>supplicatum.</span> <span class='ocrx_word' id='word_1_549' title='bbox 3329 3517 3591 3589; x_wconf 82' lang='lat' dir='ltr'>Respicit</span> 
     </span>
     <span class='ocr_line' id='line_1_83' title="bbox 1933 3605 3584 3678; baseline -0.002 -11"><span class='ocrx_word' id='word_1_550' title='bbox 1933 3612 2091 3668; x_wconf 89' lang='lat' dir='ltr'>enim</span> <span class='ocrx_word' id='word_1_551' title='bbox 2148 3613 2209 3665; x_wconf 84' lang='lat' dir='ltr'>in</span> <span class='ocrx_word' id='word_1_552' title='bbox 2254 3612 2555 3666; x_wconf 81' lang='lat' dir='ltr'>orationem</span> <span class='ocrx_word' id='word_1_553' title='bbox 2602 3608 2891 3664; x_wconf 72' lang='lat' dir='ltr'>humilium</span> <span class='ocrx_word' id='word_1_554' title='bbox 2957 3606 3132 3677; x_wconf 81' lang='lat' dir='ltr'>(Psal.</span> <span class='ocrx_word' id='word_1_555' title='bbox 3200 3607 3297 3678; x_wconf 80' lang='lat' dir='ltr'>ci).</span> <span class='ocrx_word' id='word_1_556' title='bbox 3330 3605 3584 3664; x_wconf 88' lang='lat' dir='ltr'>Causam</span> 
     </span>
     <span class='ocr_line' id='line_1_84' title="bbox 1935 3700 3584 3772; baseline -0.004 -15"><span class='ocrx_word' id='word_1_557' title='bbox 1935 3700 2111 3757; x_wconf 91' lang='lat' dir='ltr'>etiam</span> <span class='ocrx_word' id='word_1_558' title='bbox 2158 3700 2354 3772; x_wconf 90' lang='lat' dir='ltr'>potius</span> <span class='ocrx_word' id='word_1_559' title='bbox 2402 3703 2629 3768; x_wconf 88' lang='lat' dir='ltr'>reputat</span> <span class='ocrx_word' id='word_1_560' title='bbox 2671 3714 2848 3770; x_wconf 91' lang='lat' dir='ltr'>quam</span> <span class='ocrx_word' id='word_1_561' title='bbox 2910 3712 3242 3769; x_wconf 86' lang='lat' dir='ltr'>personam,</span> <span class='ocrx_word' id='word_1_562' title='bbox 3268 3700 3332 3752; x_wconf 92' lang='lat' dir='ltr'>ut</span> <span class='ocrx_word' id='word_1_563' title='bbox 3387 3711 3584 3754; x_wconf 68' lang='lat' dir='ltr'>causo</span> 
     </span>
     <span class='ocr_line' id='line_1_85' title="bbox 1935 3785 3584 3861; baseline -0.005 -14"><span class='ocrx_word' id='word_1_564' title='bbox 1935 3803 2165 3861; x_wconf 86' lang='lat' dir='ltr'>semper</span> <span class='ocrx_word' id='word_1_565' title='bbox 2177 3788 2409 3857; x_wconf 87' lang='lat' dir='ltr'>justitia</span> <span class='ocrx_word' id='word_1_566' title='bbox 2428 3803 2557 3856; x_wconf 92' lang='lat' dir='ltr'>sua,</span> <span class='ocrx_word' id='word_1_567' title='bbox 2580 3790 3106 3859; x_wconf 89' lang='lat' dir='ltr'>quantumcunque</span> <span class='ocrx_word' id='word_1_568' title='bbox 3120 3785 3320 3847; x_wconf 85' lang='lat' dir='ltr'>dilata.</span> <span class='ocrx_word' id='word_1_569' title='bbox 3339 3799 3584 3856; x_wconf 89' lang='lat' dir='ltr'>respon-</span> 
     </span>
     <span class='ocr_line' id='line_1_86' title="bbox 1935 3874 3587 3949; baseline -0.003 -14"><span class='ocrx_word' id='word_1_570' title='bbox 1935 3879 2088 3945; x_wconf 89' lang='lat' dir='ltr'>deat,</span> <span class='ocrx_word' id='word_1_571' title='bbox 2119 3882 2176 3935; x_wconf 91' lang='lat' dir='ltr'>et</span> <span class='ocrx_word' id='word_1_572' title='bbox 2207 3893 2466 3949; x_wconf 76' lang='lat' dir='ltr'>personas</span> <span class='ocrx_word' id='word_1_573' title='bbox 2501 3874 2883 3933; x_wconf 91' lang='lat' dir='ltr'>nihilominus</span> <span class='ocrx_word' id='word_1_574' title='bbox 2916 3890 3134 3931; x_wconf 86' lang='lat' dir='ltr'>merces</span> <span class='ocrx_word' id='word_1_575' title='bbox 3164 3874 3389 3931; x_wconf 90' lang='lat' dir='ltr'>meritis</span> <span class='ocrx_word' id='word_1_576' title='bbox 3417 3889 3587 3930; x_wconf 91' lang='lat' dir='ltr'>com·</span> 
     </span>
     <span class='ocr_line' id='line_1_87' title="bbox 1938 3960 3587 4038; baseline -0.004 -15"><span class='ocrx_word' id='word_1_577' title='bbox 1938 3972 2180 4038; x_wconf 88' lang='lat' dir='ltr'>pensata</span> <span class='ocrx_word' id='word_1_578' title='bbox 2208 3970 2537 4024; x_wconf 89' lang='lat' dir='ltr'>concurrat.</span> <span class='ocrx_word' id='word_1_579' title='bbox 2568 3970 2784 4022; x_wconf 75' lang='lat' dir='ltr'>Eorum</span> <span class='ocrx_word' id='word_1_580' title='bbox 2807 3964 2985 4036; x_wconf 88' lang='lat' dir='ltr'>igitur</span> <span class='ocrx_word' id='word_1_581' title='bbox 3023 3963 3180 4035; x_wconf 89' lang='lat' dir='ltr'>apud</span> <span class='ocrx_word' id='word_1_582' title='bbox 3205 3962 3389 4020; x_wconf 91' lang='lat' dir='ltr'>Deum</span> <span class='ocrx_word' id='word_1_583' title='bbox 3414 3960 3587 4019; x_wconf 87' lang='lat' dir='ltr'>vobis</span> 
     </span>
     <span class='ocr_line' id='line_1_88' title="bbox 1939 4048 3582 4128; baseline -0.004 -16"><span class='ocrx_word' id='word_1_584' title='bbox 1939 4055 2151 4128; x_wconf 89' lang='lat' dir='ltr'>poterit</span> <span class='ocrx_word' id='word_1_585' title='bbox 2181 4055 2453 4128; x_wconf 88' lang='lat' dir='ltr'>prodesse</span> <span class='ocrx_word' id='word_1_586' title='bbox 2465 4055 2714 4122; x_wconf 91' lang='lat' dir='ltr'>devotio,</span> <span class='ocrx_word' id='word_1_587' title='bbox 2737 4053 2838 4110; x_wconf 89' lang='lat' dir='ltr'>sed</span> <span class='ocrx_word' id='word_1_588' title='bbox 2858 4052 3013 4123; x_wconf 91' lang='lat' dir='ltr'>apud</span> <span class='ocrx_word' id='word_1_589' title='bbox 3035 4067 3252 4124; x_wconf 89' lang='lat' dir='ltr'>regem,</span> <span class='ocrx_word' id='word_1_590' title='bbox 3275 4050 3426 4108; x_wconf 89' lang='lat' dir='ltr'>sicut</span> <span class='ocrx_word' id='word_1_591' title='bbox 3440 4048 3582 4106; x_wconf 91' lang='lat' dir='ltr'>nul-</span> 
     </span>
     <span class='ocr_line' id='line_1_89' title="bbox 1936 4138 3586 4217; baseline -0.003 -16"><span class='ocrx_word' id='word_1_592' title='bbox 1936 4145 2056 4201; x_wconf 90' lang='lat' dir='ltr'>lam</span> <span class='ocrx_word' id='word_1_593' title='bbox 2088 4144 2438 4217; x_wconf 87' lang='lat' dir='ltr'>impetrandi</span> <span class='ocrx_word' id='word_1_594' title='bbox 2472 4142 2743 4200; x_wconf 85' lang='lat' dir='ltr'>fiduciam</span> <span class='ocrx_word' id='word_1_595' title='bbox 2776 4142 3013 4210; x_wconf 88' lang='lat' dir='ltr'>babent,</span> <span class='ocrx_word' id='word_1_596' title='bbox 3038 4142 3123 4198; x_wconf 89' lang='lat' dir='ltr'>sic</span> <span class='ocrx_word' id='word_1_597' title='bbox 3146 4140 3374 4196; x_wconf 91' lang='lat' dir='ltr'>nullum</span> <span class='ocrx_word' id='word_1_598' title='bbox 3403 4138 3586 4196; x_wconf 90' lang='lat' dir='ltr'>auda-</span> 
     </span>
     <span class='ocr_line' id='line_1_90' title="bbox 1939 4233 2522 4306; baseline -0.003 -16"><span class='ocrx_word' id='word_1_599' title='bbox 1939 4234 2091 4290; x_wconf 87' lang='lat' dir='ltr'>ciam</span> <span class='ocrx_word' id='word_1_600' title='bbox 2126 4233 2522 4306; x_wconf 90' lang='lat' dir='ltr'>supplicandi.</span> 
     </span>
    </p>

    <p class='ocr_par' dir='ltr' id='par_1_9' title="bbox 1939 4316 3589 4479">
     <span class='ocr_line' id='line_1_91' title="bbox 2010 4316 3586 4392; baseline -0.003 -15"><span class='ocrx_word' id='word_1_601' title='bbox 2010 4323 2094 4378; x_wconf 81' lang='lat' dir='ltr'>Ad</span> <span class='ocrx_word' id='word_1_602' title='bbox 2130 4324 2248 4378; x_wconf 80' lang='lat' dir='ltr'>boec</span> <span class='ocrx_word' id='word_1_603' title='bbox 2271 4321 2321 4378; x_wconf 91' lang='lat' dir='ltr'>si</span> <span class='ocrx_word' id='word_1_604' title='bbox 2360 4322 2559 4379; x_wconf 89' lang='lat' dir='ltr'>studia</span> <span class='ocrx_word' id='word_1_605' title='bbox 2605 4336 2909 4392; x_wconf 88' lang='lat' dir='ltr'>procerum</span> <span class='ocrx_word' id='word_1_606' title='bbox 2948 4319 3163 4376; x_wconf 89' lang='lat' dir='ltr'>ducitis</span> <span class='ocrx_word' id='word_1_607' title='bbox 3201 4316 3586 4389; x_wconf 86' lang='lat' dir='ltr'>inquirenda,</span> 
     </span>
     <span class='ocr_line' id='line_1_92' title="bbox 1939 4405 3589 4479; baseline -0.002 -12"><span class='ocrx_word' id='word_1_608' title='bbox 1939 4414 2163 4468; x_wconf 90' lang='lat' dir='ltr'>certum</span> <span class='ocrx_word' id='word_1_609' title='bbox 2184 4414 2273 4468; x_wconf 88' lang='lat' dir='ltr'>est</span> <span class='ocrx_word' id='word_1_610' title='bbox 2292 4427 2392 4469; x_wconf 91' lang='lat' dir='ltr'>eos</span> <span class='ocrx_word' id='word_1_611' title='bbox 2421 4412 2701 4468; x_wconf 86' lang='lat' dir='ltr'>adversus</span> <span class='ocrx_word' id='word_1_612' title='bbox 2717 4409 3034 4467; x_wconf 83' lang='lat' dir='ltr'>Ecclesiam</span> <span class='ocrx_word' id='word_1_613' title='bbox 3066 4407 3167 4464; x_wconf 92' lang='lat' dir='ltr'>Dei</span> <span class='ocrx_word' id='word_1_614' title='bbox 3190 4405 3361 4479; x_wconf 90' lang='lat' dir='ltr'>quasi</span> <span class='ocrx_word' id='word_1_615' title='bbox 3393 4406 3589 4463; x_wconf 79' lang='lat' dir='ltr'>foedus</span> 
     </span>
    </p>
   </div>
   <div class='ocr_carea' id='block_1_7' title="bbox 184 4485 3588 4570">
    <p class='ocr_par' dir='ltr' id='par_1_10' title="bbox 184 4485 3588 4570">
     <span class='ocr_line' id='line_1_93' title="bbox 184 4485 3588 4570; baseline 0.003 -26"><span class='ocrx_word' id='word_1_616' title='bbox 184 4485 286 4557; x_wconf 89' lang='lat' dir='ltr'>lio,</span> <span class='ocrx_word' id='word_1_617' title='bbox 316 4504 567 4561; x_wconf 91' lang='lat' dir='ltr'>quorum</span> <span class='ocrx_word' id='word_1_618' title='bbox 586 4491 778 4548; x_wconf 84' lang='lat' dir='ltr'>fulciri</span> <span class='ocrx_word' id='word_1_619' title='bbox 798 4494 1073 4567; x_wconf 82' lang='lat' dir='ltr'>suffragio</span> <span class='ocrx_word' id='word_1_620' title='bbox 1094 4496 1403 4563; x_wconf 87' lang='lat' dir='ltr'>debuistis,</span> <span class='ocrx_word' id='word_1_621' title='bbox 1427 4515 1462 4555; x_wconf 88' lang='lat' dir='ltr'>a</span> <span class='ocrx_word' id='word_1_622' title='bbox 1488 4499 1653 4556; x_wconf 83' lang='lat' dir='ltr'>vobis</span> <span class='ocrx_word' id='word_1_623' title='bbox 1672 4503 1830 4558; x_wconf 87' lang='lat' dir='ltr'>velut</span> <span class='ocrx_word' id='word_1_624' title='bbox 1857 4491 1907 4557; x_wconf 90' lang='lat' dir='ltr'>D</span> <span class='ocrx_word' id='word_1_625' title='bbox 1935 4501 2180 4558; x_wconf 83' lang='lat' dir='ltr'>invicem</span> <span class='ocrx_word' id='word_1_626' title='bbox 2213 4502 2591 4568; x_wconf 88' lang='lat' dir='ltr'>contraxisse,</span> <span class='ocrx_word' id='word_1_627' title='bbox 2608 4505 2676 4558; x_wconf 91' lang='lat' dir='ltr'>ut</span> <span class='ocrx_word' id='word_1_628' title='bbox 2697 4500 3120 4570; x_wconf 73' lang='lat' dir='ltr'>utilitateseJus</span> <span class='ocrx_word' id='word_1_629' title='bbox 3150 4512 3377 4569; x_wconf 90' lang='lat' dir='ltr'>semper</span> <span class='ocrx_word' id='word_1_630' title='bbox 3396 4494 3588 4569; x_wconf 87' lang='lat' dir='ltr'>impe-</span> 
     </span>
    </p>
   </div>
   <div class='ocr_carea' id='block_1_8' title="bbox 173 4576 1829 5640">
    <p class='ocr_par' dir='ltr' id='par_1_11' title="bbox 173 4576 1829 5640">
     <span class='ocr_line' id='line_1_94' title="bbox 184 4576 1825 4656; baseline 0.008 -23"><span class='ocrx_word' id='word_1_631' title='bbox 184 4576 336 4635; x_wconf 82' lang='lat' dir='ltr'>facto</span> <span class='ocrx_word' id='word_1_632' title='bbox 359 4579 594 4652; x_wconf 87' lang='lat' dir='ltr'>agmine</span> <span class='ocrx_word' id='word_1_633' title='bbox 612 4580 1027 4652; x_wconf 88' lang='lat' dir='ltr'>discesserunt,</span> <span class='ocrx_word' id='word_1_634' title='bbox 1050 4585 1151 4656; x_wconf 91' lang='lat' dir='ltr'>qui</span> <span class='ocrx_word' id='word_1_635' title='bbox 1177 4586 1428 4645; x_wconf 84' lang='lat' dir='ltr'>maxime</span> <span class='ocrx_word' id='word_1_636' title='bbox 1461 4589 1718 4648; x_wconf 91' lang='lat' dir='ltr'>nominis</span> <span class='ocrx_word' id='word_1_637' title='bbox 1733 4591 1825 4646; x_wconf 90' lang='lat' dir='ltr'>sui</span> 
     </span>
     <span class='ocr_line' id='line_1_95' title="bbox 183 4668 1829 4749; baseline 0.006 -24"><span class='ocrx_word' id='word_1_638' title='bbox 183 4668 468 4727; x_wconf 88' lang='lat' dir='ltr'>rationem</span> <span class='ocrx_word' id='word_1_639' title='bbox 492 4672 768 4729; x_wconf 90' lang='lat' dir='ltr'>deberent</span> <span class='ocrx_word' id='word_1_640' title='bbox 784 4689 1095 4747; x_wconf 89' lang='lat' dir='ltr'>agnoscere</span> <span class='ocrx_word' id='word_1_641' title='bbox 1105 4678 1161 4731; x_wconf 91' lang='lat' dir='ltr'>et</span> <span class='ocrx_word' id='word_1_642' title='bbox 1180 4690 1241 4732; x_wconf 90' lang='lat' dir='ltr'>se</span> <span class='ocrx_word' id='word_1_643' title='bbox 1250 4675 1416 4733; x_wconf 88' lang='lat' dir='ltr'>vobis</span> <span class='ocrx_word' id='word_1_644' title='bbox 1436 4678 1829 4749; x_wconf 77' lang='lat' dir='ltr'>suffraganeos</span> 
     </span>
     <span class='ocr_line' id='line_1_96' title="bbox 179 4759 1829 4836; baseline 0.007 -22"><span class='ocrx_word' id='word_1_645' title='bbox 179 4759 470 4818; x_wconf 88' lang='lat' dir='ltr'>exhibere.</span> <span class='ocrx_word' id='word_1_646' title='bbox 487 4759 717 4819; x_wconf 89' lang='lat' dir='ltr'>Utinam</span> <span class='ocrx_word' id='word_1_647' title='bbox 741 4762 995 4832; x_wconf 75' lang='lat' dir='ltr'>pristinae</span> <span class='ocrx_word' id='word_1_648' title='bbox 1009 4764 1388 4836; x_wconf 78' lang='lat' dir='ltr'>professionis</span> <span class='ocrx_word' id='word_1_649' title='bbox 1409 4782 1527 4822; x_wconf 76' lang='lat' dir='ltr'>suae</span> <span class='ocrx_word' id='word_1_650' title='bbox 1550 4781 1829 4825; x_wconf 90' lang='lat' dir='ltr'>memores</span> 
     </span>
     <span class='ocr_line' id='line_1_97' title="bbox 179 4849 1826 4926; baseline 0.007 -23"><span class='ocrx_word' id='word_1_651' title='bbox 179 4849 553 4917; x_wconf 84' lang='lat' dir='ltr'>exstitissent,</span> <span class='ocrx_word' id='word_1_652' title='bbox 584 4868 718 4924; x_wconf 78' lang='lat' dir='ltr'>ques</span> <span class='ocrx_word' id='word_1_653' title='bbox 747 4853 1038 4926; x_wconf 88' lang='lat' dir='ltr'>completa</span> <span class='ocrx_word' id='word_1_654' title='bbox 1074 4854 1255 4911; x_wconf 90' lang='lat' dir='ltr'>semel</span> <span class='ocrx_word' id='word_1_655' title='bbox 1303 4856 1363 4910; x_wconf 89' lang='lat' dir='ltr'>in</span> <span class='ocrx_word' id='word_1_656' title='bbox 1397 4858 1610 4913; x_wconf 89' lang='lat' dir='ltr'>seriem</span> <span class='ocrx_word' id='word_1_657' title='bbox 1643 4861 1826 4915; x_wconf 89' lang='lat' dir='ltr'>totam</span> 
     </span>
     <span class='ocr_line' id='line_1_98' title="bbox 181 4935 1828 5010; baseline 0.007 -20"><span class='ocrx_word' id='word_1_658' title='bbox 181 4935 390 4991; x_wconf 67' lang='lat' dir='ltr'>futuras</span> <span class='ocrx_word' id='word_1_659' title='bbox 417 4939 802 4997; x_wconf 88' lang='lat' dir='ltr'>successionis</span> <span class='ocrx_word' id='word_1_660' title='bbox 831 4941 1182 5010; x_wconf 85' lang='lat' dir='ltr'>extenditur,</span> <span class='ocrx_word' id='word_1_661' title='bbox 1214 4947 1271 4998; x_wconf 90' lang='lat' dir='ltr'>et</span> <span class='ocrx_word' id='word_1_662' title='bbox 1312 4958 1459 4999; x_wconf 82' lang='lat' dir='ltr'>nova</span> <span class='ocrx_word' id='word_1_663' title='bbox 1482 4943 1828 5002; x_wconf 87' lang='lat' dir='ltr'>succedente</span> 
     </span>
     <span class='ocr_line' id='line_1_99' title="bbox 177 5028 1826 5106; baseline 0.007 -29"><span class='ocrx_word' id='word_1_664' title='bbox 177 5028 345 5081; x_wconf 82' lang='lat' dir='ltr'>vetus</span> <span class='ocrx_word' id='word_1_665' title='bbox 374 5039 602 5095; x_wconf 89' lang='lat' dir='ltr'>semper</span> <span class='ocrx_word' id='word_1_666' title='bbox 632 5030 687 5084; x_wconf 89' lang='lat' dir='ltr'>in</span> <span class='ocrx_word' id='word_1_667' title='bbox 721 5029 977 5102; x_wconf 88' lang='lat' dir='ltr'>idipsum</span> <span class='ocrx_word' id='word_1_668' title='bbox 1018 5031 1296 5106; x_wconf 89' lang='lat' dir='ltr'>obligatio</span> <span class='ocrx_word' id='word_1_669' title='bbox 1332 5032 1720 5090; x_wconf 84' lang='lat' dir='ltr'>reformaturi</span> <span class='ocrx_word' id='word_1_670' title='bbox 1758 5034 1826 5091; x_wconf 86' lang='lat' dir='ltr'>Hi</span> 
     </span>
     <span class='ocr_line' id='line_1_100' title="bbox 181 5112 1823 5192; baseline 0.004 -22"><span class='ocrx_word' id='word_1_671' title='bbox 181 5117 322 5170; x_wconf 88' lang='lat' dir='ltr'>sunt</span> <span class='ocrx_word' id='word_1_672' title='bbox 352 5112 450 5185; x_wconf 88' lang='lat' dir='ltr'>qui</span> <span class='ocrx_word' id='word_1_673' title='bbox 476 5116 545 5170; x_wconf 86' lang='lat' dir='ltr'>ad</span> <span class='ocrx_word' id='word_1_674' title='bbox 578 5131 814 5173; x_wconf 89' lang='lat' dir='ltr'>causam</span> <span class='ocrx_word' id='word_1_675' title='bbox 837 5122 1113 5189; x_wconf 86' lang='lat' dir='ltr'>vestram,</span> <span class='ocrx_word' id='word_1_676' title='bbox 1144 5122 1264 5177; x_wconf 90' lang='lat' dir='ltr'>imo</span> <span class='ocrx_word' id='word_1_677' title='bbox 1309 5138 1552 5179; x_wconf 88' lang='lat' dir='ltr'>causam</span> <span class='ocrx_word' id='word_1_678' title='bbox 1580 5122 1823 5192; x_wconf 88' lang='lat' dir='ltr'>Christi,</span> 
     </span>
     <span class='ocr_line' id='line_1_101' title="bbox 179 5204 1827 5284; baseline 0.005 -24"><span class='ocrx_word' id='word_1_679' title='bbox 179 5219 285 5277; x_wconf 88' lang='lat' dir='ltr'>per</span> <span class='ocrx_word' id='word_1_680' title='bbox 312 5204 511 5261; x_wconf 91' lang='lat' dir='ltr'>omnia</span> <span class='ocrx_word' id='word_1_681' title='bbox 563 5206 906 5264; x_wconf 89' lang='lat' dir='ltr'>discrimina</span> <span class='ocrx_word' id='word_1_682' title='bbox 962 5212 1427 5284; x_wconf 84' lang='lat' dir='ltr'>prosequendam</span> <span class='ocrx_word' id='word_1_683' title='bbox 1479 5213 1827 5269; x_wconf 88' lang='lat' dir='ltr'>tenebantur</span> 
     </span>
     <span class='ocr_line' id='line_1_102' title="bbox 177 5292 1823 5368; baseline 0.004 -18"><span class='ocrx_word' id='word_1_684' title='bbox 177 5292 432 5362; x_wconf 88' lang='lat' dir='ltr'>obnoxii,</span> <span class='ocrx_word' id='word_1_685' title='bbox 463 5295 511 5351; x_wconf 92' lang='lat' dir='ltr'>si</span> <span class='ocrx_word' id='word_1_686' title='bbox 576 5296 798 5353; x_wconf 89' lang='lat' dir='ltr'>ordinis</span> <span class='ocrx_word' id='word_1_687' title='bbox 847 5297 937 5353; x_wconf 88' lang='lat' dir='ltr'>sui</span> <span class='ocrx_word' id='word_1_688' title='bbox 996 5297 1282 5368; x_wconf 84' lang='lat' dir='ltr'>debiturn,</span> <span class='ocrx_word' id='word_1_689' title='bbox 1314 5306 1369 5357; x_wconf 93' lang='lat' dir='ltr'>et</span> <span class='ocrx_word' id='word_1_690' title='bbox 1402 5301 1823 5359; x_wconf 89' lang='lat' dir='ltr'>detrimentum</span> 
     </span>
     <span class='ocr_line' id='line_1_103' title="bbox 173 5380 1818 5462; baseline 0.005 -23"><span class='ocrx_word' id='word_1_691' title='bbox 173 5380 578 5440; x_wconf 79' lang='lat' dir='ltr'>ecclesiasticae</span> <span class='ocrx_word' id='word_1_692' title='bbox 600 5384 888 5442; x_wconf 90' lang='lat' dir='ltr'>libertatis</span> <span class='ocrx_word' id='word_1_693' title='bbox 933 5388 1318 5446; x_wconf 89' lang='lat' dir='ltr'>attenderent.</span> <span class='ocrx_word' id='word_1_694' title='bbox 1350 5389 1459 5446; x_wconf 90' lang='lat' dir='ltr'>Sed</span> <span class='ocrx_word' id='word_1_695' title='bbox 1522 5406 1639 5462; x_wconf 88' lang='lat' dir='ltr'>qua</span> <span class='ocrx_word' id='word_1_696' title='bbox 1684 5390 1818 5459; x_wconf 86' lang='lat' dir='ltr'>fide,</span> 
     </span>
     <span class='ocr_line' id='line_1_104' title="bbox 177 5471 1823 5552; baseline 0.007 -27"><span class='ocrx_word' id='word_1_697' title='bbox 177 5485 294 5542; x_wconf 87' lang='lat' dir='ltr'>qua</span> <span class='ocrx_word' id='word_1_698' title='bbox 351 5471 630 5530; x_wconf 85' lang='lat' dir='ltr'>charitate</span> <span class='ocrx_word' id='word_1_699' title='bbox 687 5475 1007 5545; x_wconf 82' lang='lat' dir='ltr'>vobiscum,</span> <span class='ocrx_word' id='word_1_700' title='bbox 1066 5477 1183 5535; x_wconf 92' lang='lat' dir='ltr'>imo</span> <span class='ocrx_word' id='word_1_701' title='bbox 1214 5494 1348 5535; x_wconf 90' lang='lat' dir='ltr'>cum</span> <span class='ocrx_word' id='word_1_702' title='bbox 1397 5478 1513 5536; x_wconf 91' lang='lat' dir='ltr'>Deo</span> <span class='ocrx_word' id='word_1_703' title='bbox 1545 5479 1823 5552; x_wconf 86' lang='lat' dir='ltr'>coeperint</span> 
     </span>
     <span class='ocr_line' id='line_1_105' title="bbox 178 5559 1820 5640; baseline 0.005 -21"><span class='ocrx_word' id='word_1_704' title='bbox 178 5559 483 5620; x_wconf 88' lang='lat' dir='ltr'>ambulare</span> <span class='ocrx_word' id='word_1_705' title='bbox 537 5563 784 5635; x_wconf 83' lang='lat' dir='ltr'>vidistis,</span> <span class='ocrx_word' id='word_1_706' title='bbox 815 5566 957 5640; x_wconf 88' lang='lat' dir='ltr'>quia</span> <span class='ocrx_word' id='word_1_707' title='bbox 1001 5568 1062 5626; x_wconf 89' lang='lat' dir='ltr'>in</span> <span class='ocrx_word' id='word_1_708' title='bbox 1110 5569 1450 5627; x_wconf 85' lang='lat' dir='ltr'>necessitate</span> <span class='ocrx_word' id='word_1_709' title='bbox 1486 5572 1677 5630; x_wconf 85' lang='lat' dir='ltr'>vestra</span> <span class='ocrx_word' id='word_1_710' title='bbox 1712 5584 1820 5628; x_wconf 89' lang='lat' dir='ltr'>nec</span> 
     </span>
    </p>
   </div>
   <div class='ocr_carea' id='block_1_9' title="bbox 1928 4584 3592 5646">
    <p class='ocr_par' dir='ltr' id='par_1_12' title="bbox 1928 4584 3592 5646">
     <span class='ocr_line' id='line_1_106' title="bbox 1936 4584 3592 4662; baseline -0.002 -16"><span class='ocrx_word' id='word_1_711' title='bbox 1936 4591 2121 4657; x_wconf 89' lang='lat' dir='ltr'>diant,</span> <span class='ocrx_word' id='word_1_712' title='bbox 2152 4594 2209 4648; x_wconf 91' lang='lat' dir='ltr'>et</span> <span class='ocrx_word' id='word_1_713' title='bbox 2264 4590 2653 4662; x_wconf 88' lang='lat' dir='ltr'>dignitatibus</span> <span class='ocrx_word' id='word_1_714' title='bbox 2709 4591 3071 4647; x_wconf 89' lang='lat' dir='ltr'>incessanter</span> <span class='ocrx_word' id='word_1_715' title='bbox 3098 4586 3411 4649; x_wconf 83' lang='lat' dir='ltr'>obsistant,</span> <span class='ocrx_word' id='word_1_716' title='bbox 3445 4584 3592 4658; x_wconf 88' lang='lat' dir='ltr'>quia</span> 
     </span>
     <span class='ocr_line' id='line_1_107' title="bbox 1939 4673 3587 4752; baseline -0.004 -16"><span class='ocrx_word' id='word_1_717' title='bbox 1939 4682 2123 4736; x_wconf 88' lang='lat' dir='ltr'>totum</span> <span class='ocrx_word' id='word_1_718' title='bbox 2140 4679 2250 4736; x_wconf 91' lang='lat' dir='ltr'>sibi</span> <span class='ocrx_word' id='word_1_719' title='bbox 2265 4684 2536 4751; x_wconf 88' lang='lat' dir='ltr'>reputant</span> <span class='ocrx_word' id='word_1_720' title='bbox 2547 4679 2811 4752; x_wconf 90' lang='lat' dir='ltr'>deperire</span> <span class='ocrx_word' id='word_1_721' title='bbox 2823 4677 3107 4751; x_wconf 91' lang='lat' dir='ltr'>quidquid</span> <span class='ocrx_word' id='word_1_722' title='bbox 3120 4678 3249 4748; x_wconf 87' lang='lat' dir='ltr'>ejus</span> <span class='ocrx_word' id='word_1_723' title='bbox 3264 4674 3355 4731; x_wconf 84' lang='lat' dir='ltr'>vel</span> <span class='ocrx_word' id='word_1_724' title='bbox 3370 4673 3587 4733; x_wconf 88' lang='lat' dir='ltr'>honori</span> 
     </span>
     <span class='ocr_line' id='line_1_108' title="bbox 1941 4763 3588 4839; baseline -0.002 -15"><span class='ocrx_word' id='word_1_725' title='bbox 1941 4768 2026 4824; x_wconf 82' lang='lat' dir='ltr'>vel</span> <span class='ocrx_word' id='word_1_726' title='bbox 2049 4769 2420 4839; x_wconf 86' lang='lat' dir='ltr'>proventibus</span> <span class='ocrx_word' id='word_1_727' title='bbox 2443 4769 2689 4827; x_wconf 88' lang='lat' dir='ltr'>viderint</span> <span class='ocrx_word' id='word_1_728' title='bbox 2709 4768 3042 4826; x_wconf 89' lang='lat' dir='ltr'>accessisse.</span> <span class='ocrx_word' id='word_1_729' title='bbox 3064 4768 3291 4825; x_wconf 85' lang='lat' dir='ltr'>Instant</span> <span class='ocrx_word' id='word_1_730' title='bbox 3310 4763 3588 4833; x_wconf 86' lang='lat' dir='ltr'>alacrius,</span> 
     </span>
     <span class='ocr_line' id='line_1_109' title="bbox 1938 4853 3583 4930; baseline -0.003 -15"><span class='ocrx_word' id='word_1_731' title='bbox 1938 4872 2005 4915; x_wconf 88' lang='lat' dir='ltr'>eo</span> <span class='ocrx_word' id='word_1_732' title='bbox 2026 4858 2180 4929; x_wconf 90' lang='lat' dir='ltr'>quod</span> <span class='ocrx_word' id='word_1_733' title='bbox 2203 4857 2287 4913; x_wconf 89' lang='lat' dir='ltr'>eis</span> <span class='ocrx_word' id='word_1_734' title='bbox 2307 4862 2473 4930; x_wconf 89' lang='lat' dir='ltr'>grata</span> <span class='ocrx_word' id='word_1_735' title='bbox 2492 4858 2563 4915; x_wconf 90' lang='lat' dir='ltr'>de</span> <span class='ocrx_word' id='word_1_736' title='bbox 2585 4858 2863 4930; x_wconf 87' lang='lat' dir='ltr'>temporis</span> <span class='ocrx_word' id='word_1_737' title='bbox 2882 4856 3315 4928; x_wconf 89' lang='lat' dir='ltr'>opportunitate</span> <span class='ocrx_word' id='word_1_738' title='bbox 3340 4853 3583 4927; x_wconf 77' lang='lat' dir='ltr'>refulget</span> 
     </span>
     <span class='ocr_line' id='line_1_110' title="bbox 1936 4941 3588 5020; baseline -0.003 -18"><span class='ocrx_word' id='word_1_739' title='bbox 1936 4946 2184 5017; x_wconf 90' lang='lat' dir='ltr'>occasio,</span> <span class='ocrx_word' id='word_1_740' title='bbox 2219 4948 2357 5019; x_wconf 83' lang='lat' dir='ltr'>quia</span> <span class='ocrx_word' id='word_1_741' title='bbox 2384 4947 2537 5003; x_wconf 87' lang='lat' dir='ltr'>vires</span> <span class='ocrx_word' id='word_1_742' title='bbox 2569 4948 2651 5002; x_wconf 85' lang='lat' dir='ltr'>eis</span> <span class='ocrx_word' id='word_1_743' title='bbox 2702 4947 2871 5020; x_wconf 76' lang='lat' dir='ltr'>regies</span> <span class='ocrx_word' id='word_1_744' title='bbox 2909 4945 3327 5017; x_wconf 79' lang='lat' dir='ltr'>suffragantur,</span> <span class='ocrx_word' id='word_1_745' title='bbox 3360 4941 3588 5015; x_wconf 87' lang='lat' dir='ltr'>quibus</span> 
     </span>
     <span class='ocr_line' id='line_1_111' title="bbox 1937 5032 3584 5107; baseline -0.003 -16"><span class='ocrx_word' id='word_1_746' title='bbox 1937 5036 2250 5107; x_wconf 77' lang='lat' dir='ltr'>praedicant</span> <span class='ocrx_word' id='word_1_747' title='bbox 2280 5052 2342 5093; x_wconf 92' lang='lat' dir='ltr'>se</span> <span class='ocrx_word' id='word_1_748' title='bbox 2372 5036 2430 5091; x_wconf 92' lang='lat' dir='ltr'>in</span> <span class='ocrx_word' id='word_1_749' title='bbox 2462 5035 2554 5093; x_wconf 87' lang='lat' dir='ltr'>his</span> <span class='ocrx_word' id='word_1_750' title='bbox 2575 5038 2646 5093; x_wconf 91' lang='lat' dir='ltr'>ad</span> <span class='ocrx_word' id='word_1_751' title='bbox 2678 5040 2893 5093; x_wconf 91' lang='lat' dir='ltr'>statum</span> <span class='ocrx_word' id='word_1_752' title='bbox 2922 5036 3086 5107; x_wconf 90' lang='lat' dir='ltr'>regni</span> <span class='ocrx_word' id='word_1_753' title='bbox 3112 5032 3584 5089; x_wconf 87' lang='lat' dir='ltr'>conservandum</span> 
     </span>
     <span class='ocr_line' id='line_1_112' title="bbox 1935 5120 3581 5197; baseline -0.002 -16"><span class='ocrx_word' id='word_1_754' title='bbox 1935 5124 2165 5181; x_wconf 83' lang='lat' dir='ltr'>fidelem</span> <span class='ocrx_word' id='word_1_755' title='bbox 2187 5125 2549 5197; x_wconf 88' lang='lat' dir='ltr'>diligentiam</span> <span class='ocrx_word' id='word_1_756' title='bbox 2573 5125 2866 5182; x_wconf 88' lang='lat' dir='ltr'>adhibere.</span> <span class='ocrx_word' id='word_1_757' title='bbox 2889 5123 3070 5180; x_wconf 82' lang='lat' dir='ltr'>Aiunt</span> <span class='ocrx_word' id='word_1_758' title='bbox 3083 5122 3239 5179; x_wconf 91' lang='lat' dir='ltr'>enim</span> <span class='ocrx_word' id='word_1_759' title='bbox 3261 5120 3581 5194; x_wconf 68' lang='lat' dir='ltr'>praedeces·</span> 
     </span>
     <span class='ocr_line' id='line_1_113' title="bbox 1933 5209 3584 5284; baseline -0.004 -14"><span class='ocrx_word' id='word_1_760' title='bbox 1933 5229 2093 5271; x_wconf 91' lang='lat' dir='ltr'>sores</span> <span class='ocrx_word' id='word_1_761' title='bbox 2122 5215 2250 5284; x_wconf 86' lang='lat' dir='ltr'>ejus</span> <span class='ocrx_word' id='word_1_762' title='bbox 2281 5229 2386 5270; x_wconf 85' lang='lat' dir='ltr'>nec</span> <span class='ocrx_word' id='word_1_763' title='bbox 2434 5219 2627 5271; x_wconf 89' lang='lat' dir='ltr'>tantas</span> <span class='ocrx_word' id='word_1_764' title='bbox 2660 5213 2836 5282; x_wconf 87' lang='lat' dir='ltr'>vires,</span> <span class='ocrx_word' id='word_1_765' title='bbox 2886 5229 2991 5269; x_wconf 90' lang='lat' dir='ltr'>nec</span> <span class='ocrx_word' id='word_1_766' title='bbox 3020 5216 3244 5269; x_wconf 89' lang='lat' dir='ltr'>tantam</span> <span class='ocrx_word' id='word_1_767' title='bbox 3277 5209 3584 5281; x_wconf 86' lang='lat' dir='ltr'>potestatis</span> 
     </span>
     <span class='ocr_line' id='line_1_114' title="bbox 1932 5297 3584 5375; baseline -0.002 -16"><span class='ocrx_word' id='word_1_768' title='bbox 1932 5302 2379 5375; x_wconf 89' lang='lat' dir='ltr'>amplitudinem</span> <span class='ocrx_word' id='word_1_769' title='bbox 2405 5303 2699 5372; x_wconf 86' lang='lat' dir='ltr'>habuisse,</span> <span class='ocrx_word' id='word_1_770' title='bbox 2717 5311 3096 5375; x_wconf 87' lang='lat' dir='ltr'>necoportere</span> <span class='ocrx_word' id='word_1_771' title='bbox 3114 5315 3250 5357; x_wconf 92' lang='lat' dir='ltr'>eum</span> <span class='ocrx_word' id='word_1_772' title='bbox 3273 5297 3584 5370; x_wconf 90' lang='lat' dir='ltr'>indignius</span> 
     </span>
     <span class='ocr_line' id='line_1_115' title="bbox 1931 5388 3574 5464; baseline -0.004 -15"><span class='ocrx_word' id='word_1_773' title='bbox 1931 5407 2190 5464; x_wconf 81' lang='lat' dir='ltr'>regnare,</span> <span class='ocrx_word' id='word_1_774' title='bbox 2204 5393 2291 5449; x_wconf 86' lang='lat' dir='ltr'>vel</span> <span class='ocrx_word' id='word_1_775' title='bbox 2307 5392 2607 5450; x_wconf 87' lang='lat' dir='ltr'>remissius</span> <span class='ocrx_word' id='word_1_776' title='bbox 2616 5392 2844 5463; x_wconf 88' lang='lat' dir='ltr'>operari</span> <span class='ocrx_word' id='word_1_777' title='bbox 2864 5391 2927 5461; x_wconf 88' lang='lat' dir='ltr'>;d</span> <span class='ocrx_word' id='word_1_778' title='bbox 2938 5391 3163 5462; x_wconf 82' lang='lat' dir='ltr'>ignitati</span> <span class='ocrx_word' id='word_1_779' title='bbox 3178 5388 3368 5463; x_wconf 88' lang='lat' dir='ltr'>magis</span> <span class='ocrx_word' id='word_1_780' title='bbox 3389 5402 3574 5461; x_wconf 88' lang='lat' dir='ltr'>quam</span> 
     </span>
     <span class='ocr_line' id='line_1_116' title="bbox 1930 5476 3590 5554; baseline -0.002 -16"><span class='ocrx_word' id='word_1_781' title='bbox 1930 5480 2285 5540; x_wconf 88' lang='lat' dir='ltr'>utilitatibus</span> <span class='ocrx_word' id='word_1_782' title='bbox 2303 5482 2753 5553; x_wconf 86' lang='lat' dir='ltr'>intendendum,</span> <span class='ocrx_word' id='word_1_783' title='bbox 2774 5499 2910 5538; x_wconf 84' lang='lat' dir='ltr'>cum</span> <span class='ocrx_word' id='word_1_784' title='bbox 2929 5481 3273 5554; x_wconf 88' lang='lat' dir='ltr'>plerumque</span> <span class='ocrx_word' id='word_1_785' title='bbox 3286 5476 3590 5554; x_wconf 30' lang='lat' dir='ltr'>cupidita-</span> 
     </span>
     <span class='ocr_line' id='line_1_117' title="bbox 1928 5565 3579 5646; baseline -0.002 -18"><span class='ocrx_word' id='word_1_786' title='bbox 1928 5573 2048 5630; x_wconf 90' lang='lat' dir='ltr'>tem</span> <span class='ocrx_word' id='word_1_787' title='bbox 2076 5569 2242 5630; x_wconf 88' lang='lat' dir='ltr'>lucra</span> <span class='ocrx_word' id='word_1_788' title='bbox 2271 5572 2587 5645; x_wconf 86' lang='lat' dir='ltr'>redoleant,</span> <span class='ocrx_word' id='word_1_789' title='bbox 2619 5572 2881 5646; x_wconf 85' lang='lat' dir='ltr'>dignitas</span> <span class='ocrx_word' id='word_1_790' title='bbox 2929 5584 3161 5643; x_wconf 89' lang='lat' dir='ltr'>semper</span> <span class='ocrx_word' id='word_1_791' title='bbox 3189 5565 3579 5626; x_wconf 86' lang='lat' dir='ltr'>reverentiam</span> 
     </span>
    </p>
   </div>
  </div>
 </body>
</html>
