3784 6000
506 239 688 297 HIST.
731 234 987 295 RERUM
1027 229 1524 293 TRANSMARIN.
1569 258 1637 273 -
1675 229 1810 287 ΗΒ.
1852 230 2005 291 XXI.
2047 230 2460 291 BALDUINUS
2499 232 2575 292 IV
2611 233 2784 292 REX.

3248 236 3357 299 ΒΜ

137 371 316 427 idiam
385 372 767 440 provocatus„
838 364 1004 418 Tales
1077 365 1217 417 sunt
1282 353 1590 429 praesentis
1625 357 1671 410 A
1699 353 2001 427 possidet:
2033 372 2109 414 ex
2139 361 2395 431 AEgypto
2429 363 2487 417 et
2526 359 2751 416 finibus
2780 358 3191 432 adjacentibus
3222 361 3359 423 auri

138 511 141 517 .
170 465 226 518 et
250 460 511 516 maxime
530 454 843 515 Orientalis
877 454 1097 509 tractus
1115 448 1419 512 homines;
1443 460 1592 517 quo·

138 566 314 615 iores,
347 545 751 603 imovitiorum
782 544 1068 604 monstra,
1103 538 1151 593 si
1180 536 1315 608 quis
1343 534 1591 604 diligen-

137 637 278 711 itylo
323 633 608 709 prosequi
647 637 849 698 tentet,
894 626 1156 684 materias
1193 622 1590 681 immensitate

137 727 318 791 mbat,
360 727 417 779 et
455 722 652 794 potius
695 724 963 790 satyram
1005 730 1246 773 movere
1295 712 1586 776 videatur,

157 814 468 872 historiam
498 816 708 867 texere.
762 806 1035 865 Secunda
1074 803 1249 860 nobis
1290 814 1477 862 causa
1516 814 1590 858 ex

146 902 439 968 occurrit;
470 898 638 972 quod
685 903 953 968 tempore
983 893 1302 965 praeterito,
1338 906 1477 947 cum
1507 887 1588 950 illi

137 993 484 1056 enerabiles,
533 989 656 1045 zelo
700 985 1116 1052 ductidivinO,
1177 982 1389 1038 ardore
1446 981 1587 1038 fidel

137 1102 181 1140 is
230 1081 520 1145 succensi,
578 1078 840 1150 primum
890 1074 968 1131 ad
1017 1072 1334 1129 orientales
1387 1076 1586 1142 partes

137 1173 394 1237 iderunt,
446 1173 614 1224 erant
680 1163 902 1220 bellicis
961 1162 1179 1218 assueti
1223 1159 1583 1231 discipliniS,

137 1281 159 1318 s
189 1256 509 1324 exercitati,
563 1271 736 1311 usum
764 1251 1052 1309 habentes
1083 1265 1391 1306 armorum
1420 1247 1585 1305 fami·

151 1394 162 1405 .
197 1348 453 1420 Populus
484 1361 620 1400 vero
647 1341 948 1399 orientalis
999 1338 1355 1402 econtrario,
1401 1337 1585 1407 longa

137 1439 451 1499 lissolutus,
481 1435 564 1490 rei
593 1431 857 1489 militaris
885 1444 1122 1500 experS,
1167 1425 1584 1483 inexercitatus

141 1546 168 1583 s
188 1527 552 1599 praeliorum,
582 1521 890 1577 vacatione
922 1516 1247 1589 gaudebat.
1276 1515 1441 1572 Unde
1462 1530 1583 1571 non

137 1616 506 1674 ,dmiratione
538 1612 812 1682 dignum,
841 1609 891 1665 si
937 1607 1114 1679 pauci
1161 1606 1364 1679 plures
1413 1605 1584 1662 susti-

1700 444 1952 520 primiet
1978 446 2304 518 purissimi,
2332 447 2498 521 quod
2528 447 2825 520 obryzum
2872 449 3112 521 dicitur,
3133 451 3355 512 inusti·

1700 533 1984 591 mabilem
2014 534 2246 592 habens
2273 535 2552 608 copiam;
2579 552 2650 593 ex
2678 536 2808 594 aliis
2838 539 3161 611 provinciis
3190 540 3358 614 equi-

1699 626 1849 686 tum,
1896 628 2324 695 pugnatorum,
2363 629 2422 683 et
2467 641 2686 684 aurum
2754 626 3079 685 sitientium
3118 633 3353 689 turmas

1697 709 1930 767 habens
1951 710 2330 784 innumeras3
2354 728 2510 785 quas
2537 715 2667 771 auri
2694 713 3056 773 habentibus
3086 717 3354 788 copiam,

1697 795 1866 855 facile
1897 803 1988 856 est
2005 800 2149 857 satis
2177 815 2565 872 congregare.
2599 801 2714 859 Sed
2737 818 2898 859 nunc
2929 803 3008 863 ad
3036 805 3353 866 historiam

1694 887 2034 945 redeamus.
2072 889 2292 946 Placuit
2319 890 2514 960 igitur,
2545 895 2607 947 ut
2628 891 3048 964 praemisimus,
3066 893 3351 952 omnibus

1694 978 1798 1048 qui
1825 975 2092 1044 aderant,
2117 977 2282 1051 quod
2312 977 2453 1035 huie
2486 979 2608 1035 viro
2640 987 2763 1036 tam
2796 981 3138 1054 magnifico,
3182 987 3241 1040 et
3269 983 3353 1044 ita

1694 1081 1801 1137 per
1822 1081 2140 1124 successus
2168 1068 2486 1123 continuos
2506 1067 2583 1125 ad
2611 1084 2963 1140 supremum
2990 1071 3226 1127 culmen
3249 1086 3351 1129 ac·

1693 1152 1994 1221 celeranti,
2024 1154 2221 1211 modis
2238 1155 2521 1214 omnibus
2546 1156 3038 1223 resisteretur;ne
3063 1173 3204 1215 cum
3224 1173 3349 1220 am·

1694 1243 1848 1315 plius
1879 1250 2103 1316 posset,
2139 1245 2195 1301 in
2216 1261 2329 1303 nos
2351 1244 2559 1303 durior
2582 1246 2913 1318 insurgeret
2944 1248 3349 1309 adversarius.

1691 1333 2031 1404 Assumptis
2046 1333 2224 1402 igitur
2246 1333 2416 1407 regni
2429 1336 2824 1408 principibus,
2854 1337 3351 1411 congregatisque

1692 1420 1962 1494 undique
1995 1422 2349 1479 militaribus
2374 1423 2717 1490 auxiliis‚ad
2745 1430 2944 1496 partes
2957 1425 3351 1497 Tripolitana!

1692 1509 1975 1567 dominus
2005 1526 2207 1567 comes
2239 1511 2523 1568 festinans
2553 1512 2897 1581 contendit;
2946 1513 3148 1586 ibique
3190 1514 3351 1577 circa

1690 1595 1841 1653 fines
1862 1598 2198 1655 Archenses
2220 1605 2701 1669 castrametatus,
2717 1601 2774 1657 in
2803 1617 2874 1661 ea
2893 1602 3155 1672 regionis
3178 1607 3348 1676 parte

137 1723 144 1763 ·.
172 1707 375 1774 levius,
419 1708 523 1759 aut
546 1703 630 1757 eis
654 1698 903 1756 devictis
936 1697 994 1752 in
1015 1695 1242 1752 bellicis
1274 1694 1583 1752 eventibus
1614 1702 1656 1757 Β
1691 1701 1828 1758 quoe
1856 1686 2073 1745 dicitur
2093 1686 2302 1755 Galifa,
2330 1690 2621 1746 consedit.

137 1811 241 1851 ·em
269 1791 590 1860 calculum,
607 1794 814 1846 etcum
831 1786 1035 1860 palma
1061 1783 1369 1841 victoriam
1384 1797 1584 1854 repor-

137 1927 147 1939 .
184 1887 243 1938 ln
286 1881 502 1937 talibus
532 1878 691 1935 enim
717 1878 804 1949 (ut
837 1874 1049 1931 melius
1089 1889 1183 1929 me
1216 1877 1455 1938 norunt,
1477 1871 1582 1943 qui

137 1991 148 2026 ι
171 1972 328 2029 circa
353 1970 488 2025 talia
500 1967 721 2025 habent
741 1965 972 2037 plenius
997 1962 1377 2029 exercitatos)
1404 1973 1581 2029 expe-

137 2077 267 2116 2usu
280 2064 629 2128 comparata
644 2058 908 2125 lonyaevo
921 2059 973 2110 ec
988 2050 1578 2114 continuo‚adversus

137 2166 189 2207 ιε
246 2151 398 2206 vires
427 2156 479 2206 et
520 2151 786 2202 carentes
821 2141 1142 2208 industria,
1187 2141 1334 2196 solet
1363 2138 1578 2208 saepius

138 2254 204 2296 ἐ.
237 2238 426 2295 Tertia
455 2250 699 2308 quoque
751 2247 936 2288 causa
977 2246 1096 2286 non
1151 2228 1411 2295 inferior,
1467 2242 1576 2283 nec

160 2327 391 2390 efficax,
425 2326 638 2380 iterum
670 2321 843 2378 nobis
875 2336 939 2376 se
970 2319 1181 2389 ingerit
1212 2334 1224 2374 :
1266 2317 1426 2388 quod
1462 2314 1577 2388 pri-

144 2416 452 2487 mporibus
510 2413 761 2482 siugulae
791 2426 942 2482 pene
981 2408 1249 2465 civitates
1293 2406 1574 2461 dominos

137 2510 229 2561 int
256 2505 550 2567 diversos,
589 2508 649 2557 ut
701 2515 866 2556 more
891 2496 1215 2553 Aristotelis
1257 2495 1442 2551 nostri
1490 2494 1573 2551 lo-

137 2611 209 2661 ir;
237 2610 353 2649 non
393 2589 842 2647 subalternatim
872 2589 1096 2660 positos
1130 2583 1235 2657 qui
1276 2599 1431 2652 rar0,
1464 2598 1571 2654 pa-

168 2682 557 2754 trequentius,
601 2678 911 2735 contrariis
951 2675 1160 2731 studiis
1213 2674 1567 2743 agebantur.

170 2788 326 2842 quos
349 2771 582 2826 diversa
596 2769 914 2840 sapientes,
933 2764 1020 2820 vel
1040 2763 1264 2835 saepius
1280 2763 1566 2833 adversa;

137 2878 153 2915 3
187 2865 496 2932 suspectos
523 2859 797 2919 invicem.
819 2855 1049 2912 minore
1080 2851 1343 2924 periculo
1370 2851 1572 2907 decer·

137 2966 198 3015 ,·;
240 2949 464 3021 quippe
495 2947 595 3019 qui
629 2961 739 3000 nec
792 2944 869 2999 ad
925 2957 1275 2998 communes
1318 2940 1569 3011 injurias

137 3040 358 3096 saudas
382 3037 548 3093 facile
576 3039 825 3108 possent
847 3038 949 3089 aut
978 3031 1192 3086 vellent
1223 3030 1564 3096 convenire3
1606 3069 1647 3127 C

150 3132 418 3184 nostram
446 3125 650 3180 leviter
670 3122 988 3193 perniciem
1031 3125 1429 3184 armarentur,
1463 3119 1567 3189 qui

137 3217 380 3271 imirum
409 3229 527 3269 non
560 3213 759 3267 miuus
790 3226 975 3283 quam
994 3215 1224 3264 nostros
1266 3206 1569 3264 formidini

138 3311 217 3360 nt.
255 3308 505 3359 Atuunc
537 3301 738 3356 omniu
773 3314 959 3368 regna
978 3298 1143 3353 nobis
1170 3297 1564 3362 contermina,

139 3412 167 3448 s
182 3398 558 3464 potestatem,
578 3389 828 3446 Domino
851 3388 929 3443 ita
958 3386 1308 3449 sustinente,
1326 3385 1569 3440 redacta

138 3500 265 3539 iam
301 3482 566 3554 proxime
599 3478 907 3551 praeteritis
930 3474 1321 3547 temporibuS,
1355 3473 1568 3529 virim-

141 3572 319 3635 imus,
382 3577 437 3626 et
493 3583 714 3624 nomen
762 3566 1158 3622 Christianum
1210 3563 1562 3628 abhorrens,

143 3665 322 3715 estem
358 3654 1221 3730 aliquam‚SauguinuS,hujus
1240 3652 1345 3726 qui
1375 3666 1567 3721 nuper

137 3749 356 3804 sradini
390 3755 576 3819 pater,
611 3750 749 3817 post
778 3745 895 3800 alia
919 3760 1053 3814 quie
1084 3740 1369 3797 violenter
1393 3755 1567 3796 occu-

137 3852 301 3907 egna,
343 3843 548 3892 nostra
582 3834 872 3890 memoria
893 3830 1154 3888 nobilem
1176 3835 1232 3885 et
1261 3827 1565 3899 egregiam

136 3942 216 3981 im
242 3924 614 3996 metropolim
644 3925 854 3991 RageS.
881 3920 997 3976 alio
1019 3919 1261 3975 nomine
1283 3917 1567 3973 Edessam

143 4054 158 4078 ,
202 4013 483 4069 fidelibus
508 4011 615 4083 qui
645 4011 703 4066 in
734 4027 804 4066 ea
834 4014 1022 4073 erant,
1065 4008 1192 4063 neci
1222 4007 1400 4070 datis,
1426 4021 1564 4060 cum

137 4120 198 4157 us
252 4102 472 4157 finibus
515 4100 639 4155 suis
689 4097 1004 4169 occupavit
1056 4096 1358 4151 violenter.
1419 4094 1564 4150 Item

139 4207 248 4246 nus
267 4192 396 4262 ejus
413 4190 592 4257 iilius,
611 4188 859 4259 expulso
876 4186 1388 4240 Damascenorum
1406 4198 1562 4253 rege,

137 4273 1563 4350 'raudesuorumquamviribuspropriis‚reguu1n

137 4368 209 4426 ibi
256 4368 597 4432 vindicavit,
631 4371 812 4438 atque
866 4364 943 4420 ad
986 4369 1299 4434 paternam
1349 4360 1565 4433 adJ'ecit

141 4464 348 4514 tatem.
380 4457 706 4513 Novissime
730 4455 884 4509 idem
904 4451 1236 4509 Noradinus
1263 4466 1367 4523 per
1398 4449 1567 4506 mini-

137 4563 157 4602 ι
206 4553 261 4602 et
317 4546 671 4601 industriam
710 4542 992 4607 Siraconi,
1034 4556 1287 4609 regnum
1331 4539 1564 4611 AEgypti

138 4636 397 4691 ‚ssimum
424 4642 479 4689 et
516 4633 866 4705 opulentum
896 4631 1100 4697 nimis,
1123 4630 1233 4686 sibi
1263 4629 1567 4699 mancipa-

140 4731 242 4780 cut
273 4725 568 4794 superius,
596 4723 740 4777 dum
769 4721 842 4776 de
870 4736 1054 4789 regno
1088 4719 1321 4775 domini
1368 4717 1567 4773 Amal·

137 4820 470 4879 ictaremus„
508 4811 683 4865 latius
716 4810 1126 4865 disseruimus.
1164 4809 1255 4864 Sic
1298 4822 1460 4876 ergo,
1508 4811 1569 4863 ut

137 4919 198 4966 is,
239 4903 446 4956 omnia
477 4900 669 4954 vicina
699 4899 870 4953 nobis
921 4913 1124 4964 regna,
1151 4898 1326 4953 unius
1359 4900 1571 4968 parent

137 5006 184 5055 3,
211 4990 383 5045 unius
399 4989 646 5044 nutibus
664 4988 928 5042 serviunt
948 4986 1033 5041 vel
1064 4986 1248 5050 inviti,
1281 4985 1358 5041 ad
1393 4984 1567 5041 unius

137 5123 141 5136 .
166 5080 337 5151 quasi
356 5080 442 5134 vii·
468 5093 644 5142 unuS,
679 5077 733 5131 in
752 5081 1019 5131 nostram
1040 5079 1353 5130 armantur
1374 5074 1567 5131 laesio·

138 5184 255 5223 non
289 5169 495 5239 estqui
525 5166 747 5237 dispari
775 5166 1042 5235 rapiatur
1069 5164 1264 5219 studio
1291 5177 1442 5226 ;non
1475 5168 1567 5218 est

137 5258 274 5313 mini
309 5258 598 5312 mandata
630 5258 874 5326 impune
911 5256 1234 5324 praetereat.
1274 5254 1406 5307 lloec
1423 5267 1567 5308 sane

159 5346 582 5410 SalahadinuS,
636 5345 711 5400 de
753 5360 888 5414 quae
939 5342 1157 5412 saepius
1200 5340 1565 5398 mentionem

137 5454 183 5502 s,
243 5438 332 5490 vir
381 5450 597 5504 genere
654 5433 901 5505 quidem
961 5430 1229 5497 humilis,
1287 5434 1567 5487 extremm

136 5524 484 5590 onishom0,
525 5519 1565 5587 secundanimisarridentefortuna‚

1596 4424 1643 4480 D

2306 1795 2531 1852 CAPUT
2577 1795 2726 1851 vui.

1688 1898 1974 1954 Mussuloe
2001 1899 2276 1955 dominus
2304 1900 2368 1956 in
2395 1901 2623 1967 nepotis
2648 1900 2978 1958 subsidium
3029 1909 3342 1972 properae.

1758 1968 2165 2027 Salaltadinm
2183 1972 2457 2040 profic-u,-
2499 1973 2795 2052 reqionem
2825 1979 3081 2041 occupat
3105 1974 3344 2031 univer·

1758 2055 1908 2097 sam.
1943 2041 2146 2100 Comes
2175 2058 2309 2098 cum
2342 2057 2407 2100 eo
2429 2043 2764 2113 paciscitur
2790 2065 2811 2112 ,-
2855 2045 3081 2103 obsides
3107 2045 3343 2116 recipit.

1761 2148 1912 2202 Dum
1939 2146 2068 2203 haec
2091 2147 2254 2220 apud
2283 2163 2395 2204 nos
2423 2148 3000 2219 geruntur-,audiens
3031 2149 3135 2207 filii
3164 2150 3346 2209 Nora·

1684 2232 1808 2289 dini
1837 2240 2108 2306 patruus,
2136 2236 2418 2309 princeps
2445 2236 2748 2293 maximus
2773 2242 2828 2294 et
2849 2237 2999 2294 inter
3013 2238 3345 2297 orientales

1684 2323 1877 2392 gentis
1907 2324 2253 2381 Parthorum
2277 2325 2753 2397 potentissimus,
2770 2327 3015 2383 nomine
3034 2327 3340 2395 cotobedi,

1682 2411 1846 2483 quod
1872 2412 2050 2469 fratre
2078 2418 2332 2481 mortuo,
2349 2413 2668 2471 Salahadin
2680 2431 2747 2470 us
2760 2416 2975 2487 spretis
2994 2415 3345 2474 humanita-

1682 2499 1757 2555 tis
1789 2501 2039 2570 legibus,
2069 2502 2391 2559 immemor
2451 2502 2645 2559 factus
2698 2519 2822 2559 sum
2874 2504 3234 2562 conditionis
3284 2510 3344 2565 et

1682 2589 2110 2647 beneficiorum
2143 2590 2256 2646 sibi
2285 2607 2322 2647 a
2344 2595 2513 2665 patre
2539 2592 2705 2664 pueri
2738 2593 3093 2649 collatorum
3142 2594 3340 2665 ingra-

1680 2680 1898 2743 tus‚ita
1932 2684 2143 2737 contra
2167 2679 2483 2736 dominum
2518 2696 2695 2736 suum
2729 2681 2931 2739 adhuc
2961 2682 3339 2755 impuberem

1680 2767 2094 2834 insurrexisse,
2111 2772 2477 2839 congregata
2501 2769 2772 2842 equitum
2787 2785 3112 2827 numerosa
3130 2786 3337 2838 manu,

1678 2872 1940 2929 quorum
1974 2858 2241 2914 maxima
2280 2857 2499 2913 dicitur
2526 2872 2656 2913 esse
2695 2857 2778 2913 illi
2810 2858 3007 2930 copia,
3037 2859 3339 2933 Euphrate

1678 2946 2055 3012 transmisso,
2089 2950 2296 3004 contra
2330 2946 2667 3017 proditores
2697 2962 2863 3013 suos,
2911 2947 3115 3020 nepoti
3154 2962 3337 3022 opem

1680 3034 1911 3092 laturus
1924 3034 2001 3092 ad
2012 3035 2188 3092 venit.
2206 3037 2341 3092 Erat
2364 3040 2564 3094 autem
2592 3033 2690 3091 hic
2713 3037 3017 3093 maximus
3036 3037 3339 3111 princeps,

1676 3123 1961 3179 dominns
1987 3123 2144 3179 illius
2173 3125 2612 3197 antiquissimae
2645 3131 2701 3181 et
2740 3124 3164 3182 famosissimas
3195 3126 3337 3183 civi-

1676 3212 1812 3269 tatis
1832 3213 2061 3277 Ninive,
2089 3228 2225 3285 quae
2257 3213 2403 3270 olim
2432 3213 2600 3270 Jonae
2628 3214 2938 3285 prophetas
2980 3214 3337 3273 exhortatio·

1676 3299 1768 3356 nis
1795 3302 2003 3367 verbo,
2041 3304 2101 3356 in
2131 3302 2326 3357 cinere
2356 3308 2413 3357 et
2439 3300 2629 3358 cilicio
2657 3301 2875 3358 dicitur
2922 3304 3115 3373 egisse
3139 3302 3340 3376 poeniq

1675 3390 1920 3446 tentiam
1948 3406 1964 3455 ;
1992 3405 2153 3445 nunc
2178 3395 2380 3446 autem
2415 3395 2650 3447 mutato
2680 3392 2946 3459 nomine,
2979 3391 3113 3448 loco
3153 3393 3334 3451 etiam

1675 3494 1796 3534 non
1834 3479 2089 3535 multum
2118 3477 2296 3548 longe
2327 3478 2406 3534 ab
2443 3478 2546 3535 illa
2594 3480 2934 3550 antiquiore
2983 3485 3236 3545 remota,
3259 3496 3335 3537 ex

1674 3566 1934 3622 residuis
1978 3565 2370 3623 {edificiorum
2420 3572 2477 3623 et
2536 3568 2734 3639 populi
2782 3568 3072 3639 restituta,
3105 3570 3334 3626 Musula

1673 3655 1927 3719 dicitur;
1985 3662 2210 3711 retenta
2246 3654 2445 3711 adhuc
2478 3655 2878 3726 metropoleos
2919 3656 3227 3729 dignitate,
3271 3657 3334 3713 in

1673 3744 1839 3801 omni
1872 3743 2130 3815 Assyria.
2167 3744 2290 3809 Hic,
2324 3747 2650 3815 postquam
2692 3743 2955 3809 advenit,
3006 3745 3066 3800 in
3095 3759 3336 3816 campe·

1675 3834 1898 3890 stribus
1922 3831 2409 3905 circallalapiam
2438 3838 2634 3889 castra
2661 3831 2896 3889 locavit.
2933 3831 3333 3891 salahadinus

1675 3922 1900 3979 interea
1924 3922 2109 3978 nihilo
2122 3921 2366 3991 segnius
2398 3921 2608 3978 Bostro
2626 3921 2835 3993 primm
2860 3921 3091 3979 Arabim
3114 3929 3329 3980 metro-

1676 4010 1796 4083 poli
1827 4010 2113 4077 maxima,
2164 4009 2451 4082 Heliopoli
2474 4025 2739 4083 quoque,
2774 4026 2913 4082 quas
2936 4010 3116 4067 hodie
3146 4011 3332 4082 vulgo

1675 4099 1885 4156 dicitur
1904 4099 2148 4166 malbec,
2181 4103 2517 4171 spontanea
2560 4098 2787 4156 civium
2838 4099 3155 4156 traditione
3196 4100 3326 4160 sine

1676 4187 1831 4245 bello
1877 4187 2150 4260 receptis,
2208 4187 2421 4244 urbem
2486 4188 2887 4255 Emissenam,
2936 4204 3072 4261 quas
3114 4188 3329 4246 dicitur

1676 4276 1932 4343 camela,
1962 4276 2318 4343 obsederat3
2360 4280 2417 4332 et
2448 4276 2682 4348 absque
2706 4276 3090 4333 cunctatione
3119 4276 3328 4349 aliqua

1676 4364 1892 4422 tradita
1920 4371 2009 4421 est
2034 4364 2089 4420 ei
2116 4364 2389 4421 acivibus
2410 4364 2688 4438 ejusdem
2705 4364 2870 4420 urbis
2883 4379 3024 4436 pars
3052 4364 3327 4433 insci-ion

1677 4469 1818 4509 nam
1850 4453 1910 4510 in
1939 4453 2370 4525 collequodam
2400 4452 3159 4525 aquuantulumeditoerat
3187 4453 3330 4509 civi-

1675 4544 1810 4600 tatis
1840 4542 2211 4613 praesidium,
2252 4544 2397 4598 satis
2435 4543 2755 4608 munitum,
2818 4542 2877 4598 in
2907 4541 3072 4614 quod
3121 4539 3329 4598 fideles

1677 4632 2121 4704 praedictipueri
2145 4647 2207 4687 se
2221 4630 2616 4696 contulerant,
2639 4630 2802 4702 quod
2823 4634 3021 4685 tamen
3038 4633 3095 4684 et
3118 4628 3329 4696 armis,

1676 4726 1732 4777 et
1746 4720 2045 4775 alimentis
2073 4719 2239 4792 prius
2262 4718 2404 4774 satis
2435 4725 2491 4773 et
2508 4718 2787 4774 attentius
2822 4716 3326 4773 communierant.

1679 4812 2031 4881 Susceperat
2052 4808 2231 4864 etiam
2263 4806 2652 4863 nihilominus
2702 4806 2974 4877 ejusdem
3005 4805 3329 4878 provinciae

1679 4898 1857 4956 urbes
1880 4896 1961 4952 illi
1981 4896 2408 4962 conterminas,
2440 4894 2810 4952 tradentibus
2861 4895 3131 4951 locorum
3164 4894 3330 4952 inco-

1674 4986 1768 5050 lis,
1826 4986 2099 5052 Hamam,
2144 4985 2476 5041 Caesaream
2526 4988 2584 5041 et
2620 4983 2926 5052 regionem
2985 4983 3327 5042 nniversam

1677 5090 1867 5147 usque
1885 5073 1962 5129 ad
1984 5075 2170 5146 ipsam
2193 5073 2593 5145 llalapiam.}li
2621 5088 2759 5143 ergo
2789 5073 2891 5144 qui
2918 5073 2976 5128 in
3003 5087 3139 5130 arce
3162 5078 3331 5131 erant

1676 5163 1926 5221 civitatis
1940 5162 2283 5226 Emissenae,
2320 5161 2517 5218 missis
2549 5162 2770 5218 nuntiis
2797 5161 2874 5218 ad
2904 5162 3184 5219 comitem
3209 5162 3329 5220 Tri-

1676 5252 2036 5325 politanum,
2065 5257 2122 5309 et
2150 5256 2382 5307 nostros
2406 5250 2509 5324 qui
2548 5251 2797 5307 erantin
2827 5251 3059 5318 castris,
3087 5256 3151 5307 ut
3180 5267 3328 5325 prae·

1675 5342 1961 5407 diximus,
2000 5345 2412 5413 exspectantes
2453 5345 2516 5396 ut
2556 5338 2636 5396 ab
2685 5337 2967 5396 alterutra
3020 5344 3209 5413 parte,
3266 5339 3331 5398 in

1676 5436 1843 5489 tanto
1875 5429 2131 5486 tumultu
2160 5430 2379 5503 optatis
2407 5425 2880 5493 conditionibus.
2912 5432 3326 5496 evocarentur,

1675 5525 1912 5593 rogant,
1939 5523 2006 5576 ut
2027 5518 2107 5577 ad
2126 5531 2230 5578 eos
2251 5519 2457 5576 venire
2481 5532 2605 5576 non
2647 5515 3021 5590 pigritentur,
3051 5516 3333 5590 pollicen-
