3784 6000
164 276 290 340 155

1228 269 1574 336 ARNULFI
1617 265 2136 335 Luxovlnnsts
2180 265 2535 332 EPISCOPI

3469 267 3587 331 156

178 408 523 483 temporalia
552 410 728 479 bona,
763 413 823 467 et
851 408 979 483 ipsa
1026 407 1201 467 etiam
1232 422 1475 480 corpora
1505 409 1702 463 nostra
1732 406 1827 463 de-
1854 411 1911 480 Α
1941 406 2080 481 quia
2108 403 2271 477 prius
2290 406 2350 461 et
2369 403 2665 475 copiosius
2685 400 2855 461 nobis
2875 400 3225 472 infunditur,
3250 400 3404 476 quod
3427 418 3459 458 a
3483 420 3585 461 no·

173 500 439 570 soeviant,
473 505 536 556 ut
593 499 768 556 edant
815 514 1020 556 carues
1059 506 1311 564 nostras,
1356 495 1733 553 infirmantur
1760 499 1817 554 et

173 589 410 649 cadunt.
443 593 514 646 Bt
543 589 592 646 si
617 589 770 645 circa
801 588 1165 662 diripiendas
1192 585 1429 644 inutiles
1450 585 1709 645 sarcinas
1730 603 1821 644 oc-

178 685 487 752 cupantur,
548 675 805 734 Ecclesia
860 680 1056 733 tamen
1118 675 1212 733 Dei
1265 675 1649 733 nihilominus
1693 692 1818 748 quaa

170 766 543 839 disponenda
588 769 732 822 sunt
786 765 974 822 libera
1031 769 1310 838 potestate
1348 765 1647 837 disponit3
1701 766 1819 822 imo

1927 493 2100 552 bisin
2127 492 2275 551 alios
2288 491 2762 550 transfundatur.
2783 490 3229 564 Praerogativam
3251 489 3586 564 dignitatis,

1927 583 2206 657 quoniam
2236 581 2569 652 superiores
2589 586 2647 639 et
2671 579 3125 654 propinquiores
3156 583 3589 653 sumus.flupe·

1928 673 2135 744 riores,
2169 672 2449 746 quoniam
2481 670 2785 729 constituti
2833 685 3041 727 sumus
3088 669 3380 744 principes
3408 685 3586 742 super

1928 778 2165 820 omnem
2196 766 2435 819 terram.
2470 761 2791 819 constitues
2810 775 2924 829 eos,
2956 759 3171 833 inquit,
3191 760 3463 831 principes
3489 774 3583 815 su-

176 855 353 912 etiam
384 855 564 928 ipsos,
598 855 765 928 quasi
796 869 998 912 servos
1029 870 1307 929 nequam,
1337 854 1626 928 spirituali
1655 859 1823 928 pote-
1923 871 2029 926 per
2058 869 2275 912 omnem
2303 856 2515 910 terram
2544 852 2716 925 (Psoi.
2747 850 2921 924 xcxv).
2955 852 3036 907 De
3057 847 3334 923 apostolis
3357 848 3584 906 dictum

176 947 325 1001 state
356 943 607 1001 retrudit
636 944 694 999 in
727 958 1040 1013 carcerem,
1065 943 1161 999 ubi
1199 959 1296 1001 eos
1319 942 1621 1015 nimirum,
1652 943 1821 1016 quasi

173 1034 560 1107 compedibus
583 1034 954 1107 quibusdam,
969 1032 1198 1092 vinculo
1217 1033 1628 1103 anathematis,
1641 1039 1698 1090 et
1717 1051 1826 1108 op-

175 1120 413 1193 probrio
444 1125 736 1194 perpetuae
796 1120 1226 1178 maledictionis
1273 1120 1566 1193 astringit.
1612 1119 1674 1176 In
1708 1135 1823 1193 quo

176 1209 356 1266 etiam
388 1209 683 1267 laudabile
703 1209 931 1266 videtur
960 1209 1186 1283 operari
1217 1209 1402 1266 virtus
1435 1209 1634 1266 divina
1652 1209 1826 1266 mira-

179 1296 405 1367 culum,
453 1296 593 1354 dum
649 1299 818 1357 nobis
868 1299 926 1355 in
962 1298 1183 1355 unitate
1230 1301 1435 1354 nostra
1473 1303 1528 1353 et
1557 1296 1825 1354 libertate

182 1386 550 1460 degentibus,
584 1387 695 1457 ipsi
717 1388 790 1444 de
812 1387 969 1444 solos
1002 1386 1076 1443 ab
1097 1387 1326 1444 unitate
1355 1386 1641 1444 catholica
1657 1402 1823 1459 sepa-

179 1479 334 1544 rant,
357 1479 414 1532 et
434 1475 785 1534 detestandis
807 1476 1131 1547 subjiciunt
1150 1475 1433 1532 servituti.
1456 1475 1575 1532 Nos
1604 1479 1822 1544 tamen,

178 1564 510 1624 charissimi
542 1567 749 1622 fratres
779 1569 836 1622 et
863 1565 1108 1634 domini,
1141 1582 1258 1622 non
1289 1565 1568 1622 debemus
1600 1565 1823 1621 malum

179 1672 282 1727 pro
312 1655 466 1711 malo
496 1655 754 1723 reddere,
788 1669 977 1727 neque
1008 1653 1154 1710 vinci
1195 1671 1228 1711 a
1256 1654 1429 1722 male,
1465 1655 1563 1712 sed
1594 1654 1826 1712 vincere

1931 946 2059 1001 est:
2095 942 2298 1015 utique
2328 948 2385 998 et
2415 942 2486 999 de
2515 941 2704 1010 nobis,
2738 941 2838 1010 qui
2883 939 3014 997 loca
3040 937 3438 1010 apostolorum
3471 937 3583 994 mi-

1934 1033 2176 1090 noribus
2208 1047 2268 1089 re
2289 1048 2422 1089 vera
2453 1031 2698 1097 meritis,
2745 1029 2845 1086 sed
2881 1028 3207 1102 maioribus
3238 1027 3581 1086 consolatio·

1934 1123 2106 1182 nibus
2135 1120 2492 1178 obtinemus.
2513 1119 2715 1188 Qualis
2743 1123 2939 1178 autem
2970 1122 3061 1175 est
3089 1118 3185 1176 hio
3206 1116 3578 1190 principatus

1931 1219 2129 1270 noster
2145 1210 2175 1267 f
2205 1211 2409 1284 utique
2427 1209 2697 1266 sublimis
2716 1213 2773 1267 et
2796 1208 2978 1266 fortis.
2999 1208 3196 1276 Nimis,
3220 1205 3416 1280 inquit
3436 1205 3574 1264 Pro·

1932 1300 2130 1375 pheta,
2144 1299 2410 1358 honorati
2428 1306 2559 1355 sunt
2571 1297 2740 1356 amici
2757 1296 2864 1368 tui,
2880 1299 3038 1369 Deus,
3050 1295 3222 1353 nimis
3240 1297 3579 1367 confortatus

1931 1396 2013 1448 est
2030 1390 2380 1465 principatus
2398 1406 2586 1447 eorum
2608 1389 2780 1462 (Psat.
2807 1387 3106 1460 cxxxvtn).
3128 1385 3578 1459 Propinquiores

1932 1494 2177 1536 sumus:
2213 1479 2431 1536 amicos
2460 1477 2753 1550 siquidem
2776 1491 2885 1533 nos
2916 1472 3195 1548 appellat,
3224 1477 3281 1532 et
3304 1473 3375 1530 ad
3406 1489 3579 1545 argu-

1934 1571 2195 1623 mentum
2228 1565 2620 1640 propensioris
2650 1565 2922 1621 amioitioe
2943 1563 3234 1621 indultam
3258 1563 3578 1631 nobis,non

1937 1661 2161 1728 partem
2217 1655 2317 1713 sed
2371 1655 2599 1728 copiam
2657 1654 2835 1711 totius
2864 1652 3275 1710 familiaritatis
3304 1652 3580 1710 ostendit.

179 1744 241 1802 in
265 1744 416 1801 bono
439 1744 658 1802 malum
683 1762 696 1801 ε
729 1748 786 1800 et
805 1745 935 1802 ideo
956 1743 1025 1800 ad
1053 1745 1477 1802 revocationem
1498 1759 1699 1802 eorum
1726 1744 1822 1817 qui
1855 1735 1903 1802 B
1929 1747 2053 1804 Iam
2075 1761 2183 1803 non
2212 1745 2417 1816 dicam,
2451 1744 2667 1818 inquit,
2698 1759 2788 1801 vos
2817 1758 3019 1814 servos,
3047 1741 3140 1799 sed
3169 1740 3379 1799 amicos
3410 1757 3579 1811 meos,

179 1832 325 1891 foris
355 1838 491 1890 sunt
524 1849 756 1891 summa
780 1833 1059 1890 charitate
1102 1834 1381 1891 debemus
1410 1834 1730 1904 intendere,
1762 1836 1828 1890 ut

179 1921 292 1997 ipsi
327 1921 541 1977 unitati*
561 1927 775 1979 nostras
796 1924 1043 1995 possint,
1067 1921 1308 1979 Domino
1328 1923 1662 1992 miserante,
1686 1939 1825 1979 con·

179 2010 360 2078 necti,
382 2016 674 2083 quatenus
695 2011 734 2066 ii
758 2012 850 2082 qui
875 2012 1130 2083 quietem
1154 2011 1566 2071 ecclesiasticae
1596 2012 1827 2069 liberta·

178 2100 317 2157 tatis
347 2099 721 2172 impugnant,
746 2100 982 2158 meliore
1006 2100 1162 2159 ducti
1184 2101 1430 2159 oonsilio
1453 2102 1826 2177 resipiscant,

178 2192 377 2247 ettam
400 2189 472 2246 de
494 2189 858 2248 revocatione
871 2206 1073 2247 eorum
1096 2207 1271 2265 quam
1288 2191 1526 2248 istorum
1543 2191 1827 2263 poeniten-

181 2279 262 2336 tia
293 2286 512 2336 crescat
534 2279 861 2336 fecunditas
885 2280 1151 2347 unitatis,
1183 2284 1242 2335 et
1273 2281 1621 2338 inconcussa
1642 2297 1828 2338 serve-

179 2371 278 2423 tur
305 2367 420 2439 (55)
450 2367 846 2425 desiderandoe
878 2367 1271 2441 tranquillitas
1300 2367 1609 2428 libertatis.

251 2453 339 2510 Ad
371 2456 476 2511 boc
507 2455 729 2513 scilicet
748 2472 983 2513 omnem
1018 2473 1124 2514 nos
1155 2458 1426 2514 convenit
1453 2458 1821 2532 diligentiam

183 2543 483 2607 adbibere,
501 2560 731 2601 omnem
756 2547 1109 2619 propterhoc
1130 2548 1421 2604 sustinere
1435 2550 1821 2619 vexationem,

182 2647 356 2690 omne
413 2633 741 2705 periculum
815 2637 1084 2708 experiri.
1163 2637 1281 2693 Hoc
1347 2637 1505 2695 enim
1574 2637 1825 2710 speciale

179 2721 441 2779 debitum
475 2727 683 2780 nostris
711 2724 1090 2797 professionis
1121 2733 1207 2783 est
1240 2744 1253 2782 :
1304 2727 1557 2800 episcopi
1589 2743 1821 2786 sumus.

171 2809 256 2867 Ad
343 2808 453 2868 hoc
523 2813 900 2870 sacramentis
986 2815 1393 2873 ecclesiasticis
1470 2817 1826 2875 sanctificari

176 2897 470 2969 volumus,
521 2901 694 2957 ditari
759 2902 1073 2972 beneflciiS,
1138 2902 1461 2962 honoribus
1521 2904 1821 2964 illustrari.

175 2989 256 3048 1121
285 3006 355 3048 ea
383 2990 561 3047 stiam
595 3008 775 3049 causa
823 2991 916 3049 bio
947 2994 1169 3067 primas
1218 2994 1553 3053 obtinemus
1592 2997 1650 3054 in
1682 3014 1821 3054 con-

176 3076 312 3136 cilio
370 3079 694 3150 cathedras,
755 3081 974 3154 primos
1023 3083 1082 3139 in
1141 3084 1324 3141 coenis
1375 3086 1692 3157 recubitus,
1726 3104 1823 3144 sa-

175 3166 495 3224 lutationes
552 3169 608 3225 in
669 3170 814 3226 toro.
873 3171 952 3225 Ex
1001 3173 1202 3229 eadem
1251 3189 1427 3232 causa
1472 3176 1824 3247 populorum

175 3254 351 3313 nobis
424 3256 832 3316 multitudines
908 3259 1288 3332 inclinantur,
1368 3268 1433 3321 ut
1507 3263 1578 3321 de
1644 3281 1824 3323 manu

177 3345 380 3400 nostra
411 3348 635 3417 partem
671 3345 926 3419 aliquam
959 3350 1286 3407 commissis
1326 3353 1495 3409 nobis
1531 3353 1827 3412 benicdio-

176 3431 269 3489 nis
293 3434 904 3506 accipiant.Quoerunt
918 3438 1071 3495 enim
1096 3441 1357 3513 accipere
1376 3441 1447 3499 de
1467 3441 1825 3514 plenitudine

178 3530 400 3593 nostra,
433 3525 586 3597 quod
618 3541 724 3582 nos
745 3528 1081 3600 accepimus
1112 3530 1183 3586 de
1205 3528 1564 3602 plenitudine
1583 3532 1820 3590 Christi.

179 3610 285 3669 Hic
314 3614 457 3671 ordo
483 3619 608 3671 est:
640 3621 1002 3689 unguentum
1031 3620 1307 3691 praecedit
1335 3620 1396 3676 in
1427 3622 1616 3694 capite
1640 3639 1654 3691 ;
1679 3639 1713 3679 a
1734 3639 1825 3681 ca-

175 3700 296 3774 pite
320 3702 627 3760 descendit
656 3703 716 3760 in
755 3703 1020 3776 barbam,
1042 3705 1282 3763 barbam
1308 3708 1543 3780 quidem
1580 3710 1772 3767 Aaron
1805 3727 1819 3766 ε

174 3807 209 3847 a
230 3791 415 3848 barba
436 3793 701 3865 usquein
727 3809 885 3851 oram
910 3794 1246 3853 vestimenti
1266 3797 1525 3855 defluxit.
1551 3799 1596 3855 A
1613 3800 1822 3872 capite,

175 3881 403 3940 scilicet
437 3884 690 3952 Christo,
715 3885 775 3943 in
798 3885 1066 3955 barbam,
1093 3887 1314 3945 scilicet
1338 3877 1609 3961 praelatos
1627 3890 1823 3947 Eccle-

178 3971 283 4027 sice
318 3988 332 4040 3
365 3987 398 4027 a
431 3973 679 4045 praelatis
709 3974 768 4031 in
801 3976 1105 4047 populum,
1128 3976 1187 4033 in
1210 3979 1524 4050 subjectos.
1551 3981 1616 4036 In
1639 3980 1827 4053 capite

176 4064 372 4117 autem
409 4063 604 4118 omnis
638 4064 1008 4132 perfectionis
1024 4072 1110 4123 est
1142 4068 1465 4139 plenitudo,
1487 4070 1680 4127 omnis
1702 4085 1828 4144 per-

176 4149 350 4206 fectio
382 4148 784 4221 plenitudinis.
807 4154 872 4207 ln
903 4156 1016 4226 ipso
1035 4156 1183 4212 eaim
1215 4157 1493 4215 inhabitat
1515 4160 1826 4230 omnisple·

171 4238 372 4295 nitudo
403 4237 723 4297 divinitatis
747 4244 1110 4313 corporaliter
1135 4244 1362 4313 (Coloss.
1380 4246 1466 4319 n),
1494 4247 1693 4304 solidae
1716 4248 1828 4306 sci-

184 4325 321 4382 licet
350 4330 407 4382 et
439 4327 727 4399 perfectis.
760 4331 823 4383 ln
857 4331 970 4402 ipso
1019 4348 1201 4388 omnes
1258 4335 1506 4391 thesauri
1532 4337 1828 4409 sapientise

1851 3045 1902 3112 G

1932 1839 2061 1909 quia
2090 1840 2274 1893 omnia
2303 1850 2433 1908 quae
2468 1834 2667 1892 audivi
2698 1851 2733 1891 a
2780 1836 2945 1892 Patre
2970 1847 3091 1890 meo
3132 1839 3259 1890 nota
3294 1834 3404 1900 leci
3432 1831 3583 1890 vobis

1930 1927 2117 1998 (loon.
2140 1927 2255 1999 xv).
2287 1925 2505 1982 Verum
2534 1929 2643 1982 est.
2676 1924 2856 1982 Nobis
2885 1923 3073 1980 datum
3106 1929 3185 1980 est
3203 1938 3360 1980 nosse
3377 1925 3579 1997 myste-

1932 2018 2079 2072 rium
2106 2017 2263 2089 reyni
2290 2017 2407 2085 Dei,
2438 2015 2660 2074 caeteris
2681 2021 2865 2072 autem
2888 2013 2951 2070 in
2974 2011 3283 2086 parabolis,
3305 2016 3364 2070 ut
3382 2011 3584 2070 viden·

1933 2115 2013 2164 tes
2042 2122 2149 2163 non
2201 2105 2440 2172 rideant,
2477 2109 2529 2162 et
2558 2103 2842 2161 audientes
2887 2117 2996 2159 non
3042 2102 3360 2174 intelliqant
3387 2102 3577 2175 (Uaro.

1933 2198 2030 2266 iv).
2045 2195 2161 2252 Nos
2183 2194 2466 2251 babemus
2486 2194 2684 2251 oculos
2705 2191 2992 2259 intuendi,
3006 2195 3064 2249 et
3083 2207 3256 2248 aures
3275 2190 3574 2248 audiendi.

1933 2284 2123 2342 Multae
2153 2292 2207 2341 et
2254 2299 2473 2357 magnae
2521 2287 2657 2340 sunt
2707 2282 2862 2340 circa
2903 2297 3010 2340 nos
3037 2280 3409 2355 dignationes
3437 2285 3574 2353 tuis,

1933 2374 2083 2432 boue
2119 2375 2274 2443 lesu,
2309 2372 2493 2431 multa
2539 2378 2597 2430 et
2651 2371 3082 2430 inestimabilia
3139 2371 3422 2428 beneficia
3449 2375 3574 2427 tua.

1933 2464 2132 2521 Gratia
2162 2470 2263 2520 tua
2296 2462 2442 2520 ultro
2475 2478 2579 2520 nos
2610 2462 2887 2535 praevenit
2913 2469 2968 2517 et
2993 2460 3393 2534 subsequitur,
3427 2459 3573 2517 nihil

1930 2557 2031 2610 aut
2063 2569 2269 2627 parum
2299 2556 2391 2610 est
2420 2554 2571 2626 quod
2597 2551 2818 2608 meritis
2848 2551 3066 2608 nostris
3096 2565 3365 2623 arrogare
3387 2551 3576 2623 possi-

1934 2659 2089 2710 mus,
2121 2658 2253 2698 cum
2287 2644 2349 2698 tu
2378 2642 2626 2714 gratiam
2676 2656 2779 2714 per
2824 2640 3074 2714 gratiam
3134 2653 3366 2714 semper
3392 2639 3577 2697 effusa

1935 2730 2642 2805 munificentialargiaris.
2661 2731 2809 2798 Quid
2840 2745 2976 2803 ergo
2999 2728 3393 2786 retribuemus
3423 2729 3527 2786 tibi
3546 2729 3575 2784 ‘t

1932 2820 2076 2887 Quid
2104 2821 2434 2881 retribuam,
2474 2819 2691 2892 inquit,
2724 2821 2974 2887 Domino,
3022 2834 3120 2891 pro
3166 2818 3422 2875 omnibus
3450 2834 3577 2892 quae

1932 2909 2198 2967 retribuit
2228 2911 2366 2967 mibi
2385 2913 2410 2964 .⁹
2448 2910 2619 2983 (Psal.
2652 2910 2801 2980 cxv.)
2830 2908 3119 2974 Quaeritne
3148 2908 3262 2964 sibi
3295 2908 3521 2965 restitui
3546 2908 3575 2963 ‘t

1934 2999 2140 3073 quierit
2170 3015 2387 3069 revera,
2436 2999 2711 3072 quoniam
2767 2998 2960 3073 gravis
2998 2997 3175 3057 etiam
3205 3002 3436 3056 exactor
3464 3003 3574 3056 est.

1934 3090 2059 3147 Non
2091 3090 2359 3149 convenit
2388 3089 2709 3148 debitorem
2757 3104 2936 3146 suum
2982 3088 3042 3145 in
3073 3091 3293 3146 sortem
3324 3091 3575 3158 tantum,

1933 3180 2032 3236 sed
2063 3180 2239 3237 etiam
2270 3179 2333 3236 in
2362 3195 2587 3235 usuras.
2624 3178 2824 3252 Quare,
2846 3176 3057 3250 inquit,
3079 3193 3186 3234 non
3222 3181 3460 3251 posuisti
3485 3193 3579 3249 pe·

1931 3272 2154 3326 cuniam
2184 3286 2361 3326 meam
2408 3269 2479 3326 ad
2507 3284 2773 3337 mensam,
2831 3273 2891 3325 ut
2934 3284 3062 3326 eum
3087 3270 3326 3326 redirem
3361 3269 3577 3341 utique,

1932 3376 2058 3417 cum
2088 3359 2275 3415 usuris
2328 3374 2450 3415 eam
2504 3358 2803 3429 excepissent
2851 3374 2889 3414 a
2922 3362 3024 3414 te?
3071 3357 3224 3427 (Luc.
3258 3356 3404 3429 xix.)
3431 3356 3581 3421 Quia

1933 3464 2070 3522 ergo
2100 3445 2213 3504 sibi
2246 3446 2486 3503 retribui
2522 3446 2746 3520 quaerit,
2796 3446 3171 3503 consulamus
3200 3445 3575 3519 Prophetam,

1933 3538 2074 3612 quid
2099 3541 2271 3594 tantae
2285 3536 2400 3609 maj
2412 3535 2583 3593 estati
2606 3536 2780 3609 digne
2789 3534 2976 3609 possit
2994 3534 3052 3591 in
3076 3551 3316 3592 causam
3336 3535 3579 3593 retribu-

1932 3626 2108 3684 tionis
2138 3625 2351 3683 offerri.
2376 3624 2618 3697 Expedit
2647 3624 2811 3681 nobis
2842 3632 2904 3681 ut
2932 3624 3031 3695 qui
3062 3640 3167 3681 nos
3198 3624 3269 3681 do
3297 3622 3579 3697 qualitate

1932 3718 2118 3775 nostri
2150 3715 2512 3792 principatus
2541 3714 2795 3785 edocuit,
2819 3713 3205 3771 nibilominus
3235 3714 3309 3771 de
3338 3714 3577 3787 quanti-

1932 3810 2054 3864 tate
2102 3804 2499 3862 retributionis
2556 3803 2811 3861 edoceat.
2868 3802 3102 3876 Oportet
3134 3803 3294 3860 enim
3325 3807 3393 3860 ut
3420 3804 3579 3876 quod

1933 3894 2173 3954 nomine
2229 3894 2625 3952 retributionis
2656 3894 2915 3965 offertur,
2973 3894 3043 3949 ad
3078 3893 3354 3950 bonorem
3410 3894 3584 3951 cedat

1934 3985 2173 4043 accedat
2200 3984 2269 4041 ad
2299 3983 2567 4056 gratiam,
2586 3981 2850 4055 alioquin
2881 3998 2997 4040 non
3020 3982 3170 4054 parit
3186 3982 3455 4055 gratiam,
3476 3981 3579 4040 sed

1935 4076 2236 4133 offensam.
2261 4072 2589 4130 Audiamus
2610 4086 2748 4146 ergo
2771 4072 2901 4144 quid
2924 4072 3118 4129 dicat:
3166 4070 3469 4129 constitues
3492 4087 3583 4130 eos

1930 4168 2217 4239 principes
2234 4179 2401 4236 super
2419 4178 2636 4219 omnem
2657 4166 2865 4218 terram
2883 4162 3061 4233 (Psal.
3084 4162 3250 4232 κων).
3284 4160 3425 4218 Ecce
3453 4177 3580 4218 me-

1933 4254 2109 4310 ritum
2133 4254 2264 4323 eJus
2293 4252 2446 4309 circa
2477 4266 2609 4320 nos,
2629 4250 2768 4323 quid
2802 4255 2998 4308 autem
3020 4250 3130 4309 sibi
3164 4248 3400 4307 retribui
3423 4266 3581 4321 quae·

1936 4347 2045 4411 rat,
2068 4349 2490 4415 consequenter
2517 4339 2785 4412 adjungit
2808 4357 2824 4395 τ
2855 4343 3127 4397 Ιεηιονεε
3146 4342 3310 4397 erunt
3327 4340 3583 4398 nominis

172 4421 225 4473 et
256 4414 520 4474 scientiae
546 4416 854 4474 absconditi
897 4419 1100 4493 (ibid.).
1137 4422 1198 4478 In
1230 4423 1357 4495 ipso
1391 4429 1546 4483 totus
1575 4427 1826 4499 Spiritus
1860 4419 1905 4483 D
1933 4432 2039 4499 tui,
2075 4432 2300 4488 Domine
2329 4429 2541 4501 (ibid.).
2566 4427 2907 4485 Memoriam
2937 4427 3196 4485 nominis
3224 4429 3319 4485 sui
3349 4431 3581 4486 tautum

177 4504 387 4561 Patris.
413 4504 568 4562 Nihil
600 4505 677 4561 ibi
713 4508 1054 4579 perfectioni
1079 4510 1403 4569 detractum
1435 4521 1541 4571 eat.
1572 4514 1725 4572 Nihil
1747 4517 1827 4573 ibi

181 4592 536 4667 plenitudini
565 4596 909 4669 derogatum
947 4615 962 4667 ;
1011 4601 1069 4654 et
1098 4599 1170 4655 de
1200 4599 1557 4673 plenitudine
1585 4603 1695 4660 ista
1719 4621 1826 4662 nos

181 4700 385 4741 omnes
415 4684 768 4758 accepimus,
801 4687 1055 4759 maj0res
1083 4695 1138 4746 et
1169 4689 1444 4747 minores.
1466 4691 1546 4750 De
1577 4692 1829 4767 plenitu-

176 4774 312 4832 dine
336 4774 601 4847 quidem,
624 4774 726 4832 sed
742 4793 858 4834 non
882 4776 1305 4850 plenitudinem
1330 4779 1657 4852 ipsam,sibi
1673 4784 1828 4842 enim

182 4862 612 4935 plenitudinem
638 4866 976 4925 reservavit.
990 4866 1152 4925 Circa
1172 4885 1279 4927 nos
1299 4875 1493 4928 autem
1517 4872 1830 4932 divisiones

181 4951 503 5024 gratiarum
537 4954 700 5010 factis
731 4960 872 5013 sunt
903 4974 916 5012 t
954 4959 1098 5015 Unus
1127 4965 1314 5015 nutem
1341 4967 1419 5017 est
1447 4960 1711 5035 Spiritus,
1737 4966 1832 5037 qui

181 5043 443 5113 operatur
470 5043 664 5097 omnia
702 5044 761 5098 in
791 5048 1060 5115 omnibus,
1093 5064 1202 5104 non
1230 5049 1420 5108 omnia
1443 5052 1502 5107 in
1546 5053 1781 5125 sinyulis
1808 5071 1833 5123 ;

184 5127 388 5186 dividit
439 5130 585 5186 enim
640 5132 900 5202 sinuatis,
948 5144 1113 5207 prout
1150 5139 1271 5194 vult
1300 5140 1349 5210 (1
1403 5141 1524 5198 Cor.
1574 5142 1698 5214 ιιι).
1735 5143 1834 5199 Ubi

184 5220 339 5274 enim
381 5218 499 5275 vult
525 5220 702 5292 spirat
729 5221 905 5292 (loan.
939 5225 1049 5295 ιιι),
1079 5228 1135 5281 et
1184 5232 1463 5300 quantum
1497 5230 1621 5286 vult
1650 5230 1830 5303 inspi-

185 5311 298 5365 rat.
329 5307 448 5366 Nos
468 5312 665 5367 autem
708 5310 768 5368 in
802 5312 993 5369 medio
1025 5315 1327 5372 constituti
1357 5317 1509 5376 inter
1536 5319 1829 5378 Christum

187 5398 562 5470 etpopulnm,
584 5399 955 5475 privilegium
981 5403 1181 5476 gratiis
1204 5408 1499 5465 consecuti
1522 5425 1752 5481 sumus,
1775 5414 1835 5467 et

193 5488 636 5560 praerogativam
659 5489 959 5564 dignitatis
990 5492 1201 5566 adepti.
1225 5493 1591 5571 Privitegium
1612 5501 1831 5574 gratie,

262 5574 378 5649 (55)
408 5575 494 5646 B„
525 5571 813 5638 servietur.

1936 4520 2049 4577 sibi
2080 4521 2284 4592 querit
2314 4517 2549 4575 nomino
2600 4517 2992 4576 retributionis
3028 4516 3242 4575 offerri.
3274 4517 3452 4590 Cujus
3482 4532 3586 4576 no-

1938 4609 2114 4666 minis
2136 4608 2165 4665 ?
2192 4624 2403 4682 nempe
2421 4605 2610 4665 multa
2635 4607 2872 4665 nomina
2888 4607 3081 4665 babet.
3101 4606 3288 4665 Habet
3307 4607 3580 4679 quasdam

1937 4698 2176 4756 nomina
2207 4699 2278 4755 de
2307 4697 2503 4755 Veteri
2533 4701 2931 4755 instrumento
2952 4695 3406 4769 significationis
3441 4697 3585 4755 abs-

1938 4787 2207 4856 conditas,
2242 4787 2420 4844 habet
2449 4787 2717 4861 quaedam
2742 4786 2814 4843 ad
2846 4786 3071 4843 Novum
3119 4784 3413 4858 spaciatus
3442 4802 3586 4860 per-

1936 4876 2184 4934 tinentia
2215 4877 2681 4945 Testamentum,
2730 4875 3074 4932 suavitatem
3106 4874 3449 4945 redolentia,
3480 4890 3586 4933 ex-

1936 4963 2202 5020 hibentia
2230 4962 2503 5036 gratiam.
2537 4962 2694 5032 Quae,
2743 4961 3005 5035 quamvis
3033 4964 3261 5019 constet
3290 4960 3588 5034 originem

1935 5053 2184 5110 traxisse
2210 5051 2283 5110 de
2316 5052 2522 5122 Veteri,
2570 5050 2701 5124 plus
2743 5055 2940 5107 tamen
2997 5048 3350 5108 celebritatis
3377 5054 3436 5107 et
3471 5050 3588 5107 fre·

1937 5141 2189 5214 quentin
2211 5141 2282 5197 de
2302 5140 2571 5213 presenti
2595 5140 2844 5197 novitate
2864 5145 3263 5212 sumpserunt.
3288 5140 3424 5205 Qun
3443 5144 3589 5198 sunt

1934 5229 2037 5286 illa
2066 5229 2093 5285 ‘t
2120 5229 2292 5288 Jesus
2321 5228 2587 5287 Christus
2617 5245 2631 5283 τ
2660 5228 2831 5285 Jesus
2860 5226 3281 5301 interpretatur
3315 5228 3586 5292 salvator.

1940 5318 2211 5376 Christus
2233 5327 2445 5375 unctus.
2482 5317 2591 5376 Ubi
2641 5317 2860 5386 unctio,
2914 5316 2996 5372 ibi
3043 5316 3305 5374 suavitas
3336 5334 3352 5384 ;
3387 5316 3592 5374 mani-

1939 5408 2080 5466 feste
2111 5423 2324 5465 nomen
2350 5408 2510 5464 istud
2542 5406 2810 5464 Christus
2848 5407 3199 5465 suavitatem
3227 5404 3451 5465 redolet
3479 5421 3589 5462 un-

1936 5496 2147 5555 ctionis
2180 5497 2249 5567 ς]
2258 5511 2395 5554 esus
2453 5494 2659 5554 salutis
2706 5494 2950 5571 gratiam
2982 5493 3349 5568 repromittit.
3401 5494 3588 5553 Credo
