3784 6000
462 243 672 307 HIST.
717 245 993 310 RERUM
1036 246 1577 313 TRANSMARIN.
1621 279 1697 298 -
1739 247 1891 311 LlB.
1935 244 2065 309 XX.
2107 240 2566 308 AMALRICUS
2609 242 2790 307 REX.
3207 247 3328 311 '1⁹8

137 395 155 437 ι
188 380 576 452 metropolim,
608 381 868 455 olimque
885 384 1202 443 multorum
1227 387 1578 445 moderatri-
1603 387 1659 456 Α
1686 391 1745 445 to
1775 385 2066 459 cognovit,
2098 386 2252 458 quod
2285 385 2596 458 praedictus
2626 399 2876 457 magnus
2903 390 2961 442 et
2989 384 3324 457 potentissi-

137 486 436 542 egnorum‚
484 471 882 539 Antiochiam,
928 491 1063 530 cum
1112 477 1323 548 populo
1391 479 1449 534 in
1506 496 1574 536 ea

137 565 348 626 nante,
380 560 582 617 stravit
629 560 936 631 funditus3
988 566 1224 635 moenia,
1269 570 1329 622 et
1377 566 1435 622 in
1485 583 1573 624 eo·

142 649 349 706 ircuitu
398 659 583 706 turres
635 650 1052 722 validissimas,
1092 653 1569 727 incomparabilis

137 737 241 794 atis
294 755 491 811 opera,
546 738 846 810 ecclesias,
896 745 954 797 et
1001 743 1274 814 quaelibet
1330 745 1574 802 aediflcia

137 830 416 887 subvertit
464 830 709 902 impetu,
743 832 893 903 quod
953 850 1136 904 usque
1168 834 1340 893 hodie
1369 835 1571 892 multis

137 938 220 978 »us
250 927 309 976 et
338 921 678 992 sumptibus
702 923 1034 993 immensis,
1058 925 1339 981 continua
1357 927 1571 984 sollici·

153 1014 211 1067 et
258 1009 547 1066 indefesso
581 1011 772 1068 studio
820 1013 914 1068 vix
956 1020 1206 1084 possunt
1237 1016 1447 1073 saltem
1497 1017 1568 1072 ad

138 1148 140 1153 ,
188 1099 542 1158 mediocrem
572 1101 849 1171 reparari.
881 1103 1230 1160 Ceciderunt
1261 1105 1320 1161 in
1365 1105 1570 1162 eadem

137 1189 213 1248 sia
242 1190 417 1247 urbes
446 1189 685 1263 egregias
718 1191 789 1247 de
821 1193 1130 1250 maritimis
1160 1195 1418 1265 quidem,
1451 1195 1573 1252 Ga-

153 1282 212 1336 et
239 1278 511 1335 Laodicia
536 1296 551 1348 3
583 1279 653 1334 de
685 1278 1124 1338 mediterraneis
1155 1298 1310 1351 ver0,
1333 1282 1467 1340 licet
1496 1284 1568 1340 ab

137 1384 192 1424 is
221 1367 640 1436 detinerentur,
676 1367 880 1437 Nerea,
915 1385 1036 1441 quae
1062 1370 1176 1427 alio
1210 1373 1449 1429 nomine
1473 1372 1571 1428 di-

137 1455 384 1529 lalapia‚
434 1456 684 1527 Caesara,
721 1457 996 1529 Hamum,
1051 1460 1282 1518 Emissa
1334 1466 1391 1519 et
1439 1462 1567 1519 nliae

142 1566 159 1615 ;
194 1545 644 1619 municipiorum
669 1551 865 1603 autem
896 1563 1010 1605 non
1041 1554 1163 1606 erat
1181 1552 1566 1608 numerus.1n

137 1638 215 1694 >ia
242 1641 462 1706 autem,
494 1638 770 1711 Tripolis,
802 1639 1008 1698 civitas
1041 1642 1259 1700 nobilis
1287 1648 1345 1700 ct
1377 1661 1568 1717 popu-

137 1744 173 1784 11
200 1727 326 1784 Kal.
357 1726 523 1799 Julii,
554 1731 711 1785 tanto
744 1733 1109 1788 terroemotus
1140 1732 1380 1805 impetu,
1413 1735 1567 1792 circa

137 1835 171 1875 n
202 1817 316 1874 diei
349 1817 574 1887 horam,
599 1819 793 1877 subito
815 1834 1102 1878 concussa
1123 1832 1233 1892 est,
1257 1831 1316 1880 ut
1342 1824 1436 1880 vix
1459 1825 1563 1882 uni

137 1908 334 1976 nibus,
366 1908 464 1980 qui
494 1908 648 1966 infra
676 1911 805 1981 ejus
845 1912 1128 1967 ambitum
1162 1915 1370 1984 reperti
1405 1923 1562 1983 sunt,

150 1997 247 2054 via
278 2004 519 2070 pateret.
554 1999 729 2056 Facta
758 2005 845 2057 est
876 2006 996 2058 tota
1026 2001 1230 2059 civitas
1261 2004 1425 2075 quasi
1460 2022 1563 2077 ag·

137 2088 334 2158 ddum,
366 2091 424 2143 et
469 2104 885 2161 oppressorum
936 2091 1152 2148 civium
1203 2092 1489 2163 tumulus,
1510 2102 1567 2150 et

137 2194 253 2235 eum
286 2178 607 2248 publicum.
633 2180 741 2236 Sed
772 2186 826 2237 et
858 2182 1013 2254 Tyri,
1039 2200 1163 2254 quae
1186 2189 1276 2240 est
1295 2185 1563 2255 ejusdem

137 2267 226 2325 :iae
255 2268 587 2339 metropolis
610 2269 1030 2339 famosissima,
1053 2277 1417 2330 terraemotus
1441 2274 1562 2332 vio-

163 2357 388 2431 absque
416 2361 606 2414 tamen
630 2359 847 2415 civium
879 2361 1157 2432 periculo,
1178 2366 1368 2419 turres
1393 2380 1567 2435 quas-

137 2448 566 2504 robustissimas
631 2449 885 2518 dejectit.
946 2450 1414 2522 Inveniebantur,
1449 2461 1564 2511 tam

143 2554 209 2595 os
240 2553 414 2610 quam
457 2537 612 2609 apud
664 2539 880 2605 hostes,
913 2541 1131 2612 oppida
1174 2543 1474 2610 semiruta,
1509 2547 1568 2600 et

137 2645 153 2685 ς
183 2633 242 2686 et
262 2627 521 2685 hostium
551 2627 775 2686 viribus
828 2631 938 2686 late
970 2634 1247 2703 patentia.
1281 2634 1391 2690 Sed
1425 2636 1563 2690 dum

138 2734 169 2772 e
213 2717 457 2773 districti
495 2718 715 2789 ,iudicis
763 2719 908 2776 iram
961 2721 1070 2776 sibi
1123 2725 1353 2792 metuit,
1385 2723 1565 2781 alium

137 2821 229 2863 are
273 2807 651 2877 pertimescit.
687 2807 915 2864 Sufficit
950 2811 1161 2880 cuique
1204 2810 1369 2867 dolor
1398 2829 1564 2881 suus,

137 2915 147 2951 ι
186 2895 507 2966 quemlibet
535 2913 673 2952 cura
723 2896 924 2968 fatigat
954 2898 1293 2968 domestica,
1327 2900 1428 2957 alii
1458 2902 1564 2959 dir·

137 2985 268 3042 'erre
316 2984 638 3042 molestias.
676 2986 847 3043 Facta
882 2993 990 3055 est,
1031 2989 1130 3044 sed
1184 2990 1394 3062 brevis,
1432 3008 1564 3063 pax,

137 3092 226 3132 im
256 3077 453 3132 studio
479 3084 813 3150 procurata;
839 3084 894 3134 et
927 3080 1114 3136 foedus
1147 3083 1560 3154 compositum,

137 3165 618 3237 umjudiciorum
645 3166 850 3223 timore
872 3168 1270 3240 conscriptum
1299 3175 1393 3237 ;et
1419 3171 1559 3228 dum
1591 3148 1635 3216 C

1594 1777 1644 1845 B

137 3254 379 3312 itionem
396 3257 642 3327 peccatis
665 3256 790 3312 suis
813 3258 1073 3314 debitam
1093 3262 1566 3333 exspectatquis·

137 3360 333 3416 super,
363 3344 436 3399 ab
477 3347 548 3401 iis
594 3362 724 3418 quae
768 3347 959 3403 solent
1008 3348 1298 3405 hostiliter
1342 3352 1562 3422 inferri,

137 3450 158 3489 1
190 3439 420 3491 revocat
440 3442 495 3490 et
524 3435 778 3506 impetus
810 3438 1163 3493 moderatur.
1199 3439 1313 3495 Nec
1343 3440 1415 3495 ad
1454 3440 1564 3497 ho·

140 3522 533 3595 tplerumque
565 3523 732 3593 solet,
767 3524 878 3581 fuit
925 3526 1038 3581 ista
1067 3527 1165 3583 irae
1206 3527 1305 3584 Dei
1342 3529 1565 3586 revela-

137 3612 166 3668 d
199 3612 391 3667 tribus
420 3617 524 3668 aut
553 3622 801 3684 quatuor
842 3616 1161 3682 mensibus,
1185 3617 1273 3672 vel
1297 3618 1471 3675 etiam
1497 3633 1564 3675 eo

138 3719 201 3768 s,
231 3707 320 3759 ter
348 3710 448 3758 aut
478 3712 682 3775 quater
710 3705 799 3760 vel
840 3706 1185 3778 plerumque
1215 3710 1447 3781 saepius,
1470 3713 1559 3768 vel

137 3792 222 3849 vel
252 3793 313 3848 in
347 3803 533 3861 nocte,
565 3795 926 3851 sentiebatur
955 3803 1151 3853 motus
1183 3798 1280 3855 ille
1302 3803 1425 3856 tam
1451 3801 1563 3859 sor·

141 3882 240 3941 lis.
260 3883 465 3940 Omnis
482 3887 820 3956 motusjam
846 3898 1147 3958 suspectus
1175 3893 1320 3957 erat,
1350 3896 1408 3947 et
1428 3908 1566 3948 nus-

137 3978 257 4032 tuta
299 3974 700 4033 inveniebatur
752 3979 938 4051 quies.
980 3981 1085 4035 Sed
1119 3983 1177 4036 et
1216 3981 1564 4039 dormientis

137 4082 146 4120 i
174 4064 536 4138 plerumque,
561 4069 714 4138 quod
739 4067 985 4140 vigilans
1009 4069 1307 4139 timuerat,
1326 4071 1564 4143 perhor-

137 4171 175 4225 ι,
207 4154 267 4211 in
312 4156 578 4212 subitum
611 4158 848 4225 saltum,
882 4161 1056 4231 rupta
1103 4160 1318 4230 quiete,
1352 4176 1563 4232 corpus

157 4245 567 4315 compellebat.
603 4246 944 4318 Superiores
976 4252 1169 4305 tamen
1204 4253 1418 4305 nostrie
1442 4265 1567 4322 pro·

137 4376 145 4401 ‚
175 4333 480 4391 Palestinae
510 4335 794 4407 videlicet,
826 4337 1034 4394 horum
1064 4338 1354 4411 omnium,
1379 4339 1566 4397 Domi-

136 4427 386 4494 tegente,
415 4422 653 4480 fuerunt
681 4431 940 4496 expertes
970 4428 1276 4484 malorum.

554 4530 786 4587 CAPUT
817 4532 935 4589 xx.
1594 4512 1642 4579 D

137 4621 294 4679 dinus
322 4629 536 4679 nostros
584 4623 718 4693 fines
750 4626 1078 4696 ingreditur,
1109 4636 1160 4684 et
1193 4636 1438 4685 castrum
1478 4632 1570 4686 cui

347 4703 425 4752 est
450 4712 644 4751 nomen
676 4698 882 4753 Darum
915 4699 1139 4756 obsidet.

137 4801 205 4842 tm
263 4801 440 4853 anno,
491 4802 687 4844 mense
730 4787 1051 4859 Decembri,
1104 4808 1254 4849 anno
1300 4792 1569 4850 videlicet

137 4875 445 4933 ‚Amalrici
488 4876 761 4947 septimo,
794 4879 1068 4952 frequens
1123 4881 1277 4937 fama
1322 4884 1568 4941 circum-

148 4967 205 5019 et
237 4965 425 5022 crebis
473 4966 697 5024 nuntiIs
748 4969 1176 5042 divulgabatur,
1214 4973 1368 5044 quod
1405 4973 1566 5029 Sala·

137 5070 178 5110 ts
207 5056 536 5113 convocatis
565 5073 634 5113 ex
665 5058 935 5115 universa
963 5062 1223 5135 AEgypto,
1243 5066 1300 5120 et
1347 5062 1566 5119 finibus

136 5158 413 5200 cenorum
443 5145 796 5205 militaribus
826 5149 1033 5221 copiis,
1066 5150 1464 5223 ampliatoque
1495 5166 1565 5207 ex

137 5265 141 5280 ·
168 5235 226 5288 et
252 5234 525 5291 secundas
552 5234 761 5292 classis
790 5236 1130 5294 hominibus
1162 5238 1423 5294 militum
1455 5254 1567 5295 nu-

138 5337 382 5396 regnum
414 5329 683 5382 nostrum
733 5327 1214 5398 depopulaturus,
1246 5330 1318 5384 ad
1369 5333 1566 5401 partes

137 5413 263 5470 inas
311 5414 663 5473 moliebatur
710 5419 999 5473 accedere.
1032 5422 1154 5487 Quo
1206 5418 1425 5486 audito,
1458 5420 1564 5478 do-

164 5517 265 5559 rex
291 5503 404 5559 sub
451 5504 612 5562 omni
659 5505 956 5563 celeritate
1003 5507 1063 5563 in
1108 5506 1253 5565 fines
1301 5510 1567 5567 ascendit

137 5592 383 5653 mitanas.
416 5591 527 5654 Ubi
556 5592 670 5654 fida
701 5612 942 5657 suorum
971 5597 1271 5670 relatione,
1309 5613 1412 5673 pro
1433 5615 1563 5676 cer-3

1682 491 1814 531 mus
1845 473 2116 546 princeps
2145 490 2278 530 cum
2300 475 2554 530 exercitu
2584 474 2818 546 copioso
2848 474 3036 543 valde,
3070 478 3127 530 et
3148 473 3322 531 solito

1682 564 1984 636 ampliore,
2007 568 2290 632 castrum,
2313 562 2404 618 cui
2434 578 2646 618 nomen
2675 563 2911 628 Darum‚
2945 576 3048 633 per
3076 562 3323 619 biduum

1681 652 2018 720 obsederat;
2043 655 2380 723 tantamque
2402 651 2500 707 illo
2529 649 2731 717 biduo,
2748 651 3010 707 obsessis
3036 650 3197 707 nulla
3218 651 3324 709 da·

1683 748 1738 798 ta
1767 740 1987 814 requie,
2021 741 2295 797 intulerat
2343 739 2693 808 molestiam,
2730 739 2906 796 tantis
2937 744 3177 813 tamque
3209 740 3324 797 fre-

1681 832 2001 904 quentibus
2049 832 2399 903 sagittarum
2447 829 2915 886 immissionibus
2961 845 3079 901 eoS,
3111 829 3213 903 qui
3260 830 3320 887 in

1682 921 1950 994 praesidio
1973 927 2160 991 erant,
2184 921 2573 989 lacessiverat,
2599 924 2663 976 ut
2683 919 2982 987 omnibus,
3004 935 3153 991 pene
3173 935 3318 976 sau·

1681 1009 1805 1082 ciis,
1840 1012 2005 1083 pauci
2036 1028 2139 1080 pro
2174 1011 2281 1068 loci
2310 1010 2643 1067 defensione
2674 1026 2837 1066 arma
2868 1013 3106 1082 possent
3133 1009 3322 1066 corri-

1680 1116 1834 1173 pere.
1887 1099 2055 1157 Muro
2093 1100 2272 1157 etiam
2321 1100 2572 1157 suffosso
2604 1106 2662 1155 et
2708 1100 2942 1156 effracto
2986 1097 3319 1169 violentius,

1680 1195 1903 1263 partem
1953 1190 2260 1264 municipii
2291 1191 2406 1261 jam
2457 1193 2861 1261 occupaverat,
2904 1188 3213 1261 oppidanis
3262 1187 3321 1243 in

1679 1297 1893 1349 arcem,
1929 1297 2055 1353 quae
2102 1280 2385 1338 munitior
2413 1279 2739 1349 videbatur,
2771 1278 2841 1334 de
2890 1277 3228 1335 necessitate
3259 1292 3325 1331 se

1677 1371 2090 1444 recipientibus
2126 1389 2137 1426 ε
2189 1372 2318 1443 ejus
2347 1386 2580 1442 quoque
2611 1369 2792 1425 turris
2822 1368 2879 1424 in
2918 1370 3143 1439 partem
3174 1367 3323 1424 infe·

1676 1460 1910 1526 riorem.
1941 1461 2178 1517 effracto
2202 1465 2259 1516 et
2297 1461 2534 1516 incenso
2563 1458 2735 1528 ostio,
2767 1456 3050 1515 violenter
3099 1457 3326 1529 irrupe-

1676 1555 1825 1619 rant,
1860 1550 2172 1618 militibus,
2205 1549 2308 1623 qui
2337 1550 2500 1606 intus
2530 1553 2719 1619 erant,
2754 1548 2882 1620 ejus
2913 1550 3108 1620 partes
3140 1561 3325 1618 supe-

1675 1640 1876 1708 riores,
1891 1641 2084 1698 adhuc
2113 1638 2419 1696 tuentibus
2445 1656 2458 1693 :
2482 1638 2563 1695 ita
2595 1637 2831 1695 domino
2860 1638 2984 1710 regi
3009 1635 3324 1692 nuntiaba-

1676 1733 1806 1800 tur3
1842 1737 1896 1786 et
1925 1745 2057 1786 vere
2086 1728 2170 1787 sic
2202 1733 2345 1786 erat.
2380 1729 2518 1784 Erat
2567 1732 2761 1785 autem
2808 1725 3000 1782 eidem
3047 1724 3320 1798 prasidio

1674 1824 1789 1880 dux
1809 1829 1864 1877 et
1884 1823 2083 1878 custos
2104 1820 2295 1888 datus,
2310 1818 2398 1874 vir
2420 1817 2634 1875 nobilis
2650 1821 2707 1874 et
2727 1817 2784 1872 in
2809 1816 2989 1872 armis
3013 1820 3317 1883 strenuus,

1672 1910 1980 1983 religiosus
2009 1925 2075 1966 ac
2122 1909 2339 1965 timens
2369 1907 2577 1974 Deum,
2606 1905 2887 1962 dominus
2938 1902 3213 1961 Ansellus
3245 1903 3318 1959 de

1672 2002 1816 2056 Pass
1836 2016 1850 2068 ;
1874 2000 2044 2069 cujus
2074 1998 2121 2055 si
2157 1998 2299 2054 sorte
2329 1995 2699 2068 praesentiam
2719 1993 2819 2050 illa
2847 1993 2939 2053 die
2968 1991 3313 2064 praedictum

1674 2096 1929 2145 castrum
1961 2104 2077 2143 non
2109 2086 2435 2153 habuisset,
2468 2083 2666 2157 procul
2697 2082 2857 2140 omni
2890 2081 3071 2139 dubio
3100 2081 3161 2136 in
3186 2096 3314 2137 ma-

1674 2195 1785 2235 nus
1811 2178 2071 2234 hostium
2104 2176 2446 2234 devenisset.
2472 2174 2595 2239 Quo
2614 2176 2935 2245 comperto,
2967 2188 3087 2242 rex,
3116 2175 3310 2229 tactus

1672 2268 1868 2325 dolore
1919 2266 2112 2324 cordis
2156 2265 2504 2322 intrinsecus
2532 2272 2588 2321 et
2638 2278 2956 2320 succensus
2987 2261 3094 2329 ira,
3128 2275 3317 2334 quan-

1675 2363 1799 2413 tum
1827 2355 2100 2428 angustia
2131 2354 2404 2426 temporis
2434 2357 2492 2410 et
2526 2352 2787 2410 bostium
2816 2349 3085 2408 vicinitas
3129 2352 3314 2422 patie-

1675 2444 2254 2514 bantur,convocatis
2277 2445 2669 2516 undecunque
2688 2447 2809 2499 tam
2832 2439 3100 2514 equitum
3140 2454 3315 2511 quam

1675 2534 1937 2607 peditum
1980 2534 2296 2606 suffragiis,
2334 2533 2478 2614 urbe
2524 2532 2816 2589 Ascalone
2841 2545 3136 2603 egressus,
3161 2532 3315 2587 octa-

1674 2641 1744 2681 va
1772 2626 1999 2682 decima
2027 2626 2121 2683 die
2153 2612 2368 2681 mensis
2414 2621 2699 2695 praedicti,
2730 2627 2949 2680 Gazam
2991 2617 3313 2676 contendit.

1675 2716 1868 2772 Adfuit
1896 2715 2128 2772 ibicum
2160 2732 2225 2770 eo
2248 2713 2521 2770 dominus
2552 2710 2905 2782 patriarcha,
2929 2725 3062 2765 cum
3086 2723 3316 2765 venera·

1676 2805 1778 2862 bili
1807 2812 1864 2862 et
1903 2806 2152 2878 pretioso
2181 2804 2422 2860 viviflcae
2454 2802 2642 2858 crucis
2672 2801 2848 2871 iigno.
2881 2799 3207 2855 Adfuerunt
3260 2801 3320 2854 et

1676 2895 1780 2951 viri
1808 2894 2187 2965 venerabiles,
2207 2893 2481 2950 dominus
2511 2890 2858 2962 Radulphus
2888 2885 3319 2945 Bethlehemita

1676 2987 1981 3058 episcopus
1999 2991 2054 3043 et
2082 2983 2247 3057 regni
2269 2981 2655 3041 cancellarius
2680 2996 2693 3036 ε
2719 2981 2858 3037 item
2880 2977 3155 3036 dominus
3181 2976 3319 3034 Ber-

1677 3079 1890 3132 nerdus
1913 3075 2218 3132 Liddensis
2239 3074 2636 3145 episcopus,et
2664 3071 2735 3126 de
2758 3068 2922 3142 regni
2953 3065 3317 3140 principibus

1673 3168 1842 3241 pauci
1873 3168 2212 3224 admodum.
2235 3164 2658 3235 Recensitoque
2679 3176 2921 3219 suorum
2944 3173 3208 3228 numer0,
3224 3157 3321 3213 vix

1675 3257 1982 3313 inveniunt
2009 3257 2237 3328 equites
2267 3256 2550 3312 ducentos
2581 3249 3030 3325 quinquaginta,
3060 3249 3132 3305 de
3165 3246 3321 3319 pedi·

1676 3346 1980 3404 tibusvero
2005 3346 2077 3402 ad
2109 3346 2225 3402 duo
2259 3344 2457 3400 millia.
2479 3342 2644 3397 illam
2670 3356 2806 3414 ergo
2843 3346 3067 3394 noctem
3099 3337 3157 3392 in
3178 3353 3315 3407 prae·

1672 3436 1821 3492 dicto
1868 3435 1995 3492 loco
2027 3451 2140 3507 prae
2189 3431 2601 3491 sollicitudinis
2649 3434 2708 3487 et
2752 3444 3027 3487 curarum
3065 3427 3319 3498 pondere

1672 3527 2005 3582 insomnem
2028 3524 2347 3590 trahentes,
2368 3520 2687 3592 assumptis
2708 3518 2821 3576 sibi
2844 3516 3120 3573 fratribus
3146 3516 3320 3572 Tem-

1674 3616 1776 3688 pli,
1799 3616 1898 3688 qui
1946 3613 2084 3671 illuc
2116 3630 2217 3685 pro
2265 3611 2514 3668 tuitione
2551 3609 2663 3666 loci
2713 3611 3125 3672 convenerant,
3160 3605 3320 3661 circa

1673 3710 1863 3763 ortum
1885 3703 2024 3762 solis
2044 3704 2187 3761 urbe
2207 3700 2566 3758 unanimiter
2586 3697 2992 3770 egrediuntur,
3008 3694 3119 3750 iter
3138 3709 3315 3750 suum

1672 3796 1743 3852 ad
1775 3794 2115 3867 praedictum
2164 3801 2421 3849 castrum
2468 3789 2805 3860 dirigentes.
2858 3786 2958 3842 Est
3003 3788 3221 3851 autem,
3252 3789 3319 3841 ut

1673 3885 1991 3952 credimus,
2014 3882 2351 3955 predictum
2383 3884 2639 3937 castrum
2668 3878 2727 3933 in
2773 3875 3027 3932 ldumaea
3061 3873 3208 3948 (ipsa
3229 3878 3317 3930 est

1671 3975 1878 4044 Bdom)
1935 3972 2138 4043 situm,
2169 3976 2336 4029 trans
2383 3972 2702 4027 torrentem
2748 3964 2914 4022 illum
2959 3965 3064 4038 qui
3103 3962 3315 4020 dicitur

1671 4062 2039 4137 AEgypti,qui
2069 4061 2242 4118 etiam
2276 4057 2570 4117 terminus
2605 4061 2697 4114 est
2726 4053 3051 4113 Paloestinoe
3076 4057 3132 4109 et
3162 4068 3315 4125 pre-

1673 4154 1838 4209 dictae
1860 4150 2259 4225 regionis.Hoc
2279 4147 2650 4223 ipsumidem
2682 4144 2961 4202 dominus
2997 4139 3317 4200 Amalricus

1673 4246 1878 4319 paucis
1907 4248 2044 4301 ante
2084 4244 2279 4312 annis,
2318 4242 2377 4298 in
2408 4239 2535 4296 loco
2567 4236 3000 4310 aliquantulum
3021 4234 3316 4291 eminente

1675 4336 2032 4403 fundaverat,
2098 4332 2404 4389 occasione
2476 4332 2838 4386 vetustorum
2916 4322 3317 4387 aedillciorum,

1676 4440 1928 4496 quorum
1958 4423 2036 4480 ibi
2067 4423 2264 4494 aliqua
2293 4420 2486 4477 adhuc
2515 4418 2859 4489 supererant
2885 4411 3149 4485 vestigia.
3171 4411 3319 4466 Tra-

1673 4515 1829 4572 ditur
1855 4522 2048 4571 autem
2090 4529 2124 4569 a
2156 4510 2489 4569 senioribus
2517 4506 2750 4565 illarum
2793 4505 3045 4578 partium
3084 4500 3317 4570 incolis,

1676 4605 1828 4679 quod
1860 4603 2071 4678 priscis
2108 4601 2475 4674 temporibus
2522 4598 2597 4654 ibi
2635 4597 2819 4652 fuerat
2866 4588 3314 4655 monasterium,

1676 4696 2007 4753 Graecorum
2040 4692 2193 4750 unde
2239 4696 2298 4748 et
2345 4688 2535 4746 adhuc
2583 4699 2795 4742 nomen
2843 4685 3020 4745 tenet,
3052 4679 3271 4734 Durum
3299 4698 3315 4744 ;

1674 4784 1832 4856 quod
1866 4785 2285 4854 interpretatur
2330 4780 2530 4835 Domus
2580 4773 2913 4831 Graecorum.
2946 4766 3319 4826 Fundavera't

1674 4877 1891 4941 autem,
1925 4876 1991 4928 ut
2036 4869 2435 4943 praediximus,
2465 4863 2742 4923 dominus
2770 4876 2872 4917 rex
2898 4857 3020 4915 illic
3049 4858 3314 4912 castrum

1677 4963 1921 5020 modicae
1948 4959 2319 5033 quantitatis,
2350 4956 2447 5013 vix
2472 4957 2712 5012 tantum
2758 4948 3020 5023 spatium
3068 4946 3224 5003 intra
3250 4957 3319 5001 se

1675 5052 2003 5119 continens,
2035 5056 2315 5122 quantum
2347 5048 2438 5102 est
2456 5044 2650 5115 jactus
2677 5039 2915 5112 lapidis,
2948 5037 3145 5094 tormae
3171 5051 3315 5108 qua·

1675 5145 1813 5212 drae,
1836 5145 2089 5215 quatuor
2109 5143 2298 5195 turres
2321 5134 2540 5191 habens
2573 5129 2904 5203 angulares,
2926 5141 3174 5200 quarum
3197 5139 3319 5190 una,

1672 5233 1931 5307 grossior
1959 5236 2016 5289 et
2064 5227 2342 5286 munitior
2369 5227 2497 5281 erat
2528 5221 2660 5279 aliis
2693 5237 2707 5276 ε
2741 5219 2841 5275 sed
2875 5222 3068 5273 tamen
3089 5215 3312 5286 absque

1673 5323 1828 5383 vallo
1856 5325 1980 5378 erat
2009 5323 2065 5378 et
2093 5318 2219 5376 sine
2248 5311 2623 5372 antemurali.
2647 5309 2836 5366 Distat
2863 5311 3059 5364 autem
3104 5320 3138 5361 a
3169 5302 3314 5360 mari

1675 5411 1844 5486 quasi
1872 5409 2080 5467 stadiis
2103 5406 2432 5478 quinque,a
2452 5403 2602 5460 Gaza
2630 5415 2761 5456 vero
2793 5394 3138 5454 milliaribus
3167 5407 3313 5464 qua-

1675 5509 1824 5560 tuor.
1862 5500 2261 5558 Gonvenerant
2287 5498 2486 5553 autem
2517 5489 2698 5563 aliqui
2736 5503 2806 5546 ex
2858 5484 3003 5543 locis
3040 5479 3311 5540 finitimis

1674 5607 1950 5671 agrorum
1978 5589 2255 5665 cultores,
2284 5590 2342 5648 et
2388 5577 2884 5659 negotiationibus
2911 5573 3153 5654 quidam
3174 5587 3312 5645 ope·
