3784 6000
318 220 454 280 1279
1756 212 1943 272 LUCII
1983 211 2056 271 111
2095 213 2305 275 PAPAE
3600 221 3727 281 ¹280

306 351 525 420 quante
555 342 841 417 compleri
868 353 958 400 etc
966 382 1074 399 .....
1113 348 1172 400 et
1199 343 1275 400 ad
1302 340 1610 414 exemplar
1632 340 1959 415 praedeces·
1992 339 2041 395 Δ
2071 340 2301 399 auferre
2330 361 2345 412 ;
2371 346 2457 402 vel
2483 346 2717 404 ablatas
2732 348 3005 414 retinere,
3027 349 3313 416 minuere,
3350 365 3463 406 seu
3485 349 3725 422 quibus·

310 451 517 493 sorum
532 438 877 490 nostrorum
901 433 1074 488 bonoe
1091 432 1393 488 memorias·
1414 431 1643 501 Calixti,
1660 428 1960 486 paschalis
2068 429 2216 488 libet
2240 435 2647 494 vexationibus
2676 437 2943 509 fatigare,
2974 438 3075 495 sed
3097 440 3303 497 omnia
3332 440 3581 513 integra
3607 456 3732 498 con·

309 530 366 581 et
414 522 733 580 innocentii
791 524 1199 577 Romanorum
1254 520 1597 592 pontificum
1649 519 1960 591 prresentis
2070 528 2380 579 serventur
2409 540 2619 583 eorum
2649 542 2759 599 pro
2784 543 3045 601 quorum
3071 528 3518 600 gubernatione
3541 544 3617 586 ac
3642 545 3733 586 su-

313 613 507 684 scripti
529 610 838 684 privilegio
864 608 1643 680 communimus.1mprimis
1663 605 1962 679 siquidem
2072 611 2429 669 stentatione
2457 629 2747 672 concessa
2776 622 2932 681 sunt,
2958 616 3166 672 usibus
3195 616 3587 674 omnimodis
3604 633 3726 691 pro-

313 705 640 759 statuentes
669 704 731 756 ut
758 699 908 757 ordo
923 699 1274 765 canonicus,
1300 699 1404 773 qui
1420 697 1753 755 secundum
1773 695 1962 752 Deum

313 795 371 848 et
392 789 552 847 beati
581 788 898 861 Augustini
920 789 1192 859 regulam
1217 789 1278 844 in
1299 787 1510 845 eadem
1534 784 1963 843 eeclesiainsti-

314 885 476 938 tutus
519 897 644 937 sese
664 879 1057 952 dignoscitur,
1083 878 1387 951 perpetuis
1431 875 1657 933 ibidem
1684 873 1965 946 tempori-

313 968 1966 1039 businviolabiliterconservetur.praetereaquascunque

312 1058 750 1133 possessiones,
764 1072 1142 1129 quaecunque
1162 1054 1325 1113 bona
1337 1055 1550 1112 eadem
1565 1053 1818 1110 Ecclesia
1834 1067 1966 1108 ves-

317 1152 407 1205 tra
430 1148 492 1204 in
511 1146 961 1220 praesentiarum
982 1146 1142 1217 juste
1170 1150 1226 1202 et
1255 1144 1544 1201 canonice
1574 1141 1840 1216 possidet
1866 1146 1969 1198 aut

316 1237 378 1294 in
443 1236 709 1292 futurum
760 1235 1153 1292 concessione
1206 1232 1576 1306 pontificum,
1655 1230 1966 1302 largitione

313 1340 524 1396 regum
550 1324 641 1380 vel
669 1324 1030 1397 principum,
1055 1322 1357 1379 oblatione
1389 1321 1657 1377 fidelium
1691 1335 1801 1376 seu
1831 1320 1964 1376 aliis

308 1414 484 1488 justis
508 1413 726 1482 modis,
758 1417 1076 1486 praestante
1136 1412 1409 1479 Domino,
1433 1411 1645 1482 poterit
1691 1408 1963 1482 adipisci,

317 1502 494 1558 firma
518 1501 689 1557 vobis
728 1501 1058 1573 vestrisque
1116 1497 1563 1556 successoribus
1614 1502 1672 1553 et
1736 1497 1969 1554 illibata

316 1595 729 1664 permaneant.
792 1590 856 1645 ln
916 1589 1143 1663 quibus
1194 1589 1324 1645 haec
1378 1586 1633 1661 propriis
1684 1585 1968 1643 duximus

319 1679 711 1752 exprimenda
732 1677 1042 1736 vocabulis
1073 1697 1086 1735 :

394 1769 614 1826 Omnes
641 1767 922 1824 ecclesias
954 1767 1091 1824 sitas
1111 1767 1172 1824 in
1200 1766 1367 1823 curia
1395 1765 1618 1823 Casalis
1648 1780 1788 1822 cum
1845 1780 1972 1821 om·

317 1857 498 1914 nibus
524 1858 650 1914 suis
673 1857 1075 1931 pertinentiis;
1108 1856 1428 1913 ecclesiam
1459 1856 1657 1912 Sancti
1691 1853 1888 1912 Hilarii
1913 1859 1971 1910 et

317 1947 540 2003 domus
570 1946 790 2003 laboris
805 1946 1192 2003 ecclesiastici
1215 1963 1235 2019 3
1267 1947 1327 2001 in
1341 1945 1637 2002 Paciliano
1651 1943 1967 2000 ecclesiam

317 2036 514 2092 Sancti
543 2036 965 2102 Germani,etc.
994 2051 1308 2106 3mansum
1341 2034 1969 2100 RadulfiQucceacum

319 2124 595 2198 primitiis
619 2130 675 2181 et
703 2125 875 2181 tertia
896 2130 1063 2198 parte
1085 2124 1457 2180 decimarum
1491 2123 1674 2179 totius
1713 2121 1826 2178 loci
1867 2121 1969 2177 Ca·

320 2213 484 2281 salis,
510 2218 568 2271 et
599 2219 722 2271 tota
746 2213 983 2271 decima
1013 2218 1302 2270 terrarum
1335 2212 1572 2268 familias⁵
1599 2210 1799 2267 Sancti
1824 2212 1971 2266 Eva-

321 2302 410 2367 sii,
444 2307 502 2358 et
529 2306 652 2359 tota
679 2300 918 2359 decima
969 2302 1334 2374 Braydarum
1381 2299 1667 2373 episcopi,
1695 2304 1750 2356 et
1796 2297 1969 2371 quid-

320 2391 467 2465 quid
488 2391 742 2448 ecelesia
756 2391 831 2448 de
853 2391 1150 2448 paciliano
1170 2392 1245 2447 de
1260 2390 1394 2462 jure
1413 2388 1501 2445 vel
1522 2389 1702 2457 longa
1724 2402 1970 2444 consue-

321 2481 525 2539 tudine
555 2486 763 2536 vestroe
819 2480 1077 2537 ecclesiae
1133 2479 1326 2536 lacere
1377 2479 1691 2536 consuevit
1718 2497 1735 2546 ς
1766 2475 1968 2532 villam

323 2570 622 2626 Luvintini
645 2586 780 2625 cum
798 2570 1044 2625 decimis
1060 2574 1117 2625 et
1137 2567 1804 2640 omnibuspe1·tinentiis
1819 2565 1966 2620 suis.

326 2659 390 2714 ln
415 2658 637 2715 Sancto
667 2658 920 2728 Georgio
953 2659 1066 2715 xlv
1097 2673 1347 2714 mansos
1379 2675 1394 2725 ;
1429 2654 1970 2712 sextamdecimam

320 2751 552 2822 partem
606 2746 848 2805 Torcelli
903 2753 959 2803 et
1000 2747 1394 2804 tenimentum
1451 2744 1764 2817 quondam
1825 2743 1971 2800 Petri

322 2837 513 2897 Crassi
535 2853 673 2893 cum
700 2834 986 2893 omnibus
1017 2835 1383 2909 pertinentiis
1424 2835 1568 2889 suis.
1590 2835 1652 2889 lu
1701 2832 1972 2889 Montedo

324 2931 443 2983 tres
473 2942 735 2982 mansos.
773 2929 832 2982 ln
865 2926 1175 2982 Fraxineto
1206 2939 1487 2981 mansum
1517 2938 1705 2978 unum
1722 2927 1778 2978 et
1793 2922 1972 2978 dimi-

2074 695 2290 767 futura,
2323 701 2488 760 salva
2512 703 2839 760 dioecesani
2862 704 3131 779 episcopi
3159 706 3464 763 canonica
3493 706 3730 778 justitia.

2148 787 2204 844 Si
2233 804 2357 862 qua
2385 791 3728 862 igiturintuturumecclesiastieasaeeularisvs

2076 892 2354 949 persona,
2383 885 2495 937 etc.

2146 967 2268 1038 Ego
2293 969 2529 1036 Lucius,
2560 969 2875 1028 Catholicae
2909 970 3184 1028 Ecclesiae
3220 971 3580 1045 episcopus.

2148 1056 2270 1125 Ego
2314 1056 2596 1124 Joannes.
2653 1059 2970 1132 presbyter
3020 1060 3342 1118 cardinalis
3401 1062 3493 1118 tit.
3542 1062 3734 1120 Sancti

2076 1144 2274 1201 Marci.

2076 1321 2124 1378 D
2148 1235 2267 1305 Ego
2315 1235 2626 1304 Hubertus,
2653 1237 2853 1311 presb,
2882 1236 3045 1295 card.
3079 1237 3162 1293 tit.
3214 1238 3272 1295 S.
3326 1237 3633 1296 Laurentii
3676 1239 3733 1296 in

2130 1338 2359 1380 amaso.

2148 1415 2269 1485 Ego
2318 1414 2723 1488 pandulphus,
2757 1416 3150 1489 presp10ard.
3193 1415 3281 1472 tit.
3322 1416 3593 1474 Basilica
3639 1417 3729 1474 ΧΠ

2075 1502 2518 1574 Apostolorum.

2150 1593 2269 1662 Ego
2294 1591 2669 1659 Theodorus,
2702 1593 3040 1650 Portuensis
3092 1598 3148 1650 et
3195 1593 3255 1650 S.
3290 1593 3527 1652 Rufinae
3582 1594 3725 1651 sedis

2001 1690 2047 1747 Β
2076 1680 2415 1758 episcopus.

2150 1773 2271 1841 Ego
2302 1770 2607 1837 Henricus,
2649 1770 3005 1829 Albanensis
3034 1771 3381 1845 episcopus.

2149 1862 2267 1931 Ego
2321 1859 2720 1925 Tbeobaldus,
2770 1860 3058 1919 Ostiensis
3107 1867 3166 1918 et
3201 1859 3592 1919 velletrensis
3621 1860 3728 1934 epi-

2076 1962 2555 2108 scclilgloserdicio,
2586 2037 2741 2094 diac.
2773 2039 2937 2097 card.
2976 2039 3175 2097 Sancti
3204 2037 3525 2097 Theodori.

2146 2128 2269 2199 Ego
2315 2126 2637 2184 Gratianus
2661 2127 2763 2183 SS.
2800 2128 3024 2185 Cosmae
3052 2132 3110 2185 et
3166 2127 3442 2185 Damiani
3485 2127 3727 2186 diacon.

2076 2215 2267 2446 caiigo
2299 2303 2614 2362 Goffredus
2645 2305 2703 2362 S.
2731 2306 2924 2363 Mariae
2949 2305 3009 2363 in
3034 2305 3141 2362 Via
3169 2305 3315 2362 Lata
3350 2305 3504 2363 diac.
3539 2306 3726 2362 cardi·

2079 2407 2266 2554 nagge
2296 2481 2563 2548 Albinus,
2588 2483 2647 2539 S.
2679 2481 2870 2540 Mariae
2899 2485 3075 2541 Novas
3095 2482 3251 2540 diac.
3284 2482 3454 2541 card.

2153 2574 2367 2627 Datum
2391 2573 2636 2628 Veronae
2666 2587 3034 2644 perinanum
3065 2572 3348 2644 lingonis,
3368 2573 3728 2631 &Romano

2081 2659 2355 2716 Ecclesiae
2395 2661 2632 2728 notarii,
2674 2676 2767 2717 viu
2801 2659 2926 2718 Kal.
2956 2661 3275 2728 Octobris„
3298 2660 3511 2718 indict.
3547 2662 3731 2727 tertia,

2080 2749 2514 2805 incarnationis
2572 2750 2895 2807 Dominicoe
2916 2765 3078 2807 anno
3131 2751 3288 2818 1185,
3347 2749 3732 2823 pontificatus

2080 2852 2222 2894 vero
2246 2837 2475 2895 domini
2502 2839 2662 2895 Lucii
2693 2854 2865 2912 papas
2898 2839 2969 2897 111
3025 2854 3187 2896 anno
3223 2846 3468 2914 quarto.

2809 2945 3012 3004 Can.

322 3016 511 3073 dium.
545 3017 697 3073 Sane
726 3016 1027 3072 novalium
1052 3020 1377 3071 vestrorum
1405 3029 1541 3085 quas
1573 3012 1827 3085 propriis
1850 3028 1974 3069 ma·
2011 3045 2051 3103 C
2082 3033 3486 3106 ”mamm-53·Petristadoliemsspmoecuomm
3499 3034 3738 3107 ‚ma-pfl

322 3104 502 3160 nibus
533 3110 632 3160 aut
664 3105 1002 3175 sumptibus
1037 3103 1248 3169 colitis,
1294 3103 1415 3158 sive
1462 3102 1537 3157 de
1593 3101 1971 3157 nutrimentis

322 3197 657 3249 vestrorum
686 3192 1038 3249 animalium
1071 3192 1270 3249 nullus
1294 3207 1330 3248 a
1361 3190 1531 3247 vobis
1559 3189 1826 3246 decimas
1864 3204 1971 3245 au-

323 3280 474 3339 ferre
500 3288 840 3352 praesumat.
875 3282 1068 3338 Liceat
1096 3295 1340 3355 quoque
1381 3279 1550 3336 urbis
1599 3277 1844 3335 clericos
1884 3276 1974 3334 vel

319 3370 506 3427 laicos
535 3386 570 3426 a
602 3371 817 3427 saeculo
859 3370 1151 3442 rugientes
1181 3370 1402 3427 liberos
1439 3373 1496 3424 et
1538 3366 1851 3425 absolutos
1892 3366 1970 3422 ad

323 3460 776 3517 conversionem
801 3466 1058 3517 vestram
1089 3458 1368 3533 recipere,
1397 3462 1455 3514 et
1480 3473 1585 3514 eos
1623 3457 1684 3512 in
1719 3454 1974 3512 ecclesia

324 3554 521 3606 vestra
551 3548 681 3606 sine
693 3549 1160 3606 contradictione
1181 3548 1385 3621 aliqua
1406 3548 1677 3603 retinere.
1702 3544 1973 3602 Prohibe·

324 3655 462 3696 mus
486 3638 730 3710 insuper
757 3643 818 3695 ut
846 3639 990 3694 nulli
1023 3637 1272 3694 fratrum
1323 3641 1652 3692 vestrorum
1704 3640 1839 3707 post
1886 3633 1973 3691 fa·

326 3730 484 3784 etam
519 3726 581 3783 in
606 3726 739 3783 loco
768 3731 966 3784 vestro
1009 3726 1464 3799 professionem,
1498 3724 1588 3780 ras
1632 3723 1706 3778 sit
1736 3722 1972 3795 absque

325 3815 624 3889 praepositi
647 3815 740 3872 sui
759 3815 996 3873 licentia
1023 3816 1099 3872 de
1126 3815 1384 3871 claustro
1417 3811 1722 3869 discedere
1748 3829 1763 3882 ;
1786 3811 1970 3868 disce·

325 3904 565 3961 dentem
598 3920 739 3961 vero
773 3905 899 3960 sine
954 3904 1263 3961 communi
1313 3902 1645 3960 litterarum
1697 3900 1973 3957 cautione

326 3992 526 4049 nullus
555 3994 779 4049 audeat
801 3993 1072 4050 retinere.
1105 3992 1373 4049 Chrisma
1402 4006 1565 4059 vero,
1604 3989 1803 4046 oleum
1840 4003 1976 4045 san·

323 4087 506 4147 ctum,
534 4083 1012 4138 consecrationes
1031 4080 1310 4137 altarium
1332 4096 1434 4136 seu
1452 4078 1860 4149 basilicarum,
1882 4093 1977 4135 or·

327 4169 664 4227 dinationes
693 4170 1043 4227 elericorum
1069 4171 1171 4241 qui
1187 4169 1264 4225 ad
1279 4184 1480 4226 sacros
1504 4167 1746 4225 ordines
1758 4165 1978 4224 fuerint

326 4258 723 4331 promovendi
754 4274 791 4314 a
819 4258 1165 4315 dioecesano
1190 4257 1525 4329 suscipietis
1548 4257 1857 4329 episcopo,
1891 4254 1978 4311 si-

327 4346 577 4420 quidem
606 4346 935 4403 catholicus
960 4345 1133 4403 fuerit
1160 4352 1214 4404 et
1236 4348 1491 4419 gratiam
1511 4352 1689 4419 atque
1712 4360 1979 4402 commu-

331 4435 573 4492 nionem
605 4435 762 4491 sedis
800 4434 1144 4509 apostolicoe
1169 4435 1471 4505 habuerit,
1499 4439 1557 4491 et
1599 4449 1671 4491 ea
1710 4433 1893 4503 gratis
1923 4438 1981 4489 et

328 4522 560 4597 absque
591 4523 879 4596 pravitate
924 4525 1127 4598 aliqua
1171 4524 1339 4581 vobis
1382 4523 1661 4581 exhibere
1712 4520 1976 4578 voluerit.

327 4613 604 4686 Alioquin
628 4614 801 4671 liceat
821 4614 984 4671 vobis
1007 4613 1369 4672 catholicum
1391 4626 1817 4686 quemcunque
1856 4626 1982 4668 ma·

326 4701 554 4760 lueritis
582 4701 747 4759 adire
764 4704 1107 4767 antistitem,
1131 4702 1236 4774 qui
1255 4702 1541 4759 nimirum
1569 4707 1775 4757 nostra
1801 4698 1981 4757 fultus

329 4792 700 4858 auctoritate,
743 4792 909 4865 quod
968 4790 1304 4865 postulatur
1355 4789 1680 4861 indulgeat.
1711 4789 1983 4846 obeunte

329 4895 566 4953 quoque
593 4885 650 4936 te
689 4895 850 4936 nunc
886 4879 1157 4953 ejusdem
1190 4879 1304 4936 loci
1343 4878 1684 4952 praeposito,
1716 4875 1808 4933 vel
1851 4882 1982 4934 tuo·

329 4985 463 5025 rum
494 4968 756 5041 quolibet
773 4984 1205 5034 successorum,
1228 4967 1428 5025 nullus
1449 4966 1533 5023 ibi
1555 4966 1824 5040 qualibet
1845 4965 1986 5022 sub·

329 5058 618 5130 reptionis
667 5058 887 5116 astutia
930 5074 1036 5114 seu
1087 5057 1372 5114 violentia
1423 5061 1828 5129 proeponatur,
1867 5055 1985 5112 nisi

331 5163 516 5220 quem
545 5147 752 5204 tratres
780 5148 1090 5205 communi
1118 5161 1421 5204 consensu
1444 5144 1539 5202 vel
1564 5144 1817 5204 fratrum
1845 5158 1986 5216 pars

332 5235 568 5293 consilii
597 5235 850 5293 sanioris
874 5236 1210 5295 secundum
1267 5234 1368 5292 Dei
1406 5234 1676 5291 timorem
1712 5239 1771 5290 et
1827 5232 1985 5290 beati

332 5324 648 5396 Augustini
667 5324 952 5397 Regulam
969 5324 1337 5398 providerint
1346 5322 1989 5396 eligendum.l)ecerni·

332 5430 469 5472 mus
493 5428 637 5486 ergo
651 5419 717 5471 ut
735 5412 882 5471 nulli
893 5414 1142 5471 omnino
1155 5413 1470 5471 bominum
1486 5411 1666 5469 liceat
1676 5411 1987 5485 prael'atam

337 5501 650 5567 cesluim
668 5507 891 5562 temere
917 5501 1288 5576 perturbare,
1309 5505 1415 5563 aut
1429 5501 1561 5574 ejus
1578 5501 1989 5576 possessiones

2592 3106 2862 3179 bonaque
2888 3108 3224 3178 confirmat.

2578 3194 2871 3267 (Veronoe,
2905 3196 3065 3267 Sept.
3096 3196 3213 3268 26.)

2411 3283 2780 3358 [Bullatium
2826 3285 3255 3354 cluniacensis,
3301 3284 3422 3361 79.]

2151 3373 2350 3430 Lucius
2375 3373 2711 3446 episcopus,
2746 3389 2956 3431 servus
2989 3389 3301 3430 servorum
3355 3373 3481 3438 Dei.
3518 3372 3742 3431 dilectis

2080 3461 2217 3519 tiliis
2248 3463 2444 3519 Surum
2480 3462 2658 3535 priori
2686 3464 3034 3521 monasterii
3062 3463 3262 3521 Sancti
3305 3462 3460 3520 Petri
3515 3462 3597 3520 de
3646 3465 3742 3520 tla-

2081 3541 2267 3614 dolio,
2297 3543 2548 3615 ejusque
2576 3542 2860 3600 fratribus
2883 3548 3007 3600 tam
3033 3543 3437 3617 praesentibus
3449 3558 3645 3616 quam
3664 3541 3746 3598 fu·

2083 3630 2313 3688 turibus
2344 3631 2674 3701 regularem
2701 3630 2887 3688 vitam
2918 3631 3206 3704 protessis
3256 3631 3317 3689 in
3361 3638 3740 3705 perpetuum.

2153 3720 2392 3787 Quoties
2415 3720 2632 3777 avobis
2643 3720 2861 3793 petitur
2878 3720 3045 3794 quod
3057 3719 3326 3792 religioni
3358 3725 3416 3777 et
3441 3718 3742 3778 honestati

2081 3810 2403 3866 convenire
2417 3809 2809 3880 dignoscitur,
2827 3810 3034 3867 animo
3055 3825 3165 3867 nos
3183 3809 3354 3866 decet
3370 3808 3591 3867 libenti
3612 3823 3739 3866 con·

2082 3899 2377 3964 cedere,et
2390 3899 2714 3970 petentium
2726 3898 3039 3956 desideriis
3050 3914 3380 3969 congruum
3395 3897 3736 3972 suffragium

2084 3986 2391 4057 impertiri.
2427 3988 2819 4060 Quapropter,
2851 3988 3044 4046 dilecti
3082 3988 3142 4045 in
3175 3987 3431 4045 Domino
3475 3987 3614 4055 filii,
3652 4003 3742 4043 ve-

2085 4076 2220 4132 stris
2245 4074 2429 4146 justis
2454 4074 2961 4148 postulationibus
2974 4076 3296 4134 clementer
3307 4076 3670 4142 annuimus,
3689 4079 3739 4131 et

2086 4163 2399 4237 praefatum
2434 4164 2868 4221 monasterium
2907 4165 3109 4224 Sancti
3150 4165 3301 4222 Petri
3348 4165 3427 4221 de
3473 4163 3737 4230 Radolio,

2084 4253 2251 4329 quod
2267 4254 2348 4311 ad
2368 4253 2755 4312 cluniacense
2780 4254 3211 4313 monasterium
3235 4258 3516 4326 spectare
3526 4254 3743 4325 digno·

2087 4343 2294 4410 scitur,
2318 4344 2379 4399 in
2392 4358 2514 4416 quo
2540 4342 2742 4399 divino
2775 4344 3094 4415 mancipati
3115 4342 3258 4400 estis
3279 4341 3612 4416 obsequio,
3636 4341 3741 4398 sub

2086 4431 2245 4488 beati
2301 4431 2451 4487 Petri
2500 4436 2556 4487 et
2604 4436 2813 4490 nostra
2858 4431 3225 4506 protectione
3270 4430 3670 4504 suscipimus,
3693 4434 3742 4486 et

2088 4519 2403 4594 praesentis
2415 4519 2616 4593 scripti
2631 4519 2941 4592 privilegio
2952 4535 3088 4578 com
3096 4520 3408 4577 munimus
3431 4534 3448 4587 3
3484 4526 3745 4577 statuen-

2091 4615 2178 4667 tes
2205 4613 2267 4666 ut
2288 4623 2684 4682 quascunque
2707 4610 3134 4680 possessiones,
3167 4622 3553 4683 quacunque
3593 4608 3748 4668 bona

2089 4698 2250 4755 idem
2282 4697 2718 4755 monasterium
2749 4698 2809 4754 in
2838 4696 3475 4770 praesentiarumjuste
3500 4702 3561 4754 et
3577 4711 3747 4754 cano·

2092 4787 2222 4844 nice
2247 4785 2536 4858 possidet,
2561 4790 2669 4843 aut
2696 4785 2757 4842 in
2786 4784 3057 4843 futurum
3095 4785 3489 4843 concessione
3514 4784 3744 4858 pontiti·

2092 4891 2253 4942 cum,
2281 4874 2595 4946 largitione
2619 4890 2832 4947 regum
2863 4875 2955 4932 vel
2976 4874 3342 4948 principum,
3369 4873 3677 4931 oblatione
3690 4871 3745 4928 fl·

2091 4964 2336 5031 delium,
2361 4979 2466 5021 seu
2508 4963 2642 5021 aliis
2681 4964 2860 5035 justis
2902 4963 3099 5021 modis
3129 4967 3448 5038 proestante
3499 4962 3747 5020 Domino

2094 5052 2594 5125 poteritadipisci,
2626 5051 2801 5110 firma
2828 5052 3001 5110 vobis
3027 5051 3368 5124 vestrisque
3389 5051 3750 5108 successori·

2093 5142 2208 5199 bus
2228 5147 2285 5199 et
2313 5141 2541 5200 illibata
2566 5147 2981 5214 permaneant,
3010 5142 3069 5197 in
3093 5140 3317 5215 quibus
3330 5138 3465 5196 haee
3495 5140 3749 5214 propriis

2092 5230 2380 5288 duximus
2408 5230 2797 5305 exprimenda
2822 5229 3132 5289 vocabulis
3165 5245 3180 5286 ε

2167 5320 2392 5376 Locum
2419 5319 2620 5394 ipsum
2670 5319 2731 5375 in
2773 5334 2898 5392 quo
2947 5317 3267 5391 proefatum
3315 5319 3749 5377 monasterium

2097 5409 2280 5467 situm
2297 5414 2388 5465 est
2423 5424 2565 5467 cum
2591 5412 2713 5465 tota
2732 5406 2871 5464 villa
2928 5406 3265 5464 Radiolensi
3301 5409 3363 5462 et
3383 5407 3752 5479 pertinentiis

2098 5499 2245 5567 suis,
2275 5503 2334 5558 et
2358 5497 2659 5573 quidquid
2689 5495 2924 5558 habetis
2948 5496 3122 5570 juxta
3168 5494 3441 5556 confines
3481 5496 3756 5574 ejusdem
