3784 6000
497 250 679 307 HIST.
722 248 978 308 RERUM
1014 246 1507 309 TRANSMARlN.
1547 282 1617 294 -
1653 250 1792 308 LIB.
1831 252 1983 312 xxt.
2024 257 2437 317 BALDUINUS
2475 257 2551 317 1v
2591 256 2761 319 REX.

133 374 356 431 shomo
384 379 509 432 erat
537 376 611 431 de
642 374 974 448 Campania
1006 374 1469 445 ultramontana,
1499 374 1576 433 de
1606 376 1651 432 A

134 463 350 522 {enrici
379 464 610 520 comilis
635 464 972 520 Trecensis:
999 464 1310 536 fueratque
1326 463 1575 522 domino

134 554 222 608 ico
243 555 365 622 regi
382 554 633 608 nimium
658 554 962 610 familiaris
979 559 1036 610 et
1060 554 1572 623 consanguinem,

134 641 288 711 regni
308 643 396 696 sui
415 659 553 696 eum
584 642 992 699 senescalcum
1024 643 1574 708 constitueret;tan-

135 739 332 786 iortuo
377 731 669 787 lientredo
711 731 967 802 juniore,
1003 730 1250 788 senioris
1297 729 1571 786 Heniredi

134 820 465 892 2ephaniam
492 821 623 892 ejus
646 821 911 887 viduam,
930 820 1184 892 Philippi
1204 818 1571 891 Neapolitani

153 925 401 965 uxorem
429 909 478 964 ei
497 909 676 965 dedit.
696 912 827 966 Erat
849 914 1049 965 autem
1081 925 1153 965 ex
1179 915 1347 981 parte
1375 908 1575 965 uxoris

138 1014 209 1053 us
241 999 425 1070 Syriae
444 997 641 1063 Sobal,
671 998 824 1054 illius
853 997 1126 1055 videlicet
1151 997 1416 1069 regionis
1437 1013 1574 1069 quoe

135 1102 196 1141 ns
216 1087 560 1156 Jordanem,
573 1102 710 1158 quae
728 1087 905 1157 vulgo
923 1086 1138 1143 dicitur
1159 1088 1380 1143 montis
1395 1090 1575 1158 Rega-

135 1181 401 1247 sceperat
452 1182 651 1232 tamen
692 1191 763 1231 ex
806 1177 1001 1248 priore
1042 1176 1257 1232 marito
1304 1175 1572 1232 sobolem

135 1280 226 1320 am
256 1265 538 1336 praedicta
561 1265 963 1331 vidua,tilium
984 1264 1257 1320 videlicet
1276 1269 1331 1321 et
1356 1263 1570 1321 filiam.

141 1353 551 1425 praediximus,
566 1354 833 1408 conlisus
848 1353 921 1408 de
944 1353 1128 1410 nimia
1151 1351 1567 1424 familiaritate,

135 1442 291 1513 apud
317 1442 633 1497 dominum
654 1457 856 1512 regem
878 1442 1058 1513 buJus
1084 1447 1316 1515 patrem
1344 1442 1572 1500 habue-

135 1530 228 1600 gni
261 1531 579 1602 principeS,
612 1531 791 1587 etiam
837 1547 901 1587 se
950 1530 1229 1600 majores,
1261 1531 1569 1604 despectui

135 1624 195 1675 u.
212 1620 347 1675 Erat
362 1625 563 1675 autem
584 1619 767 1676 hoino
795 1619 1352 1691 incircumspectus,
1368 1635 1570 1692 super-

3230 264 3337 321 818

2347 384 2572 443 CAPUT
2607 386 2673 441 V.

1679 497 2054 554 Describitur
2068 515 2255 557 comes
2278 501 2686 569 Tripolitanus
2705 518 2726 566 ;
2740 501 2874 572 quis
2889 502 3173 570 moribus,
3187 509 3240 560 et
3264 519 3335 560 ex

1753 569 1966 640 quibus
1993 572 2322 641 majoribus
2351 572 2577 643 fuerit;
2599 572 2888 643 quomodo
2918 574 3091 643 requi
3119 590 3334 642 procu·

1755 641 2046 697 rationem
2076 644 2419 712 susceperit.
2437 645 2636 714 Hastis
2652 643 2915 700 historiae
2940 645 3332 716 conscriptor,

1755 713 2158 770 cancellarius
2187 715 2342 786 reqis
2374 714 2659 783 efficitur.

1753 827 1975 884 Eodem
1997 845 2242 902 quoque
2258 835 2547 903 tempore,
2562 828 2905 887 convocatis
2929 831 3095 899 regni
3117 830 3336 902 princi-

1682 916 1862 990 pibus
1892 921 1950 972 et
1975 918 2369 975 Ecclesiarum
2401 919 2681 991 praelatis,
2713 918 2860 974 dum
2894 934 2994 974 rex
3019 923 3175 975 esset
3207 919 3334 977 Hie-

1679 1005 2021 1079 rosolymis,
2053 1023 2256 1064 comes
2286 1007 2683 1080 Tripolitanus
2704 1007 2918 1063 iterum
2944 1008 3135 1075 rediit,
3164 1008 3334 1066 audi-

1681 1098 1848 1151 turus
1875 1110 2059 1169 super
2100 1095 2485 1169 petitionibus
2515 1095 2639 1152 suis
2687 1095 2760 1151 de
2805 1095 3134 1154 obtinenda
3160 1099 3330 1169 regni

1681 1184 2121 1255 procuratione,
2146 1200 2300 1258 quas
2347 1188 2689 1258 porrexerat
2725 1183 2910 1258 prius,
2936 1201 3323 1258 responsum.

1681 1276 2012 1345 lteratoque
2036 1273 2400 1338 verb0,dum
2425 1273 2651 1330 eisdem
2669 1273 2981 1339 insisteret,
2999 1273 3203 1330 habita
3226 1289 3331 1331 rex

1678 1375 1787 1432 per
1804 1361 2157 1419 continuum
2173 1363 2424 1419 biduum
2441 1361 2889 1427 deliberatione,
2906 1362 3229 1418 novissime
3253 1362 3330 1420 de

1679 1450 1987 1507 communi
1999 1451 2275 1507 omnium
2287 1450 2759 1518 conniventia,in
2771 1450 3031 1523 capitulo
3046 1451 3334 1509 Dominici

1676 1538 1943 1611 Sepulcri
1974 1539 2188 1599 tradita
2224 1543 2314 1596 est
2343 1540 2396 1596 ei
2425 1541 2708 1597 universa
2734 1539 2924 1609 regni,
2966 1544 3102 1612 post
3131 1539 3331 1597 domi-

1677 1642 1825 1684 num
1855 1643 2077 1698 regem,
2095 1628 2320 1701 populo
2333 1629 2719 1696 acclamante,
2735 1628 3078 1701 procuratio
3099 1633 3154 1686 et
3170 1635 3332 1702 pote-

135 1723 288 1781 oque
305 1708 1022 1777 etarrogans,verborum
1046 1707 1343 1763 inutilium
1369 1708 1570 1780 prodi·
1602 1727 1647 1782 Β
1678 1721 1822 1772 stas.
1864 1718 1931 1772 Et
1963 1716 2250 1789 quoniam
2294 1717 2368 1774 de
2410 1718 2624 1775 comite
2668 1717 2845 1774 nobis
2877 1733 3097 1785 sermo,
3128 1733 3330 1775 rerum

147 1797 221 1853 de
247 1813 307 1852 se
339 1797 472 1868 plus
502 1812 676 1868 aequo
706 1812 1101 1867 praesumens.
1121 1797 1219 1852 llic
1248 1802 1312 1854 ut
1343 1798 1566 1855 videre·

137 1902 306 1941 orum
350 1885 808 1958 quodammodo
848 1885 1030 1942 lenire
1082 1885 1390 1952 invidiam,
1442 1891 1567 1944 arte

136 1991 200 2039 n,
229 1975 331 2030 sed
358 1974 610 2030 nimium
643 1974 982 2038 manifesta,
1005 1974 1083 2029 ad
1113 1974 1371 2031 colorem
1404 1991 1567 2048 quae·

161 2062 343 2119 alium
386 2063 716 2134 quemdam
761 2062 1064 2119 Roardum
1104 2064 1369 2131 nomine,
1412 2064 1565 2121 arcis

136 2151 464 2223 ›lymitanae
477 2154 812 2217 custodem,
828 2153 1169 2223 gregarium
1187 2151 1495 2209 hominem
1509 2157 1567 2209 et

138 2241 554 2306 sufficientem,
572 2241 1025 2305 subornaverat,
1045 2246 1331 2314 tanquam
1350 2243 1398 2296 is
1419 2257 1566 2314 proe-

136 2329 252 2385 tlilo
284 2346 423 2385 vero
453 2330 887 2402 obsequeretur
915 2331 1043 2401 ejus
1077 2330 1401 2387 mandatis.
1432 2333 1567 2388 Erat

145 2433 313 2474 versa
344 2418 496 2484 vice3
525 2435 701 2483 unus,
725 2435 945 2475 nomen
969 2419 1163 2489 magis
1184 2418 1563 2491 splendidum

137 2505 381 2562 zolidum
404 2507 673 2576 gestabat
695 2525 708 2573 ;
730 2508 824 2563 ille
843 2514 1063 2577 autem,
1078 2508 1191 2564 sub
1211 2507 1327 2565 hoc
1343 2508 1560 2575 colore,

138 2597 181 2651 1i
204 2596 457 2667 negotiis
487 2612 593 2668 pro
617 2613 727 2653 sua
752 2597 1053 2653 voluntate
1081 2597 1390 2654 tractabat.
1410 2599 1563 2653 Dum

148 2691 318 2740 caute
342 2701 404 2740 se
437 2686 604 2755 gerit,
639 2687 780 2741 dum
814 2687 1248 2758 imprudentius
1279 2686 1561 2759 loquitur,

137 2775 213 2829 iia
253 2775 417 2843 regni
453 2775 708 2844 negotia,
744 2775 936 2830 invitis
967 2775 1116 2841 aliis,
1149 2775 1226 2831 ad
1268 2791 1440 2831 suam
1469 2791 1564 2830 re-

137 2862 602 2929 ;ollicitudinem,
638 2865 844 2920 omnia
885 2864 1167 2937 disponit,
1199 2865 1406 2921 omnia
1454 2879 1561 2937 pro

137 2970 152 3008 ›
183 2953 508 3025 dispensat,
523 2953 780 3010 conflato
801 2954 1088 3010 adversus
1109 2970 1248 3011 cum
1269 2952 1408 3011 odio
1437 2969 1562 3028 per·

141 3043 445 3098 subornati
478 3049 614 3098 sunt
644 3042 913 3115 quidam,
945 3044 1047 3115 qui
1088 3044 1224 3100 vitae
1255 3044 1384 3115 ejus
1422 3043 1561 3100 insi-

138 3131 470 3197 .olirentur;
504 3131 668 3204 quod
714 3149 852 3188 cum
897 3133 950 3188 ei
998 3133 1338 3189 nuntiatum
1380 3136 1555 3201 esset,

137 3220 389 3275 rivolum
423 3236 530 3291 pro
553 3220 737 3276 nihilo
764 3221 947 3278 duxit.
973 3222 1249 3295 Dumque
1281 3237 1439 3278 more
1462 3237 1552 3277 so·

138 3314 291 3364 eaute
322 3325 384 3364 se
413 3309 666 3373 habens,
700 3310 759 3365 in
789 3309 1117 3366 Acconensi
1148 3309 1384 3366 civitate
1422 3326 1558 3365 mo·

138 3402 301 3465 seret,
331 3396 492 3453 circa
521 3399 784 3470 primum
816 3400 1004 3455 noctis
1029 3397 1474 3470 crepusculum,
1495 3397 1555 3454 in

138 3485 271 3542 ›lica
305 3486 518 3558 gladiis
556 3486 890 3555 confossus,
918 3486 1170 3559 turpiter
1198 3492 1254 3543 et
1297 3486 1553 3556 ignomi-

138 3580 409 3641 ractatus,
442 3576 681 3631 interiit.
720 3580 897 3633 Porro
930 3576 1003 3631 de
1043 3576 1173 3649 ejus
1201 3590 1344 3632 nece
1372 3576 1553 3632 varioe

140 3664 206 3719 iae
247 3663 588 3719 ferebantur
629 3664 688 3719 in
731 3663 989 3737 populo;
1021 3662 1355 3720 dicentibus
1397 3662 1549 3731 aliis,

138 3767 183 3808 ὀ
210 3769 320 3807 sua
345 3752 648 3819 fidelitate,
666 3768 854 3825 quam
879 3753 1129 3810 domino
1158 3752 1282 3825 regi
1302 3751 1552 3809 devotus

139 3847 243 3907 >at,
275 3841 389 3897 hoc
437 3841 490 3897 ei
533 3842 867 3913 acciderat;
901 3842 1032 3898 aliis
1073 3848 1335 3909 econtra,
1385 3840 1551 3915 quod

139 3945 304 3999 gnum
347 3931 575 3986 occulte
619 3930 888 4002 parabat,
943 3931 1142 3987 missis
1190 3930 1416 3987 nuntiis
1471 3930 1548 3987 ad

157 4022 213 4074 et
239 4024 409 4075 notos
438 4035 576 4075 suos
606 4019 664 4073 in
700 4019 1030 4083 Franciam,
1057 4025 1121 4076 ut
1140 4018 1219 4075 ad
1247 4035 1386 4075 eum
1416 4034 1551 4091 pro·

139 4110 201 4174 u,
223 4122 478 4179 quorum
506 4107 809 4178 suffragiis
833 4123 1083 4178 regnum
1107 4107 1218 4163 sibi
1235 4107 1550 4164 videbatur

143 4195 387 4251 btinere.
425 4196 605 4252 Nobis
637 4201 839 4252 autem
869 4201 1147 4252 neutrum
1182 4195 1399 4252 horum
1437 4210 1549 4267 pro

139 4292 461 4358 >mpertum
486 4291 590 4341 est.
626 4289 929 4342 Notorium
958 4292 1156 4342 tamen
1189 4289 1336 4351 erat,
1365 4283 1550 4342 Balia-

139 4389 441 4445 ppensem,
458 4373 670 4431 Roardi
695 4374 956 4448 praedicti
971 4374 1235 4440 fratrem,
1249 4373 1327 4430 ad
1349 4379 1547 4446 partes

139 4468 384 4519 antanas
403 4464 679 4529 missum,
704 4480 841 4519 cum
865 4464 1038 4532 regiis
1060 4463 1325 4534 epistolis
1345 4467 1403 4519 et
1417 4478 1548 4520 mu-

139 4589 165 4617 ·,
181 4552 351 4622 cujus
368 4552 428 4607 in
447 4553 575 4607 dies
594 4552 1057 4625 praestolabatur
1078 4551 1425 4608 adventum.
1442 4556 1548 4609 Per

149 4657 344 4713 mpuS,
379 4642 589 4697 eodem
624 4657 848 4706 mense,
882 4640 1170 4697 domiuus
1201 4640 1546 4697 Fredericus

143 4747 170 4785 s
216 4730 727 4802 archiepiscopus,
762 4732 1169 4802 praedecessor
1205 4735 1427 4801 noster,
1457 4731 1549 4789 vir

140 4835 231 4875 im
261 4835 504 4875 carnem
538 4819 751 4876 nobilis
780 4820 1135 4887 admodum,
1162 4819 1335 4890 cujus
1365 4834 1550 4893 supra

139 4928 148 4962 ι
180 4911 567 4975 mentionem,
595 4909 741 4966 dum
774 4911 934 4981 apud
966 4909 1278 4981 Neapolim
1307 4910 1548 4981 aegritu-

144 5000 415 5072 quandiu
447 5004 601 5054 esset
620 5000 977 5070 gravissima
1006 4999 1300 5064 detentus,
1333 5014 1392 5055 m
1421 5000 1548 5058 Kal.

141 5103 218 5144 ar.
252 5089 408 5144 viam
441 5089 732 5143 universae
755 5090 950 5144 carnis
976 5088 1282 5158 ingressus
1312 5092 1552 5146 est.Cu-

140 5193 203 5231 us
246 5193 385 5232 cum
415 5174 764 5232 decentibus
794 5177 1093 5249 exsequiis
1127 5181 1183 5233 et
1217 5177 1421 5235 debita
1448 5178 1554 5236 ho·

145 5265 269 5321 ntia
292 5264 699 5337 Hierosolyma
716 5266 980 5322 delatum
1003 5270 1108 5333 est,
1129 5271 1186 5324 et
1205 5266 1265 5323 in
1290 5265 1552 5337 capitulo

158 5354 412 5422 Domini,
434 5356 590 5410 unde
613 5355 779 5426 prius
801 5356 1128 5411 canonicus
1161 5355 1355 5411 suerat
1381 5368 1554 5425 regu-

141 5445 392 5516 ipultum
424 5449 530 5499 est.

1677 1804 1825 1862 serie
1850 1806 1936 1863 sic
1968 1807 2260 1876 exigente,
2291 1823 2354 1863 se
2381 1806 2614 1871 obtulit,
2640 1805 2893 1876 dignum
2922 1810 3010 1863 est
3048 1810 3112 1862 ut
3152 1806 3226 1863 de
3256 1822 3329 1863 eo

1674 1910 1810 1966 quae
1826 1909 1934 1966 pro
1955 1899 2115 1951 certo
2135 1895 2560 1968 comperimus,
2577 1894 2833 1966 posteris
2853 1895 3331 1951 memoriaeman·

1674 1981 1917 2051 demus;
1942 1998 2062 2039 non
2089 1983 2248 2056 quod
2273 1983 2667 2055 panegyricos
2683 1981 3062 2055 propositum
3089 1982 3161 2039 sit
3186 1983 3332 2041 scri-

1672 2069 1834 2132 bere,
1849 2071 1953 2128 sed
1981 2076 2355 2145 utquantum
2373 2070 2821 2143 compendiosoe
2841 2070 3106 2127 historias
3131 2087 3328 2128 sermo

1674 2158 1895 2231 patitur
1923 2159 2281 2226 succinctus,
2321 2160 2457 2232 quis
2495 2158 2814 2232 qualisque
2854 2157 3028 2216 tuerit
3074 2159 3328 2215 edocea-

1673 2263 1828 2302 mus.
1863 2248 1962 2304 Hic
1991 2246 2065 2303 de
2090 2263 2213 2320 quo
2244 2247 2418 2304 nobis
2449 2262 2649 2304 sermo
2692 2250 2804 2313 est,
2833 2246 3207 2303 Raimundus
3231 2262 3329 2303 co-

1674 2352 1821 2405 mes,
1862 2352 1899 2392 a
1944 2335 2191 2392 domino
2234 2335 2467 2393 seniore
2521 2334 2879 2400 Raimundo,
2931 2335 3325 2393 sementivam

1673 2425 1845 2481 traxit
1888 2424 2087 2482 carnis
2134 2424 2449 2494 originem,
2495 2425 2599 2498 qui
2650 2424 2710 2480 in
2759 2423 3021 2480 exercitu
3064 2423 3325 2496 Domini,

1672 2515 1844 2584 cujus
1870 2529 2056 2587 opera
2083 2518 2141 2570 et
2169 2513 2368 2569 studio
2393 2517 2450 2570 et
2473 2512 2805 2579 laboribus,
2837 2527 3092 2583 regnum
3130 2511 3324 2569 orien-

1674 2602 1786 2659 tale
1814 2603 2023 2658 Christi
2049 2602 2288 2658 servitio
2313 2602 2651 2658 restitutum
2681 2606 2789 2668 est,
2820 2605 3017 2657 tantus
3045 2600 3326 2673 princeps

1670 2690 2321 2764 fuit,quemadmodum
2341 2686 3321 2764 superiusdiligente-edocuimus,

1670 2779 1814 2836 dum
1847 2779 1923 2836 de
1952 2780 2162 2852 primis
2199 2779 2592 2852 principibus,
2632 2779 2735 2853 qui
2767 2778 2829 2834 in
2860 2778 3057 2850 prima
3084 2776 3325 2851 expedi·

1671 2869 1830 2925 tione
1861 2872 2164 2934 venerant,
2199 2873 2610 2926 tractaremus.
2653 2866 2977 2924 Praediotus
3010 2866 3189 2936 igitur
3217 2865 3324 2924 do·

1671 2958 1872 3015 minus
1903 2973 2106 3015 comes
2135 2957 2334 3015 senior
2362 2956 2754 3024 Raimundus,
2787 2955 2965 3013 bouoe
2991 2955 3317 3026 memoriae,

1666 3045 1857 3102 fllium
1872 3047 2081 3103 habuit
2099 3049 2489 3103 Bertrannum
2508 3046 2887 3118 nomine,qui
2910 3051 3045 3118 post
3064 3050 3321 3101 mortem

1667 3136 1874 3209 patris,
1891 3140 1948 3193 et
1967 3135 2259 3193 Guillelmi
2282 3135 2531 3192 Jordani
2562 3150 2792 3200 necem,
2808 3134 2909 3206 qui
2936 3133 3205 3205 praedicti
3224 3149 3322 3191 co-

1666 3224 1829 3280 mitis
1850 3240 2037 3298 nepes
2063 3229 2208 3281 erat.
2223 3222 2657 3296 Tripolitanum
2673 3222 2931 3280 obtinuit
2950 3221 3320 3281 comitatum.

1665 3314 1766 3369 Hic
1795 3313 1984 3370 filium
2031 3312 2243 3370 habuit
2286 3313 2556 3369 Pontium
2605 3314 2870 3381 nomine,
2901 3312 3003 3385 qui
3035 3310 3319 3368 eumdem

1664 3403 2013 3460 comitatum
2032 3407 2173 3474 post
2185 3405 2436 3457 mortem
2449 3400 3018 3472 patrishoereditario
3034 3401 3168 3471 jure
3183 3416 3322 3474 pos-

1665 3490 1837 3556 sedit,
1896 3491 2001 3564 qui
2071 3490 2345 3548 Ceciliam
2413 3488 2666 3561 Philippi
2722 3489 2880 3559 regis
2955 3491 3321 3547 Francorum

1662 3578 1871 3645 filiam,
1902 3579 2189 3636 Tancredi
2235 3577 2501 3644 viduam,
2542 3576 2712 3634 duxit
2755 3592 3003 3633 uxorem
3030 3593 3045 3645 ;
3077 3593 3151 3633 ex
3193 3593 3316 3649 qua

1663 3667 1930 3739 suscepit
1956 3667 2142 3728 fllium
2169 3666 2575 3723 Raimundum
2603 3664 2868 3734 nomine,
2895 3664 3000 3738 qui
3030 3665 3226 3722 eidem
3253 3665 3317 3720 in

1661 3757 1953 3813 comitatu
1965 3755 2270 3813 successit.
2288 3754 2392 3812 Hic
2404 3754 2784 3819 Hodiernam,
2798 3752 3028 3810 domini
3043 3752 3320 3810 Balduini

1660 3843 2206 3918 Hierosolymorum
2223 3843 2379 3915 regis
2391 3840 3315 3907 secundifiliam,duxituxorem,

1659 3949 1728 3990 ex
1769 3934 1994 4006 quibus
2021 3934 2129 3990 iste
2158 3932 2563 3997 Raimundus,
2590 3931 2665 3988 de
2693 3946 2817 4005 quo
2845 3930 3022 3987 nobis
3066 3930 3128 3986 in
3168 3945 3316 4003 proe-

1658 4024 1810 4079 senti
1840 4026 1930 4079 est
1956 4027 2363 4090 sermo,natus
2386 4026 2477 4078 est
2501 4037 2517 4089 ;
2544 4021 2647 4093 qui
2674 4020 2829 4093 patri
2858 4019 2917 4076 in
2946 4022 3121 4092 porta
3153 4019 3317 4076 urbis

1655 4112 2054 4183 Tripolitanae,
2092 4111 2171 4168 ab
2199 4110 2515 4167 Assissinis
2544 4108 2872 4184 repentinis
2900 4106 3317 4166 invasionibus

1656 4200 1878 4268 occiso,
1895 4200 1954 4257 in
1975 4199 2191 4257 eodem
2211 4199 2497 4256 comitatu
2518 4197 2822 4255 successit.
2843 4200 2979 4255 Erat
3003 4212 3147 4269 ergo
3167 4211 3318 4270 proe-

1656 4288 1851 4344 dictus
1878 4303 2084 4345 comes
2113 4288 2341 4344 domini
2372 4286 2652 4343 Amalrici
2682 4290 2740 4345 et
2781 4285 3008 4343 domini
3048 4285 3316 4344 Balduini

1655 4392 1883 4448 regum,
1916 4391 1988 4434 ex
2015 4381 2182 4450 parte
2223 4376 2455 4440 matris,
2487 4374 2922 4442 consobrinus;
2952 4378 3123 4433 erant
3150 4374 3315 4432 enim

1654 4464 1912 4522 duarum
1961 4480 2238 4522 sororum
2284 4463 2385 4521 filii
2420 4486 2433 4519 ι
2485 4479 2559 4521 ex
2589 4467 2756 4536 parte
2800 4464 2985 4537 patris
3024 4469 3152 4521 erat
3190 4479 3314 4521 uno

1655 4554 1848 4626 gradu
1891 4553 2176 4620 inferior3
2217 4555 2346 4625 ejus
2382 4567 2647 4625 namque
2677 4552 2834 4619 avia,
2870 4559 3058 4609 mater
3105 4552 3312 4625 patris,

1657 4643 1949 4710 videlicet,
1992 4643 2221 4709 Cecilia,
2256 4641 2331 4698 de
2368 4657 2492 4713 qua
2542 4640 2956 4713 praediximus,
2996 4654 3165 4696 soror
3204 4638 3314 4698 ruit

1656 4732 1885 4790 domini
1915 4733 2071 4803 regis
2096 4729 2394 4796 Falconis,
2410 4729 2595 4801 patris
2620 4728 3009 4786 dominorum
3042 4725 3313 4785 Balduini

1656 4825 1712 4878 et
1734 4820 2015 4879 Amalrici
2034 4835 2265 4893 regum,
2290 4835 2361 4876 ex
2388 4818 2602 4875 eadem
2624 4822 2832 4883 matre,
2848 4832 2970 4872 non
2997 4832 3069 4872 ex
3095 4816 3312 4873 eodem

1658 4917 1844 4984 patre.
1861 4913 2007 4967 Nam
2035 4909 2345 4981 utriusque
2372 4910 2582 4977 mater,
2596 4921 2765 4963 soror
2785 4904 3012 4962 domini
3035 4904 3314 4961 Amalrici

1657 5000 1732 5057 de
1778 4998 2075 5066 muntfort,
2107 4995 2353 5055 Fulcoui
2396 4996 2617 5053 seniori
2654 4994 3181 5065 Andegavensium
3210 5009 3315 5050 co-

1658 5090 1783 5148 miti
1799 5090 1859 5146 in
1882 5103 2130 5146 uxorem
2154 5084 2369 5144 tradita
2394 5084 2680 5157 fuit3quae
2704 5082 3097 5157 postmodum
3113 5082 3312 5139 Fulco-

1657 5195 1733 5236 ne
1756 5179 1997 5250 juniore
2014 5177 2145 5249 jam
2170 5175 2351 5244 edito,
2383 5173 2665 5232 maritum
2692 5172 2998 5238 deserens,
3032 5172 3109 5229 ad
3137 5173 3315 5228 Fran·

1658 5282 1866 5323 corum
1893 5281 2118 5336 regem,
2145 5265 2463 5321 dominum
2493 5260 2851 5334 Philippum,
2884 5276 2947 5316 se
2976 5258 3312 5330 conterens,

1657 5356 1816 5412 hanc
1850 5354 2128 5411 ceciliam
2174 5369 2314 5410 cum
2354 5350 2728 5427 quibusdam
2766 5349 2895 5406 aliis
2925 5348 3054 5406 filiis
3092 5347 3304 5405 edidit.

1661 5446 1780 5500 Rex
1792 5448 1994 5501 autem
2011 5441 2401 5500 nibilominus
2413 5439 2683 5512 reginam
2698 5454 2945 5496 uxorem
2957 5437 3309 5510 legitimam,

1661 5531 1823 5590 unde
1858 5531 1992 5604 jam
2019 5531 2393 5591 Ludovicum
2419 5534 2475 5588 et
2502 5528 2913 5588 Constantiam
2944 5531 3310 5602 susceperat,
