3784 6000
152 230 157 235 ·
276 208 395 288 299

1352 216 1778 284 GUILLELMI
1821 215 2220 281 TYRE'NSIS
2262 216 2627 279 ARCHIEP.

3565 211 3692 277 ³00

276 362 505 423 effectui
526 360 880 433 mancipare,
902 355 1099 415 missis
1118 354 1288 413 donis
1309 355 1644 427 ingentibus
1675 355 1912 415 inaure.
1944 357 2002 421 Α
2030 349 2374 407 liberalitate
2413 350 2790 408 declinantes.
2833 345 2969 403 Erat
2998 345 3190 417 itaque
3238 345 3327 403 vir
3358 345 3419 403 in
3449 349 3684 406 cunctis

275 455 541 526 argento,
570 449 758 523 equis,
791 447 965 506 malis
995 450 1052 502 et
1075 444 1435 513 holosericis,
1469 445 1655 501 foedus
1689 453 1920 500 contra·

2028 459 2303 517 prospere
2331 458 2529 516 agens,
2562 442 2788 514 fuitque
2811 440 3094 495 Dominus
3124 454 3368 508 comeo,
3389 442 3448 496 et
3480 441 3686 497 omnia

278 539 517 611 habant,
535 538 681 597 tanti
699 536 980 612 priucipis
1003 535 1151 592 iram
1173 540 1232 592 et
1252 535 1714 608 indignationem
1738 532 1922 591 multa
2028 535 2157 606 eius
2181 549 2378 607 opera,
2408 538 2689 606 tanquam
2720 531 2862 588 servi
2899 529 3084 587 fidelis
3113 529 3427 601 dirigebat.

1238 894 1649 985 1Nc11>1T
1707 892 2042 982 LIBER
2123 892 2714 1006 QUARTUS.

812 1254 1046 1314 CAPUT
1067 1252 1381 1312 PRIMUM.

273 1362 582 1422 Balduinus
609 1364 767 1420 ducis
801 1364 980 1433 frater
1025 1363 1095 1418 ad
1141 1363 1408 1434 maiorem
1437 1373 1684 1415 reversus
1711 1355 1931 1441 exerci-

347 1441 488 1501 tum,
514 1435 790 1492 instincta
830 1434 1118 1490 pancratii
1140 1440 1348 1489 iterum
1394 1435 1675 1497 assumpta
1703 1432 1927 1498 militm,

344 1508 403 1564 in
451 1513 664 1577 partem
709 1505 1199 1576 septentrionalem
1234 1504 1535 1570 descendit,
1579 1508 1635 1559 et
1672 1501 1931 1573 usquead

346 1578 688 1652 Euphratem
718 1579 1039 1635 universam
1065 1585 1285 1649 occupat
1315 1580 1613 1646 reqionem.

348 1702 503 1761 Dum
538 1702 721 1777 igitur
740 1702 1083 1761 Tancredus
1118 1704 1197 1758 ita
1220 1701 1277 1757 in
1298 1700 1496 1757 Cilicia
1525 1697 1762 1755 viriliter
1783 1713 1928 1755 cun·

2039 1249 2188 1306 sidia
2216 1250 2606 1319 tradentibus,
2639 1250 2792 1307 infra
2821 1265 3040 1322 paucos
3069 1251 3192 1307 dies
3228 1266 3419 1324 usque
3464 1251 3537 1308 ad
3571 1251 3690 1308 Eu·

2040 1339 2301 1410 phratem
2334 1338 2576 1396 fluvium
2628 1356 2925 1414 magnum,
2959 1340 3288 1398 universam
3317 1341 3574 1398 obtinuit
3602 1358 3694 1398 re·

2038 1431 2293 1502 gionem.
2329 1433 2680 1502 Factumque
2737 1437 2828 1487 est
2870 1447 3079 1487 nomen
3109 1433 3238 1503 ejus
3281 1431 3549 1488 hostibus
3577 1432 3690 1489 cir·

2041 1519 2384 1586 cumpositis
2415 1519 2498 1574 ita
2516 1519 2901 1589 formidabile,
2926 1527 2993 1576 ut
3019 1523 3245 1577 munita
3276 1520 3456 1578 etiam
3478 1529 3691 1594 sponte

2045 1606 2379 1663 deserentes
2406 1608 2693 1678 proesidia‚
2745 1609 2940 1681 fugam
2974 1609 3192 1665 inirent
3222 1609 3456 1667 nemine
3487 1626 3691 1682 perse-

2042 1702 2271 1767 quente.
2295 1696 2588 1754 Fidelibus
2611 1710 2805 1754 autem
2831 1699 2931 1771 qui
2953 1700 3110 1755 enim
3134 1703 3493 1771 receperant,
3527 1705 3688 1758 tanta

278 1795 374 1849 cta
395 1793 509 1849 sibi
541 1793 876 1864 subjiceret,
929 1800 985 1848 et
1014 1792 1204 1863 major
1240 1791 1526 1848 exercitus
1555 1790 1704 1860 apud
1741 1786 1936 1844 Mare·
1964 1784 2011 1850 B
2040 1784 2112 1840 de
2168 1786 2297 1854 ejus
2356 1790 2662 1857 pra-sentia
2716 1788 2963 1843 accessit
3009 1788 3211 1859 virtus,
3243 1793 3302 1845 et
3342 1804 3413 1845 ex
3472 1788 3689 1846 virtute

277 1878 427 1938 siam
477 1880 604 1952 Jam
646 1881 1020 1952 pervenisset,
1071 1881 1382 1952 predictus
1430 1877 1751 1935 Balduinus
1799 1877 1924 1934 viso

281 1967 478 2040 fratre,
509 1970 679 2042 cujus
705 1972 894 2044 gratia
924 1969 998 2027 ad
1028 1970 1341 2027 exercitum
1385 1970 1654 2038 redierat,
1679 1967 1926 2038 ejusque

278 2060 516 2135 cognita
544 2060 1030 2127 convalescentia,
1064 2077 1296 2116 rursum
1328 2064 1571 2127 aestuat3
1603 2064 1658 2114 ct
1677 2057 1929 2114 Tancre-

276 2148 337 2207 di
368 2165 688 2208 succensus
734 2149 994 2206 stimulis
1044 2157 1100 2207 et
1129 2150 1352 2205 virtutis
1380 2149 1507 2219 ejus
1538 2165 1662 2220 quae
1696 2147 1929 2218 publice

276 2239 705 2314 prodicabatur
750 2238 1019 2309 remulus,
1058 2241 1250 2296 socios
1300 2238 1558 2310 colligit;
1591 2244 1647 2294 et
1688 2253 1923 2293 rursum

274 2328 474 2404 egredi
505 2337 562 2385 et
590 2344 763 2386 cesus
795 2327 1041 2399 experiri
1066 2337 1324 2384 recentes
1347 2325 1637 2399 proponit.
1669 2326 1927 2382 Audien-

273 2422 364 2478 tes
393 2417 639 2490 veroqui
661 2417 733 2473 ab
764 2433 831 2474 eo
856 2433 1036 2487 super
1056 2417 1165 2475 hoc
1199 2417 1683 2485 sollicitabantur,
1707 2420 1928 2488 quanta

273 2507 553 2567 adversus
580 2506 888 2563 domiuum
928 2506 1295 2564 Tancredum
1328 2506 1482 2579 apud
1513 2509 1760 2562 Tarsum
1783 2504 1927 2561 Cili-

273 2596 399 2670 cio,
428 2595 503 2654 de
533 2596 751 2668 majore
780 2595 1030 2653 confisus
1059 2597 1352 2665 comitatu,
1386 2595 1765 2652 intumuisset
1796 2612 1931 2652 ma-

269 2684 420 2756 litia,
467 2701 603 2744 cum
631 2702 701 2743 eo
746 2685 1035 2761 proficisci
1086 2688 1476 2756 verebantur3
1514 2684 1929 2742 abominabilis

274 2775 434 2836 euim
464 2776 653 2834 factus
679 2780 805 2834 erat
855 2792 1002 2849 pene
1046 2777 1342 2846 omnibus,
1372 2776 1476 2832 illa
1507 2777 1635 2848 ejus
1667 2776 1839 2847 culpa
1870 2775 1929 2832 id

277 2865 563 2939 exigente.
597 2864 665 2922 Et
696 2865 806 2922 nisi
852 2865 1075 2922 domini
1113 2867 1278 2922 ducis
1308 2864 1631 2923 obstitisset
1659 2880 1930 2922 reveren—

279 2955 383 3025 tia.
416 2954 795 3014 Boamuodus
813 2961 872 3014 et
892 2955 984 3012 sui
1016 2955 1362 3029 impunitam
1391 2972 1505 3013 nou
1529 2955 1926 3028 reliquissent,

281 3061 457 3121 quam
505 3044 806 3103 Tancredo
853 3045 1125 3103 intulerat
1175 3045 1473 3119 injuriam.
1518 3044 1678 3103 Unde
1711 3047 1928 3103 factum

2034 1873 2268 1944 fiducie,
2293 1881 2378 1939 ut.
2408 1879 2559 1933 sicut
2585 1879 2793 1950 legitur
2822 1879 2881 1935 in
2925 1879 3240 1951 propbeta:
3277 1881 3426 1938 Unus
3453 1885 3686 1953 lupar-et

2032 1962 2231 2030 decem,
2263 1969 2316 2020 et
2361 1964 2468 2021 duo
2513 1966 2694 2022 decem
2737 1968 2917 2023 millia
2945 1968 2963 2042 (
2996 1969 3149 2025 Dent.
3180 1985 3356 2036 xxxu,
3387 1969 3459 2025 30
3489 1972 3529 2042 ).
3561 1969 3680 2027 Nec

2034 2054 2226 2109 solum
2273 2054 2482 2127 vulgus
2534 2055 2615 2112 ita
2647 2062 2838 2113 mente
2885 2059 2936 2114 ei
2969 2059 3321 2127 adhaerebat,
3353 2061 3453 2116 sed
3487 2061 3592 2132 qui
3620 2059 3682 2115 in

2036 2144 2299 2213 partibus
2319 2142 2435 2200 illis
2458 2150 2619 2200 eraut
2641 2145 2954 2203 Christiani
2981 2147 3288 2219 principes,
3320 2163 3455 2204 cum
3475 2148 3680 2206 eodem

2036 2230 2315 2300 foederati,
2349 2233 2421 2287 ad
2456 2233 2809 2306 propositum
2842 2242 3242 2307 cooperantes,
3270 2253 3333 2292 se
3351 2237 3685 2293 communi-

2034 2321 2177 2377 catis
2207 2321 2429 2379 viribus
2461 2333 2514 2380 et
2562 2324 2844 2397 impensis
2872 2326 3076 2382 devote
3121 2327 3418 2398 obsequiis
3447 2327 3685 2385 exhibe-

2035 2412 2193 2470 bant.

2687 2524 2922 2582 CAPUT
2954 2526 3024 2583 11.

2033 2628 2201 2685 Fama
2227 2631 2345 2699 eius
2378 2629 2537 2702 lonqe
2564 2632 2778 2705 lateque
2812 2632 3153 2706 diffunditur
3169 2653 3191 2697 ,-
3217 2651 3253 2690 a
3274 2636 3488 2692 civibus
3517 2634 3683 2695 Edes-

2106 2706 2258 2756 sam's
2303 2713 2543 2758 coeatur.
2596 2704 2842 2761 Transito
2899 2709 3194 2774 Euphrate,
3230 2707 3366 2762 illuc
3391 2711 3683 2779 accelerat,

2107 2772 2351 2830 insidias
2380 2777 2444 2829 in
2486 2774 2686 2833 itinere
2719 2793 3047 2847 perpessus,-
3074 2780 3314 2834 omar-rit
3358 2778 3415 2835 ei
3487 2789 3687 2851 opulus

2111 2845 2433 2912 Edessanus,
2452 2853 2506 2902 et
2536 2848 2710 2904 multa
2744 2850 2935 2904 loect'tia
2962 2850 3025 2904 in
3052 2851 3244 2905 urbem
3267 2851 3419 2909 intro
3460 2853 3595 2911 uait.

2110 2948 2245 3007 Post
2297 2951 2435 3021 haec,
2493 2951 2701 3009 diebus
2756 2953 2981 3027 aliquot
3045 2954 3309 3025 evolutis,
3376 2957 3687 3031 egrediens

2034 3038 2212 3110 fama,
2246 3043 2533 3112 magnifici
2566 3043 2670 3099 viri
2721 3059 2931 3100 nomen
2962 3049 3021 3101 et
3047 3060 3225 3116 opera
3252 3045 3424 3119 longe
3452 3046 3685 3119 lateque

281 3140 394 3207 est,
425 3141 491 3192 ut
521 3152 738 3209 paucos
768 3136 1047 3193 inveniret
1074 3136 1234 3192 illius
1263 3139 1368 3194 viae
1393 3142 1712 3193 consortes.
1743 3136 1931 3208 Super
1958 3154 2004 3223 c
2043 3147 2145 3203 per
2164 3131 2499 3203 adjacentes
2518 3134 2854 3206 divulgabat
2869 3134 3193 3207 provincias
3217 3138 3682 3206 ;strenuitatem,

285 3240 402 3300 quo
439 3241 476 3282 a
496 3227 686 3295 fratre,
719 3242 881 3284 servo
924 3224 1046 3283 Dei.
1070 3237 1371 3298 correptus
1400 3229 1669 3299 graviter,
1701 3232 1924 3282 reatum
2039 3221 2214 3278 fldem
2246 3230 2303 3278 et
2333 3224 2721 3281 constantiam
2755 3224 2938 3281 animi
2971 3226 3291 3296 predicans
3319 3229 3684 3286 commenda·

283 3314 604 3374 cumomni
643 3314 978 3373 humilitate
1025 3331 1468 3388 recognoscens,
1500 3323 1553 3371 et
1575 3316 1925 3387 condignam

277 3403 462 3464 nobili
475 3408 617 3470 viro,
635 3420 737 3477 pro
755 3406 1058 3462 commisso
1072 3404 1529 3461 satisfactionem
1552 3404 1923 3477 promittens3

276 3497 337 3553 et
364 3493 645 3570 quoniam
669 3503 875 3566 prater
895 3511 1140 3565 morem,
1164 3499 1221 3551 et
1251 3495 1494 3551 alterius
1516 3496 1701 3564 magis
1719 3509 1926 3567 sugge-

273 3583 485 3653 stione,
516 3585 780 3657 quamde
811 3585 1045 3657 proprio
1073 3588 1231 3642 motu
1254 3582 1928 3655 deliqueratstndulgen-

271 3672 415 3732 tiam
447 3680 796 3731 consecutus
839 3681 946 3744 est,
978 3682 1037 3731 et
1082 3675 1345 3732 omnium
1389 3675 1501 3732 sibi
1534 3674 1930 3730 reconciliavit

274 3764 548 3835 gratiam.
583 3763 719 3822 Erat
742 3766 897 3821 enim
931 3765 1018 3820 vir
1040 3765 1186 3821 alias
1220 3782 1316 3837 per
1335 3766 1527 3821 omnia
1549 3763 1929 3821 commenda·

272 3852 436 3917 hilis,
467 3871 571 3910 nec
588 3856 829 3911 auditus
854 3856 963 3911 fuit
985 3854 1241 3927 amplius
1271 3872 1461 3911 sermo
1486 3855 1823 3926 hujusmodi
1854 3856 1928 3911 de

273 3940 396 3998 illo.
433 3943 605 3999 Porro
638 3945 773 4001 huic
804 3948 985 4001 eidem
1013 3946 1319 4003 familiaris
1349 3951 1469 4001 erat
1492 3943 1730 4018 quidum
1765 3943 1928 4001 nobi-

273 4029 348 4086 lis
379 4032 718 4099 Armenius,
768 4037 1101 4092 Pancratius
1152 4037 1407 4104 nomine,
1443 4052 1613 4106 quem
1641 4055 1674 4091 a
1699 4052 1927 4093 carcere

270 4120 495 4178 domini
546 4123 912 4193 imperatoris
959 4125 1245 4197 elapsum,
1299 4128 1451 4195 apud
1516 4126 1754 4182 Niceam
1813 4124 1925 4181 sibi

272 4211 487 4263 fecerat
517 4210 887 4280 familiarem,
921 4213 1140 4284 viaeque
1181 4220 1510 4270 consortem
1553 4231 1785 4286 semper
1815 4216 1928 4270 ha·-

272 4293 479 4350 buerat
506 4316 522 4362 ς
557 4304 681 4351 erat
698 4305 892 4355 autem
917 4303 1068 4356 idem
1094 4303 1178 4355 vir
1202 4305 1257 4359 in
1283 4306 1456 4359 arulis
1487 4313 1787 4370 strenuus,
1820 4304 1922 4359 sed

269 4397 548 4456 perversa
597 4383 726 4442 tidei
777 4393 833 4445 et
884 4389 1170 4445 subdolus
1215 4391 1416 4446 nimis.
1471 4395 1572 4447 Hic
1613 4393 1923 4448 dominum

266 4471 620 4552 Balduinum
675 4477 834 4535 horis
867 4495 1013 4551 pene
1037 4481 1284 4552 singulis
1307 4480 1659 4537 sollicitabat
1693 4481 1912 4551 instan,

266 4563 407 4637 tius,
440 4574 500 4623 ut
530 4574 829 4641 assumpta
860 4567 1094 4635 militia,
1126 4585 1326 4628 secum
1362 4570 1820 4643 proficisceretur
1850 4571 1910 4630 in

264 4655 586 4732 regionem,
617 4675 796 4732 quam
828 4675 964 4718 cum
999 4660 1202 4733 paucis
1234 4666 1430 4734 posset
1459 4675 1747 4735 occupare
1777 4662 1917 4720 faci·

265 4743 405 4804 lius.
435 4744 692 4807 Tandem
709 4766 843 4809 vero
865 4750 1168 4809 associatis
1188 4750 1303 4809 sibi
1324 4751 1593 4809 ducentis
1622 4750 1919 4824 equitibus

268 4838 328 4892 et
357 4836 568 4909 populo
601 4854 715 4898 non
747 4841 992 4909 modico,
1021 4840 1170 4898 duce
1192 4839 1470 4913 praedicto
1501 4840 1827 4910 pancratio,
1858 4840 1919 4898 in

271 4929 495 4996 partem
527 4931 1042 4999 septentrionalem
1068 4930 1469 5003 proficiscens.
1501 4930 1802 5004 ingressus
1830 4934 1921 4988 est

267 5012 567 5079 regionem
621 5018 1150 5087 opulentissimam.
1201 5020 1377 5078 Erant
1404 5026 1596 5077 autem
1633 5024 1918 5093 praedictae

264 5099 522 5175 regionis
540 5102 894 5163 habitatores
925 5109 1263 5166 Christianae
1292 5111 1690 5181 professionis,
1721 5117 1778 5167 et
1798 5112 1918 5168 veri

263 5187 364 5246 Dei
394 5192 667 5260 cultores,
701 5197 955 5268 exceptis
1006 5201 1228 5271 paucis,
1257 5203 1358 5272 qui
1390 5202 1445 5255 in
1481 5201 1762 5272 praesidiis
1789 5217 1918 5257 mo·

262 5281 545 5338 rebantur
601 5283 831 5342 fidelem
879 5290 1182 5360 populum,
1231 5297 1289 5345 et
1332 5293 1547 5361 quibus
1600 5291 1915 5348 inhibitum

260 5373 385 5424 erat
436 5371 710 5443 militare,
774 5393 878 5448 pro
933 5380 1173 5435 arbitrio
1222 5386 1551 5437 tractantes.
1605 5381 1916 5455 Ingressus

264 5453 444 5529 igitur
472 5462 787 5536 regionem,
808 5467 1432 5527 Christianislocorum
1461 5471 1808 5544 cultoribus,
1833 5476 1918 5533 in·

265 5541 531 5604 fidelium
565 5550 1024 5614 abhorrentibus
1039 5557 1453 5633 principatum,
1485 5562 1747 5620 eteidem
1764 5579 1914 5639 pru·

2036 3310 2234 3369 bilem.
2265 3310 2409 3368 Exiit
2437 3329 2573 3385 ergo
2604 3330 2796 3371 sermo
2827 3315 2935 3371 iste
2965 3315 3035 3371 ad
3069 3315 3222 3372 cives
3251 3313 3598 3386 Edessauos,
3626 3321 3686 3375 et

2037 3400 2363 3456 universam
2408 3416 2633 3470 eorum,
2681 3417 2916 3459 rumore
2960 3404 3377 3473 crebrescente,
3425 3404 3685 3478 implevit

2038 3490 2238 3545 urbem
2264 3505 2281 3559 ;
2314 3491 2465 3562 quod
2517 3491 2651 3548 talis
2687 3496 3004 3565 tantusque
3025 3495 3299 3565 princeps
3327 3494 3400 3551 de
3427 3497 3682 3553 exercitu

2036 3578 2502 3636 Christianorum
2578 3581 2910 3652 advenerat,
2967 3584 3067 3654 qui
3124 3581 3332 3655 iugum
3386 3584 3684 3642 servitutis

2035 3682 2235 3723 corum
2271 3669 2501 3740 penitus
2546 3676 2743 3742 porset
2788 3670 3125 3741 dissolvere,
3167 3682 3221 3728 et
3246 3688 3347 3729 eos
3379 3676 3683 3733 restituere

2034 3756 2316 3814 libertati.
2339 3757 2499 3815 Unde
2532 3772 2646 3814 tam
2671 3761 2770 3833 qni
2795 3761 3012 3817 civitati
3040 3769 3324 3832 praeerant
3352 3779 3525 3834 quam
3561 3780 3685 3822 ma·

2032 3848 2189 3919 jor-es
2223 3856 2386 3914 natu,
2422 3866 2595 3920 penes
2627 3866 2772 3922 quos
2814 3850 3080 3908 universa
3121 3853 3372 3911 civitatis
3403 3854 3568 3914 illius
3593 3873 3683 3914 re·

2036 3938 2261 3994 sidebat
2289 3941 2625 4005 auctoritas,
2673 3945 2847 3997 missa
2894 3940 3199 4014 legatione,
3236 3943 3444 4001 litteris
3472 3952 3532 4002 ct
3560 3946 3686 4003 viva

2038 4045 2342 4097 voce,eum
2368 4032 2435 4083 ad
2471 4046 2532 4084 se
2554 4037 2832 4101 satagunt
2850 4033 3094 4088 evocari.
3121 4033 3221 4088 Est
3241 4041 3428 4091 sutem
3463 4033 3687 4093 Edessa

2038 4119 2248 4176 nobilis
2297 4120 2720 4187 Mesopotamiis
2762 4120 3119 4191 metropolis,
3145 4138 3268 4191 quas
3297 4123 3413 4181 alio
3444 4126 3683 4183 nomine

2038 4208 2622 4281 Rhagesappellatur.
2657 4209 2785 4264 Haec
2808 4213 2898 4265 est
2926 4210 3149 4278 civitas,
3172 4213 3242 4266 ad
3266 4229 3443 4283 quam
3477 4212 3684 4271 Tobiae

2036 4300 2247 4366 senior,
2288 4301 2584 4369 juniorem
2630 4300 2871 4355 Tobiam
2923 4300 3107 4356 fllium
3141 4317 3309 4357 suum
3340 4302 3525 4372 misit,
3560 4310 3625 4360 ut
3649 4320 3686 4361 a

2037 4386 2249 4444 Gabelo
2308 4391 2743 4460 consanguineo
2792 4405 2899 4445 suo
2947 4391 3146 4446 decem
3198 4390 3418 4449 talenta
3452 4393 3683 4465 argenti

2037 4486 2381 4549 reposceret,
2431 4495 2554 4548 ηοω
2604 4479 2677 4545 ei,
2710 4479 2849 4535 dum
2898 4478 3090 4535 adhuc
3136 4487 3294 4537 esset
3332 4482 3680 4555 inlantulus,

2030 4567 2521 4625 commodaverat.
2580 4566 2760 4640 HuJus
2815 4570 2970 4627 cives
3012 4570 3214 4626 statim
3276 4578 3403 4642 post
3445 4570 3681 4639 Domini

2032 4658 2360 4730 passionem
2408 4673 2511 4729 per
2558 4656 2919 4715 Tnaddaeum
2966 4659 3323 4731 apostolum,
3361 4660 3681 4720 salutarem

2028 4747 2242 4805 Christi
2291 4752 2676 4817 susceperunt
2724 4748 3093 4806 doctrinam:
3123 4750 3283 4821 digni
3325 4750 3549 4808 inventi
3580 4767 3685 4824 per

2029 4834 2246 4902 omnia,
2296 4840 2354 4892 et
2384 4836 2532 4892 tanti
2583 4837 2996 4908 praedicatione
3040 4838 3315 4911 apostoli,
3345 4843 3404 4898 et
3432 4838 3683 4912 epistola

2029 4928 2363 4996 salvatoris,
2388 4945 2564 5001 quam
2590 4929 2660 4984 ad
2683 4930 3003 5002 Abgarum,
3021 4945 3216 5003 regem
3238 4946 3440 4988 eorum
3472 4932 3680 4989 rescri-

2030 5017 2173 5073 bens
2206 5017 2386 5078 misit.
2418 5018 2568 5072 sicut
2605 5018 2661 5073 in
2714 5018 2902 5090 primo
2950 5018 3359 5075 ecclesiastico
3404 5019 3679 5089 historin,

2028 5124 2202 5180 quam
2237 5106 2513 5162 Eusebius
2552 5107 2924 5164 Caesariensis
2967 5108 3221 5179 scripsit,
3275 5110 3581 5180 reperitur.
3612 5111 3677 5166 ln

2028 5214 2166 5269 qua,
2198 5200 2351 5253 sieut
2380 5198 2452 5252 ab
2484 5198 2648 5253 initio
2687 5204 2746 5255 et
2792 5215 2825 5253 a
2871 5197 3237 5268 temporibus
3280 5199 3678 5269 apostulorum

2027 5294 2421 5359 susceperant,
2465 5286 2565 5340 fidi
2603 5286 2932 5343 sinceritate
2984 5292 3437 5358 perseverantes,
3468 5287 3683 5344 infide-

2027 5377 2171 5434 lium
2200 5380 2406 5448 jugum
2447 5380 2688 5433 eatenus
2737 5376 3131 5448 patiebantur,
3160 5375 3315 5448 quod
3348 5375 3437 5432 eis
3460 5376 3684 5435 tributa

2025 5473 2085 5527 et
2128 5467 2428 5541 vectigalia
2474 5466 2779 5524 annuatim
2836 5467 3196 5539 cogebantur
3231 5466 3569 5536 exsolvet-eg
3597 5468 3681 5524 vi·

2030 5575 2169 5618 neas
2199 5573 2438 5634 queque
2465 5563 2524 5617 et
2549 5572 2744 5634 agros,
2784 5563 2839 5614 et
2871 5554 3149 5633 quolibet
3176 5555 3400 5630 pradia
3425 5556 3682 5619 atauus
