3784 6000
178 219 265 277 5‘1
1701 209 2129 275 EPISTOLAE.
3544 223 3624 283 58

172 351 442 425 fragium
472 350 717 409 minoris
736 349 991 407 oestimat
1010 365 1184 423 quam
1202 347 1442 418 iustitias
1463 349 1555 407 vel
1584 349 1836 406 virtutis.
1876 349 1929 417 Α
1958 349 2136 407 officii
2167 365 2586 426 recognoscens
2626 353 2835 411 maluit
2862 352 3090 411 interim
3135 359 3500 429 sequestrare
3529 375 3625 430 po·

254 441 715 497 Arbitrabantur
754 438 957 511 aliqui,
989 454 1239 511 quorum
1289 437 1512 496 malitia
1550 437 1850 495 consuevit

175 532 259 588 de
318 530 514 587 aliena
561 529 919 586 conscientia
973 528 1234 585 divinare
1272 528 1426 601 quod
1457 528 1667 595 nescit,
1699 544 1849 600 opus

178 624 453 677 vestrum
482 621 557 676 de
585 618 883 691 superbia,
914 633 1034 674 non
1054 617 1134 695 *de
1162 617 1396 674 virtutis
1419 616 1730 689 procedere
1751 633 1851 674 ve-

177 710 390 779 ritate;
426 708 694 767 affectare
715 725 813 765 vos
845 706 1127 780 pristinos
1165 706 1527 764 cancellaria
1568 721 1760 763 mores
1790 705 1850 762 in

180 799 291 855 hac
322 815 566 871 quoque
593 797 879 871 dignitate
916 811 1167 865 servare,
1200 798 1265 852 ut
1294 794 1501 852 nullus
1530 795 1852 866 potentatui

176 892 405 956 vestro,
425 886 625 944 nullus
654 886 867 944 audeat
889 885 1161 943 resistere
1182 883 1471 942 voluntati
1495 901 1510 941 ε
1534 884 1850 955 gloriosum

177 979 351 1038 vobis
382 981 531 1051 rore,
557 980 601 1037 si
632 978 1050 1052 procedentem
1082 976 1223 1035 olim
1236 978 1308 1035 de
1334 976 1557 1034 lubrico
1580 976 1855 1034 volunta-

181 1071 261 1127 tis
276 1069 489 1127 alienas
501 1068 818 1142 potentiam
835 1070 1027 1125 vestro
1040 1067 1291 1140 possetis
1306 1066 1525 1125 nomini
1537 1065 1852 1133 vindicare,

180 1175 319 1215 eum
371 1158 591 1215 rectius
619 1156 1028 1215 ecclesiastiea
1075 1155 1346 1227 dignitati
1404 1155 1723 1212 reverentia
1751 1155 1854 1212 de-

178 1251 392 1307 beatur
412 1265 593 1322 quam
616 1246 808 1304 officio
832 1246 1119 1304 saeculari.
1143 1245 1538 1303 sublimatum
1569 1245 1722 1302 enim
1753 1262 1856 1303 vos

179 1342 241 1395 st
266 1338 341 1395 ad
375 1337 589 1395 altiora
616 1337 733 1394 divi
745 1353 816 1394 na
841 1335 1105 1393 bonitate
1126 1339 1465 1408 provectum
1490 1351 1596 1392 nec
1611 1336 1735 1405 jam
1752 1351 1856 1392 vos

178 1426 515 1486 scabellum
560 1425 725 1498 pedis
765 1423 850 1482 vel
898 1424 1098 1482 lateris
1145 1424 1321 1481 etiam
1346 1440 1683 1482 conservare
1713 1439 1857 1481 con-

180 1533 441 1584 sessum,
462 1517 569 1573 sed
587 1515 772 1589 ipsius
788 1513 1105 1572 diademati
1118 1513 1330 1586 capitis
1352 1514 1684 1583 imminere,
1699 1515 1854 1586 quod

180 1606 406 1664 scilieet
426 1606 573 1663 adeo
604 1605 678 1662 de
705 1608 898 1662 vestra
917 1602 1261 1662 auctoritate
1284 1602 1547 1674 pendeat,
1572 1611 1631 1660 ut
1667 1603 1682 1658 i
1690 1603 1854 1676 psius

1960 440 2224 510 tentiam,
2260 441 2560 500 facultates
2606 459 2913 515 exponere,
2958 444 3261 517 ipsamque
3313 463 3620 519 personam

1961 529 2336 600 quibuslibet,
2368 532 2602 604 injuriis
2632 533 2855 590 offerre.
2889 534 3300 607 evangelicum
3331 537 3622 609 siquidem

1959 618 2106 677 illud
2142 621 2294 678 fideli
2327 624 2611 681 memoria
2650 624 2931 693 retinetis,
2964 626 3175 681 summi
3209 627 3471 683 Pastoris
3514 630 3621 686 do·

1960 711 2150 768 ctrina
2204 712 2499 784 proditum
2530 717 2586 770 et
2644 715 2939 770 firmatum
2988 715 3279 786 exemplo,
3313 719 3466 789 quod
3522 735 3623 792 pro

1962 800 2163 856 ovibus
2193 804 2249 858 et
2276 802 2546 873 tratribus
2578 805 2783 859 nostris
2830 804 3141 861 debeamus
3171 806 3392 861 animus
3419 824 3627 879 ponere

1961 890 2136 960 (loun.
2173 891 2282 962 ιιι),
2307 907 2421 947 non
2479 891 2551 947 de
2607 891 2864 964 ipsorum
2906 893 3276 950 detrimentis
3308 895 3623 954 detestabi-

1963 976 2078 1033 lem
2100 977 2248 1034 lucri
2271 979 2566 1035 materiam
2593 995 2949 1052 comparare.
2973 981 3206 1037 Poterat
3246 985 3440 1040 autem
3475 1001 3624 1042 onus

1965 1065 2375 1124 distributione
2405 1066 2603 1136 levari,
2632 1070 2682 1124 si
2712 1084 2889 1126 cauea
2928 1071 3285 1138 communis,
3318 1074 3624 1131 communi

1964 1159 2210 1213 tractata
2238 1157 2503 1229 consilio,
2536 1159 2831 1215 communi
2855 1160 3130 1231 suffragio
3165 1159 3467 1218 niteretur.
3496 1164 3624 1219 Fir-

1969 1249 2184 1301 matam
2209 1247 2423 1318 quippe
2454 1247 2763 1304 concordia
2809 1248 3052 1319 spiritus
3094 1249 3382 1307 unitatem
3416 1267 3623 1309 verum

1964 1337 2054 1390 est
2073 1337 2473 1393 vexationibus
2503 1354 2674 1409 posse
2695 1337 2949 1407 concuti,
2969 1338 3132 1394 nulla
3165 1342 3362 1397 tamen
3399 1340 3625 1410 impro-

1965 1422 2146 1480 bitate
2169 1424 2433 1481 convelli.
2476 1426 2662 1499 Igitur
2707 1425 3095 1484 invalescente
3149 1427 3395 1500 malitia,
3430 1432 3527 1501 qui
3546 1433 3623 1487 ad

1966 1520 2172 1584 tempus
2191 1514 2561 1571 crediderant
2609 1517 2931 1572 tentationis
2967 1519 3211 1588 tempore
3258 1524 3625 1576 recesserunt

1968 1604 2117 1671 (Luc.
2177 1604 2330 1675 vur);
2362 1604 2641 1676 ducisque
2698 1605 2790 1660 sui
2848 1621 2965 1662 non
3017 1609 3250 1662 tantum
3311 1608 3445 1663 facti
3482 1612 3626 1666 sunt

180 1696 249 1753 ad
281 1712 393 1753 nos
426 1693 831 1767 principaliter
860 1693 1176 1765 assignatio
1198 1699 1254 1749 et
1274 1691 1696 1762 assignationis
1717 1708 1853 1748 eon·
1889 1723 1936 1787 B
1969 1690 2317 1758 desertores,
2340 1691 2439 1746 sed
2472 1690 2530 1747 in
2571 1695 2763 1747 castra
2810 1692 3072 1749 hostium
3116 1694 3266 1750 sacto
3299 1696 3624 1765 transfugio

182 1784 433 1857 signatio
490 1784 697 1841 debeat
752 1783 1064 1855 pertinere.
1117 1780 1338 1839 Idcirco
1398 1798 1537 1839 sane
1576 1798 1678 1839 vos
1706 1782 1858 1838 inter
1967 1783 2402 1835 concesserunt.
2434 1781 2491 1836 Si
2513 1796 2647 1836 vero
2677 1781 2881 1853 coeptis
2913 1787 3362 1853 perseverantes
3389 1785 3628 1843 insiste-

180 1873 341 1931 initia
366 1873 675 1948 regalibus
704 1871 1007 1930 obstitisse
1041 1871 1361 1938 mandatis,
1394 1875 1460 1928 ut
1491 1872 1548 1928 in
1582 1871 1710 1944 ipso
1741 1884 1860 1927 cre·

184 1964 417 2020 deretur
434 1963 792 2020 universitas
819 1966 1176 2035 expugnata,
1198 1977 1333 2017 cum
1362 1959 1525 2017 nulla
1553 1961 1857 2032 relinque-

186 2057 340 2110 retur
363 2052 502 2110 aliis
533 2052 750 2109 fiducia
779 2050 1118 2120 resistendi,
1147 2050 1247 2107 ubi
1280 2050 1440 2123 regia
1472 2065 1586 2107 non
1621 2054 1861 2122 possent

188 2141 431 2215 imperia
465 2140 805 2213 proevalere.
842 2139 1149 2196 Addebant
1186 2155 1285 2196 vos
1318 2139 1471 2195 inter
1500 2139 1720 2196 amicos
1754 2138 1861 2195 ali-

186 2232 419 2304 qnando
438 2231 667 2289 dixisse
684 2246 803 2288 nou
823 2231 1103 2288 fovendos
1129 2230 1189 2286 in
1213 2229 1472 2303 principe
1495 2229 1861 2288 inconsultos

182 2322 337 2378 slata
358 2321 699 2393 juventutis
721 2320 865 2377 affec
876 2319 1107 2392 tus,sed
1140 2319 1343 2376 statim
1365 2318 1613 2376 viriliter
1640 2319 1861 2377 intem-

184 2412 459 2484 perantias
493 2409 907 2477 resistendum,
942 2425 1012 2466 ne
1064 2407 1460 2466 dissimulatio
1491 2411 1646 2466 creet
1677 2409 1857 2465 auda·

183 2499 348 2569 siam,
380 2498 473 2557 vel
508 2497 894 2557 insolentiam
919 2496 1288 2571 indulgentia
1318 2513 1503 2570 prona
1532 2498 1855 2554 confirmet.

184 2589 359 2647 Notos
408 2588 584 2646 vobis
612 2602 742 2645 esse
781 2603 983 2645 omnes
1013 2586 1226 2660 regalis
1265 2586 1449 2644 animi
1479 2593 1689 2649 metus,
1715 2588 1857 2660 quid

90 2744 93 2755 Ι
188 2677 435 2735 levitatis
490 2676 728 2746 habeat,
761 2676 903 2751 quid
943 2664 1181 2734 ‘virtutis
1219 2677 1432 2733 audeat
1462 2677 1859 2748 attentat-sip·

190 2783 437 2841 sumque
456 2766 782 2840 prudentio
798 2770 915 2824 tuae
935 2765 1437 2840 magnificentiam
1470 2765 1861 2824 nihilominus

195 2856 527 2930 agnovisse,
561 2870 736 2928 quam
756 2855 929 2913 toties
961 2854 1022 2912 in
1068 2855 1605 2928 opportunitatibus
1653 2855 1857 2912 utilem

192 2952 243 3004 st
264 2946 325 3003 in
358 2944 811 3003 difficultatibus
856 2947 1128 3017 expertus
1158 2945 1233 3003 sit
1257 2944 1572 3002 efficacem.
1604 2944 1729 3003 Non
1764 2961 1860 3002 re-

194 3036 566 3110 pudiandum
598 3036 671 3092 ab
701 3049 770 3091 eo
792 3034 1026 3091 blandis
1048 3033 1420 3091 adulatorum
1455 3033 1698 3091 fallaciis
1720 3051 1856 3092 con·

196 3126 391 3182 silium
442 3124 724 3192 salutare,
759 3140 874 3196 quo
931 3123 1296 3180 consueverit
1335 3121 1539 3181 fulcire
1566 3125 1857 3194 nutantia,

195 3214 571 3286 complanare
628 3211 956 3285 scrupulos,
993 3211 1287 3269 obstantia
1344 3212 1659 3268 dimovere.
1721 3215 1860 3279 Quoe

198 3305 367 3361 verba
400 3320 540 3360 eum
571 3304 643 3359 ad
690 3303 846 3375 regis
900 3302 1166 3359 notitiam
1219 3299 1610 3374 malignitatis
1640 3301 1862 3359 invidia

197 3393 534 3462 detulisset,
595 3391 938 3448 asserebant
986 3389 1436 3447 irrevocabiliter
1489 3390 1858 3464 indignatum

194 3482 411 3539 dixisse
432 3480 593 3555 quod
607 3478 743 3537 totis
760 3479 1045 3536 utendum
1061 3482 1213 3536 esset
1226 3478 1470 3548 viribus,
1485 3479 1624 3536 totis
1639 3479 1860 3537 artibus

197 3572 625 3638 obsistendum,
645 3568 928 3642 quoniam
959 3568 1012 3625 ei
1041 3568 1112 3625 de
1133 3567 1415 3642 dignitate
1437 3571 1730 3625 contentio
1758 3587 1858 3643 pa-

194 3660 458 3727 rabatur;
496 3657 930 3730 impossibilem
981 3659 1102 3714 tore
1158 3658 1553 3728 concordiam,
1586 3657 1856 3728 quoniam

194 3766 381 3824 neque
401 3766 505 3806 vos
535 3749 826 3806 destinata
871 3746 1188 3815 dimittere,
1221 3763 1330 3804 nec
1378 3747 1506 3819 ipse
1537 3746 1858 3821 quidquam

192 3839 358 3896 vellet
414 3838 693 3911 dignitati
740 3836 910 3910 regie
959 3837 1261 3910 derogare.
1295 3835 1480 3909 Igitur
1536 3836 1609 3892 de
1638 3836 1858 3894 incerto

192 3927 483 3999 opinionis
504 3931 563 3983 et
586 3923 974 3998 malignitatis
1006 3924 1227 3981 invidia
1257 3924 1600 3997 procedente
1612 3925 1855 3995 judicio,

192 4017 367 4072 variae
395 4015 873 4087 dissidentesque
905 4014 1208 4071 sententias
1241 4014 1598 4070 terebantur.

257 4105 439 4162 Porro
468 4104 600 4175 ,iam
657 4119 938 4175 processu
967 4102 1249 4176 temporis
1278 4102 1472 4160 omnia
1503 4106 1592 4158 est
1622 4102 1857 4161 sublata

192 4195 484 4263 dubietas,
516 4193 919 4266 propositique
947 4191 1129 4250 vestri
1172 4191 1457 4249 sanctitas
1491 4192 1859 4250 evidentibus

194 4285 840 4358 argumentisinnotuit,
860 4286 1004 4342 adeo
1022 4283 1241 4342 utboni
1254 4288 1410 4340 certe
1422 4284 1858 4356 compatiantur

196 4381 253 4431 et
294 4376 609 4447 gaudeant,
657 4382 715 4431 et
769 4373 966 4431 debita
1010 4373 1248 4447 cceperit
1308 4374 1533 4445 operire
1587 4374 1855 4432 conlusio

1887 3085 1940 3151 G

1966 1872 2115 1937 rent,
2146 1875 2199 1924 et
2242 1869 2536 1940 quoslibet
2580 1870 2866 1941 patienter
2903 1872 3308 1942 experirentur
3350 1878 3621 1947 eventus,

1965 1958 2025 2012 in
2076 1957 2448 2028 semetipsam
2498 1957 2865 2016 vehementia
2924 1959 3129 2017 collisa
3201 1962 3505 2032 recideret,
3560 1968 3621 2021 et

1966 2049 2275 2118 conceptos
2304 2046 2640 2104 immanitas
2667 2049 2972 2119 desperata
3010 2049 3324 2106 refrenaret
3348 2052 3613 2108 affectus.

1962 2136 2072 2192 Sed
2106 2135 2198 2191 ubi
2227 2137 2595 2206 pertractatis
2624 2137 2838 2192 animis
2883 2136 3277 2210 singulorum,
3308 2141 3614 2196 communi

1965 2241 2154 2282 causae
2187 2226 2409 2295 privata
2460 2224 2773 2298 praevaluit,
2797 2227 3118 2299 desperatio
3162 2229 3479 2300 resumpsit
3510 2245 3613 2286 au-

1965 2315 2216 2378 daciam.
2247 2318 2302 2370 et
2324 2314 2580 2384 sepultas
2609 2331 2742 2387 spes
2782 2315 3033 2371 rediviva
3077 2317 3382 2374 suscitavit
3423 2319 3613 2375 denuo

1965 2405 2336 2476 quoestioues.
2371 2404 2585 2459 Verum
2618 2405 3152 2476 tergiversantibus,
3178 2406 3299 2463 imo
3333 2409 3613 2479 praevari-

1966 2492 2234 2550 cantibus
2264 2492 2570 2562 universis,
2586 2494 2655 2549 ad
2686 2495 2958 2550 standum
2977 2511 3050 2551 em
3072 2494 3326 2567 adverso,
3351 2502 3404 2552 et
3438 2514 3614 2570 oppo-

1965 2583 2222 2640 nendum
2276 2599 2339 2639 se
2385 2599 2611 2638 murum
2662 2599 2762 2655 pro
2816 2582 2972 2641 domo
3014 2584 3193 2641 Israel
3218 2586 3431 2655 (Ezech.
3466 2588 3611 2660 xm),

1966 2673 2199 2729 virtutis
2247 2675 2454 2729 vestrae
2485 2673 2918 2745 magnificentia
2959 2675 3082 2730 sola
3111 2674 3313 2731 relicta
3343 2680 3452 2742 est,
3484 2692 3613 2748 quse

1965 2762 2329 2834 redemptam
2352 2761 2532 2817 semel
2564 2762 2846 2833 sanguine
2862 2762 3076 2819 Christi
3107 2779 3215 2820 suo
3245 2764 3454 2820 iterum
3479 2783 3612 2824 san-

1966 2850 2143 2924 guine
2155 2851 2405 2907 redimat
2425 2851 2770 2907 libertatem.
2788 2850 2945 2907 Licet
2965 2853 3121 2908 enim
3140 2854 3404 2910 nondum
3432 2871 3616 2927 usque

1966 2942 2038 2999 ad
2060 2940 2368 3015 sanguinis
2403 2940 2744 2998 effusionem
2795 2957 2966 2997 causa
3016 2943 3353 3015 pervenerit,
3386 2944 3616 3018 supplet

1967 3035 2162 3089 tamen
2206 3030 2431 3088 devotio
2487 3031 2759 3086 meritum
2793 3031 3103 3103 passionis,
3136 3049 3268 3104 quae
3301 3049 3610 3103 personam

1967 3124 2220 3177 vestram
2252 3119 2428 3176 minis
2447 3124 2503 3175 et
2549 3119 2861 3176 terroribus
2918 3136 3032 3177 non
3089 3121 3279 3177 solum
3318 3124 3610 3195 exposuit,

1972 3211 2072 3267 sed
2105 3209 2318 3279 objecit

2040 3299 2266 3355 Etcum
2285 3313 2525 3370 prorsus
2556 3298 2892 3355 incredibile
2920 3298 2999 3354 sit
3036 3300 3229 3371 ipsum
3264 3302 3322 3357 in
3352 3306 3608 3360 vestram

1970 3386 2187 3460 aliquid
2219 3386 2517 3443 crudelius
2546 3387 2905 3460 excogitasse
2925 3405 3256 3460 personam,
3281 3395 3476 3447 tamen
3495 3408 3613 3448 non

1971 3474 2116 3532 satis
2146 3478 2368 3546 poterat
2399 3474 2548 3531 inter
2576 3478 2662 3531 tot
2703 3474 3123 3549 indignationis
3155 3483 3352 3534 motus
3387 3479 3615 3537 bouitas

1970 3565 2309 3622 abscondita
2332 3563 2575 3620 divinari
2598 3566 2949 3635 3praesertim
2974 3582 3108 3622 cum
3134 3567 3395 3624 omnium
3421 3585 3614 3626 rerum

1970 3654 2141 3726 signa
2170 3654 2227 3708 in
2251 3657 2498 3710 vestram
2530 3652 2865 3710 viderentur
2911 3654 3229 3726 perniciem
3255 3658 3566 3714 convenire
3599 3675 3613 3713 :

1970 3743 2221 3814 speravit
2252 3741 2544 3814 siquidem
2587 3757 2687 3798 vos
2716 3743 2787 3797 ad
2827 3743 3267 3816 obsequendum
3292 3745 3615 3801 terroribus

1968 3830 2267 3900 inclinare,
2316 3834 2594 3902 tantoque
2642 3830 2929 3887 serverius
2999 3832 3336 3886 terrendum
3386 3835 3618 3890 censuit

1970 3925 2184 3993 quanto
2214 3938 2247 3975 a
2278 3921 2485 3990 maj0ri
2519 3920 2748 3976 laesione
2780 3915 3004 3975 censuit
3028 3919 3462 3977 abstinendum.
3500 3926 3614 3978 De-

1968 4011 2146 4081 nique
2166 4009 2216 4064 si
2245 4013 2500 4065 vestrum
2532 4007 3102 4080 voluissetimpedire
3123 4010 3443 4067 discessum
3462 4054 3475 4080 ,
3498 4029 3612 4069 non

1969 4096 2251 4155 serenitas
2283 4096 2455 4163 aeris,
2489 4112 2604 4153 non
2624 4100 2932 4152 ventorum
2954 4097 3161 4169 gratia,
3193 4116 3306 4154 non
3334 4101 3618 4172 tranquil-

1966 4188 2097 4244 litas
2114 4177 2314 4255 maris,
2339 4202 2455 4243 non
2469 4202 2569 4244 vos
2597 4190 2910 4243 nautarum
2935 4187 3223 4244 industria
3243 4189 3615 4261 deduxisset3

1969 4277 2186 4349 ubique
2207 4277 2362 4332 enim
2385 4276 2549 4333 vobis
2574 4290 2775 4333 manus
2807 4277 2975 4348 regite
3015 4278 3319 4347 potestatis
3351 4295 3619 4337 occurre-

1968 4373 2072 4432 ret,
2095 4366 2265 4436 cujus
2298 4380 2400 4421 nec
2440 4364 2740 4436 diligentia
2776 4363 2897 4421 falli
2930 4370 3174 4437 poterat,
3209 4382 3314 4423 nec
3358 4367 3617 4439 potentia

194 4465 604 4539 malignantes.
636 4467 874 4522 certum
910 4469 996 4521 est
1055 4463 1180 4534 boc,
1211 4466 1271 4520 et
1309 4463 1439 4520 luce
1454 4463 1668 4520 clarius
1690 4463 1845 4537 apud
1881 4454 1927 4519 D
1959 4454 2380 4511 circumscribi.
2403 4455 2513 4510 Sed
2553 4458 2610 4511 et
2648 4454 2905 4525 quaudiu
2954 4454 3280 4512 domestica
3312 4472 3412 4513 vos
3444 4473 3614 4513 com-

190 4570 397 4611 umnes
413 4553 636 4624 existit,
680 4552 926 4608 minoris
963 4555 1264 4624 reputasse
1293 4569 1395 4610 vos
1417 4551 1648 4608 divitias
1681 4567 1854 4623 quas·

187 4644 703 4716 libstetperceptae
716 4641 1015 4715 fastigium
1028 4642 1329 4714 dignitatis
1358 4656 1535 4713 quam
1552 4641 1849 4713 justitiam

188 4749 408 4806 qaaeex
426 4731 536 4788 Deo
563 4739 643 4787 est
668 4729 907 4805 (Philip.
938 4731 1048 4799 ιιι),
1076 4733 1135 4787 et
1153 4729 1396 4801 gloriam
1438 4727 1851 4786 ecclesiastica

187 4822 501 4880 libertatis.
531 4820 591 4878 Si
604 4822 762 4877 enim
794 4820 975 4877 t'avori
992 4819 1190 4877 divino
1211 4820 1463 4877 favorem
1496 4818 1848 4891 praet'erretis

188 4913 541 4978 humanum,
580 4914 640 4969 st
694 4911 766 4967 ad
825 4907 1190 4967 inducendos
1249 4910 1500 4981 profanae
1567 4908 1849 4965 novitatis

184 5005 411 5062 abusus
438 5005 639 5058 vestra
672 5000 1028 5058 consentiret
1051 4998 1390 5069 auctoritas,
1414 4999 1694 5071 poteratis
1729 5014 1843 5055 non

182 5093 379 5153 solnm
408 5106 551 5148 cum
588 5105 826 5148 summa
874 5088 1297 5162 tranquillitate
1338 5088 1566 5162 degere,
1601 5087 1703 5144 sed
1740 5079 1855 5160 ipsi

184 5183 359 5240 stiam
390 5177 588 5253 magis
616 5193 784 5250 quam
820 5177 958 5234 olim
1000 5176 1247 5251 principi
1280 5192 1633 5250 conregnare
1655 5193 1669 5245 3
1695 5176 1849 5248 quod

185 5279 383 5329 autem
411 5272 613 5326 vestra
641 5266 992 5326 familiarius
1041 5268 1367 5336 interesset,
1398 5270 1588 5323 vestro
1618 5269 1856 5339 tempe-

186 5367 413 5418 raretur
468 5356 731 5426 arbitrio,
761 5358 820 5414 et
873 5356 1135 5430 exposito
1175 5355 1460 5430 sanguine
1509 5362 1852 5413 caeterorum

186 5447 549 5508 domesticus
606 5448 796 5504 status
831 5449 1024 5504 vester
1040 5461 1111 5503 ex
1138 5444 1300 5503 omni
1327 5449 1490 5517 parte
1520 5447 1853 5503 servaretur

180 5537 419 5600 illusus.
448 5535 674 5597 Veram
694 5535 973 5597 sanctitas
993 5539 1191 5596 vestra
1205 5534 1465 5595 debitum
1494 5532 1852 5609 episcopalis

1960 4542 2270 4614 plectentis
2305 4542 2513 4598 Insulae
2543 4542 2783 4599 brachia
2813 4543 3199 4615 continerent,
3231 4560 3420 4617 neque
3448 4545 3616 4601 vobis

1959 4635 2119 4688 tanta
2177 4632 2423 4689 nocendi
2463 4635 2686 4702 pateret
2734 4631 2978 4699 occasio,
3014 4648 3116 4688 nec
3169 4636 3334 4688 tanta
3382 4632 3613 4689 invidiae

1960 4722 2202 4777 materia
2230 4721 2547 4792 garriendi.
2572 4720 2739 4776 Nunc
2763 4736 2896 4776 vero
2928 4719 3285 4791 quibuslibet
3309 4721 3613 4791 querimo-

1959 4811 2073 4866 niis
2104 4809 2334 4868 silentia
2390 4814 2582 4866 vestra
2617 4808 3077 4881 praeponderant,
3123 4813 3181 4864 et
3219 4810 3484 4880 quolibet
3507 4812 3619 4870 im-

1958 4899 2195 4973 probior
2221 4904 2309 4956 est
2339 4900 2474 4971 tuga
2503 4902 2689 4956 vestra
2721 4913 3060 4969 congressu,
3086 4899 3229 4955 dum
3260 4900 3424 4958 vobis
3449 4902 3611 4962 lavo-

1961 5004 2082 5045 rsm
2117 4987 2419 5059 publicum
2460 4985 2745 5043 modestia
2792 4989 2975 5041 vestra
3004 4988 3299 5060 conciliat,
3331 4994 3390 5047 et
3411 4992 3610 5065 ipsum

1967 5076 2259 5133 efficacius
2287 5076 2441 5149 apud
2481 5075 2813 5148 opinionem
2852 5074 3150 5145 publicam
3181 5082 3321 5152 typo
3353 5083 3608 5153 quodam

1962 5170 2296 5228 excusantis
2342 5172 2595 5226 accusat.
2628 5168 2823 5226 Mallet
2869 5169 3066 5243 igitur,
3100 5173 3148 5229 si
3193 5175 3456 5230 animum
3481 5176 3609 5247 ejus

1962 5260 2211 5318 severior
2235 5260 2526 5316 induravit
2542 5259 2805 5329 affectus,
2831 5269 3173 5333 praesentem
3204 5263 3608 5333 frequentibus

1960 5366 2163 5408 vexare
2218 5347 2528 5418 molestiis,
2560 5365 2736 5422 quam
2784 5350 2854 5406 ad
2899 5350 3317 5421 indulgentiam
3351 5352 3614 5424 qualibet

1959 5441 2300 5513 impunitate
2364 5438 2659 5513 compelli.
2727 5438 2944 5507 Mallet,
3005 5439 3054 5494 si
3115 5439 3315 5496 mitius
3386 5440 3610 5515 aliquid

1961 5530 2307 5605 quandoque
2345 5529 2674 5603 proposuit,
2695 5533 2762 5587 ut
2797 5528 2857 5587 id
2886 5527 3224 5586 liberalitati
3254 5530 3385 5602 ejus
3410 5531 3473 5592 in
3501 5533 3611 5591 be-
