3784 6000
215 206 333 266 26¹

1155 199 1360 266 mer.
1408 201 1680 266 nanum
1726 202 2283 270 TRANSMAalm
2323 241 2400 255 -
2443 207 2589 272 us.
2635 207 2714 271 11.
2812 189 2817 194 ’

3450 273 3459 282 .
3522 222 3642 286 262

213 339 420 399 reddat
449 337 821 412 placabilem,
845 336 905 395 in
934 337 1065 410 ejus
1097 338 1330 395 ruinam
1362 339 1717 398 unanimiter
1736 357 1870 398 con·
1901 342 1954 411 Α
1983 342 2310 411 sustinere3
2338 342 2411 399 de
2437 343 2603 400 aereis
2631 359 2763 402 vero
2796 346 3078 415 denariis,
3107 349 3308 408 decem
3332 354 3535 423 modii,
3567 356 3640 414 de

211 430 501 487 sentiam.
535 428 723 486 Instat
742 442 876 501 ergo
897 430 1264 501 propensius,
1294 432 1355 485 ut
1376 428 1487 486 sibi
1511 430 1675 487 ducis
1705 429 1869 502 prius

208 518 552 578 reconciliet
572 517 840 576 animum
873 533 1117 577 mouens
1143 522 1201 576 et
1249 523 1522 576 exortans
1561 522 1865 591 attentius,

207 620 268 668 ut
287 613 529 681 recepto
561 609 682 666 tilio
710 624 819 665 suo
845 610 1069 666 Joanne
1099 608 1316 667 Porliro
1347 609 1566 681 genito,
1611 626 1786 682 quem
1815 608 1868 666 ei

207 716 306 772 pro
325 697 866 772 obsidedirigehat,
896 695 970 755 ad
991 713 1054 755 se
1084 698 1210 755 sine
1231 698 1427 770 aliquo
1464 700 1680 755 mentis
1704 715 1868 755 scru-

208 789 340 861 pulo
368 788 765 862 ingrediatur.
797 787 1024 845 Placuit
1050 803 1187 860 ergo
1210 789 1448 844 verbum
1484 789 1864 861 principibus,

203 883 260 937 et
285 882 531 952 recepto
563 894 665 950 per
688 878 983 935 Cononem
1015 878 1089 935 de
1110 887 1115 893 ·
1138 877 1505 935 Monteacuto
1524 881 1581 935 et
1624 878 1867 935 Baldui»

205 985 348 1026 num
370 969 452 1027 de
475 973 692 1041 But-go,
715 968 871 1025 viros
891 966 1336 1036 nobillissimos,
1361 968 1464 1040 qui
1477 969 1547 1025 ad
1568 967 1677 1024 hoc
1698 967 1865 1025 missi

201 1063 398 1128 erant,
461 1057 833 1131 imperatoris
873 1056 1018 1125 filio,
1050 1064 1105 1114 et
1162 1057 1422 1128 diligenti
1470 1058 1746 1116 custodia
1807 1056 1864 1115 iu

201 1164 378 1204 manu
403 1147 612 1204 fratris
633 1147 930 1220 deputato,
950 1145 965 1200 i
974 1161 1076 1217 pse
1097 1147 1422 1218 assumptis
1445 1144 1684 1218 reliquis
1704 1145 1864 1218 prin-

201 1236 464 1310 cipibus,
503 1237 679 1295 fratre
723 1251 900 1309 super
939 1236 1280 1304 exereitum,
1357 1239 1419 1292 ut
1480 1237 1609 1308 ejus
1659 1251 1859 1293 curam

202 1326 470 1397 haberet,
494 1324 722 1392 relicto,
771 1324 833 1382 in
880 1324 1084 1382 urbem
1133 1324 1456 1396 ingressus,
1524 1322 1860 1397 imperatori

196 1414 711 1473 diadesideratam
728 1430 895 1471 suam
910 1412 1127 1471 obtulit
1148 1414 1540 1486 praesentiam.
1564 1414 1687 1479 Quo
1721 1429 1857 1470 cum

197 1503 377 1562 multa
409 1503 884 1571 honorificentia,
916 1503 1250 1560 astantibus
1298 1501 1645 1572 illustribus,
1695 1508 1752 1560 et
1780 1501 1858 1560 vi-

196 1612 320 1652 rum
364 1595 535 1653 unde
555 1595 746 1653 multa
773 1594 1136 1661 audiverant,
1175 1596 1235 1650 ct
1262 1610 1333 1651 ex
1383 1598 1547 1667 parte
1576 1609 1856 1666 cognove-

198 1693 314 1741 rant
332 1685 567 1742 intueri
593 1682 941 1752 volentibus,
982 1687 1231 1755 recepto,
1281 1687 1340 1739 et
1363 1683 1725 1756 principibus
1755 1683 1855 1755 qui

198 1789 318 1831 cum
372 1789 448 1830 eo
485 1773 866 1843 advenerant,
919 1780 1089 1846 prout
1134 1788 1332 1829 eorum
1380 1772 1628 1842 dignitas
1677 1774 1855 1845 depo-

197 1863 422 1931 scebat,
449 1869 508 1919 ot
538 1861 841 1920 honoratis
887 1860 1262 1932 salutatione,
1308 1867 1363 1918 et
1407 1863 1478 1919 ad
1512 1863 1667 1933 pacis
1687 1879 1858 1920 oscu-

195 1951 306 2009 lum
357 1949 643 2008 similiter
718 1950 1013 2018 admissis,
1065 1952 1135 2008 de
1192 1965 1392 2007 eorum
1459 1950 1860 2009 incolumitate

193 2041 404 2113 querit
429 2038 813 2113 diligentius3
844 2043 902 2098 et
925 2038 1160 2097 nomina
1212 2039 1578 2112 singulorum
1620 2057 1858 2113 percur-

192 2148 344 2202 rens,
413 2139 478 2187 ut
528 2146 731 2188 eorum
782 2130 893 2186 sibi
940 2129 1188 2199 gratiam
1242 2134 1561 2202 comparet,
1614 2130 1858 2203 singulis

189 2219 486 2276 affabilem
516 2235 582 2276 se
629 2217 877 2291 praebuit
923 2221 981 2273 et
1029 2218 1372 2290 benignum.
1422 2218 1676 2274 Tandem
1726 2234 1858 2276 vero

187 2310 396 2367 dasem
457 2306 838 2375 conveniens,
910 2306 1002 2361 his
1055 2322 1189 2363 eum
1236 2306 1428 2363 verbis
1491 2304 1857 2397 alloquitur3

187 2399 407 2456 Audiuit
453 2400 760 2470 imperium
805 2407 1079 2467 nostrum,
1138 2396 1253 2452 dua:
1295 2395 1675 2466 dilectissime,
1715 2400 1861 2470 quod

184 2489 336 2561 «ped
365 2488 652 2559 principes
671 2490 793 2543 tuos
817 2487 898 2543 sis
925 2485 1343 2559 potentissimus
1361 2503 1386 2554 ,·
1414 2491 1464 2542 et
1483 2488 1710 2559 pietatis
1729 2502 1861 2559 pro-

186 2580 451 2649 positum.
485 2577 627 2649 qaod
657 2576 903 2633 studiose
918 2577 1274 2648 persequeris,
1302 2578 1613 2632 deuotionis
1639 2576 1859 2646 fervore

184 2672 440 2724 armatu
472 2664 924 2735 commendabili,
958 2680 1071 2721 non
1092 2664 1254 2721 habet
1271 2666 1654 2736 incoqnicum;
1681 2664 1859 2737 quod-

183 2771 280 2827 que
304 2757 506 2829 polius
532 2764 634 2825 est,
654 2753 965 2811 constantis
992 2753 1175 2810 animi
1229 2760 1284 2809 st
1328 2755 1556 2810 sincerae
1596 2753 1737 2824 fidei
1775 2757 1856 2811 vi·

185 2863 308 2903 rans
336 2854 396 2902 ω
441 2845 605 2916 [ama
639 2844 867 2901 celebris
910 2844 1067 2915 lonas
1115 2843 1331 2916 lateque
1373 2843 1659 2915 praedicat.
1707 2844 1857 2901 Unde

185 2948 226 2995 et
253 2938 594 3006 multorum,
631 2938 731 3010 qai
757 2941 811 2992 te
837 2940 1162 3009 proesentem
1193 2951 1300 2992 non
1329 2934 1608 3004 viderunt,
1640 2952 1857 2993 morum

1978 430 2266 504 imperiali
2329 432 2544 505 palatio
2595 435 2646 489 ei
2704 435 3214 496 ministrabantur.
3276 442 3383 508 Qui
3441 448 3637 502 tamen

1977 519 2195 589 omnia,
2228 520 2371 577 nihil
2404 522 2514 577 sibi
2545 522 2760 580 faciens
2790 525 3031 590 residui.
3089 529 3390 587 nobilibus
3438 537 3494 588 et
3545 549 3637 607 po-

1978 608 2137 681 pulo,
2174 615 2344 682 prout
2373 611 2585 684 cuique
2613 612 2914 670 videbatur
2944 619 3360 687 necessarium,
3383 618 3632 679 liberali-

1978 703 2066 755 ter
2093 699 2386 771 erogabat.
2442 702 2670 773 Egressi
2721 719 2856 776 ergo
2887 722 2920 759 a
2970 706 3209 762 domino
3261 707 3638 780 imperatore,

1978 791 2210 860 sumpta
2244 789 2313 844 ad
2346 794 2578 862 tempus
2602 789 2855 860 licentia,
2890 792 2947 848 in
2997 798 3190 851 castra
3223 797 3439 854 reversi
3477 804 3636 857 sunt.

1978 875 2140 934 Unde
2168 878 2455 934 Joannem
2487 879 2856 952 imperatorie
2886 880 3099 956 filium,
3131 901 3307 957 quem
3342 903 3526 962 usque
3556 890 3630 946 ad

1977 966 2201 1024 domini
2232 968 2397 1025 ducis
2427 967 2676 1026 reditum
2718 972 2982 1030 obsidem
3011 972 3072 1030 in
3113 977 3319 1033 caetris
3364 977 3627 1036 detinue-

1978 1061 2130 1128 rant,
2161 1074 2292 1114 cum
2324 1058 2568 1116 honesto
2599 1060 2877 1118 comitatu
2908 1062 2983 1120 ad
3004 1069 3227 1136 patrem
3249 1066 3626 1126 remiserunt.

1974 1144 2298 1218 Imperator
2327 1163 2478 1216 vern,
2509 1149 2699 1206 edicto
2730 1150 2959 1223 publice
3009 1153 3401 1226 manifestato,
3460 1173 3630 1229 poena

1978 1234 2183 1292 mortis
2227 1238 2354 1307 elus
2398 1236 2773 1295 violatoribus
2828 1238 3172 1312 infligenda,
3217 1245 3515 1317 precepit,
3565 1249 3633 1303 ut

1970 1327 2124 1395 justo
2157 1326 2338 1396 pretio
2365 1330 2424 1383 et
2452 1343 2616 1400 aequo
2671 1330 2924 1400 pondere
2961 1329 3128 1387 ducis
3179 1332 3457 1389 exercitui
3487 1349 3638 1405 que-

1975 1412 2116 1472 libet
2146 1416 2468 1474 necessaria
2498 1420 2908 1476 venderentur.
2941 1420 3068 1477 Dux
3115 1422 3288 1479 etiam
3326 1422 3630 1482 nihilomi-

1976 1518 2088 1559 nue
2124 1503 2181 1558 in
2213 1504 2421 1563 castris
2449 1522 2587 1564 voce
2618 1508 2905 1580 preconia
2951 1509 3060 1566 sub
3089 1527 3259 1582 poena
3301 1513 3502 1569 mortis
3529 1512 3628 1570 in-

1973 1590 2186 1662 hibuit,
2219 1610 2289 1649 ne
2339 1593 2672 1653 hominibus
2719 1598 3087 1670 imperatoris
3135 1604 3238 1657 aut
3284 1600 3632 1660 visinferre-

1973 1684 2088 1749 tur,
2130 1688 2232 1739 aut
2260 1683 2495 1756 inJuria.
2524 1687 2730 1758 sicque
2763 1688 2906 1745 satis
2948 1691 3358 1748 convenienter
3397 1708 3457 1748 se
3479 1709 3624 1767 sup·

1972 1773 2270 1841 portantes
2307 1772 2653 1845 adinvicem,
2690 1776 2911 1832 mutuis
2938 1793 3071 1834 cum
3104 1779 3263 1835 omni
3291 1780 3636 1853 tranquilli-

1972 1863 2090 1915 tate
2121 1859 2211 1916 usi
2232 1870 2367 1918 sunt
2387 1864 2776 1921 commerciis.
2801 1865 3061 1923 Tandem
3085 1885 3215 1925 vero
3243 1885 3444 1927 mense
3467 1870 3630 1928 Mar—

1973 1947 2048 2006 tio
2080 1950 2661 2021 mediante,audiens
2707 1956 3021 2027 dux,quod
3069 1956 3167 2012 alii
3217 1956 3508 2029 principes
3560 1958 3621 2015 in

1969 2038 2160 2094 vicino
2208 2040 2531 2111 constituti,
2563 2059 2694 2099 cum
2725 2044 2847 2099 suis
2876 2045 3228 2102 exercitibus
3258 2047 3621 2112 advenirent,

1971 2137 2316 2199 suggerente
2346 2128 2691 2201 imperatore
2717 2157 2731 2200 ς
2764 2136 2821 2187 et
2849 2132 2905 2189 id
2938 2132 3133 2205 ipsum
3152 2133 3614 2195 volentibustam

1969 2217 2137 2291 plebe
2165 2236 2293 2288 sua,
2328 2237 2506 2293 quam
2530 2222 2813 2293 patribus,
2847 2232 3045 2295 parato
3069 2224 3300 2297 navigio
3320 2225 3614 2283 transiens

1969 2306 2428 2380 Hellespontum,
2461 2311 2774 2367 exercitum
2824 2328 2997 2368 suum
3045 2313 3102 2368 in
3146 2312 3437 2386 Bithynia,
3484 2332 3617 2389 quas

1968 2400 2159 2468 prima
2189 2397 2260 2453 de
2303 2398 2532 2455 Asianis
2590 2398 2904 2471 provinciis
2952 2402 3221 2469 occurrit,
3277 2402 3616 2475 collocavit3

1969 2484 2146 2557 inque
2212 2502 2358 2558 pago
2403 2485 2817 2545 Calcedonensi
2868 2493 3320 2545 castrametatus
3369 2496 3473 2548 est.
3524 2491 3625 2548 Est

1969 2577 2164 2630 autem
2196 2572 2482 2631 Calcedon
2512 2576 2710 2632 civitas
2749 2576 2806 2631 in
2852 2576 3138 2651 Bithynia,
3183 2578 3281 2634 ubi
3322 2585 3625 2639 sexcento-

1968 2678 2101 2718 rum
2131 2664 2365 2721 Patrum
2394 2668 2451 2721 et
2480 2664 2718 2737 triginta
2748 2682 2871 2736 sex,
2893 2673 3150 2738 tempore
3171 2667 3394 2724 domini
3416 2668 3620 2726 Leonis

1968 2769 2127 2824 papae
2158 2753 2407 2810 senioris
2436 2757 2494 2809 et
2521 2754 2743 2812 domini
2775 2754 3054 2812 Marciani
3100 2757 3367 2830 Augusti,
3417 2765 3616 2815 contra

1966 2840 2298 2913 Eutychetis
2320 2842 2584 2898 monachi
2618 2847 2674 2899 et
2703 2842 2960 2901 Dioscori
2991 2843 3336 2916 patriarcha
3370 2844 3617 2903 Alexan·

1969 2930 2121 2987 drini
2152 2930 2497 3003 impietateS,
2523 2938 2734 3005 quarta
2777 2935 3028 3008 synodus
3067 2935 3358 3008 generalis
3404 2954 3619 2996 conve·

184 3027 473 3102 elefantis
501 3027 562 3083 id
590 3029 869 3095 eminente,
898 3028 1146 3098 qratiam
1187 3027 1461 3083 meruisti.
1510 3027 1858 3099 Quapropter
1887 3070 1932 3138 C
1971 3021 2093 3076 nit:
2140 3020 2305 3078 locus
2344 3021 2611 3078 videlicet
2652 3022 3156 3097 Constantinopoli
3206 3027 3531 3099 proximus,
3564 3035 3624 3083 et

186 3135 276 3175 sos
311 3120 496 3176 etiam
535 3126 588 3174 te
623 3118 750 3174 totis
786 3116 1077 3173 charitatis
1133 3115 1434 3173 uisceribus
1479 3115 1859 3188 avnpiectivo·

186 3207 382 3274 knies,
403 3215 461 3264 et
502 3205 777 3263 honorare
821 3205 1170 3276 propensius,
1206 3207 1265 3259 in
1293 3205 1474 3275 filium
1510 3205 1668 3262 hodie
1708 3222 1854 3278 proe-

189 3297 454 3353 mribus
484 3297 629 3352 sacri
663 3295 863 3367 palatii
889 3296 1065 3351 nostri
1108 3296 1475 3366 magnatibus,
1516 3303 1564 3351 te
1591 3297 1859 3368 adoptare

183 3384 885 3455 decrestmas;imperium
913 3385 1160 3439 nostrum
1203 3385 1262 3438 in
1310 3388 1407 3439 lua
1446 3388 1713 3456 potestate
1758 3400 1858 3456 po·-

185 3482 402 3542 uenus,
434 3481 495 3531 ut
518 3481 689 3546 perte
707 3471 769 3528 in
796 3475 941 3544 socie
964 3473 1255 3544 proesentis
1286 3481 1338 3528 et
1354 3474 1640 3544 adfuturae
1669 3475 1858 3531 multi-

187 3565 406 3622 tudinis
437 3563 680 3619 illesum
709 3577 934 3619 manere
981 3563 1154 3634 possit
1189 3570 1245 3618 et
1292 3563 1585 3619 incolume.
1619 3562 1721 3621 His
1772 3564 1858 3622 di·

188 3654 326 3723 ctis,
355 3669 494 3711 eum
525 3650 783 3710 vestibus
813 3651 1082 3709 indutum
1129 3651 1552 3724 imperialibus,
1593 3653 1856 3714 adbibita

184 3743 354 3813 juxta
395 3757 622 3798 morem
671 3739 847 3796 ouriae
894 3740 1267 3796 solemnitate
1304 3740 1577 3812 quadam,
1633 3760 1761 3815 quae
1792 3744 1852 3800 in

193 3830 534 3903 hujusmodi
565 3829 1032 3902 arrogationibus
1066 3829 1187 3885 lieri
1221 3829 1390 3897 solet,
1423 3833 1742 3888 secundum
1768 3850 1853 3890 re-

190 3919 474 3991 gionibus
505 3933 722 3975 morem
756 3918 1055 3989 adoptavit
1084 3916 1143 3972 in
1178 3915 1387 3986 fllium,
1420 3935 1559 3989 pace
1588 3924 1644 3975 et
1664 3921 1851 3992 gratia

191 4008 471 4080 utrinque
503 4006 731 4079 plenius
762 4007 1092 4064 reformata.

832 4112 1063 4171 CAPUT
1092 4111 1212 4168 x11.

187 4225 320 4278 Dux
345 4219 673 4277 maneribus
700 4221 1016 4276 cumulatas
1044 4225 1267 4289 sumpta
1294 4218 1368 4274 ad
1397 4226 1603 4290 tempus
1628 4222 1852 4278 licentia

250 4294 543 4362 ear-editur
561 4308 581 4346 .·
612 4306 801 4347 reram
831 4291 1110 4347 venalium
1127 4294 1311 4360 soram
1329 4289 1667 4354 exhibetur,-
1696 4292 1850 4349 ducis

250 4364 498 4434 leyiones
517 4363 851 4432 Bosphorum
878 4366 1165 4417 transeant
1206 4366 1257 4417 et
1276 4363 1340 4418 in
1374 4377 1513 4434 papo
1558 4361 1851 4422 Chalcedo-

251 4436 424 4493 nense·
450 4441 937 4492 castrametantur.

247 4540 376 4606 Quo
428 4540 602 4610 facto,
641 4541 858 4613 apertis
912 4539 1213 4598 thesauris
1261 4539 1385 4597 suis
1433 4544 1550 4596 tam
1600 4539 1838 4600 domino

174 4631 339 4699 duci,
391 4647 564 4703 quam
620 4631 752 4702 ejus
803 4630 1195 4696 consortibus,
1264 4630 1416 4685 dona
1471 4628 1733 4701 ingentia
1779 4631 1837 4688 in

174 4739 348 4790 auro,
380 4720 628 4793 gemmis
646 4726 702 4778 et
731 4720 1091 4788 holosericis,
1120 4724 1179 4777 et
1206 4720 1363 4776 vasis
1395 4720 1683 4792 pretiosis,
1730 4720 1836 4777 ho-

176 4813 411 4869 minum
443 4810 890 4868 {estimationem
936 4814 1059 4867 tam
1090 4809 1283 4880 operis
1324 4808 1614 4883 elegantia
1661 4826 1835 4883 quam

175 4898 464 4971 dignitate
492 4899 747 4956 materias
779 4898 1011 4970 penitus
1041 4897 1398 4967 excedentia,
1429 4915 1532 4970 pro
1562 4915 1668 4956 sua
1698 4899 1835 4957 libe·

175 4988 415 5045 ralitate
444 4987 689 5045 eontulit
718 5007 733 5056 ς
767 4987 846 5044 ita
894 4995 955 5043 ut
1005 5001 1194 5059 usque
1238 5003 1581 5059 supremum
1631 5003 1837 5046 mune-

174 5079 348 5135 ribus
383 5077 692 5145 oumulati‚
722 5087 774 5133 et
822 5076 1160 5132 divitiarum
1210 5075 1693 5148 incomparabiles
1735 5093 1834 5135 co·-

173 5168 328 5238 pias,
352 5173 408 5224 et
440 5164 719 5238 principis
747 5165 1181 5223 admirarentur
1208 5164 1693 5222 munificentiam.
1717 5165 1835 5224 Nec

173 5254 360 5313 ”mel
391 5259 622 5312 tantum
649 5270 789 5327 erga
817 5256 1024 5312 ducem
1055 5256 1216 5310 tauta
1241 5254 1476 5309 iunctus
1505 5258 1594 5309 est
1619 5252 1836 5311 libera·

170 5340 377 5409 litat03
408 5339 512 5396 ssd
543 5340 617 5396 ab
643 5338 1103 5412 Epiphaniorum
1148 5338 1242 5393 die
1281 5352 1466 5407 usque
1496 5336 1571 5394 ad
1618 5339 1831 5396 Ascen-

170 5443 382 5488 sonem
407 5427 647 5486 Domini
695 5427 947 5502 singulis
996 5424 1487 5496 hebdomadibus,
1540 5432 1829 5499 quantum

169 5519 289 5580 duo
345 5516 456 5576 viri
505 5517 686 5577 tortas
731 5532 922 5576 aurea
973 5520 1214 5576 moneto
1256 5516 1525 5588 poterant
1563 5514 1829 5581 humeris

1971 3109 2091 3166 sola
2115 3111 2391 3184 Bosphori
2424 3112 2864 3185 interpositione
2879 3114 3126 3184 distane;
3162 3117 3388 3174 undeet
3412 3118 3618 3174 urbem

1968 3197 2029 3253 in
2059 3199 2248 3255 vicino
2279 3200 2682 3269 constitutam,
2704 3206 2827 3258 erat
2846 3204 3123 3261 omnibus
3146 3204 3359 3262 intueri
3385 3223 3400 3274 ;
3428 3213 3482 3263 et
3516 3206 3619 3279 qui

1970 3289 2212 3361 negotiis
2252 3290 2593 3362 urgentibus
2641 3291 3036 3361 trahebantur,
3063 3303 3146 3349 ter
3175 3294 3262 3350 vel
3317 3300 3526 3368 quater
3554 3297 3615 3353 in

1968 3377 2063 3435 die
2092 3380 2164 3434 ad
2195 3378 2398 3435 urbem
2429 3380 2510 3436 ire
2542 3379 2758 3452 regiam
2806 3384 2864 3437 et
2891 3383 2962 3438 ad
3010 3387 3199 3440 castra
3243 3384 3429 3441 redire
3486 3385 3614 3443 sine

1966 3467 2307 3524 difficultate
2337 3473 2625 3541 poterant.
2669 3470 2831 3537 Quod
2874 3479 3065 3528 autem
3113 3474 3397 3531 maturius
3447 3473 3618 3532 duois

1967 3557 2280 3614 exercitum
2313 3558 2686 3615 transfretare
2711 3560 3192 3630 persuasionibus
3222 3562 3345 3618 suis
3375 3579 3620 3636 compu-

1966 3644 2134 3713 lerat,
2168 3662 2284 3702 non
2312 3646 2383 3703 de
2414 3645 2549 3702 fidei
2578 3647 2910 3703 sinceritate
2943 3648 3256 3718 processit;
3292 3653 3388 3706 sed
3412 3649 3617 3708 fraude

1965 3734 2138 3792 solita
2166 3736 2374 3791 ducem
2407 3735 2811 3803 circumvenit,
2845 3752 2915 3792 ne
2964 3736 3093 3792 aliis
3142 3737 3616 3809 advenientibus,

1966 3824 2092 3894 ejus
2120 3825 2296 3895 copias
2328 3828 2567 3896 possent
2595 3824 2926 3881 admisceri.
2958 3824 3104 3882 Nam
3135 3830 3193 3882 et
3222 3827 3480 3899 reliquos
3508 3828 3615 3901 qui

1966 3917 2164 3983 postea
2207 3912 2496 3969 subsecuti
2527 3918 2686 3980 sunt,
2734 3914 2935 3970 eodem
2980 3913 3227 3971 artificio
3267 3914 3609 3987 singillatim

1965 4000 2211 4057 transire
2233 4001 2537 4073 compulit,
2570 4001 2651 4058 ita
2673 4006 2733 4057 ut
2760 4017 3065 4074 nunquam
3113 4002 3226 4060 duo
3272 4002 3447 4061 simul
3481 4010 3614 4061 ante

1967 4091 2166 4147 urbem
2203 4090 2414 4147 tuerint
2442 4091 2754 4148 exercitus.

2579 4198 2809 4256 CAPUT
2838 4200 2998 4257 xm.

1962 4288 2311 4345 Boumandus
2328 4289 2631 4354 ποθῶν-οη
2660 4288 3054 4347 describuntur
3095 4290 3308 4347 nobiles
3360 4291 3611 4364 quicum

2031 4368 2372 4434 sequuntur,-
2401 4364 2700 4433 imperator
2717 4361 2925 4418 occulte
2944 4364 3001 4418 ei
3027 4366 3193 4432 parat
3222 4362 3473 4419 insidias.

1877 4443 1926 4508 D
2030 4448 2255 4505 Interea
2283 4449 2420 4504 dum
2453 4448 2574 4506 haeo
2605 4450 2761 4506 circa
2776 4448 3340 4523 Constantinopolim
3365 4468 3468 4524 per
3497 4450 3608 4507 im-

1946 4542 2273 4611 peratorem
2305 4543 2364 4594 et
2393 4538 2699 4596 hominum
2731 4539 2944 4596 ducem
2975 4540 3056 4596 sic
3086 4544 3394 4611 geruntur,
3417 4539 3608 4596 domi-

1946 4644 2059 4684 nus
2115 4628 2516 4696 Boamundus,
2565 4626 2797 4683 Roberti
2846 4626 3190 4683 Guischardi
3225 4626 3398 4695 tilius,
3447 4625 3609 4697 prin·

1944 4730 2079 4787 ceps
2108 4713 2473 4782 Tarentinae,
2505 4715 2607 4785 qui
2636 4717 2774 4770 ante
2803 4714 3174 4785 ingruentem
3198 4713 3431 4768 hiemen
3461 4726 3598 4767 cum

1943 4819 2050 4860 suo
2067 4804 2318 4860 exercitu
2335 4802 2693 4859 Adriaticum
2717 4817 2877 4858 mare
2900 4802 3211 4869 transiens,
3233 4799 3592 4857 Duraohium

1945 4910 2133 4965 usque
2161 4896 2518 4965 pervenerat,
2553 4907 2654 4964 per
2681 4891 2910 4948 deserta
2960 4889 3240 4962 Balgarioe
3292 4904 3456 4960 suos,
3502 4887 3604 4962 qui

1942 4996 2076 5037 eum
2109 4980 2636 5052 subsequebantur,
2658 4977 2944 5049 operiens,
2971 4977 3325 5048 pedetentim
3358 4976 3607 5034 accede-

1941 5069 2061 5126 bat.
2094 5067 2470 5124 Adhaeserant
2497 5084 2662 5140 porro
2689 5067 2763 5138 ei,
2795 5071 2851 5124 et
2889 5069 3018 5138 ejus
3039 5069 3255 5124 castris
3286 5083 3348 5123 se
3379 5066 3600 5137 adjun-

1939 5162 2161 5222 xerant,
2195 5161 2315 5213 tam
2347 5157 2419 5212 de
2444 5155 2632 5225 Italia,
2657 5172 2832 5229 quam
2865 5157 2933 5212 de
2963 5155 3096 5212 aliis
3133 5155 3450 5228 provinciis
3481 5154 3592 5208 viri

1941 5248 2189 5317 nobiles,
2217 5251 2275 5304 et
2294 5249 2553 5320 potentes
2572 5246 2808 5314 plurimi
2835 5263 2848 5301 :
2881 5260 3128 5318 quorum
3155 5244 3230 5299 ad
3255 5246 3592 5315 perpetuam

1942 5340 2285 5397 memoriam
2316 5352 2628 5394 numerum
2657 5341 2714 5393 et
2745 5335 2984 5393 nomina
3025 5351 3092 5391 ex
3138 5338 3304 5405 parte
3333 5346 3599 5406 compre-

1940 5425 2642 5495 hendimusxranoredus,
2683 5423 2957 5482 willelmi
3001 5421 3362 5481 marchionis
3394 5421 3554 5479 filius

1938 5517 2264 5576 Richardus
2283 5515 2356 5573 de
2386 5514 2745 5589 Principatu,
2777 5511 2938 5570 tilius
2968 5509 3267 5571 Guillelmi
3297 5510 3609 5573 Ferrebra-
