3784 6000
214 263 335 327 563

1294 260 1727 326 cuiusnam
1767 260 2153 327 misnensis
2195 256 2556 338 anemae.

3515 261 3639 323 564

211 396 575 454 substitutus
606 397 941 469 estquidam
957 396 1512 468 Lambertus,patria
1535 397 1862 456 Bononien·
1896 399 1951 466 A
1982 412 2115 452 men
2149 393 2466 461 munitum,
2490 391 2726 464 apponit
2773 390 3077 459 obsidere:
3118 393 3380 467 dumque
3409 395 3489 453 ibi
3515 411 3642 455 ma·

212 486 316 556 eis,
347 485 634 541 Ostiensis
676 485 1009 556 episcopus,
1055 484 1157 556 qui
1188 485 1380 541 dictus
1421 492 1512 542 est
1562 487 1868 544 lionorius.

221 574 326 630 Hic
352 574 572 630 electus
603 576 690 628 est
704 575 815 629 sub
845 572 1232 640 contentione,
1257 576 1653 645 cumquodam
1677 575 1868 630 Theo·

215 663 389 720 haldo
421 663 754 734 presbytero
787 661 1498 729 cardinali,tituliSanctoe
1526 664 1866 733 Anastasiae;

213 755 272 808 et
300 750 440 823 quia
467 750 673 807 electio
703 751 889 823 ipsiue
917 752 1159 808 Houorii
1211 751 1410 808 minus
1438 754 1714 809 canonice
1742 771 1870 827 pro·

213 843 482 903 cesserat,
513 843 647 911 poet
674 840 982 897 duodecim
1005 839 1131 897 dies
1160 839 1220 896 in
1249 846 1566 914 conspectu
1598 842 1867 912 fratrum;

214 929 450 986 mitram
482 933 540 985 et
570 928 835 986 mantum
858 934 1065 1001 sponte
1079 930 1348 986 refutavit
1375 935 1545 1000 atque
1575 932 1866 1003 deposuit.

211 1019 441 1075 Fratres
471 1034 604 1074 vero
636 1023 756 1074 tam
785 1019 1044 1091 episcopi
1097 1035 1274 1090 quam
1309 1021 1631 1093 presbytcri
1663 1033 1715 1077 et
1748 1022 1871 1079 dia-

215 1109 345 1162 coni
375 1106 998 1178 cardinalee,videntes
1019 1108 1206 1180 ipsine
1229 1108 1624 1165 humilitatem
1648 1119 1703 1166 et
1729 1127 1868 1183 pro-

215 1194 531 1261 spicientes
561 1195 943 1266 inposterum,
977 1212 1050 1251 ne
1088 1197 1147 1252 in
1192 1197 1513 1255 Romanam
1547 1199 1866 1258 Ecclesiam

217 1282 474 1354 aliquam
509 1284 847 1340 inducerent
876 1285 1206 1354 novitatem,
1240 1288 1395 1357 quod
1432 1304 1741 1360 perperam
1782 1291 1867 1347 sa·

219 1379 379 1428 ctum
403 1374 610 1441 fuerat,
646 1374 704 1428 in
767 1374 974 1430 melius
1032 1376 1447 1445 reformarunt,
1485 1380 1542 1432 et
1593 1379 1864 1436 eumdem

219 1461 536 1517 Honorium
584 1463 774 1519 denuo
826 1464 1278 1531 auctorisantes,
1328 1465 1400 1520 ad
1457 1467 1586 1537 ejus
1625 1469 1866 1541 vestigia

220 1550 589 1623 prociderunt
621 1557 678 1608 et
704 1557 979 1621 tanquam
1015 1552 1230 1624 pastori
1280 1571 1387 1610 suo
1445 1563 1502 1611 et
1559 1557 1865 1614 universali

140 1682 147 1693 .
221 1657 406 1714 papae,
437 1645 777 1696 consuetam
809 1641 1200 1698 obedientiam
1231 1642 1341 1698 sibi
1372 1643 1703 1701 exhibuere.

836 1747 1068 1805 CAPUT
1107 1748 1249 1805 XVI.

218 1835 595 1909 Bureequinus
652 1837 946 1893 Turcorum
1015 1840 1271 1909 princeps
1323 1840 1458 1907 fines
1505 1843 1871 1904 Antiocheno:

288 1907 654 1978 depopulatur
664 1924 688 1975 ;
716 1925 819 1964 rex
845 1910 1107 1977 occurrit,
1130 1921 1180 1965 ee
1220 1927 1347 1966 cum
1386 1927 1446 1968 eo
1473 1919 1824 1987 congreditur
1850 1936 1866 1990 3

290 1979 533 2034 'nostium
561 1979 932 2049 prosternitur
957 1987 1252 2038 exet-crtus.

291 2088 517 2145 Interea
546 2087 786 2142 domino
817 2105 951 2161 rege
982 2089 1398 2165 Hierosolymis
1418 2093 1724 2162 existente,
1749 2112 1870 2152 cre·

221 2175 343 2230 brie
374 2177 677 2231 nuntiatur
698 2176 1105 2249 legationibus,
1147 2183 1459 2252 quemdam
1493 2182 1642 2239 inter
1670 2188 1865 2242 orien-

220 2264 364 2321 tales
397 2266 689 2338 principes
745 2268 1246 2339 potentissimum,
1300 2272 1728 2345 Bureequinum
1763 2292 1865 2332 no-

220 2354 399 2414 mine,
430 2359 779 2424 congregata
834 2371 904 2410 ex
963 2356 1176 2412 tinibus
1206 2356 1597 2417 Orientalibus
1641 2362 1865 2435 ingenti

221 2441 449 2509 militia,
482 2446 728 2496 transito
758 2443 1145 2513 Euphrate,in
1174 2451 1362 2516 partes
1395 2451 1722 2519 pervenisse
1755 2457 1866 2509 An-

215 2528 516 2584 tiochenae
561 2530 664 2585 Hic
696 2532 982 2599 regionem
1029 2550 1130 2604 pro
1179 2536 1441 2600 arbitrio,
1475 2543 1707 2596 nemine
1729 2559 1862 2614 pro·

220 2619 471 2686 bibente,
497 2619 850 2686 discurrens,
875 2622 1156 2694 quidquid
1191 2631 1348 2681 extra
1373 2629 1541 2683 urbes
1561 2636 1617 2684 et
1641 2635 1864 2691 munita

217 2713 439 2781 poterat
496 2710 738 2779 repetire
785 2711 1079 2781 praesidia,
1126 2713 1382 2770 tradebat
1444 2717 1748 2790 incendiis,
1807 2726 1865 2778 et

216 2798 340 2852 suis
360 2797 428 2854 ad
457 2801 704 2869 praedam
728 2807 1076 2868 exposuerat
1097 2803 1384 2860 universa.
1402 2805 1547 2863 Huic
1569 2822 1699 2862 cum
1725 2826 1858 2881 pro·

214 2902 376 2942 ceree
404 2887 747 2944 Antiocheni
781 2888 1071 2961 resistere,
1096 2893 1308 2963 saepius
1354 2894 1562 2950 frustra
1585 2898 1735 2954 vires
1763 2915 1861 2956 ex-

132 2994 137 3006 ·
168 3037 177 3060 ·
216 2976 384 3048 perti,
418 2980 818 3045 attentassent,
850 2980 1107 3036 videntes
1138 2983 1289 3053 quod
1328 3000 1441 3041 nou
1494 2985 1859 3056 proficerent,

214 3062 453 3118 domino
484 3064 625 3134 regi,
650 3065 742 3119 cui
763 3063 945 3121 multo
960 3070 1091 3121 ante
1107 3069 1470 3139 principatus
1493 3085 1693 3128 curam
1708 3090 1861 3129 com-

1984 486 2192 542 chinas
2220 482 2389 556 erigit
2415 486 2472 537 et
2494 481 2730 538 bellicos
2762 479 3006 536 instruit
3034 488 3372 556 apparatus,
3407 485 3563 541 vires
3586 486 3643 545 in

1985 576 2270 632 damnum
2293 573 2668 628 obsessorum
2699 569 3023 642 experiens,
3056 587 3187 628 ecce
3219 589 3319 629 rex
3349 579 3412 630 et
3442 592 3645 633 comos

1984 682 2117 722 cum
2147 681 2214 722 eo
2242 661 2669 736 Tripolitanus,
2694 676 2797 717 nec
2855 678 2970 717 non
3023 668 3082 719 et
3111 663 3474 732 Edeseanns,
3505 682 3644 725 cum

1982 752 2318 824 ingentibus
2356 749 2541 822 copiis
2587 749 2822 814 adeunt,
2865 750 3126 806 obsessis
3173 768 3372 824 opem,
3403 758 3644 811 auctore

1987 841 2255 910 Domino,
2286 839 2347 895 in
2404 836 2670 910 proximo
2726 837 3014 893 collaturi.
3047 838 3155 904 Qui
3213 845 3538 916 postquam
3569 843 3641 899 ad

1982 931 2179 987 hostes
2199 928 2542 1001 inceperunt
2571 927 2864 995 accedere,
2886 930 3004 984 tres
3025 944 3094 983 ex
3125 945 3187 984 ee
3218 929 3644 989 ordinaverunt

1980 1019 2135 1076 acics
2159 1036 2174 1086 ;
2199 1033 2446 1092 quarum
2479 1017 2538 1072 in
2571 1015 2779 1089 prima,
2804 1032 2930 1089 quae
2960 1015 3021 1073 in
3040 1017 3241 1074 dextro
3272 1023 3401 1076 erat
3429 1036 3639 1092 cornu,

1980 1109 2378 1166 Antiochenos
2411 1107 2605 1162 locant
2635 1121 2901 1177 proceres
2925 1124 2940 1175 ς
2965 1108 3023 1162 in
3055 1108 3317 1165 secunda
3350 1125 3485 1167 vero
3509 1126 3638 1183 quae

1979 1197 2038 1254 in
2072 1199 2309 1253 sinistro
2332 1201 2452 1252 erat
2478 1195 2745 1251 ordinata
2772 1194 2971 1260 latere,
2991 1199 3308 1269 utrumque
3337 1215 3477 1255 cum
3513 1201 3641 1256 suis

1984 1286 2351 1346 constituunt
2380 1287 2681 1352 comitem;
2721 1285 2779 1345 in
2810 1284 3001 1341 medio
3032 1302 3165 1343 vero
3198 1286 3513 1345 dominum
3547 1306 3641 1345 rc·

1979 1391 2132 1446 gem.
2169 1375 2341 1431 Erant
2371 1378 2564 1429 antem
2585 1375 2691 1438 eie,
2713 1389 2744 1429 e
2774 1374 2961 1446 quites
2985 1374 3146 1431 mille
3160 1381 3218 1431 et
3244 1382 3479 1433 centum
3506 1397 3523 1446 ς
3551 1395 3645 1451 pe·

1979 1464 2162 1521 ditum
2197 1467 2389 1518 autem
2416 1463 2531 1520 duo
2565 1462 2768 1518 millia.
2805 1462 3208 1536 Bureequinus
3237 1481 3372 1523 vero
3406 1472 3642 1523 nostro-

1977 1569 2106 1609 rum
2140 1553 2345 1609 videns
2395 1554 2706 1608 adventum
2742 1555 2799 1607 et
2846 1569 2946 1623 pro
2975 1559 3131 1609 certo
3161 1555 3533 1628 sciensquod
3566 1557 3636 1613 ad

1977 1642 2472 1713 congrediendum
2530 1642 2725 1696 statim
2762 1657 2918 1697 more
2944 1645 3294 1714 prudentum
3327 1650 3498 1700 erant
3529 1662 3639 1716 pa-

1979 1730 2114 1799 rati,
2145 1730 2346 1786 videns
2369 1729 2521 1802 quod
2555 1729 2799 1785 honeste
2822 1729 3039 1786 bellum
3060 1730 3359 1788 declinare
3383 1750 3498 1788 non
3517 1750 3641 1806 pos·

1978 1823 2085 1883 set,
2120 1817 2595 1888 instituitetipse
2626 1818 2780 1875 acies
2820 1819 3021 1889 viginti
3049 1836 3063 1887 ;
3097 1820 3446 1879 dicebantur
3475 1824 3637 1879 enim

1978 1907 2244 1980 equitum
2276 1924 2406 1963 esse
2438 1907 2768 1978 quindecim
2794 1907 2991 1965 millia.
3015 1907 3311 1967 Ordinatis
3341 1912 3637 1984 ergohinc

1978 1997 2117 2054 inde
2146 1996 2506 2063 cohortibus,
2537 2002 2593 2052 et
2614 1996 2677 2051 in
2702 1996 2965 2052 ordinem
2990 1998 3313 2070 dispositiS,
3345 2009 3399 2057 et
3429 2007 3639 2058 contra

1978 2102 2044 2141 so
2067 2092 2271 2142 mutuo
2292 2085 2966 2151 accedentibus,irruunt
2988 2087 3044 2141 in
3060 2087 3409 2157 ee,hostium
3445 2107 3636 2161 more,

1976 2173 2379 2228 vehementius
2406 2193 2420 2241 ς
2456 2178 2513 2229 et
2568 2173 2749 2228 armis
2799 2180 3065 2245 protervo
3123 2177 3319 2232 studio
3363 2178 3634 2235 vicissim

1976 2261 2156 2317 illatis
2187 2268 2437 2320 strat-'em
2470 2262 2749 2328 inferunt,
2784 2274 3024 2318 mortem
3043 2264 3235 2321 modis
3257 2265 3532 2336 pluribus
3556 2269 3631 2323 ir-

1976 2355 2281 2422 rogantes;
2339 2351 2489 2406 eolet
2548 2349 2704 2405 enim
2738 2350 2794 2405 in
2858 2350 3196 2420 hujusmodi
3256 2353 3633 2413 conflictibus

1974 2440 2244 2494 odiorum
2281 2439 2632 2494 incentivum
2657 2445 2713 2495 et
2735 2439 3172 2496 inimicitiarum
3205 2442 3468 2499 fomitem
3494 2446 3632 2502 dare

1974 2530 2276 2599 majorem,
2301 2527 2588 2601 sacrilegii
2620 2532 2675 2584 et
2699 2527 2839 2601 legis
2865 2534 3209 2602 contemptae
3231 2531 3433 2601 dolor3
3461 2533 3632 2591 aliter

1972 2618 2126 2672 enim
2169 2622 2224 2672 et
2254 2617 2567 2672 demissius
2590 2616 2900 2674 soletintcr
2921 2624 3220 2675 consortes
3242 2622 3514 2690 eiusdem
3549 2622 3632 2679 le-

1970 2705 2061 2777 gis
2090 2711 2147 2760 et
2177 2707 2305 2760 lidei
2340 2721 2532 2777 pugna
2566 2706 2851 2762 committi
2880 2723 2894 2774 ;
2923 2706 3093 2763 aliter
3126 2707 3277 2763 inter
3296 2710 3558 2769 discolos
3573 2719 3631 2770 et

1970 2795 2446 2850 contradictoriae
2470 2794 2751 2851 babentes
2782 2794 3123 2854 traditiones
3148 2815 3163 2867 ;
3193 2796 3288 2853 hic
3309 2799 3468 2855 enim
3503 2802 3627 2856 sut'·

1971 2883 2092 2938 sscit
2120 2882 2192 2937 ad
2226 2883 2525 2937 materiam
2551 2883 2715 2955 jugie
2731 2883 2992 2938 scandali
3011 2891 3627 2961 etperpetuorumjur·

1970 2973 2219 3044 giorum,
2252 2972 2401 3042 quod
2438 2972 2496 3027 in
2547 2973 2811 3041 ejusdem
2848 2972 2981 3029 ndei
3013 2973 3272 3031 articulis
3307 2992 3423 3033 non
3456 2994 3629 3036 com-

1971 3062 2294 3130 municant,
2326 3061 2435 3115 etsi
2464 3062 2624 3117 nulla
2654 3061 2768 3117 alia
2798 3061 2871 3117 sit
2888 3062 3153 3119 odiorum
3184 3067 3450 3124 materia.
3475 3069 3629 3125 Cou-

214 3151 520 3220 miserant,
550 3152 606 3206 id
638 3152 835 3223 ipsum
868 3153 1222 3226 significant,
1248 3164 1480 3213 orantes
1512 3159 1854 3233 instantius,
1887 3148 1939 3214 C
1968 3151 2300 3222 gredlefltssss
2333 3166 2470 3220 01'80
2531 3150 2818 3219 Ι)ιιᾶξάἱαῐᾶιὲ
2858 3152 3012 3207 &050⁸
3044 3152 3266 3208 inStssnt
3298 3160 3632 3227 ΡΓΟἱθΠῙῦΒ

215 3247 280 3293 ut
303 3237 581 3294 dilatione
611 3241 953 3311 postposita,
985 3242 1054 3296 ad
1110 3259 1170 3298 se
1209 3245 1396 3300 venire
1430 3255 1713 3316 procuret.
1751 3251 1869 3310 Rex

217 3334 411 3382 autem
434 3328 671 3398 gemina
702 3329 973 3402 fatigatus
995 3345 1149 3400 cura,
1169 3333 1615 3403 regnividelicet
1635 3342 1691 3393 et
1707 3344 1866 3411 prin·

217 3418 469 3492 cipatus,
493 3417 553 3472 in
599 3433 797 3490 regno,
858 3420 949 3476 cui
1020 3422 1203 3477 mutto
1260 3423 1517 3494 amplius
1573 3426 1867 3500 obligatu⁸

217 3507 1468 3580 fuerat,minusimpendebatsollicitudinis.
1497 3517 1865 3589 principatus

217 3596 376 3653 enim
409 3595 694 3653 molestiis
725 3597 940 3669 eaepiue
981 3606 1274 3670 evocatus,
1301 3617 1536 3658 omnem
1570 3620 1716 3677 pene
1739 3610 1863 3679 jam

215 3702 319 3760 per
346 3687 688 3745 decennium
718 3687 798 3744 ibi
821 3691 879 3745 et
907 3706 1141 3761 operam
1165 3700 1218 3747 et
1238 3708 1380 3764 opes
1400 3702 1863 3768 consumpserat,

216 3774 299 3831 ita
318 3776 474 3847 quod
523 3776 584 3833 in
638 3776 883 3847 negotiis
941 3793 1142 3833 eorum
1190 3785 1479 3847 versatus,
1503 3782 1560 3837 in
1636 3786 1866 3857 propria

215 3880 462 3938 persona
483 3868 690 3936 captus
721 3865 926 3936 fuerat,
948 3882 1047 3936 per
1060 3866 1356 3924 biennium
1374 3871 1492 3925 fere
1521 3874 1863 3931 continuum

210 3951 449 4025 indigne
478 3953 625 4009 satie
643 3953 896 4010 hostium
936 3954 1167 4011 vincula
1213 3974 1442 4029 passus,
1477 3964 1536 4015 et
1566 3976 1859 4035 carceree;

213 4056 352 4096 nam
383 4039 442 4096 in
473 4056 669 4114 regno,
699 4047 1031 4116 protegente
1078 4060 1209 4100 cum
1246 4062 1422 4102 manu
1458 4048 1678 4118 divina,
1713 4051 1861 4108 nihil

216 4129 266 4184 ei
301 4144 542 4201 prorsus
593 4129 810 4185 sinistri
863 4130 1189 4202 acciderat3
1223 4134 1324 4189 sed
1364 4136 1564 4192 omnia
1596 4155 1863 4214 prospere

216 4219 274 4270 et
303 4214 543 4270 feliciter
571 4216 630 4271 in
667 4233 843 4272 manu
866 4218 988 4286 ejus
1011 4219 1295 4292 dirigebat
1315 4223 1631 4282 electorum
1656 4243 1859 4300 regum

216 4300 548 4357 consolator
576 4303 898 4374 Dominus;
930 4310 1122 4363 tamen
1152 4315 1511 4381 propositum
1538 4331 1668 4372 cum
1700 4318 1857 4373 omni

217 4389 537 4447 reverentia
559 4392 760 4447 volens
807 4393 1132 4464 ohservare,
1165 4396 1406 4454 collecta
1441 4408 1718 4474 quantam
1753 4407 1857 4463 ha-

215 4478 354 4535 bere
391 4480 576 4550 potuit
605 4478 921 4556 militia,ad
953 4484 1298 4553 partesillae
1319 4486 1566 4545 festinus
1587 4495 1852 4551 accessit.
1889 4520 1938 4586 D

215 4566 525 4625 Proedictns
573 4583 707 4626 vero
736 4571 1158 4645 Bureequinus,
1192 4574 1359 4634 sicuti
1382 4576 1471 4632 vir
1502 4584 1706 4650 potens
1735 4589 1861 4641 erat

215 4662 275 4715 et
303 4659 363 4713 in
394 4657 575 4715 armis
597 4660 846 4718 multam
878 4662 1101 4722 habens
1122 4664 1559 4738 experientiam,
1586 4670 1860 4742 adjuncto

217 4746 329 4804 sibi
385 4746 874 4808 Damascenorum
921 4767 1052 4825 rege
1112 4752 1492 4828 Doldequino,
1524 4762 1658 4816 ante
1704 4762 1860 4835 regis

217 4837 552 4907 adventum,
577 4854 755 4913 quem
804 4840 878 4896 ab
926 4842 1296 4900 Antiochenis
1327 4844 1570 4904 citatum
1604 4854 1861 4924 noverat,

217 4932 474 4982 castrum
514 4929 743 4986 obsidet
799 4932 1040 4988 nomine
1087 4932 1540 5007 Caphardan,et
1588 4938 1860 4998 obsessos

216 5014 483 5084 interius,
510 5016 710 5075 multis
732 5018 1062 5093 compulsos
1077 5022 1459 5093 molestiis,ad
1480 5026 1857 5100 deditionem,

215 5102 652 5162 conditionibus
692 5107 763 5162 de
806 5107 995 5164 salute
1053 5113 1447 5170 conservanda
1484 5113 1857 5188 interpositis,

217 5193 522 5267 compulit.
554 5194 698 5252 Inde
719 5196 1005 5251 minorem
1022 5196 1247 5267 Syriam
1298 5203 1715 5272 pertransiens,
1735 5222 1866 5276 spe·

215 5300 352 5341 rane
383 5284 679 5340 similibus
693 5284 989 5341 abundare
1013 5287 1741 5359 successibue,Sardanum
1765 5311 1866 5367 op-

213 5373 417 5443 pidum
447 5372 750 5430 obsidione
778 5374 973 5430 vallat.
1007 5376 1116 5431 Sed
1158 5393 1288 5434 cum
1319 5395 1417 5450 per
1463 5382 1588 5437 dies
1641 5382 1865 5455 aliquot

213 5476 449 5532 operam
481 5461 559 5516 ibi
591 5464 1081 5535 consumpsisset,
1104 5466 1309 5523 videns
1341 5485 1529 5525 senon
1546 5488 1713 5542 posse
1734 5490 1863 5546 pro-

213 5549 410 5616 ficere,
441 5546 670 5620 insigne
699 5550 984 5623 oppidum
1013 5551 1233 5609 Basard
1264 5555 1523 5624 nomine,
1555 5558 1753 5616 minus
1785 5565 1862 5619 ta·

1980 3238 2038 3292 in
2064 3237 2402 3294 alterutrum
2432 3256 2446 3304 ς
2481 3240 2579 3294 sed
2631 3239 2831 3295 divina
2862 3251 3138 3311 praesente
3169 3242 3480 3301 clementia
3509 3246 3630 3318 (cui

1981 3344 2095 3382 non
2126 3332 2213 3382 est
2241 3328 2478 3385 difficile
2509 3344 2641 3383 cum
2676 3328 2877 3400 paucis
2892 3330 3103 3387 multos
3118 3348 3395 3404 superare
3420 3337 3626 3408 ;cujus

1979 3432 2172 3472 sermo
2228 3421 2319 3472 est
2374 3418 2444 3472 de
2482 3418 2604 3472 suis
2639 3435 2652 3473 :
2690 3419 2837 3475 Unus
2873 3420 3047 3486 mille,
3106 3428 3160 3476 et
3195 3422 3300 3478 duo
3346 3424 3629 3494 [uvabunt

1976 3505 2159 3563 decem
2209 3505 2392 3561 miztia
2439 3507 2620 3578 [Dent.
2680 3523 2850 3575 xxxii,
2908 3508 3023 3581 30])
3050 3525 3063 3574 ;
3116 3511 3417 3581 praevaluit
3488 3531 3625 3585 pars

1981 3604 2213 3661 nostra,
2245 3601 2302 3652 et
2331 3594 2603 3651 hostibus
2637 3595 2690 3649 in
2726 3596 2921 3667 sugam
2954 3600 3246 3656 conversis
3277 3601 3522 3658 victoria
3556 3604 3627 3660 de

1976 3682 2135 3739 coelie
2166 3698 2464 3750 concessa,
2497 3682 3097 3756 gloriosissimepotiti
3128 3694 3286 3747 eunt.
3329 3691 3627 3748 Dicuntur

1976 3776 2165 3828 autem
2199 3772 2261 3826 in
2292 3772 2640 3827 eoconssictu
2673 3773 2932 3829 bostium
2965 3776 3244 3833 cecidisse
3272 3778 3389 3835 duo
3410 3780 3623 3852 millia,

1975 3862 2046 3916 de
2077 3861 2435 3916 nostrisvero
2466 3860 2673 3933 viginti
2703 3865 3391 3938 quatuor.Bursequinus
3420 3876 3622 3927 autem

1972 3949 2178 4006 videns
2208 3951 2364 4023 quod
2388 3949 2556 4023 longe
2575 3950 2746 4007 aliter
2766 3969 2940 4024 quam
2964 3959 3122 4010 ratus
3145 3956 3349 4025 suerat,
3380 3959 3430 4014 ei
3463 3961 3621 4017 acci-

1973 4040 2175 4109 disset,
2203 4040 2546 4097 cont'usione
2604 4040 2846 4098 indutus
2887 4047 2945 4098 et
3001 4046 3322 4101 reverentia
3369 4051 3622 4107 transito

1972 4129 2289 4201 Euphrate,
2324 4145 2436 4184 non
2462 4128 2587 4201 jam
2611 4130 2918 4186 ambulans
2947 4131 3006 4186 in
3042 4133 3412 4192 mirabilibus
3441 4155 3624 4210 super

1971 4232 2057 4288 se,
2087 4218 2157 4272 ad
2206 4217 2437 4290 propria
2494 4234 2757 4274 reversus
2804 4224 2913 4274 est.
2947 4219 3062 4276 Rex
3120 4226 3311 4279 autem
3373 4230 3504 4282 tum
3553 4245 3623 4290 cx

1971 4305 2230 4361 hostium
2260 4305 2485 4377 spoliis,
2520 4313 2642 4363 tum
2672 4324 2741 4363 ex
2773 4308 3033 4365 fidelium
3061 4315 3118 4366 et
3141 4315 3623 4375 amicorumeuo-

1970 4411 2101 4452 rum
2160 4395 2528 4463 liberalitate,
2560 4396 2777 4469 ingenti
2829 4398 3067 4457 collecta
3126 4405 3390 4475 pecunia,
3434 4406 3621 4465 tiliam

1970 4501 2137 4542 suam
2164 4486 2630 4559 quinquennem,
2650 4505 2822 4558 quam
2857 4506 2960 4561 pro
2983 4507 3043 4546 se
3072 4492 3335 4549 obsidem
3360 4496 3621 4567 dederat,

1970 4574 2164 4631 soluta
2195 4575 2441 4647 pecunia
2470 4576 2722 4647 recepit;
2755 4584 3108 4653 sumptaque
3139 4583 3209 4637 ab
3238 4584 3623 4644 Antiochenis

1966 4665 2038 4721 ad
2061 4667 2295 4735 tempus
2325 4664 2583 4733 licentia,
2614 4681 2813 4737 sospes
2836 4668 3131 4741 victorque
3162 4671 3621 4749 Hierosolymam

1968 4768 2234 4808 reversus
2264 4757 2371 4809 eet.
2423 4752 2640 4809 Eodem
2686 4772 2840 4811 anno
2873 4771 2970 4813 rex
3001 4776 3182 4832 super
3212 4762 3409 4819 urbem
3443 4764 3624 4841 Bery-

1966 4843 2192 4896 tensem
2221 4841 2279 4896 in
2315 4843 2607 4899 montanis
2639 4849 2897 4902 castrum
2932 4864 3136 4921 unum,
3168 4852 3259 4906 cui
3299 4868 3470 4911 mons
3491 4855 3625 4912 Gla-

1967 4930 2175 4987 vianus
2196 4946 2431 4999 nomen,
2464 4933 2747 4990 fundavit.

2566 5040 2801 5099 CAPUT
2846 5042 2998 5102 XVII
3006 5086 3020 5102 .

1968 5128 2083 5185 Rex
2135 5129 2488 5188 ascalonitas
2525 5134 2922 5202 prosternit,et
2972 5137 3143 5193 simul
3188 5139 3491 5212 AEqyptios,
3523 5143 3622 5216 qai

2261 5201 2332 5258 ad
2357 5217 2546 5257 eorum
2571 5204 2878 5260 subsidium
2904 5218 3293 5266 convenerant.

2040 5293 2149 5344 Per
2170 5289 2322 5345 idem
2347 5294 2600 5361 tempus,
2632 5292 2829 5364 elapso
2862 5296 3021 5366 pacis
3053 5299 3390 5370 temporalis
3406 5306 3464 5357 et
3484 5302 3617 5360 initi

1967 5379 2195 5435 soederie
2225 5380 2427 5449 spatio.
2453 5381 2609 5452 quod
2640 5381 2792 5437 inter
2839 5384 3143 5442 dominum
3168 5405 3360 5460 regem
3392 5395 3449 5446 et
3484 5392 3616 5449 Dol-

1968 5467 2309 5539 dequinum,
2328 5468 2651 5524 interventu
2670 5472 2929 5543 pecuniae
2952 5476 3113 5547 prius
3132 5486 3506 5550 convenerat,
3527 5500 3617 5540 so·

1968 5557 2118 5615 ciata
2145 5555 2256 5612 sibl
2281 5557 2354 5614 de
2382 5557 2649 5616 universo
2670 5574 2848 5632 regno
2881 5561 3111 5632 militia,
3141 5564 3203 5622 in
3247 5572 3456 5626 terram
3495 5569 3614 5629 Da-
