3784 6000
170 232 290 295 267

1233 225 1660 291 duranum
1703 224 2116 290 'rmmuffls
2157 178 2518 290 Ananim).

3459 224 3579 285 268

166 363 281 421 bus
309 363 544 421 assueto
566 358 896 418 inhabitata
925 374 940 416 ε
965 357 1264 417 montibus
1278 363 1337 417 et
1365 359 1550 431 silvis,
1580 359 1812 433 magnis
1839 362 1895 431 Α
1923 360 2108 419 multo
2155 359 2611 433 pertransissent
2648 356 2867 433 labore,
2906 356 3141 415 tandem
3185 360 3582 430 pervenerunt

166 467 398 525 quoqne
453 449 816 521 fluminibus,
849 447 1085 523 pascuis
1142 449 1318 507 etiam
1378 450 1545 524 longe
1577 450 1812 524 lateque

164 540 394 600 diffusis
421 544 708 616 occupata
734 540 993 615 penitus,
1015 539 1100 598 ita
1121 543 1185 597 ut
1204 554 1395 599 raram
1417 540 1628 599 haheat
1648 557 1814 615 agro-

164 646 298 689 rum
325 630 637 703 culturam,
663 630 920 689 locorum
977 629 1184 688 incolis
1229 630 1292 688 in
1324 630 1598 704 gregibus
1628 635 1686 689 et
1714 649 1812 689 ar-

162 720 380 780 mentis
408 736 641 779 omnem
669 719 900 778 vivendi
929 719 1285 778 habentibus
1340 718 1620 777 fiduciam
1655 739 1670 779 :
1703 736 1810 778 ex-

162 809 345 884 eeptis
382 813 608 885 paucis,
641 809 741 885 qui
790 811 852 868 in
890 809 1011 867 oris
1053 810 1367 867 maritimis
1387 809 1677 879 habitant,
1710 811 1807 882 qui

161 899 234 956 ab
259 899 394 958 aliis
422 903 480 957 et
527 899 789 957 moribus
825 906 879 956 et
934 899 1135 971 lingua
1155 898 1492 969 dissimiles,
1527 898 1805 956 Latinum

162 986 383 1045 habent
407 988 628 1047 idioma
656 1007 673 1059 ς
707 987 949 1061 reliquis
979 986 1318 1046 Sclavenico
1347 1004 1614 1046 sermone
1635 992 1806 1046 uten-

159 1077 323 1136 tibus
350 1088 403 1136 et
431 1078 632 1136 habitu
689 1077 1098 1136 harbarorum.
1134 1078 1295 1135 Hanc
1338 1078 1515 1149 igitur
1553 1077 1805 1150 ingressi

156 1166 536 1240 provinciam,
568 1168 816 1226 multam
858 1167 1455 1225 inveneruntitineris
1487 1166 1803 1224 difficulta-

153 1258 296 1325 tem,
317 1258 572 1316 maxime
601 1261 835 1332 propter
854 1255 1068 1314 hiemis
1087 1256 1431 1316 instantiam
1464 1264 1518 1315 et
1541 1256 1802 1315 locorum

152 1346 399 1405 nimiam
452 1347 943 1421 inaequalitatem3
976 1348 1080 1406 sed
1118 1352 1178 1406 et
1203 1348 1389 1406 victus
1418 1351 1476 1406 et
1496 1347 1800 1405 alimento-

149 1451 279 1494 rum
307 1437 660 1495 sustinentes
681 1453 915 1511 gravem
936 1438 1254 1507 defectum,
1279 1437 1604 1511 periculose
1646 1436 1802 1494 satis

147 1541 253 1599 per
278 1525 404 1584 dies
423 1526 645 1600 aliquot
681 1526 1094 1585 laboraverunt
1110 1527 1326 1584 inedia.
1350 1527 1632 1585 Locorum
1661 1542 1800 1583 sane

147 1615 510 1676 habitatores
538 1618 761 1676 relictis
787 1619 1034 1676 urbibus
1063 1624 1121 1676 et
1146 1618 1453 1693 praesidiis,
1476 1619 1548 1675 ad
1573 1622 1799 1675 montes

147 1710 208 1766 et
234 1708 518 1767 silvarum
564 1709 862 1767 condensa
907 1725 1040 1766 eum
1088 1709 1372 1766 uxoribus
1401 1712 1460 1765 et
1488 1707 1713 1776 liberis,
1742 1711 1802 1765 et
1826 1743 1876 1810 Β

148 1812 283 1854 cum
314 1799 475 1855 omni
504 1798 862 1869 substantia,
888 1799 1060 1872 quasi
1109 1806 1370 1872 agrestes
1400 1797 1534 1854 ferae
1573 1797 1797 1869 fugien-

143 1895 247 1955 tes,
282 1895 615 1948 nostrorum
661 1889 1052 1948 formidabant
1080 1894 1403 1962 aspectum.
1435 1886 1667 1945 occulte
1705 1891 1796 1945 ta-

142 1995 302 2051 men,
341 1980 491 2038 etde
520 1984 764 2048 remoto,
800 1979 1221 2052 proficiscentis
1251 1979 1538 2037 exercitus
1552 1977 1796 2050 vestigia

138 2077 471 2143 sequentes,
504 2085 676 2128 senes
704 2069 1179 2139 valetudinarios,
1204 2085 1354 2127 anus
1375 2083 1793 2142 quoquegran·

138 2158 351 2230 doevas,
383 2177 514 2234 quo
547 2162 703 2217 tento
733 2159 1146 2231 gradiebantur
1174 2160 1403 2228 itinere,
1424 2173 1686 2215 seorsum
1711 2171 1792 2214 re·

139 2249 433 2323 perientes
462 2249 821 2306 occidebant.
855 2249 1062 2306 Comes
1090 2264 1219 2305 vero
1244 2250 1427 2304 totius
1457 2246 1790 2304 multitudi-

141 2338 239 2396 nis
269 2336 524 2395 debitam
569 2353 778 2411 gerens
824 2337 1300 2408 sollicitudinem,
1358 2336 1681 2408 praemissis
1718 2338 1789 2394 de

137 2426 509 2499 principibus
529 2426 889 2499 aliquot,qui
922 2426 1154 2498 agmina
1174 2426 1470 2500 praeirent,
1493 2425 1619 2500 ipse
1648 2443 1785 2485 cum

137 2514 392 2573 maxima
411 2515 782 2573 loricatorum
807 2531 983 2572 manu
1007 2519 1340 2589 postremus
1369 2531 1601 2588 semper
1628 2517 1786 2574 ince-

136 2605 334 2676 debat,
367 2607 731 2664 novissimus
760 2606 1185 2679 hospitabatur.
1212 2606 1349 2662 Erat
1378 2610 1655 2677 praeterea
1686 2623 1787 2665 aer

132 2694 496 2769 caliginosus
514 2701 572 2754 et
615 2695 870 2753 tenebris
917 2695 1228 2762 continues,
1262 2710 1405 2767 pene
1434 2695 1783 2767 palpabiles,

135 2784 217 2843 ita
238 2790 302 2842 ut
331 2786 430 2858 qui
460 2785 871 2858 sequebantur,
904 2784 1357 2857 praecedentium
1387 2785 1481 2840 vix
1509 2789 1787 2843 tenerent

136 2874 411 2947 vestigia3
442 2878 500 2932 et
556 2874 657 2948 qui
716 2873 1022 2946 praeibant,
1053 2874 1146 2930 vix
1176 2890 1280 2947 per
1309 2874 1538 2946 jactum
1570 2873 1784 2946 lapidis

135 2967 271 3023 ante
293 2979 358 3023 se
405 2962 535 3022 loca
585 2966 829 3039 possent
875 2962 1223 3056 disce-gnere.
1247 2962 1422 3020 Terra
1478 2963 1656 3037 enim,
1715 2969 1782 3022 ut

136 3055 531 3131 prediximus,
555 3056 693 3112 rivis
713 3055 1170 3127 fluminibusque
1192 3056 1524 3126 abundans,
1555 3063 1609 3113 et
1632 3073 1778 3129 pene

135 3150 256 3204 tota
284 3145 590 3218 palustris,
612 3149 838 3202 tantam
897 3145 1107 3202 diebus
1149 3144 1395 3215 singulis
1413 3161 1482 3200 ex
1511 3161 1575 3202 se
1605 3146 1778 3203 dabat
1815 3123 1858 3190 C

136 3235 416 3308 uliginem
445 3239 506 3292 et
533 3239 754 3291 tantam
811 3233 1260 3290 crassitudinem
1312 3233 1683 3306 nebularum,
1717 3240 1782 3294 ut

138 3339 332 3382 aerem
349 3324 654 3381 redderent
672 3338 818 3395 pene
837 3323 1298 3380 suffocatorium.
1314 3323 1403 3379 Ad
1426 3323 1567 3394 haec,
1590 3325 1780 3382 Sclavi

136 3411 440 3484 Dalmatae,
504 3418 788 3485 tanquam
844 3412 1156 3484 indigenas,
1186 3412 1448 3470 locorum
1500 3414 1779 3473 babentes

140 3501 437 3577 peritiam,
471 3518 573 3577 per
591 3504 844 3577 abrupta
881 3502 1171 3560 montium
1218 3506 1279 3559 et
1299 3519 1606 3560 nemorum
1637 3521 1777 3563 con-

137 3591 340 3662 densa,
361 3593 674 3652 exercitum
705 3609 775 3652 ex
803 3593 978 3651 latere
1014 3598 1342 3668 sequentes,
1375 3593 1780 3665 frequentibus

128 3681 556 3757 irruptionibus
575 3684 859 3743 inermem
883 3681 1407 3758 populum,esilvis
1426 3685 1778 3755 prodeuntes

129 3771 557 3847 opprimebant.
590 3777 794 3832 Comes
822 3789 978 3845 vero,
997 3777 1054 3830 et
1080 3772 1179 3829 alii
1212 3772 1587 3846 magnatesin
1614 3772 1778 3847 ipsos

127 3863 278 3921 tales
333 3864 657 3937 saepissime
715 3864 991 3921 facientes
1040 3864 1314 3935 impetus,
1348 3862 1568 3920 multos
1596 3878 1668 3921 ex
1695 3866 1779 3923 eis

128 3950 350 4010 lanceis
360 3953 658 4010 confossos
677 3956 736 4010 et
766 3952 1140 4011 obtruncatos
1153 3952 1362 4026 gladiis
1374 3953 1738 4025 perimebant
1757 3973 1773 4027 ;

128 4039 441 4113 pluresque
470 4041 684 4113 saepius
715 4042 1088 4112 occidissent,
1119 4042 1233 4099 nisi
1272 4042 1413 4116 quia
1457 4042 1635 4101 silvas
1657 4043 1772 4102 ha-

127 4129 333 4187 hentes
344 4128 566 4186 vicinas
590 4134 649 4187 et
668 4132 742 4187 ad
758 4146 856 4188 eas
873 4131 1567 4204 confugientes,praesens
1583 4138 1776 4204 capta-

125 4218 274 4276 bant
293 4220 639 4276 remedium.
678 4220 895 4276 Accidit
940 4226 1138 4278 tamen
1187 4223 1436 4293 quadam
1468 4224 1581 4293 die,
1614 4226 1770 4297 quod

124 4321 196 4364 ex
226 4305 520 4377 praedictis
550 4307 1025 4365 malefactoribus
1046 4311 1231 4381 captis
1262 4310 1638 4382 quibusdam,
1671 4329 1771 4372 co-

130 4410 257 4453 mes
288 4409 503 4453 manus
531 4400 589 4454 et
617 4398 790 4471 pedes
818 4398 1093 4470 praecepit
1120 4400 1437 4470 amputari,
1472 4405 1536 4456 ut
1565 4418 1766 4461 eorum

123 4488 428 4544 consortes
467 4486 670 4544 saltem
726 4486 837 4543 hac
886 4501 1057 4560 poena
1124 4487 1406 4561 deterriti,
1456 4492 1774 4549 exercitum
1805 4513 1852 4578 D

122 4574 392 4650 persequi
424 4576 827 4636 formidarent.
858 4577 1118 4649 Cumque
1176 4577 1364 4636 tribus
1396 4578 1774 4638 hebdomadi-

122 4665 238 4725 bus
286 4667 581 4727 continuis
630 4671 753 4726 tam
790 4666 1078 4726 laborioso
1127 4667 1333 4728 itinere
1363 4670 1617 4744 regionis
1638 4688 1774 4746 par-

125 4759 246 4814 tem
298 4758 809 4828 transcurrissent,
855 4757 1262 4833 pervenientes
1315 4760 1387 4816 ad
1435 4758 1653 4828 locum,
1676 4762 1771 4819 cui

121 4843 342 4903 Scodra
388 4863 623 4921 nomen,
652 4849 988 4907 sclavorum
1036 4865 1230 4923 regem
1280 4849 1359 4907 ibi
1407 4856 1768 4924 repererunt.

121 4931 385 5005 Cumque
430 4936 711 4994 dominns
754 4953 986 5008 comes,
1018 4938 1172 4996 sicut
1201 4939 1287 4996 vir
1306 4940 1595 5012 benignus
1623 4946 1767 5012 erat,

119 5019 368 5078 affabilis
397 5026 454 5079 et
484 5025 837 5097 misericors,
861 5026 1049 5084 multa
1090 5043 1401 5085 munerum
1423 5028 1768 5088 liberalitate

120 5109 441 5169 amicitiam
461 5113 829 5181 contrahens,
859 5118 1132 5188 sperabat
1161 5119 1377 5191 populo
1408 5134 1511 5175 suo
1539 5120 1769 5192 indige-

117 5217 328 5260 narum
356 5204 610 5277 gratiam
653 5205 936 5275 obtinere,
957 5211 1023 5263 ut
1082 5210 1288 5266 saltem
1345 5210 1677 5267 commercii
1707 5214 1766 5268 et

117 5306 312 5350 rernm
361 5293 659 5353 venalium
711 5297 939 5369 copiam
996 5303 1451 5369 consequeretur
1481 5316 1496 5356 ε
1526 5301 1762 5358 tandem

116 5396 223 5438 nec
250 5382 363 5441 hac
390 5383 483 5440 via
538 5386 832 5458 proediotae
863 5388 1059 5461 gentis
1099 5387 1452 5445 ferocitatem
1503 5389 1765 5451 emollire

117 5470 330 5543 potuit,
354 5487 505 5544 quos
526 5475 801 5550 deinceps
823 5477 1007 5535 multo
1019 5477 1293 5554 saeviores
1321 5477 1559 5538 invenit.
1582 5480 1764 5538 Cum·

118 5571 235 5632 qne
262 5573 366 5631 per
394 5562 523 5621 dies
549 5566 717 5636 qnasi
745 5566 1127 5638 quadraginta
1146 5581 1381 5631 omnem
1413 5566 1760 5628 Dalmatiam

1923 449 2293 508 Durachium.

2512 518 2748 582 CAPUT
2787 519 2982 579 XVIII.

1920 612 2085 684 Apud
2114 612 2449 669 Durrachium
2477 612 2652 669 eidem
2678 612 2872 668 comiti
2900 609 3208 680 imperialis
3235 609 3481 665 occurrit
3502 609 3576 666 lc-

1988 691 2145 754 9atus
2161 701 2184 747 .·
2214 687 2493 757 episcopus
2524 683 2815 740 Podiensis
2843 699 2879 738 a
2908 683 3175 753 Bulqaris
3203 682 3458 752 capitur,-
3480 680 3574 737 sed

1989 756 2220 812 Domino
2267 760 2566 812 miserante
2615 756 2903 812 liberatur.
2951 755 3159 810 lterum
3212 752 3365 826 apud
3412 753 3572 810 Rode-

1989 832 2136 884 stum
2166 833 2281 884 tam
2310 830 2656 900 imperatoris
2691 844 2867 900 quam
2900 828 3216 899 principum
3254 831 3570 882 nostrorum

1988 898 2167 956 eidem
2197 902 2435 957 occurrit
2466 900 2690 970 legatio.

1989 987 2308 1061 Imperator
2361 1005 2496 1047 vero
2543 988 2775 1046 comitis
2823 991 3163 1062 suspectum
3221 986 3443 1045 babens
3462 987 3568 1044 ad·

1916 1082 2187 1150 ventum,
2218 1095 2284 1138 eo
2315 1080 2469 1154 quod
2498 1080 2590 1138 vir
2608 1078 2868 1153 prudens
2905 1082 2962 1136 et
3010 1076 3357 1150 magnificus
3386 1081 3560 1139 esset.

1915 1172 1972 1225 et
1993 1169 2243 1241 majores
2273 1185 2473 1226 secum
2502 1169 2761 1227 traheret
2787 1167 3008 1241 copias,
3041 1168 3227 1224 missa
3246 1167 3430 1224 multo
3458 1183 3562 1223 an-

1914 1263 1970 1317 te
1989 1258 2279 1332 legatione
2316 1259 2693 1317 honestorum
2724 1260 3002 1328 virorum,
3034 1258 3135 1330 qui
3167 1256 3219 1314 ei
3249 1257 3402 1328 apud
3437 1256 3561 1313 Du·

1913 1349 2183 1406 rachium
2224 1357 2613 1419 occurrerent,
2645 1349 2937 1423 praecepit,
2961 1352 3027 1405 ut
3057 1347 3461 1406 advenientem
3494 1363 3561 1404 ex

1911 1443 2075 1511 parte
2105 1440 2233 1511 ejus
2263 1439 2699 1498 officiosissime
2720 1439 3065 1508 salutatum,
3089 1438 3333 1495 honeste
3353 1441 3564 1494 tracta-

1911 1533 2060 1596 rent,
2093 1529 2194 1603 qui
2225 1530 2381 1587 dicto
2413 1534 2703 1602 parentes,
2727 1530 2787 1585 in
2837 1529 2967 1601 ejus
2995 1526 3309 1601 praesentia
3339 1527 3558 1584 consti·

1922 1618 2056 1687 tuti,
2081 1618 2205 1676 viva
2233 1634 2370 1677 voce
2399 1623 2457 1676 et
2482 1618 2697 1676 litteris
2726 1633 2860 1676 eum
2893 1617 3105 1675 blande
3134 1617 3371 1675 allocuti
3394 1622 3556 1682 sunt,

1911 1706 2282 1781 imperatoris
2312 1710 2676 1783 porrigentes
2694 1708 3018 1780 epistolam,
3047 1707 3216 1779 cujus
3267 1706 3361 1763 hic
3391 1710 3557 1762 tenor

1906 1803 2031 1853 erat
2062 1813 2075 1852 ε
2113 1798 2471 1868 Iamdudum,
2509 1814 2684 1856 comcs
2725 1797 3104 1864 dilectissime,
3154 1805 3269 1854 tuae
3312 1795 3553 1868 pruden-

1904 1888 1998 1943 12·ae
2029 1889 2214 1959 opinio
2250 1888 2477 1945 celebris
2506 1892 2556 1946 et
2593 1887 2885 1961 probitatis
2913 1888 3021 1944 late
3058 1886 3257 1959 diffusa
3285 1886 3547 1958 fraymu-

1902 1975 1986 2032 tia
2012 1977 2083 2033 ad
2109 1980 2287 2035 nostri
2331 1980 2574 2049 pervenit
2611 1993 2772 2034 aures
2816 1979 3068 2049 imperii,·
3097 1982 3151 2032 et
3187 1977 3403 2032 meritis
3431 1978 3551 2031 exi·

1900 2065 2180 2133 aentibus,
2228 2081 2326 2123 nos
2370 2065 2443 2121 ad
2482 2066 2565 2122 tui
2608 2065 2959 2122 dilectionem
2991 2065 3271 2130 invitavit,
3301 2064 3550 2135 proposi.

1899 2156 2016 2208 ium
2074 2153 2339 2210 habentes
2380 2171 2672 2226 personam
2720 2161 2875 2211 tuam
2918 2169 3109 2210 amaro
3162 2158 3218 2208 et
3274 2151 3550 2208 honorare

1896 2245 2238 2315 propensius.
2274 2243 2422 2301 Unde
2465 2249 2521 2300 et
2548 2248 2707 2302 tuum
2752 2244 3045 2301 adveutum
3084 2258 3210 2299 cum
3236 2241 3412 2298 multo
3442 2242 3543 2297 dc·

1895 2331 2094 2389 siderio
2140 2335 2573 2406 exspectavimus
2595 2376 2609 2404 ,
2667 2335 2844 2390 multa
2903 2334 2973 2390 de
3023 2332 3258 2406 publicis
3307 2333 3541 2403 nepotiis

1893 2438 2020 2478 cum
2061 2430 2161 2479 tua
2208 2423 2493 2480 nobilitate
2534 2425 2765 2495 imperio
2812 2427 2997 2480 nostro
3038 2421 3390 2491 charissima,
3419 2426 3543 2476 tra-

1893 2522 2049 2569 ctore
2091 2516 2390 2585 cupientes.
2444 2512 2591 2571 Unde
2645 2528 2925 2570 monemus
2980 2510 3266 2578 attentius,
3318 2512 3377 2566 ut
3423 2510 3543 2566 sine

1893 2602 2135 2658 tumultu
2176 2613 2232 2659 et
2278 2601 2551 2659 scandalis
2595 2607 2770 2659 terras
2790 2606 3012 2657 nostras
3035 2602 3434 2674 pertransiens,
3465 2600 3539 2656 ud

1890 2707 1989 2749 nos
2045 2695 2279 2761 festinus
2319 2691 2564 2764 accedas,
2612 2708 2832 2750 securus
2887 2691 2953 2749 de
3001 2691 3189 2761 qratia
3241 2694 3431 2747 nostra
3487 2694 3539 2746 et

1890 2781 2099 2839 honore
2149 2783 2470 2856 multiplici,
2526 2799 2633 2854 quo
2679 2791 2728 2840 tc
2782 2780 3166 2854 proposuimus
3212 2781 3532 2853 praevenire.

1887 2874 2251 2930 Praesentium
2286 2880 2473 2930 autem
2518 2873 2798 2929 laboribus
2839 2872 3095 2928 dedimus
3137 2872 3198 2926 iu
3235 2870 3533 2937 mandatis,

1889 2968 1951 3019 ut
1979 2979 2169 3020 rerum
2196 2964 2473 3021 venalium
2510 2964 2721 3036 copiam
2767 2968 2825 3019 et
2847 2962 2977 3035 iupa
3018 2959 3411 3018 commercium
3446 2975 3534 3032 po·

1886 3053 2017 3125 pulo
2063 3057 2156 3111 tuo
2213 3054 2371 3110 bonis
2416 3054 2816 3111 conditionibus
2854 3054 3066 3122 faciant
3103 3050 3378 3111 exhiberi.
3434 3049 3533 3106 His

1888 3141 2099 3201 litteris
2126 3151 2243 3201 tam
2275 3160 2467 3202 comes
2514 3160 2690 3217 quam
2738 3143 2868 3216 ejus
2931 3142 3219 3199 exercitus
3250 3139 3537 3196 exhilara-

1891 3237 1989 3289 tus
2026 3235 2365 3302 admodum,
2397 3251 2606 3291 rursus
2662 3234 2774 3290 iter
2823 3232 3129 3305 arripiens,
3170 3230 3532 3289 transcursis

1890 3322 2053 3379 silvis
2082 3327 2140 3380 et
2169 3325 2489 3392 montibus,
2512 3328 2570 3380 et
2607 3324 2882 3380 universa
2930 3322 3294 3393 Epirotarum
3346 3319 3531 3393 regio·

1892 3428 1983 3482 ne,
2018 3415 2336 3470 multorum
2396 3413 2592 3470 labore
2640 3414 2891 3482 dierum,
2925 3412 3162 3468 demum
3194 3410 3256 3467 in
3291 3425 3532 3482 pagum,

1890 3503 1983 3559 cui
2014 3502 2323 3576 Pelagonia
2380 3518 2590 3559 nomen
2640 3505 2748 3569 est,
2787 3500 3060 3559 omnibus
3109 3499 3530 3557 redundantem

1887 3592 2072 3666 copiis
2127 3593 2568 3660 descendentes,
2607 3593 3006 3649 castrametati
3062 3594 3224 3647 sunt.
3256 3587 3367 3645 Ubi
3397 3603 3530 3645 cum

1886 3682 1980 3739 vir
1998 3683 2132 3739 vitae
2161 3682 2511 3738 venerabilis
2556 3681 2832 3738 dominus
2875 3680 3172 3737 podiensis
3211 3678 3533 3753 Episcopus

1886 3770 2118 3843 longius
2139 3787 2174 3827 a
2200 3770 2407 3828 castris
2437 3770 2889 3843 aliquantulum,
2913 3769 3250 3843 hospitandi
3282 3784 3533 3827 commo·

1885 3862 2128 3918 ditatem
2160 3864 2416 3929 secutus,
2450 3876 2715 3918 seorsum
2750 3860 3000 3917 locasset
3025 3859 3300 3929 tentoria,
3328 3875 3360 3915 a
3392 3860 3527 3915 Bul·

1881 3950 2040 4024 garis
2061 3949 2415 4007 irruentibus
2472 3954 2677 4022 captus
2714 3957 2820 4008 est.
2850 3950 2958 4005 Sed
2990 3949 3128 4021 quia
3157 3952 3357 4005 tantus
3386 3965 3499 4021 pon

1883 4039 2019 4097 tifex
2051 4039 2240 4096 adhuc
2270 4039 2485 4114 populo
2507 4039 2609 4096 Dei
2643 4044 2766 4096 erat
2813 4037 3202 4107 necessarius,
3231 4052 3398 4105 casu,
3428 4054 3533 4111 per

1881 4132 2011 4203 eJus
2058 4131 2520 4189 misericordiam
2561 4131 2689 4188 vitm
2719 4133 2807 4188 est
2838 4133 3183 4187 reservatus.
3215 4128 3362 4184 Nam
3385 4130 3526 4185 dum

1883 4238 2039 4280 unus
2071 4224 2142 4279 de
2172 4222 2544 4295 praedonibus
2600 4238 2810 4279 aurum
2850 4224 2923 4278 ab
2950 4237 3017 4278 eo
3046 4224 3358 4294 quaereret,
3389 4237 3525 4281 eum

1879 4318 2080 4370 contra
2114 4318 2346 4371 caeteros
2365 4314 2668 4371 tuebatur:
2691 4314 2840 4370 inter
2860 4329 3006 4386 quos
3026 4312 3275 4370 excitato
3296 4311 3527 4368 tumul-

1888 4407 1951 4458 tu
2009 4403 2080 4459 ad
2112 4418 2310 4459 vocem
2352 4404 2840 4470 concertantium,
2881 4402 3168 4459 exercitus
3196 4408 3526 4459 commotus

1884 4496 1975 4549 est
2004 4492 2317 4549 universus
2342 4510 2357 4562 ;
2390 4498 2449 4549 et
2485 4493 2664 4551 armis
2695 4492 2979 4565 correptis
3024 4491 3084 4548 in
3106 4489 3416 4564 praedictos
3447 4490 3526 4547 ir·

1881 4584 2120 4639 ruentes
2167 4581 2484 4655 maleficos,
2516 4582 2816 4641 dominum
2865 4582 3199 4656 episcopum
3229 4596 3367 4639 cum
3398 4580 3524 4637 suis

1875 4671 2280 4743 expedierunt.
2311 4671 2572 4728 Tandem
2596 4676 2894 4746 resumpto
2926 4671 3132 4728 itinere
3156 4668 3525 4726 Thessaloni·

1876 4778 2007 4819 cam
2035 4767 2424 4829 transeuntes,
2439 4770 2493 4819 et
2520 4779 2755 4821 omnem
2778 4760 3525 4831 Macedoniam,eontinua-

1875 4851 1956 4908 tis
1986 4867 2089 4925 per
2117 4851 2337 4909 multos
2368 4852 2493 4909 dies
2521 4853 2840 4923 laboribus,
2873 4853 3028 4925 apud
3068 4852 3392 4910 Rodostum
3423 4868 3525 4909 ur·

1875 4942 2010 4998 hem
2035 4941 2409 5007 maritimam,
2444 4959 2619 5014 super
2648 4943 3090 5017 Hellespontum
3120 4942 3522 5013 sitam,aCon·

1877 5030 2255 5103 stantinopoli
2289 5032 2496 5088 itinere
2525 5032 2753 5088 dierum
2775 5037 3032 5105 quatuor
3060 5031 3368 5088 distantem
3391 5046 3521 5104 per-

1881 5127 2186 5181 venerunt.
2219 5122 2326 5180 Ubi
2361 5124 2574 5182 iterum
2612 5125 2984 5199 imperatoris
3040 5123 3239 5182 comiti
3270 5124 3526 5181 occurrit

1877 5211 2090 5285 legatio
2120 5216 2177 5268 et
2205 5212 2536 5285 principum
2567 5215 2767 5285 etiam,
2786 5214 2887 5288 qui
2926 5217 3342 5284 processerant
3371 5228 3522 5268 nun·

1873 5303 1942 5360 tii
1998 5301 2293 5372 nonnulli,
2340 5308 2644 5362 monentes
2694 5312 2749 5360 et
2802 5303 3175 5362 exhortantes
3221 5300 3519 5371 obnixius,

1874 5396 2164 5466 quatenus
2186 5391 2438 5449 exercitu
2467 5392 2672 5449 relicto
2702 5395 2760 5450 et
2787 5393 3070 5465 paulatim
3094 5391 3519 5462 subsequente,

1869 5481 1999 5555 ipse
2026 5497 2163 5539 cum
2193 5482 2395 5554 paucis
2422 5482 2617 5540 veniat
2643 5483 2965 5556 expeditus,
2988 5486 3053 5539 ut
3079 5480 3331 5557 peractis
3361 5481 3518 5552 apud

1869 5570 2281 5644 imperatorem
2314 5570 2585 5643 negotiis,
2607 5572 2919 5630 accedente
2937 5571 3067 5644 ejus
3091 5568 3372 5640 exercitu,
3391 5585 3518 5641 pos·
