3784 6000
169 236 287 299 ’Π

166 457 388 524 cordos,
411 451 802 513 Godescalcus
845 449 1105 520 nomine,
1165 449 1401 506 natione
1430 448 1813 520 Teutonicus,

171 544 321 603 Petri
369 558 625 616 sequens
673 539 941 612 vestigia,
1001 537 1266 609 ejusdem
1326 537 1817 609 peregrinationis

175 649 454 692 aecensus
483 630 795 700 desiderio,
827 615 1246 685 exhortationis
1286 626 1511 682 babens
1541 626 1817 699 gratiam,

173 722 384 779 multos
413 737 481 779 ex
512 718 780 776 universo
828 716 1284 774 Teutonicos-um
1333 730 1513 788 regno
1565 716 1639 772 ad
1664 715 1818 772 idem

175 826 325 882 opus
371 809 752 866 animaverat.
808 804 1193 876 collectisque
1256 803 1360 860 vile
1424 804 1818 876 consortibus,

173 897 342 970 quasi
375 897 447 954 ad
479 895 818 969 quindecim
878 893 1087 962 millia,
1127 892 1433 965 Hungarioe
1491 893 1660 960 flnee,
1692 894 1820 951 sine

174 984 514 1042 difficultate
542 984 856 1049 admissus,
877 982 1180 1054 ingressus
1232 987 1340 1039 est.
1374 981 1482 1039 Ubi
1530 999 1662 1040 cum
1689 983 1820 1052 eJue

172 1075 450 1132 exercitui
480 1074 706 1131 venalia
725 1073 796 1129 de
826 1072 1097 1128 mandato
1130 1072 1286 1143 regio
1327 1071 1497 1128 bonls
1527 1071 1819 1128 conditio·

173 1164 345 1221 nibus
392 1163 463 1219 ab
531 1161 823 1234 ilungaris
896 1160 1334 1228 exhiberentur,
1401 1161 1818 1218 alimentorum

174 1253 485 1309 abutentes
539 1250 832 1324 opulentia
874 1253 931 1306 et
958 1249 1224 1307 ebrietati
1244 1254 1534 1320 vacantes,
1568 1251 1641 1306 ad
1665 1251 1817 1308 infe-

173 1341 387 1400 rendas
416 1355 684 1398 enormes
705 1339 1000 1412 indigenis
1024 1354 1086 1396 se
1117 1337 1493 1396 contulerunt
1524 1339 1772 1411 injurias
1801 1355 1816 1397 ε

171 1429 255 1487 ito
285 1436 347 1486 ut
378 1428 602 1502 predas
622 1431 974 1497 exercerent,
998 1427 1226 1485 venalia
1255 1427 1396 1484 ioris
1430 1427 1592 1485 illata
1622 1428 1810 1501 publi·

172 1513 260 1572 cis
281 1512 561 1571 violenter
580 1513 920 1585 diriperent,
950 1517 1009 1570 et
1036 1518 1296 1586 stragem
1335 1513 1395 1570 in
1429 1514 1643 1588 populo
1661 1530 1819 1572 com-

174 1602 496 1669 mitterent,
530 1601 812 1676 neglectis
871 1602 1098 1675 legihus
1155 1602 1592 1676 hospitalitatis.
1653 1604 1817 1671 Quod

170 1692 410 1752 domino
437 1692 559 1766 regi
597 1695 912 1766 postquam
937 1690 1215 1761 innotuit,
1237 1693 1325 1750 ira
1352 1709 1692 1766 succensus,
1724 1711 1819 1752 re·
1850 1727 1898 1793 B

170 1796 356 1854 gnum
378 1781 717 1840 universum
734 1781 993 1856 principit
1021 1782 1326 1840 convocari
1342 1802 1358 1853 ς
1375 1787 1432 1839 et
1459 1783 1522 1840 in
1535 1782 1816 1842 ultionem

168 1871 468 1927 tantarum
517 1869 869 1941 injuriarum
900 1870 1117 1927 armari
1148 1870 1428 1944 populum
1465 1871 1731 1944 imperat,
1762 1876 1820 1931 et

170 1958 420 2029 maiores
449 1957 627 2016 etiam
656 1958 935 2030 regionis.
957 1960 1397 2018 Commiserunt
1427 1960 1588 2018 enim
1621 1963 1819 2035 gravia

168 2046 229 2104 in
244 2045 391 2104 locis
412 2047 891 2121 quampluribus,
907 2049 1218 2123 turpiaque
1238 2049 1440 2119 nimie,
1461 2054 1518 2107 et
1538 2050 1819 2109 relatione

169 2135 433 2210 indigna,
464 2153 597 2209 quae
644 2137 878 2195 nonnisi
905 2154 1041 2195 cum
1072 2140 1475 2210 subJectorum
1501 2140 1632 2197 odio
1666 2148 1721 2198 et
1741 2144 1819 2198 ti-

174 2225 454 2283 miditatis
486 2231 644 2295 nota,
680 2241 778 2283 rex
809 2231 1039 2298 poterat
1056 2227 1452 2284 dissimulare.
1494 2229 1820 2286 convocata

176 2313 358 2387 igitur
404 2315 584 2371 totius
626 2315 791 2386 regni
850 2315 1084 2384 militia,
1117 2319 1399 2388 tanquam
1455 2316 1512 2372 in
1538 2315 1732 2374 hostes
1763 2320 1822 2375 et

169 2417 452 2474 suprema
479 2402 691 2475 dignos
703 2403 1228 2471 animadversione,
1261 2405 1621 2462 unanimiter
1643 2413 1821 2463 ruunt

170 2489 518 2563 precipites,
560 2490 843 2562 protentis
864 2492 1196 2550 excessibus
1214 2498 1461 2550 mortem
1484 2493 1818 2567 irrogaturi.

169 2577 544 2650 Tandemque
579 2583 735 2652 apud
766 2577 957 2637 locum
980 2580 1071 2636 cui
1102 2596 1315 2638 nomen
1345 2581 1677 2655 Bellegrava
1705 2590 1819 2654 est,

165 2667 268 2741 qui
331 2667 500 2726 locus
535 2669 600 2727 in
647 2668 931 2726 umbilico
977 2668 1136 2740 regni
1185 2684 1384 2727 eorum
1439 2672 1665 2744 positus
1705 2678 1821 2741 est,

173 2758 585 2829 predictorum
661 2759 1096 2816 insensatorum
1152 2760 1459 2818 confusam
1523 2763 1823 2834 reperiunt

168 2846 629 2920 multitudinem,
664 2848 765 2921 qui
798 2848 1147 2921 praecognito
1182 2850 1333 2921 regis
1354 2851 1632 2919 adventu,
1664 2860 1719 2910 et
1749 2854 1822 2912 de

166 2933 299 3008 esus
319 2934 720 3010 indignatione
748 2953 865 2995 non
888 2936 1102 3012 ignari,
1121 2943 1386 2996 verentes
1411 2956 1588 3013 quam
1619 2940 1820 3000 laesam

170 3027 486 3101 portabant
527 3028 976 3099 conscientiam,
997 3045 1164 3086 arma
1193 3030 1617 3104 corripuerant,
1648 3033 1818 3104 quasi

1247 226 1674 291 GUILLELMI
1713 224 2099 290 'PYRBNSIS
2142 221 2493 287 ARCHIEP.

36 436 45 447 ‚
167 371 418 443 quenter
444 383 562 425 non
584 365 768 423 multo
796 363 1081 434 temporis
1101 359 1430 426 intervallo,
1454 360 1698 432 qnidam
1720 376 1815 416 sa-
1843 359 1900 427 Α
1927 359 2152 415 omnino
2179 357 2420 429 quiescat
2439 353 2928 428 indi9natio,quod
2955 360 3008 410 et
3042 367 3309 424 personas
3336 357 3575 423 vestras,

3455 223 3579 285 248

1924 450 1977 504 et
2030 460 2265 510 omnem,
2324 460 2489 516 quom
2534 443 2625 499 hic
2681 441 2895 498 habetis
2948 441 3342 511 substantium,
3410 460 3578 500 orma

1926 550 2134 606 quoque
2163 537 2221 589 in
2252 548 2449 590 manus
2477 530 2690 588 domini
2718 532 2863 603 reqis
2892 531 3013 586 sine
3039 529 3237 604 aliqua
3265 530 3582 590 conditione

1928 623 2189 680 tradatis.
2236 621 2462 694 Alioqui
2515 636 2614 676 nec
2660 635 2803 676 unus
2858 620 3004 677 solus
3048 635 3119 676 ex
3152 621 3303 678 vobis
3346 624 3580 679 mortem

1923 715 2123 785 poterit
2149 711 2417 773 evadere:
2447 710 2648 767 cumin
2685 708 2863 765 medio
2918 709 3084 778 reqni
3118 711 3236 777 eius
3262 711 3579 783 constituti,

1926 817 2025 859 nec
2077 801 2288 858 viribus
2324 816 2487 872 pares
2542 800 2687 862 sitis.
2716 813 2816 854 nec
2860 797 3111 868 supiendi
3156 798 3404 855 habeatis
3423 808 3578 870 pote·

1927 897 2142 948 statem.
2176 888 2565 947 Godescalcus
2594 888 2793 960 igitur,
2817 891 2874 943 et
2912 887 3207 959 legionum
3232 887 3577 960 primicerii,

1929 980 2145 1052 quibus
2191 979 2264 1035 ab
2314 978 2477 1035 initio
2524 975 2890 1033 contumacis
2912 974 3582 1048 populidisplicebatin·

1927 1069 2112 1139 sanie,
2142 1069 2214 1124 de
2281 1065 2440 1139 regia
2488 1064 2847 1137 benignitate
2879 1067 3314 1136 proesumentes,
3346 1065 3406 1121 in
3439 1065 3581 1122 sim-

1928 1157 2183 1231 plicitate
2202 1155 2465 1230 spiritus,
2499 1153 2782 1227 populum
2803 1152 2946 1210 totis
2964 1152 3186 1210 viribus
3200 1154 3575 1223 renitentem,

1928 1249 1987 1303 et
2014 1262 2117 1317 pro
2164 1246 2283 1302 vita
2320 1245 2618 1301 decertare
2665 1247 2957 1316 peretum,
2979 1242 3040 1298 in
3082 1258 3211 1299 eam
3246 1242 3421 1315 quasi
3452 1242 3580 1299 vio-

1927 1333 2114 1391 lenter
2139 1336 2439 1391 traxerunt
2459 1331 2831 1400 sententiam,
2858 1334 2923 1387 ut
2944 1346 3080 1386 cum
3118 1331 3301 1388 armis
3329 1334 3388 1387 et
3407 1330 3575 1389 omni

1928 1436 2128 1480 eorum
2157 1422 2491 1479 substantia
2532 1422 2592 1477 in
2633 1418 3252 1492 potestatemldomini
3300 1420 3456 1493 regis
3503 1437 3571 1478 se

1928 1513 2239 1583 traderent,
2271 1527 2374 1585 pro
2414 1511 2505 1569 hie
2551 1510 2826 1569 omnibus
2867 1509 3085 1582 quibus
3139 1525 3275 1567 eum
3320 1511 3579 1568 offende-

1927 1605 2080 1674 rant,
2102 1600 2549 1660 satisfacientes.
2577 1599 2879 1670 Acquievit
2909 1598 3143 1654 tandem
3174 1598 3428 1671 populus
3451 1600 3583 1656 uni·

1926 1710 2151 1765 versus,
2173 1699 2230 1751 et
2283 1693 2465 1750 armis
2512 1691 2760 1760 traditis,
2783 1690 3172 1762 universaque
3199 1706 3403 1749 eorum
3437 1693 3574 1749 sub·

1925 1784 2169 1852 stantis,
2192 1783 2343 1856 regis
2399 1780 2745 1854 primiceriis
2791 1784 2851 1836 et
2904 1779 3029 1837 suis
3085 1781 3574 1852 procuratoribus

1924 1873 2241 1946 resignata,
2273 1872 2411 1928 dum
2456 1871 2685 1930 veniam
2726 1872 3084 1941 exspectant,
3118 1871 3364 1927 mortem
3402 1871 3579 1928 inve·

1925 1964 2431 2021 niunt.1rruentee
2479 1959 2638 2017 enim
2686 1959 2745 2014 in
2792 1957 3076 2030 populum
3105 1955 3188 2013 nil
3221 1958 3333 2015 tale
3362 1973 3580 2015 veren-

1924 2056 2062 2121 tem,
2092 2065 2388 2107 armorum
2439 2047 2644 2107 solatio
2695 2047 3063 2115 destitutum,
3087 2048 3144 2102 et
3173 2046 3245 2103 de
3267 2047 3420 2120 regis
3452 2047 3579 2106 cle·

1926 2142 2147 2198 mentia
2195 2156 2309 2197 non
2349 2138 2645 2196 immerito
2692 2142 3159 2209 praesumentem.
3210 2153 3327 2194 non
3369 2137 3580 2193 distin-

1925 2237 2169 2302 guentes
2193 2231 2424 2301 justum
2449 2227 2521 2285 ab
2552 2226 2756 2299 impio,
2789 2230 3042 2298 stragem
3074 2225 3573 2283 immanissimam

1926 2322 2327 2385 exercuerunt,
2363 2318 2440 2373 ita
2497 2319 2561 2373 ut
2600 2315 3079 2386 interemptorum
3121 2313 3450 2381 funeribus,
3518 2319 3580 2372 et

1926 2417 2128 2461 cruore
2149 2403 2478 2460 occisorum
2535 2403 2700 2459 locus
2758 2398 3114 2469 pollueretur
3164 2399 3491 2466 universus,
3520 2405 3584 2459 et

1926 2498 2100 2552 tantas
2133 2491 2528 2550 multitudinis
2584 2491 2679 2547 vix
2734 2493 3111 2562 superessent
3138 2490 3398 2562 vestigia.
3431 2490 3582 2547 Eva-

1928 2584 2132 2638 serunt
2189 2583 2385 2636 tamen
2463 2578 2647 2651 aliqui
2712 2592 3024 2634 commune
3091 2576 3450 2648 periculum3
3522 2581 3584 2635 et

1929 2669 2138 2743 praevia
2167 2667 2400 2726 Domini
2431 2664 2876 2735 misercicordia,
2907 2664 3314 2737 Hungarorum
3346 2665 3580 2739 gladios

1928 2758 2311 2827 declinantes,
2369 2762 2429 2815 et
2485 2757 2557 2813 ad
2615 2756 2849 2829 propria
2899 2754 3135 2825 reversi,
3190 2756 3264 2812 de
3328 2773 3578 2814 suorum

1927 2854 2143 2920 strage,
2173 2850 2233 2905 et
2257 2846 2494 2904 sinistro
2524 2861 2662 2903 casu
2695 2845 2796 2918 qui
2828 2844 3139 2913 acciderat,
3171 2862 3269 2902 eos
3308 2847 3411 2919 qui
3444 2863 3585 2920 pro·

1927 2936 2134 2995 lecturi
2189 2938 2378 3004 erant,
2427 2944 2482 2993 et
2537 2935 2801 3008 eJusdem
2856 2933 2961 2991 vioe
3024 2935 3174 2992 votis
3234 2937 3586 2994 tenebantur

1928 3027 2196 3102 obligati,
2229 3026 2604 3085 reddiderunt
2660 3025 3115 3083 instructiores:
3159 3032 3463 3084 monentes
3514 3033 3586 3085 ut

169 3117 279 3174 vim
311 3118 366 3174 vi
422 3117 702 3191 repellere
723 3122 782 3174 et
802 3134 837 3174 a
869 3134 932 3174 se
956 3116 1295 3190 propulsare
1327 3118 1571 3189 injurias
1613 3121 1818 3191 parati.
1850 3094 1896 3162 G
1933 3118 2196 3190 praedicti
2226 3133 2475 3191 nequam
2507 3115 2709 3189 populi
2741 3119 3072 3186 suspectam
3103 3132 3335 3190 semper
3367 3116 3589 3175 haben.

173 3207 328 3274 Quos
350 3211 667 3279 postquam
699 3206 958 3279 ilungari
1003 3206 1187 3263 armis
1233 3206 1640 3265 incumbentes
1669 3208 1831 3265 vide-

175 3299 316 3353 runt
365 3298 424 3353 et
470 3295 543 3352 ad
590 3295 982 3353 resistendum
1033 3294 1349 3366 animatos,
1405 3296 1828 3368 perpendentes

173 3383 332 3457 quod
365 3399 481 3442 non
507 3382 637 3441 sine
664 3400 906 3441 suorum
961 3383 1152 3442 multa
1201 3388 1399 3457 strage
1445 3389 1716 3456 poterant
1743 3386 1829 3444 eie

174 3472 294 3531 vim
346 3471 580 3541 inferre,
613 3476 783 3531 erant
839 3472 1058 3546 quippe
1109 3472 1290 3529 fortes
1338 3472 1471 3542 viri,
1526 3489 1828 3533 armorum

177 3576 354 3619 usum
408 3560 714 3634 babentes,
744 3560 961 3635 quique
1005 3578 1122 3619 non
1181 3561 1346 3618 facile
1399 3560 1617 3619 velient
1644 3564 1829 3636 gratis

177 3648 407 3710 animas
453 3666 689 3722 ponere,
721 3666 881 3708 more
926 3667 1036 3709 suo
1085 3651 1236 3709 dolis
1283 3654 1511 3708 tentant
1558 3668 1831 3724 peragere

176 3741 333 3814 quod
389 3740 619 3801 viribus
654 3748 976 3816 nequeunt.
1024 3741 1201 3799 Missa
1244 3741 1400 3799 enim
1441 3742 1727 3815 legatione
1755 3744 1829 3800 ad

176 3828 521 3901 pradictum
575 3829 1011 3900 Godesoalcum,
1070 3835 1129 3887 et
1182 3832 1467 3888 exercitus
1525 3831 1828 3904 primates,

180 3918 374 3976 verbis
400 3918 662 3991 pacificis
716 3919 800 3977 eis
855 3918 1037 3977 locuti
1075 3927 1214 3976 sunt
1243 3919 1302 3977 in
1333 3918 1488 3989 dolo,
1520 3918 1779 3979 dicentes
1812 3939 1828 3982 z

739 4025 970 4083 CAPUT
1008 4025 1244 4083 XXVIII
1257 4068 1272 4083 .

178 4112 424 4186 Epistola
446 4111 600 4183 roais
645 4115 1034 4185 Eunoni-orum
1083 4114 1154 4171 ad
1198 4115 1522 4187 praedictum
1552 4117 1831 4176 Godescat·

249 4184 625 4311 ogomssieltsejm
654 4187 952 4243 exercitum
973 4201 996 4248 .·
1026 4193 1077 4242 et
1107 4187 1364 4244 interitus
1391 4189 1706 4247 eorumdem
1724 4193 1833 4247 mi-

243 4271 270 4310 s
303 4271 369 4311 ra
459 4271 480 4309 ι
513 4295 529 4310 .

249 4358 515 4416 Pervenit
560 4359 631 4416 ad
680 4360 971 4418 dominum
1027 4377 1208 4434 repom
1264 4362 1331 4419 de
1390 4368 1567 4422 vestro
1586 4369 1830 4425 exercitu

1936 3210 2022 3264 tes
2047 3206 2353 3274 malitiam,
2412 3204 2759 3277 prudentius
2813 3203 3089 3261 incedant
3137 3209 3196 3262 et
3226 3205 3456 3263 cautius
3490 3207 3587 3263 di-

1937 3303 2105 3354 scant
2134 3296 2439 3370 negotiari.

2529 3402 2765 3460 CAPUT
2805 3402 3018 3460 xxix.

1936 3493 2217 3563 Quomodo
2269 3491 2637 3565 praeoedentes
2665 3495 2935 3549 exercitus
2962 3491 3250 3548 subsecuta
3277 3497 3359 3549 est
3386 3493 3589 3550 insen-

2005 3572 2252 3621 satorum
2293 3565 2575 3621 hominum
2627 3563 2923 3620 multitudo
2985 3562 3228 3634 infinita,
3268 3564 3590 3623 Iudaeorum

2007 3638 2326 3693 interimens
2348 3634 2705 3708 populum‚et
2727 3634 2929 3707 absque
2971 3634 3272 3708 disciplina
3303 3635 3585 3695 incedens.

2007 3743 2114 3800 Per
2142 3742 2293 3800 idem
2344 3746 2595 3814 tempus,
2628 3742 2853 3801 modico
2911 3742 3207 3813 interiecto
3251 3743 3584 3815 intervallo,

1936 3836 2325 3889 convenerant
2350 3832 2555 3889 eodem
2598 3831 2795 3889 studio
2849 3848 2920 3888 ex
2958 3831 3414 3889 occidentalibus
3443 3831 3587 3891 fini-

1937 3920 2049 3979 bus
2079 3921 2755 3988 turbaeinnumerabiles,
2768 3930 2824 3979 et
2836 3922 3100 3993 peditum
3121 3937 3329 3977 manus
3344 3922 3586 3980 infinita

1937 4010 2159 4084 absque
2178 4011 2324 4068 duce
2354 4014 2413 4068 et
2451 4017 2686 4078 rectore,
2720 4010 2941 4083 passim
2982 4021 3040 4067 et
3069 4010 3473 4082 imprudenter
3492 4011 3591 4067 in-

1938 4100 2229 4160 cedentes.
2262 4100 2440 4157 Erant
2470 4106 2666 4158 tamen
2695 4099 2848 4158 inter
2872 4116 2972 4157 eos
3004 4099 3109 4156 viri
3139 4098 3382 4172 quidam
3414 4099 3591 4156 nobi-

1935 4188 2041 4258 les,
2072 4189 2329 4248 Thomas
2359 4189 2431 4247 de
2462 4189 2645 4261 Feria,
2669 4187 3085 4246 clarenbaldus
3113 4189 3184 4247 de
3211 4186 3581 4252 vendoliolo,

1936 4278 2257 4337 Willelmus
2284 4280 2719 4353 Carpentarius,
2752 4294 2947 4336 comes
2977 4278 3365 4347 Hermannus,
3398 4281 3457 4334 et
3478 4277 3584 4334 alii

1938 4368 2522 4441 nonnulli,quibusin
2546 4368 2729 4437 nullo,
2752 4367 3417 4440 disciplinceimpatiene,
3440 4368 3590 4424 eub-

179 4448 367 4523 pravis
420 4450 787 4521 querimonia,
817 4450 962 4524 quod
991 4451 1200 4522 populo
1246 4453 1352 4508 sibi
1396 4453 1610 4511 subdito
1636 4472 1830 4525 proves
1858 4472 1908 4538 1)
1933 4457 2244 4529 jiciebatur
2271 4457 2551 4532 populus;
2582 4459 2683 4517 sed
2708 4456 2965 4531 neglecta
2980 4458 3358 4531 prudentium
3374 4460 3433 4513 et
3463 4472 3589 4514 me-

178 4538 350 4598 nimis
393 4544 447 4597 et
489 4553 738 4597 enormes
767 4540 1071 4597 intuleritis
1123 4540 1423 4610 molestias,
1461 4542 1654 4616 iniqua
1716 4546 1831 4617 leqe
1938 4545 2055 4605 lius
2111 4547 2450 4605 affectorum
2497 4546 2783 4615 doctrina,
2815 4547 3036 4618 passim
3092 4553 3148 4603 et
3194 4546 3321 4603 siue
3349 4545 3583 4603 delectu

178 4635 386 4689 vestros
413 4628 672 4702 hospites,
702 4631 802 4702 qui
826 4645 917 4687 vos
947 4629 1181 4700 benique
1221 4634 1617 4694 tractaverunt,
1652 4649 1828 4691 remu-

177 4724 459 4779 nerantes.
501 4720 698 4778 Tamen
727 4718 942 4777 domini
998 4721 1139 4790 nqis
1164 4720 1384 4793 plenius
1408 4722 1560 4778 novit
1582 4723 1829 4794 pruden-

179 4810 278 4878 tio,
309 4808 453 4883 quod
479 4824 593 4866 non
639 4812 767 4867 estis
810 4824 998 4867 omna
1027 4808 1228 4867 horum
1265 4810 1676 4868 commissorum
1704 4811 1790 4870 rei
1805 4829 1829 4878 ,-

179 4899 275 4954 sed
298 4903 508 4955 certum
526 4898 686 4956 habet
716 4900 864 4957 inter
884 4914 976 4957 vos
1017 4900 1165 4957 viros
1217 4898 1512 4971 prudentes
1540 4905 1594 4957 et
1625 4903 1829 4959 timen-

184 4991 263 5045 tes
301 4988 493 5056 Deum,
549 4987 747 5060 quibus
802 4989 1043 5047 oliorum
1103 4988 1357 5062 displicet
1406 4992 1728 5060 enormitas,
1775 5000 1829 5050 et

184 5075 380 5150 quibus
436 5074 631 5132 invitis
685 5085 739 5133 et
791 5078 1152 5136 renitentibus
1196 5080 1487 5137 commissa
1531 5088 1664 5138 sunt
1707 5097 1830 5154 quar

181 5164 468 5225 dominum
498 5179 678 5235 reyem
701 5166 904 5223 merito
948 5167 1020 5224 ad
1058 5168 1416 5226 iracundiam
1441 5178 1826 5243 provocarunt.

188 5255 336 5314 Unde
387 5253 699 5329 aliquorum
753 5257 962 5314 crimen
987 5258 1189 5315 timens
1208 5260 1270 5315 in
1298 5274 1487 5316 omnes
1516 5259 1826 5331 refundere,

184 5359 255 5401 ne
261 5344 471 5417 justum
499 5345 742 5404 involvat
788 5362 913 5404 cum
955 5347 1147 5421 impio,
1177 5346 1410 5406 decrevit
1437 5348 1538 5405 irae
1565 5364 1684 5408 suae
1713 5365 1827 5407 mo·

187 5432 319 5489 dum
360 5435 642 5503 imponere
687 5438 742 5494 et
769 5434 1102 5496 ommium
1149 5440 1493 5496 consortibus
1530 5439 1828 5512 professio-

189 5521 279 5578 nis
326 5536 554 5595 parcere
606 5527 667 5581 in
701 5530 984 5598 prasenti.
1019 5526 1168 5588 Unde
1221 5527 1556 5589 consulimus
1613 5536 1676 5588 ut
1709 5529 1829 5603 ejus

1934 4650 2041 4707 per
2066 4635 2457 4693 omnialihere
2485 4634 3134 4694 discurrebantillicita.
3168 4634 3331 4693 Unde
3362 4635 3583 4692 tactum

1937 4730 2046 4790 est,
2090 4729 2155 4783 ut
2184 4741 2317 4782 cum
2342 4726 2403 4781 in
2424 4726 2630 4783 timore
2662 4725 2891 4783 Domini
2921 4724 3389 4783 iterdebuissent
3414 4723 3585 4782 ince-

1934 4819 2098 4889 ptum
2112 4830 2403 4888 peragere,
2420 4819 2478 4873 et
2488 4814 2818 4873 divinorum
2831 4829 3117 4872 memores
3150 4814 3557 4871 mandatorum
3567 4856 3583 4883 ,

1934 4903 2233 4961 observata
2261 4904 2595 4978 evangelica
2652 4904 2981 4976 disciplina,
3006 4919 3109 4975 pro
3152 4902 3383 4961 Christo
3416 4918 3583 4975 pere·

1934 4991 2175 5065 grinari,
2205 4997 2619 5051 converterunt
2646 5009 2709 5051 se
2733 4993 2806 5050 ad
2837 4992 3118 5060 insanias,
3152 4996 3213 5049 et
3238 4992 3581 5050 Judieorum

1935 5082 2212 5155 populum
2244 5083 2303 5141 in
2339 5084 2668 5141 civitatibus
2701 5087 2759 5140 et
2789 5082 3022 5155 oppidis
3054 5097 3154 5155 per
3177 5097 3309 5154 quae
3342 5087 3467 5139 erat
3498 5082 3585 5138 eis

1931 5174 2232 5245 transitus,
2256 5174 2339 5231 nil
2367 5171 2480 5230 tale
2518 5171 2630 5230 sibi
2651 5175 3032 5241 verentem,et
3061 5187 3122 5227 se
3150 5169 3463 5227 habentem
3487 5170 3583 5227 in-

1933 5259 3101 5329 cautius,crudeliterobtruncabant.iloc
3112 5262 3311 5317 autem
3332 5258 3586 5318 maxime

1934 5351 2157 5408 factum
2178 5351 2335 5410 estin
2364 5351 2606 5409 urbibus
2619 5349 2859 5407 Colonia
2877 5349 3269 5423 etMagontia,
3284 5348 3385 5406 uhi
3410 5349 3587 5407 etiam

1934 5440 2018 5497 vir
2043 5450 2248 5514 potens
2263 5445 2321 5498 et
2351 5441 2561 5500 nobilis
2579 5438 3002 5507 comesEmico,
3030 5439 3090 5495 in
3104 5438 3309 5497 eadem
3339 5437 3585 5512 regione

1932 5528 2268 5602 preclarus,
2306 5544 2510 5590 eorum
2553 5528 2797 5589 cotibus
2827 5544 2963 5588 oum
2995 5526 3181 5589 multo
3219 5543 3284 5586 se
3314 5527 3592 5601 adjunxit
