3784 6000
304 212 426 278 ⁴03

314 444 728 517 Hierosolymis
759 444 973 498 distare
1004 442 1209 498 stadiis
1241 442 1555 503 sexaginta.
1596 448 1668 497 De
1700 442 1810 498 hac
1849 442 1953 498 So-

310 550 581 590 zemenus
611 535 667 588 in
702 543 855 588 sexto
888 534 1200 595 Triparlitae
1244 534 1506 588 Historiae
1537 532 1685 587 libro
1725 533 1807 586 ita
1836 532 1951 585 ait:

313 622 460 676 Hauc
493 622 723 677 Romani
755 628 875 691 post
903 619 1273 676 vastationem
1303 621 1819 693 Hierosolymorum,
1851 620 1953 673 Ju-

310 710 588 781 daeamque
646 713 952 774 victoriam,
1006 709 1309 778 Nicopolim
1354 725 1424 765 ex
1469 716 1664 764 eventu
1712 711 1953 763 victorias

310 805 658 855 uocauerunt.
694 801 828 854 Ante
847 799 990 855 hauc
1018 799 1207 853 urbem
1238 801 1294 854 in
1343 801 1525 864 trivio,
1579 799 1675 852 ubi
1705 799 1955 853 Christus

307 905 431 944 cum
463 888 696 959 cleopha
725 895 841 957 post
872 890 1325 944 resurrectionem
1355 891 1602 943 noscitur
1623 888 1948 952 ambulasse,

310 986 578 1049 tanquam
623 979 693 1034 ad
741 978 917 1034 alium
962 980 1143 1033 vicum
1180 980 1384 1046 iturus,
1424 980 1549 1044 sons
1603 979 1823 1048 quidam
1875 983 1956 1033 est

308 1069 590 1134 salutaris,
642 1069 703 1122 in
741 1083 846 1138 quo
893 1070 1167 1139 passiones
1214 1067 1494 1122 hominum
1542 1066 1854 1133 diluuntur,
1899 1073 1954 1121 et

308 1164 426 1217 alia
470 1161 687 1232 pariter
730 1160 999 1216 animalia
1051 1159 1278 1216 diversis
1321 1160 1542 1215 detenta
1587 1159 1953 1231 lanquoribus

308 1250 680 1307 emundantur
699 1267 719 1305 .·
746 1249 887 1321 quod
909 1254 970 1305 ut
990 1250 1069 1304 ila
1116 1251 1415 1317 continuat.
1451 1248 1705 1304 traditur
1721 1265 1792 1304 ex
1811 1265 1951 1321 quo-

309 1339 439 1396 dam
464 1340 666 1395 itinere
693 1337 1014 1410 apparuisse
1044 1337 1327 1394 Christum
1354 1337 1425 1392 ad
1452 1340 1661 1409 sontem
1688 1353 1813 1393 cum
1836 1337 1951 1394 dis-

310 1429 513 1499 cipulis
556 1430 690 1497 suis,
720 1434 775 1483 et
804 1429 1010 1484 lavasse
1036 1426 1228 1498 pedes:
1258 1442 1328 1482 ex
1370 1442 1474 1499 quo
1523 1442 1667 1499 aqua
1695 1428 1846 1497 lacta
1875 1428 1955 1481 est

310 1519 654 1575 diversarum
694 1516 1034 1573 medicamen
1074 1518 1411 1589 passionum.
1461 1520 1594 1573 Haec
1643 1517 1952 1589 proedictue

311 1605 817 1679 historiographus
847 1606 916 1662 de
945 1604 1181 1662 castello
1228 1606 1506 1662 Emmaus
1568 1605 1647 1662 ita
1674 1605 1948 1663 disserit:

1371 215 1798 281 GUILLELMI
1838 210 2236 280 TYRENSIS
2276 210 2640 275 Ancillae.

312 370 502 423 mans,
534 354 850 426 beatusque
900 354 1076 410 Lucas
1123 352 1474 426 evangelista
1524 354 1676 410 hanc
1705 352 1848 410 dicit
1875 352 1950 407 ab
1978 352 2033 420 Α

3591 210 3718 276 404

2655 344 2887 402 CAPUT
2937 343 3113 402 XXV.

2063 458 2417 527 Proficiscens
2435 458 2705 512 exercitus
2725 455 3160 525 Hierosolymam
3179 456 3424 524 peruenit
3451 474 3477 522 ,·
3499 455 3594 512 sect
3622 458 3709 511 in·

2134 533 2297 586 terim
2331 531 2602 584 excitatur
2644 528 2939 591 tumultus,
2967 530 3028 582 iu
3058 542 3163 598 quo
3190 525 3404 582 cadunt
3451 529 3714 584 nonnulli

2134 603 2199 657 de
2225 601 2486 657 hostibus.

2137 708 2447 778 Postquam
2496 714 2688 760 autem
2722 704 2781 759 in
2815 703 3020 760 castris
3049 703 3349 775 cognitum
3401 705 3510 760 l'uit
3554 707 3707 776 qnod

2063 795 2613 851 Bethlehemitarum
2665 795 2904 849 nuntios
2947 795 3061 849 dux
3105 799 3269 848 nocte
3299 793 3400 849 illa
3438 810 3711 864 suscepe-

2063 890 2170 948 rat,
2222 889 2278 939 et
2330 884 2401 938 de
2433 883 2551 938 suis
2601 884 2659 937 in
2711 897 2912 937 eorum
2964 881 3292 936 subsidium
3345 883 3707 954 praemiserat

2062 973 2366 1044 quosdam,
2414 988 2530 1028 non
2562 975 2892 1042 exspectata
2942 970 3291 1042 procedendi
3342 971 3577 1027 licentia
3622 969 3706 1027 vel

2060 1061 2512 1135 opportunitate,
2555 1060 2784 1130 qualem
2832 1059 2927 1114 lux
2961 1059 3227 1116 exoriens
3257 1059 3367 1116 iter
3396 1059 3707 1133 agentibus

2062 1152 2211 1208 solet
2243 1150 2599 1215 ministrare,
2637 1149 3002 1220 intempestoe
3045 1148 3229 1205 noctis
3259 1148 3514 1215 silentio,
3557 1148 3705 1205 exci-

2060 1238 2325 1296 tantibus
2364 1253 2426 1294 ee
2466 1243 2669 1294 mutuo
2699 1236 2918 1310 plebeis
2948 1241 3006 1293 et
3032 1251 3256 1292 moram
3306 1237 3704 1307 arguentibus,

2060 1328 2259 1385 invitis
2320 1327 2706 1400 principibus,
2763 1328 3142 1383 surrexerunt
3188 1326 3299 1382 iter
3336 1326 3704 1398 arripientes.

2061 1419 2318 1490 Cumque
2371 1416 2792 1488 processissent
2836 1415 3290 1487 aliquantulum,
3337 1415 3427 1471 vir
3466 1413 3704 1488 quidam

2061 1505 2278 1564 nobilis
2309 1509 2365 1562 et
2392 1513 2688 1572 strenuus,
2740 1502 2955 1561 Gustus
3007 1504 3374 1571 biterrensis,
3404 1508 3705 1576 assumpto

2062 1594 2175 1651 sibi
2222 1594 2458 1668 triginta
2504 1592 2899 1666 expeditorum
2952 1591 3220 1664 equitum
3263 1592 3571 1661 comitatu,
3633 1595 3705 1649 ab

311 1696 421 1753 Ubi
454 1698 678 1752 noctem
706 1693 947 1750 ittamin
972 1709 1251 1766 aquarum
1275 1693 1653 1765 abundantia,
1677 1701 1729 1750 et
1753 1710 1950 1751 rernm
1983 1722 2033 1789 B
2062 1686 2313 1744 exercitu
2364 1688 2666 1756 separatus
2714 1700 2914 1741 versus
2961 1682 3445 1758 Hierosolymam.
3500 1699 3706 1741 aurora

313 1784 482 1855 copia
542 1783 719 1840 victui
761 1783 1221 1840 necessariarum
1259 1791 1497 1855 egerunt
1535 1782 1950 1856 tranquillam;

314 1872 409 1928 ubi
443 1870 595 1927 circa
640 1872 826 1928 noctis
875 1872 1157 1940 medium,
1209 1872 1470 1927 fidelium
1502 1872 1596 1942 qui
1630 1873 1690 1928 in
1721 1872 1955 1930 civitate

311 1961 648 2019 Bethlehem
682 1961 1048 2026 habitabant,
1081 1961 1289 2034 legatio
1320 1961 1508 2018 adfuit
1523 1961 1591 2017 ad
1617 1961 1823 2019 ducem
1853 1966 1960 2019 Go-

312 2049 628 2117 det'ridum,
661 2066 835 2107 orans
863 2053 921 2106 et
952 2054 1156 2122 petens
1183 2067 1316 2107 cum
1345 2051 1530 2107 multa
1562 2051 1858 2119 instantia,
1890 2055 1958 2108 ut

313 2138 457 2195 illuc
485 2138 742 2209 aliquam
777 2137 1001 2194 militias
1020 2143 1245 2210 partem
1277 2137 1571 2211 dirigeret.
1602 2140 1963 2197 Convenien-

313 2228 471 2284 tibus
514 2228 671 2283 enim
711 2244 782 2284 ex
814 2228 1096 2283 universis
1142 2227 1408 2283 finitimis
1452 2229 1683 2301 oppidis
1713 2237 1765 2285 et
1810 2229 1957 2286 locis

315 2314 672 2373 suburbanis
704 2316 982 2379 hostibus,
1032 2316 1491 2386 Hierosolymam
1546 2318 1955 2388 properabant,

314 2408 434 2458 tam
467 2405 533 2458 nt
561 2403 760 2458 urbem
795 2407 1093 2458 tuerentur
1110 2418 1285 2473 quam
1310 2410 1366 2458 ut
1391 2404 1503 2473 ipsi
1527 2403 1701 2460 etiam
1732 2406 1788 2461 in
1810 2406 1955 2463 urbe

313 2488 524 2546 salutis
552 2489 664 2545 sibi
694 2490 1021 2547 invenirent
1057 2490 1392 2547 consilium.
1419 2492 1729 2550 Timebant
1755 2498 1951 2552 autem

317 2576 574 2649 praedicti
606 2576 822 2645 fideles,
855 2592 929 2635 ne
979 2580 1047 2635 ad
1100 2583 1293 2652 partes
1336 2597 1539 2637 eorum
1589 2583 1956 2641 accedentes,

316 2663 620 2722 ecclesiam
655 2666 991 2736 dejicerent,
1023 2683 1196 2738 quam
1232 2668 1413 2725 multo
1434 2671 1620 2742 pretio
1649 2672 1862 2744 saepius
1885 2673 1958 2730 ab

313 2756 533 2813 eisdem
567 2756 856 2825 hostibus,
890 2773 962 2814 ue
991 2758 1349 2830 dejiceretur,
1384 2762 1960 2820 redemerant.Audi·

314 2848 377 2899 ta
404 2845 587 2915 igitur
614 2849 830 2901 etcum
864 2847 1100 2919 pietatis
1145 2849 1355 2906 affectu
1394 2859 1661 2921 suscepta
1712 2851 1956 2909 fratrum

316 2931 574 2988 fidelium
627 2933 1038 3005 postulatione,
1090 2935 1289 2993 electis
1328 2951 1399 2993 ex
1427 2954 1663 2995 suorum
1713 2956 1957 2997 numero

316 3025 552 3079 centum
590 3024 874 3096 expeditis
895 3025 1215 3097 equitibus,
1248 3028 1314 3082 ad
1347 3027 1539 3086 locum
1593 3030 1958 3102 praedictum,

274 3155 283 3164 .
317 3116 381 3168 ut
398 3112 671 3170 fidelibus
688 3128 856 3185 opem
883 3114 1120 3183 ferrent,
1144 3116 1263 3173 dux
1284 3118 1542 3189 praecipit
1564 3120 1951 3175 contendere:

280 3245 289 3254 .
317 3200 533 3272 quibus
561 3201 839 3258 dominus
879 3201 1213 3260 Tancredus
1253 3204 1421 3261 datus
1449 3211 1537 3263 est
1569 3206 1959 3276 primicerius.

316 3292 376 3345 et
403 3304 644 3345 consors
674 3288 903 3347 itineris
935 3308 949 3347 ε
994 3292 1096 3365 qui
1126 3293 1373 3349 ducibus
1400 3295 1661 3365 ejusdem
1692 3294 1804 3353 loci
1855 3296 1959 3351 ha-

315 3375 692 3445 bitatoribus,
728 3378 800 3433 ad
830 3377 1019 3436 locum
1057 3396 1287 3437 summo
1326 3381 1582 3439 diluculo
1616 3385 1962 3456 perveniunt

316 3465 673 3522 destinatum
709 3483 724 3534 ;
759 3465 860 3521 ubi
888 3484 921 3523 a
950 3467 1176 3524 civibus
1204 3485 1339 3526 cum
1364 3469 1599 3540 hymnis
1628 3476 1684 3529 et
1713 3474 1961 3530 canticis

316 3552 724 3626 spiritualibus
747 3553 1075 3613 honorifice
1103 3557 1379 3628 suscepti.
1411 3557 1816 3617 introducente
1861 3577 1960 3618 eos

316 3641 532 3713 populo
570 3648 626 3698 et
653 3643 829 3712 clero,
860 3643 1113 3716 ingressi
1143 3645 1473 3714 ecclesiam,
1500 3646 1683 3704 l'elicis
1714 3663 1962 3721 puerpe-

313 3743 391 3784 τω
411 3729 819 3800 diversorium,
849 3739 903 3788 et
931 3732 1247 3790 salvatoris
1283 3750 1560 3808 princepe,
1591 3735 1648 3791 in
1680 3753 1797 3809 quo
1828 3736 1963 3793 teti-

314 3816 467 3873 cium
495 3817 660 3875 cibus
692 3820 1038 3877 animalium
1061 3824 1367 3895 requievit,
1401 3826 1583 3882 beatis
1613 3825 1799 3883 oculis
1829 3843 1963 3884 con-

313 3911 649 3978 spexerunt.
700 3907 806 3966 Ubi
853 3911 1030 3966 etiam
1075 3915 1133 3969 et
1175 3912 1332 3970 cives
1379 3914 1636 3985 ejusdem
1679 3914 1812 3984 loci,
1841 3932 1960 3988 pree

313 3996 513 4064 gaudii
547 4000 603 4051 et
618 3998 1024 4057 exsultationis
1044 4000 1459 4071 immensitate,
1484 4004 1680 4061 votiva
1711 4005 1961 4063 Domino

316 4084 539 4140 centies
574 4083 908 4156 psallentes,
931 4087 990 4143 in
1012 4090 1244 4161 signum
1264 4093 1538 4162 victorias,
1572 4095 1793 4151 domini
1813 4095 1964 4152 Tan·

313 4172 467 4227 credi
499 4172 771 4229 vexillum
803 4191 982 4246 super
1010 4178 1314 4235 ecclesiam
1340 4186 1681 4238 statuerunt.
1710 4185 1779 4239 At
1800 4199 1959 4252 vero,

315 4259 418 4329 qui
444 4261 503 4316 in
535 4261 790 4316 exercitu
813 4273 1230 4333 remanserant,
1257 4284 1371 4339 prae
1394 4268 1620 4328 itineris
1647 4272 1959 4342 desiderio,

314 4345 441 4402 loca
492 4348 846 4405 venerabilia
907 4352 1155 4410 scientes
1200 4356 1257 4410 in
1309 4360 1568 4429 proximo
1618 4362 1959 4431 constituta,

2054 1776 2183 1849 jam
2214 1775 2603 1843 illucescente,
2632 1773 2805 1846 coepit
2835 1775 3202 1844 contendere,
3225 1779 3288 1830 ut
3308 1774 3358 1830 si
3380 1788 3530 1846 quas
3547 1778 3707 1831 extra

2064 1865 2265 1921 urbem
2297 1880 2539 1937 gregum
2574 1868 2673 1920 aut
2703 1865 3103 1919 armentorum
3158 1862 3436 1934 reperiret
3483 1863 3704 1935 copias,

2061 1970 2161 2011 eas
2190 1970 2389 2010 secum
2414 1955 2473 2009 in
2505 1952 2928 2024 expeditionem
2956 1952 3286 2008 deduceret.
3310 1954 3705 2024 Cumquejam

2062 2042 2192 2099 urbi
2235 2046 2394 2099 esset
2441 2042 2762 2113 proximus,
2790 2041 2961 2112 Juxta
3009 2039 3199 2096 volum
3241 2045 3629 2098 occurrerunt
3656 2041 3707 2098 ai

2062 2131 2362 2199 animalia,
2386 2131 2602 2203 quibus
2629 2129 2796 2203 pauci
2818 2133 3107 2203 praeerant
3128 2134 3417 2201 pastores,
3444 2129 3568 2203 qui,
3585 2129 3709 2187 visa

2062 2227 2400 2279 nostrorum
2434 2220 2666 2288 militia,
2696 2221 2754 2277 in
2788 2221 2988 2276 urbem
3021 2220 3313 2291 perterriti
3335 2221 3703 2294 aufugerunt.

2061 2312 2273 2368 Gastus
2301 2327 2434 2367 vero
2476 2309 2734 2378 interim,
2766 2308 2969 2365 relicta
2996 2309 3220 2381 absque
3247 2310 3590 2367 custodibus
3617 2326 3705 2367 se-

2063 2417 2198 2457 cum
2230 2400 2467 2457 trahens
2496 2399 2797 2468 animalia,
2824 2400 2896 2456 ad
2928 2400 3243 2457 exercitum
3279 2400 3704 2457 revertebatur:

2065 2507 2199 2547 cum
2227 2506 2358 2548 ecce
2379 2491 2451 2547 ad
2483 2495 2784 2562 pastorum
2805 2506 3004 2548 vocem
3027 2489 3197 2547 exciti
3222 2488 3704 2563 Hierosolymito,

2063 2580 2343 2650 correptis
2391 2579 2595 2648 armis,
2641 2580 2892 2651 praedam
2923 2579 3183 2635 abactam
3234 2576 3517 2634 violenter
3547 2593 3704 2636 revo-

2063 2683 2194 2725 care
2240 2669 2564 2740 cupientes,
2603 2668 2866 2727 certatim
2899 2667 3145 2725 insecuti
3178 2672 3318 2725 sunt
3365 2667 3702 2725 abeuntem.

2063 2757 2168 2814 Vir
2196 2775 2327 2815 vero
2373 2759 2644 2831 insignis,
2685 2757 3096 2814 insectantium
3133 2757 3351 2814 veritus
3385 2757 3707 2815 multitudi-

2065 2864 2223 2918 nem,
2255 2846 2456 2904 relicta
2486 2848 2700 2920 proeda,
2750 2846 2928 2903 saluti
2960 2845 3235 2919 fugiendo
3282 2847 3618 2915 consulens,
3650 2848 3706 2904 in

2065 2937 2229 2994 collis
2261 2938 2566 3011 cujusdam
2599 2936 2854 2994 culmine
2876 2953 3008 2993 cum
3042 2953 3145 2993 suo
3171 2935 3434 2994 substitit
3464 2935 3705 2994 comita·

2066 3032 2128 3084 tu
2155 3044 2171 3097 ς
2196 3028 2451 3099 dumque
2470 3026 2551 3082 ibi
2571 3025 2652 3083 rei
2677 3027 3105 3100 praestolaretur
3123 3031 3419 3095 eventum,
3454 3042 3590 3084 ecce
3610 3043 3706 3100 per

2068 3117 2274 3173 vallem
2305 3117 2491 3173 eidem
2523 3117 2647 3173 loco
2677 3117 3025 3187 subjectam,
3052 3116 3327 3172 dominns
3346 3114 3703 3186 Tancredus,

2065 3222 2198 3262 cum
2234 3205 2521 3277 praedictis
2560 3213 2793 3262 centum
2826 3204 3144 3276 equitibus,
3177 3220 3210 3261 a
3239 3203 3585 3261 Bethlehem
3618 3221 3707 3261 re-

2064 3295 2231 3351 diens
2262 3296 2331 3351 ad
2364 3294 2681 3351 exercitum
2732 3294 3082 3362 maturabat,
3133 3294 3345 3366 quibus
3396 3295 3707 3366 pradictus

2065 3384 2149 3440 vir
2195 3383 2410 3440 nobilis
2464 3399 2794 3453 occurrens,
2826 3398 3027 3439 casum
3061 3382 3164 3455 qui
3193 3382 3245 3438 ei
3275 3381 3590 3452 acciderat,
3639 3399 3702 3440 ex

2063 3473 2267 3530 ordine
2314 3473 2539 3545 pandit.
2586 3471 2924 3544 conjunctis
2974 3472 3168 3543 itaque
3215 3471 3574 3544 agminibus,
3615 3488 3710 3529 eos

2063 3562 2161 3635 qui
2193 3562 2445 3634 predam
2492 3561 2844 3618 reducebant
2882 3575 3048 3616 verso
3079 3559 3262 3617 secuti
3296 3567 3435 3617 sunt
3463 3560 3706 3630 itinere;

2062 3658 2120 3710 et
2150 3656 2464 3724 antequam
2496 3652 2556 3708 in
2596 3652 2800 3708 urbem
2828 3667 2891 3708 se
2923 3650 3261 3721 reciperent.
3295 3648 3494 3707 subito
3521 3650 3585 3707 in
3613 3667 3709 3708 eos

2063 3740 2371 3808 irruentes,
2396 3739 2721 3796 interiectis
2735 3738 3022 3812 pluribus,
3040 3738 3404 3811 reliquisque
3423 3738 3486 3794 in
3507 3738 3706 3811 fugam

2063 3828 2264 3897 versia,
2296 3828 2549 3901 praedam
2580 3829 2790 3884 iterum
2815 3832 3101 3899 receptam
3123 3827 3404 3884 violenter
3418 3826 3710 3883 abducen-

2062 3921 2173 3988 tes,
2206 3918 2277 3974 ad
2309 3917 2623 3975 exercitum
2667 3932 2801 3973 cum
2840 3916 3024 3972 multa
3055 3916 3255 3972 laetitia
3283 3919 3426 3972 sunt
3452 3916 3707 3972 reversi:

2063 4024 2098 4064 a
2127 4006 2341 4080 quibus
2373 4021 2504 4062 cum
2532 4010 2885 4078 quareretur
2908 4004 3064 4061 unde
3093 4005 3347 4077 praedam
3376 4003 3540 4062 illam
3571 4021 3710 4063 con·

2062 4102 2375 4166 traxerant,
2408 4096 2822 4166 respondentes
2839 4096 2992 4167 quod
3025 4095 3096 4151 de
3128 4110 3266 4167 agro
3295 4093 3708 4168 Hierosolymi-

2062 4190 2199 4243 tano
2229 4200 2355 4243 eam
2389 4184 2788 4251 abduxissent,
2820 4183 3019 4241 audito
3048 4182 3285 4240 nomine
3310 4182 3586 4251 civitatis,
3609 4201 3708 4256 pro

2063 4291 2179 4346 qua
2219 4279 2305 4331 tot
2332 4279 2392 4332 at
2421 4277 2609 4331 tantos
2657 4272 2885 4331 labores
2928 4271 3311 4345 pertulerant,
3342 4287 3458 4344 pras
3491 4274 3710 4330 fervore

2065 4363 2387 4421 devotionis
2417 4363 2702 4436 lacrymas
2722 4367 2778 4420 et
2799 4361 3051 4434 suspiria
3081 4360 3350 4418 cohibere
3373 4376 3490 4419 non
3509 4360 3709 4419 valen·

318 4451 421 4508 pro
473 4453 723 4510 quorum
774 4456 968 4499 amore
1000 4448 1056 4500 et
1096 4447 1411 4504 reverentia
1461 4453 1547 4505 tot
1591 4450 1841 4519 labores,
1874 4456 1961 4510 tot
1988 4457 2035 4522 D
2067 4455 2179 4521 tes,
2200 4468 2410 4524 pronos
2433 4454 2490 4509 in
2513 4457 2725 4510 terram
2749 4468 2812 4509 se
2833 4452 3138 4520 dederunt,
3165 4451 3474 4509 adorantes
3495 4458 3557 4508 et
3585 4451 3708 4524 glo·

315 4527 573 4599 pericula
603 4530 771 4586 tertio
793 4530 917 4602 jam
945 4550 1097 4592 anno
1128 4535 1555 4606 sustinuerant,
1589 4544 1814 4597 noctem
1846 4543 1954 4598 du·

313 4617 523 4672 cebant
551 4617 902 4692 insomnem,
935 4624 1084 4680 votis
1113 4625 1453 4685 ardentibus
1483 4646 1753 4687 auroram
1780 4632 1955 4704 depo-

311 4711 558 4777 scentes,
594 4709 957 4769 utitinerarii
988 4714 1080 4769 sui
1114 4713 1336 4772 felicem
1370 4720 1770 4790 conspicerent
1798 4720 1957 4778 clau·

311 4796 526 4863 sulam,
552 4801 610 4853 et
639 4803 756 4855 tam
790 4799 973 4874 longae
1024 4803 1505 4876 peregrinationis
1544 4808 1775 4865 beatam
1816 4824 1954 4866 con·

312 4886 762 4945 summationem
804 4897 1046 4962 possent
1092 4892 1327 4952 intueri.
1392 4896 1702 4954 Videbatur
1728 4898 1813 4956 eis
1842 4914 1957 4957 nox

313 4969 466 5026 ultra
490 4974 728 5032 solitum
760 4979 914 5035 vices
943 4995 1084 5039 suas
1113 4984 1450 5057 producere,
1496 4990 1839 5060 partemque
1866 4988 1956 5045 lu-

312 5057 396 5114 cis
425 5059 632 5119 suturas
675 5066 788 5122 sibi
821 5085 1098 5142 usurpare
1139 5071 1416 5143 indebite,
1456 5075 1767 5149 omnisque
1796 5094 1956 5135 mora

310 5148 526 5205 animis
573 5151 918 5212 ardentibus
975 5159 1297 5230 periculosa
1338 5162 1662 5233 videbatur,
1720 5171 1955 5239 eratque

311 5236 742 5308 abominabilis,
764 5243 937 5314 juxta
965 5246 1023 5302 id
1054 5250 1207 5320 quod
1242 5253 1681 5322 proverbialiter
1709 5254 1824 5311 dici
1867 5272 1954 5312 so·

308 5323 429 5381 let:
460 5328 657 5384 Animo
693 5335 940 5403 cupienti
965 5336 1110 5393 nihil
1136 5342 1268 5396 satis
1306 5342 1609 5412 festinatur
1645 5359 1666 5407 ,⁰
1712 5349 1769 5400 et
1813 5344 1950 5400 item

307 5411 455 5471 illud
482 5432 495 5471 ε
528 5418 799 5478 Dilalione
826 5429 1011 5482 votum
1037 5436 1300 5486 creverat.

2067 4541 2358 4599 ritlcantes
2405 4542 2608 4608 Deum,
2658 4541 2727 4597 de
2758 4542 2926 4613 cujus
2950 4555 3188 4597 munere
3215 4540 3394 4609 venit,
3426 4543 3492 4597 ut
3531 4540 3648 4598 sibi
3677 4557 3712 4596 a

2067 4630 2338 4688 fidelibus
2370 4631 2492 4688 suis
2537 4630 2711 4702 digne
2734 4634 2793 4686 et
2823 4629 3194 4687 laudabiliter
3223 4629 3539 4699 serviatur;
3572 4630 3710 4703 qui-

2066 4734 2180 4790 que
2204 4716 2404 4791 populi
2431 4718 2526 4775 sui
2555 4725 2684 4775 vota
2713 4718 2965 4790 benigne
2993 4716 3265 4775 exaudire
3292 4716 3571 4789 dignatus
3599 4721 3708 4786 eat,

2067 4811 2131 4863 ut
2151 4808 2325 4879 juxta
2356 4823 2555 4864 eorum
2583 4806 2897 4874 desideria,
2927 4808 2999 4864 ad
3031 4806 3159 4864 loca
3186 4810 3386 4878 optata
3416 4821 3710 4864 mereren-

2064 4902 2158 4952 tur
2207 4897 2524 4969 pervenire.
2575 4895 2741 4954 Unde
2786 4896 3080 4970 progressi
3128 4893 3427 4967 pusillum,
3458 4910 3491 4951 e
3521 4895 3710 4953 vicino

2065 4986 2266 5044 urbem
2299 4996 2558 5044 sanctam
2600 4987 3075 5060 contemplantes,
3108 5001 3243 5043 cum
3274 4983 3494 5057 gemitu
3527 4990 3590 5042 et
3616 5001 3714 5044 eu·

2063 5077 2260 5150 spiriis
2292 5094 2404 5149 prae
2435 5077 2649 5149 gaudio
2671 5077 2819 5134 fusis
2839 5076 3154 5150 spirituali,
3178 5074 3429 5147 pedites,
3451 5079 3511 5132 et
3530 5075 3712 5133 nudis

2063 5183 2131 5224 ex
2162 5167 2416 5240 plurima
2459 5172 2620 5239 parte
2648 5167 2942 5239 2vestigiis,
2983 5170 3170 5237 coepto
3211 5164 3532 5224 terrentius
3562 5165 3708 5224 insi·

2061 5262 2278 5315 stantes
2308 5258 2521 5327 itineri,
2552 5256 2749 5315 subito
2779 5262 2914 5314 ante
2943 5255 3145 5313 urbem
3175 5255 3596 5326 constiterunt,
3619 5272 3717 5314 ca·

2061 5350 2182 5403 stra
2210 5347 2715 5417 circumponentes
2762 5361 2831 5401 eo
2880 5344 3107 5414 ordine,
3136 5359 3258 5416 quo
3308 5358 3344 5399 a
3389 5343 3714 5416 majoribus

2035 5436 2427 5508 ‚principibus
2473 5434 2721 5508 singulis
2769 5434 3206 5508 designabatur.
3238 5432 3563 5491 Videbatur
3599 5435 3714 5491 lm·

2061 5522 2281 5595 pletum
2311 5540 2463 5594 esse,
2494 5523 2651 5596 quod
2681 5538 2783 5596 per
2810 5522 3154 5597 prophetam
3182 5521 3552 5595 premissum
3578 5523 3715 5582 t'us-
