3784 6000
259 270 373 334 ⁴71

1318 248 1745 317 GUILLELMI
1788 243 2178 307 TYRENSIS
2225 242 2594 307 AacntEP.

3550 244 3674 308 ⁴72

265 411 479 465 nostrae
509 405 664 464 acies
686 401 955 460 hostibus
976 395 1307 454 resistentes
1343 395 1402 446 et
1429 389 1715 445 instantes
1754 388 1907 439 atro·
1938 380 1994 447 Α
2025 379 2195 436 traxit
2218 395 2554 437 numerum.
2579 378 2683 445 Qui
2706 394 2913 437 emnes
2938 377 3299 437 unanimiter
3320 392 3424 450 pro
3446 376 3674 435 anima·

267 498 393 557 cius
421 501 674 570 stragem
729 490 1051 550 mirabilem
1108 493 1165 545 et
1193 482 1511 542 inauditam
1541 474 1910 541 exercebant,

265 587 504 646 domino
561 601 714 658 rege,
765 585 938 655 prout
985 578 1223 635 decebat
1278 578 1502 629 tantum
1561 566 1906 641 principem,

263 692 420 734 nunc
448 676 574 742 hos,
607 689 762 729 nunc
791 669 925 727 illos
960 669 1132 726 verbo
1161 670 1219 722 et
1257 661 1520 733 exemplo
1569 658 1903 724 animante3

260 771 317 825 et
343 781 476 823 cum
512 763 657 828 acie,
689 762 784 818 cui
819 764 1084 833 praeerat,
1107 754 1399 828 oppressis
1419 756 1476 808 et
1502 746 1906 806 deficientibus

261 854 631 910 ministrante
652 852 797 907 vires
825 854 882 905 et
911 845 1343 904 animositatem
1392 839 1760 910 suggerente.
1791 835 1904 889 Ac-

261 943 398 1000 cidit
429 944 618 998 autem
654 948 738 1009 ut,
772 943 903 1009 post
961 937 1060 992 diu
1092 932 1407 1003 ancipitem
1444 927 1577 984 belli
1607 932 1901 991 eventum,

263 1031 481 1089 nostris
509 1030 792 1085 divinitus
823 1041 1100 1083 concessa
1146 1020 1405 1085 victoria,
1459 1018 1653 1071 hostes
1710 1013 1769 1068 in
1813 1012 1904 1065 iu·

259 1136 393 1193 gam
425 1119 575 1176 versi
620 1123 781 1186 sunt,
814 1130 1015 1173 eorum
1071 1111 1336 1183 principe
1383 1103 1668 1172 destituti,
1710 1100 1903 1174 quiin

260 1223 445 1281 agone
471 1205 776 1263 decertans
806 1202 1068 1268 viriliter,
1119 1197 1329 1271 gladiis
1387 1193 1695 1250 confossus
1726 1189 1906 1243 inter-

262 1298 427 1355 ierat.
461 1295 679 1352 videns
708 1310 841 1367 ergo
873 1290 1147 1349 dominus
1204 1303 1304 1342 rex
1360 1281 1613 1341 hostium
1675 1277 1905 1349 agmina

264 1384 572 1452 dissoluta,
605 1383 869 1440 cohortes
908 1378 1121 1452 partim
1152 1374 1342 1449 gladio
1372 1370 1668 1436 cecidisse,
1694 1365 1904 1439 partim

262 1473 718 1532 irrevocabiliter
759 1471 939 1527 inisse
988 1468 1208 1539 fugam,
1256 1460 1510 1537 praecipit
1548 1457 1659 1514 sub
1700 1453 1905 1512 mortis

265 1563 543 1638 periculo,
566 1558 1001 1634 utoccupandis
1020 1554 1226 1629 spoliis
1246 1566 1417 1609 nemo
1440 1564 1679 1623 prorsus
1696 1545 1907 1602 audeat

261 1654 529 1722 inhiare;
561 1651 661 1709 sed
687 1650 887 1707 hostes
905 1644 1241 1704 insectando
1259 1658 1374 1698 non
1408 1640 1649 1712 parcant
1669 1632 1904 1706 gladiis,

261 1744 361 1802 sed
392 1758 598 1800 omnes
631 1739 991 1803 interimant,
1034 1746 1341 1806 quousque
1390 1728 1481 1785 vel
1522 1742 1675 1782 unus
1723 1723 1908 1794 possit
1941 1757 1986 1823 B

272 1830 687 1901 inveniri.1pse
708 1841 936 1900 quoque
959 1824 1185 1896 primus
1215 1820 1413 1876 hostes
1436 1817 1753 1880 insecutus,
1785 1815 1908 1866 tam

261 1920 529 1992 equitum
561 1932 737 1986 quam
760 1913 1001 1986 agilium
1032 1911 1291 1985 peditum
1312 1911 1537 1963 turmas
1556 1900 1793 1959 trahens
1814 1915 1909 1955 se-

266 2024 422 2076 cum,
456 2023 639 2080 usque
688 2004 1049 2074 Ascalonem,
1103 1999 1263 2072 quasi
1311 2014 1416 2071 per
1454 1993 1725 2053 milliaria
1754 1995 1905 2060 octo,

258 2100 459 2157 hostes
487 2099 723 2165 mttere,
755 2100 810 2153 et
841 2099 1095 2166 stragem
1118 2090 1343 2163 operari
1368 2088 1638 2147 multam.
1665 2099 1775 2140 non
1808 2081 1907 2138 de·

261 2189 432 2262 stitit,
461 2203 769 2262 quousque
799 2189 965 2241 nocte
996 2184 1271 2247 irruente,
1308 2176 1674 2235 consortibus
1724 2187 1905 2228 cornu

259 2276 602 2343 admonitis,
624 2277 685 2330 in
716 2289 991 2343 campum
1025 2268 1194 2327 rediit
1223 2267 1555 2325 certaminis
1583 2281 1597 2321 ι
1642 2262 1739 2319 ubi
1771 2267 1903 2316 tan-

257 2384 429 2439 quam
460 2366 661 2429 victor,
693 2367 861 2419 nocte
890 2361 991 2416 illa
1021 2358 1263 2432 quievit,
1318 2355 1522 2426 spoliis
1547 2355 1716 2422 Juxta
1748 2349 1903 2405 mili-

258 2459 443 2511 tarem
477 2451 848 2525 disciplinam
882 2449 1036 2506 inter
1083 2463 1221 2503 suos
1253 2445 1479 2501 divisis.
1514 2443 1802 2499 Dicuntur
1829 2439 1903 2494 de

256 2542 525 2600 hostibus
546 2556 694 2597 caesa
721 2540 801 2595 ibi
833 2537 1006 2611 quasi
1028 2537 1288 2609 quinque
1320 2533 1504 2590 millia
1532 2552 1546 2601 ς
1581 2532 1652 2587 de
1684 2527 1901 2586 nostris

254 2649 388 2690 vero
409 2631 700 2688 recensito
730 2643 996 2694 numero,
1029 2625 1245 2681 inventi
1275 2628 1417 2681 sunt
1446 2621 1648 2677 abesse
1673 2619 1900 2690 equites

255 2719 667 2794 septuaginta3
699 2719 771 2775 de
801 2716 1093 2789 peditibus
1125 2729 1256 2770 vera
1286 2713 1467 2769 multo
1499 2710 1713 2782 plures,
1745 2723 1901 2780 quo-

255 2828 384 2869 rum
416 2814 605 2867 tamen
634 2811 825 2864 certus
854 2822 969 2862 non
1003 2804 1248 2861 habetur
1276 2815 1577 2859 numerus.

839 2914 1070 2972 CAPUT
1108 2910 1308 2969 xv111.

252 3013 384 3069 lude
411 3011 636 3082 Joppem
681 3008 905 3075 tramit,
961 3007 1435 3148 selcotnstternatos
1485 2998 1727 3069 eiusdem
1754 2998 1899 3056 cives

923 3094 1021 3135 con
1050 3092 1113 3134 or
1142 3093 1177 3132 a
1207 3116 1220 3129 .

2023 469 2131 527 bus
2152 469 2530 538 decertantes,
2555 469 2827 528 hostibus
2860 469 3086 527 instant
3099 467 3361 537 viriliter,
3375 471 3434 524 et
3455 468 3675 524 arctius

2017 558 2427 630 deprehensos,
2443 559 2651 632 gladiis
2666 558 2968 633 quominus
2983 574 3101 616 rem
3115 561 3674 630 agentes,nusquam

2019 649 2369 720 permittunt
2398 650 2656 706 evadere.
2691 648 3017 705 Interfectis
3043 647 3222 720 igitur
3250 664 3318 704 cx
3349 646 3433 703 cis
3463 662 3675 719 quam-

2019 736 2307 810 pluribus,
2340 737 2581 810 reliquis
2602 738 2775 795 etiam
2800 755 2915 809 pres
2946 737 3155 794 timore
3195 736 3397 793 mortis
3427 751 3673 793 conver·

2016 825 2099 883 sis
2128 825 2189 882 in
2222 826 2437 895 fugam,
2473 826 2586 882 laeti
2615 835 2669 883 et
2698 828 2916 898 gratias
2945 824 3194 882 Domino
3239 822 3662 893 persolventes,

2015 915 2240 971 onerati
2270 914 2473 988 spoliis
2502 921 2559 972 et
2618 917 2688 972 de
2733 915 2908 971 rebus
2947 913 3206 970 hostium
3241 912 3378 969 facti
3411 912 3668 984 locuple·

2016 1006 2211 1071 tiores,
2237 1006 2347 1061 iter
2366 1011 2619 1078 coeptum
2651 1003 2992 1068 conficiunt,
3021 1002 3247 1074 Joppen
3297 1018 3506 1058 versus
3535 1017 3669 1058 con·

2017 1094 2337 1152 tendentes.
2371 1100 2446 1149 At
2476 1110 2607 1150 vero
2638 1093 2885 1165 Joppitae
2916 1091 3276 1148 consternati
3309 1090 3530 1159 animo,
3567 1107 3670 1163 pro

2016 1183 2110 1240 his
2139 1200 2267 1255 quae
2324 1185 2651 1251 audierant,
2712 1184 2813 1238 ubi
2868 1189 3065 1239 nostra
3112 1182 3299 1239 redire
3339 1181 3674 1252 respiciunt

2014 1273 2272 1346 agmina,
2309 1273 2468 1342 quasi
2526 1273 2597 1329 de
2634 1272 2798 1344 gravi
2828 1287 3038 1329 somno
3068 1270 3475 1344 expergefacti,
3521 1270 3672 1329 lusis

2012 1377 2126 1434 prae
2156 1361 2368 1433 gaudio
2409 1360 2701 1433 lacrymis,
2752 1365 2946 1433 portas
2977 1361 3250 1432 aperiunt
3279 1376 3297 1429 ς
3330 1360 3416 1416 eis
3445 1365 3664 1416 exeunt

2013 1449 2263 1519 obviam,
2297 1451 2697 1524 significantes
2729 1467 2906 1523 quam
2939 1450 3128 1507 tristia
3184 1452 3255 1506 de
3283 1448 3428 1520 ipsis
3457 1450 3670 1507 audie-

2015 1543 2166 1609 rant,
2202 1543 2259 1596 et
2290 1540 2348 1597 in
2380 1544 2670 1613 quantum
2703 1539 3044 1597 deciderant
3073 1538 3500 1611 desperationis
3529 1555 3665 1610 pro·

2015 1628 2281 1686 fundum.
2316 1630 2564 1702 Ingressi
2610 1628 2902 1701 igiturdn
2950 1629 3178 1698 urbem,
3211 1629 3410 1685 lantum
3435 1632 3492 1685 et
3520 1631 3671 1687 celc-

2016 1719 2180 1775 brem
2211 1727 2454 1791 egerunt
2483 1720 2663 1787 diem,
2697 1728 3066 1776 recensentes
3111 1718 3436 1776 adinvicem
3472 1735 3670 1791 quan·

2017 1811 2134 1864 tam
2171 1809 2382 1865 fecerat
2411 1824 2544 1866 cum
2578 1808 2696 1864 illis
2743 1807 3027 1865 Dominus
3080 1806 3563 1865 misericordiam.
3597 1807 3670 1866 Ut

2015 1913 2152 1954 vero
2174 1898 2444 1954 dominus
2467 1914 2565 1955 rex
2594 1897 2863 1971 cognovit
2890 1898 3183 1970 quomodo
3240 1897 3440 1970 regins
3472 1902 3531 1954 et
3561 1891 3666 1970 qui

2016 1987 2169 2044 circa
2202 2001 2327 2043 eam
2359 1996 2519 2044 erant
2567 1986 2627 2043 in
2669 1986 2769 2043 illo
2801 1988 3011 2043 mentis
3041 2001 3298 2055 excessu,
3332 2001 3506 2058 quem
3545 2002 3665 2059 prin

2015 2076 2241 2133 timoris
2270 2077 2544 2150 angustia
2576 2077 2730 2149 passi
2777 2078 3027 2142 fuerant,
3082 2076 3321 2133 domino
3359 2076 3664 2133 Tanos-edo

2014 2167 2389 2239 scripserant,
2423 2167 2605 2223 misso
2627 2166 2922 2223 celerrime
2965 2165 3171 2222 nuntio
3201 2167 3471 2222 eumdem
3501 2180 3665 2237 egre·

2013 2257 2173 2328 gium
2208 2257 2527 2328 principem
2562 2272 2664 2329 pro
2698 2255 2862 2327 regni
2894 2271 3038 2312 casu
3077 2255 3418 2323 sollicitum,
3458 2257 3664 2327 etjam

2011 2346 2334 2402 accinctum
2358 2345 2430 2401 ad
2454 2345 2581 2414 iter,
2608 2345 2680 2402 de
2724 2361 2829 2403 suo
2861 2343 3115 2401 mirabili
3147 2358 3424 2400 successu
3449 2342 3666 2400 litteris

2014 2436 2318 2492 certificat.
2353 2435 2458 2502 Qui
2490 2439 2759 2508 suscepta
2797 2434 3024 2495 nuntio·
3073 2438 3133 2490 et
3167 2434 3239 2490 de
3279 2433 3524 2490 victoria
3554 2433 3664 2489 do-

2015 2525 2160 2580 mini
2191 2526 2344 2599 regis
2373 2525 2743 2582 laetabundus
2771 2531 2830 2582 et
2859 2526 3144 2598 gaudens,
3169 2523 3388 2597 gratius
3404 2519 3666 2582 Creatori

2009 2615 2279 2686 persolvit
2310 2615 2654 2672 immensas.

2625 2738 2859 2796 CAPUT
2896 2739 3049 2796 XIX.

2011 2831 2295 2901 Principes
2324 2831 2421 2901 qui
2447 2828 2512 2884 de
2543 2844 2679 2886 novo
2709 2828 3044 2885 advenerant
3091 2828 3371 2884 Tor-cosam
3399 2829 3656 2899 cariam,

2078 2907 2128 2958 et
2155 2910 2372 2971 captam
2398 2903 2585 2957 comiti
2611 2900 2839 2956 tradunt
2884 2900 3186 2964 Tolosan0;
3214 2897 3411 2956 deinde
3459 2900 3657 2956 Hiero·

2078 2974 2659 3117 {ztir-yerggznrproperant
2678 2991 2699 3040 ,·
2721 2988 2819 3029 rex
2832 2971 2913 3029 eis
2935 2987 3106 3045 usque
3126 2971 3419 3029 Ber-illium
3433 2971 3654 3030 obvium

322 3175 394 3228 At
422 3185 555 3226 vero
585 3169 687 3241 qui
719 3172 974 3225 nostram
1035 3166 1308 3222 hesterno
1353 3162 1623 3219 conflictu
1666 3162 1900 3230 rogave-
1942 3129 1984 3197 C
2080 3153 2319 3210 Interim
2344 3152 2633 3225 principes
2661 3151 2769 3221 illi,
2791 3153 2862 3208 de
2890 3151 3107 3223 quibus
3139 3150 3299 3224 prius
3330 3150 3657 3209 feceramus

253 3266 385 3318 rant
403 3258 606 3328 aciem,
624 3257 1042 3329 usqueloppen
1058 3250 1907 3327 fugientesinsectati,desscien-

254 3348 404 3407 tium
422 3346 1006 3415 arma,loricas,scuta
1018 3341 1195 3399 simul
1210 3346 1267 3397 et
1278 3340 1475 3413 galeas
1488 3339 1599 3396 sibi
1613 3345 1902 3411 aptantes.

246 3442 389 3495 ante
412 3435 614 3493 urbem
646 3433 921 3506 intrepidi
947 3432 1285 3496 astiterunt,
1316 3429 1543 3485 civibus
1568 3427 1902 3485 intonantes

246 3526 558 3584 dominum
592 3538 788 3597 regem
824 3519 1000 3579 simul
1039 3525 1098 3577 et
1128 3520 1466 3575 universum
1497 3517 1900 3573 Christianum

244 3614 570 3673 exercitum
604 3613 663 3669 in
697 3611 892 3684 praelio
924 3609 1252 3666 corruisse:
1285 3612 1344 3664 et
1375 3606 1484 3662 hoc
1534 3605 1617 3662 eis
1650 3622 1752 3676 pro
1781 3606 1903 3662 evi-

245 3704 401 3762 denti
433 3717 561 3761 esse
601 3706 947 3774 argumento
989 3697 1417 3771 significabant,
1468 3695 1624 3767 quod
1657 3694 1904 3751 familia-

243 3794 401 3851 rium
432 3804 489 3851 et
517 3792 969 3850 domesticorum
995 3805 1158 3845 arma
1210 3787 1523 3843 notissima
1550 3784 1762 3841 intueri
1796 3802 1900 3857 po-

246 3887 441 3942 terant
467 3888 524 3940 et
552 3896 890 3956 agnoscere.
923 3881 1049 3946 Quo
1102 3877 1327 3944 audito,
1388 3876 1541 3932 cives
1596 3882 1649 3931 et
1698 3875 1901 3948 regina

245 3973 451 4045 quaein
487 3971 632 4027 urbe
665 3973 811 4034 erat,
833 3985 1035 4025 verum
1077 3983 1205 4024 esse
1228 3966 1383 4039 quod
1417 3964 1721 4021 dicebatur
1741 3964 1896 4020 arbi-

250 4063 500 4128 trantes,
523 4059 581 4115 in
603 4059 857 4116 lamenta
879 4073 942 4113 se
958 4056 1344 4124 tradiderunt,
1364 4054 1625 4126 initoque
1646 4053 1896 4111 consiiio

243 4165 380 4205 cum
414 4147 743 4205 senioribus
779 4152 943 4211 natu,
962 4145 1139 4216 etqui
1163 4160 1367 4200 sensus
1390 4143 1686 4200 habebant
1708 4142 1896 4215 magis

242 4236 601 4302 exercitatos,
624 4237 863 4290 unicum
889 4234 1131 4289 credunt
1147 4248 1275 4288 esse
1297 4232 1642 4298 remedium,
1668 4237 1728 4288 ut
1749 4233 1896 4287 mis-

242 4340 306 4380 sa
340 4323 632 4394 legatione
663 4324 729 4377 ad
760 4322 1066 4376 dominum
1099 4320 1465 4376 Tancredum
1510 4320 1896 4378 Antiocheno·

242 4425 375 4469 rum
409 4411 753 4483 principem,
787 4413 855 4466 ut
882 4410 952 4465 de
983 4425 1160 4480 regno
1192 4407 1546 4481 periclitanti
1578 4418 1631 4465 et
1675 4415 1897 4466 rectore

2012 3244 2390 3311 mentionem,
2443 3243 2545 3316 qui
2578 3243 2637 3298 in
2672 3242 2934 3313 partibus
2987 3241 3281 3297 Romania!
3331 3240 3654 3298 miserabili

2012 3351 2150 3392 casu
2184 3339 2412 3390 tantum
2444 3334 2758 3390 amiserant
2788 3331 3127 3401 exercitum,
3154 3338 3220 3389 ut
3248 3332 3650 3405 praediximus,

2010 3424 2377 3482 Antiochiam
2413 3428 2825 3497 pervenerant3
2859 3428 2917 3480 et
2945 3423 3082 3480 inde
3112 3423 3651 3496 progressi,urbem

2010 3515 2343 3583 Tortosam,
2367 3514 2540 3572 sicuti
2570 3515 2935 3585 praemissum
2958 3516 3067 3578 est,
3100 3513 3172 3568 ab
3201 3512 3468 3570 hostibus
3485 3528 3658 3586 expc-

2008 3604 2214 3672 ditam,
2237 3605 2472 3660 domino
2496 3603 2839 3676 Raymundo
2873 3602 3069 3660 comiti
3091 3602 3379 3659 Tolosano
3400 3603 3658 3662 tradide-

2009 3701 2156 3751 rant.
2179 3693 2396 3757 Quibus
2415 3691 2869 3762 Hierosolymam
2907 3692 3377 3765 properantibus,
3411 3707 3483 3749 ne
3503 3692 3658 3751 forte

2007 3783 2077 3841 ad
2108 3782 2349 3838 fluvium
2380 3780 2552 3838 Canis
2583 3796 2785 3838 eorum
2822 3782 2929 3838 iter
2958 3781 3394 3854 praepediretur,
3428 3795 3528 3838 rex
3558 3798 3654 3841 as-

2007 3877 2246 3944 sumpta
2260 3887 2460 3929 secum
2473 3887 2786 3929 occurrens
2800 3872 2875 3929 mi
2888 3872 3030 3939 litia,
3045 3871 3327 3928 transitus
3344 3871 3654 3946 angustias

2008 3961 2434 4035 praeoccupavit
2455 3963 2471 4016 ':
2507 3977 2611 4018 nec
2648 3961 2753 4016 fuit
2769 3960 2890 4018 leve
2912 3961 3062 4033 quod
3085 3976 3288 4017 eorum
3315 3962 3507 4034 gratia
3527 3967 3655 4020 ten-

2004 4051 2176 4116 tavit;
2205 4066 2362 4117 nam,
2378 4051 2546 4120 jnxta
2569 4049 2826 4105 hostium
2855 4051 3025 4105 urbes
3055 4054 3306 4122 quatuor
3333 4050 3566 4109 nobiles
3594 4056 3653 4110 et

2004 4140 2335 4213 populosas,
2364 4139 2779 4198 ptolomaidam
2804 4140 3089 4209 videlicet,
3110 4140 3645 4213 Tyrum,Sidonem

2004 4237 2061 4287 et
2092 4230 2389 4301 Berytum‚
2423 4244 2554 4286 eum
2586 4229 2846 4302 oportuit
2889 4230 3259 4301 pertransire,
3293 4229 3645 4304 priusquam

2007 4319 2078 4376 ad
2102 4318 2294 4375 locum
2320 4321 2646 4392 perveniret
2669 4319 3031 4392 praedictum.
3058 4319 3302 4376 Domino
3323 4319 3502 4392 igitur
3515 4337 3652 4396 rege

2000 4423 2134 4464 cum
2167 4408 2292 4464 suis
2331 4408 2619 4465 transitus
2650 4407 3051 4465 difficultatem
3081 4407 3402 4470 obtinente.
3433 4411 3650 4469 adsunt

242 4501 520 4559 destituto
554 4498 865 4556 subvenire
914 4498 1162 4564 festinet,
1198 4496 1336 4568 quia
1387 4497 1650 4553 universa
1706 4497 1893 4555 {idelis
1926 4497 1972 4563 D
2001 4495 2258 4555 illustres
2288 4497 2417 4565 viri,
2451 4498 2724 4554 dominus
2754 4496 3022 4555 videlicet
3064 4496 3419 4566 willelmus,
3453 4515 3650 4558 comes

239 4589 462 4665 populi,
505 4592 638 4663 post
689 4589 895 4656 Deum,
926 4586 1147 4660 apesin
1176 4602 1243 4643 eo
1292 4585 1368 4641 sit
1397 4586 1733 4643 constituta.
1778 4586 1901 4644 Rex

237 4685 437 4740 autem
486 4683 652 4737 nocte
698 4678 801 4736 illa
856 4678 918 4734 in
967 4675 1391 4749 campestribus
1423 4681 1738 4746 transacta,
1771 4675 1899 4735 luce

239 4770 409 4827 terris
468 4770 758 4837 restituta,
827 4767 1091 4824 victrices
1141 4782 1416 4823 revocans
1464 4765 1637 4832 acies,
1694 4782 1899 4824 versus

245 4858 473 4931 Joppen
502 4860 609 4916 iter
628 4858 850 4931 dirigit.
871 4858 1099 4914 Accidit
1125 4859 1323 4912 autem
1352 4855 1509 4927 quod
1531 4872 1669 4912 num
1703 4871 1898 4932 essent

241 4947 302 5004 in
332 4947 760 5018 proficiscendo
782 4947 863 5014 hi,
888 4952 1120 5003 nostros
1150 4944 1483 5001 habuerunt
1503 4945 1762 5015 obviam,
1792 4962 1871 5019 qu

233 5039 400 5092 nocte
430 5035 689 5107 proxime
721 5036 1015 5107 praeterita
1057 5033 1339 5091 relatione
1390 5034 1647 5092 infausta
1678 5036 1887 5093 urbem

225 5126 664 5193 deterruerant3
708 5124 768 5180 hi
800 5129 1033 5181 nostros
1065 5128 1413 5181 contuentes
1451 5125 1713 5181 arbitrati
1753 5117 1895 5183 sunt

227 5229 465 5271 suorum
495 5230 624 5272 esse
653 5212 912 5287 agmina,
946 5229 1079 5270 nam
1123 5217 1389 5269 nostrum
1452 5213 1768 5270 exercitum
1800 5214 1891 5271 he‘

229 5306 426 5360 eterna
444 5304 534 5360 die
548 5303 827 5361 cecidisse
850 5303 1104 5375 penitus,
1128 5304 1299 5374 quasi
1323 5305 1539 5360 certum
1564 5302 1883 5362 habebant:

230 5406 347 5461 quo
378 5391 702 5449 fiducialius
731 5393 1098 5463 accedentes,
1139 5392 1353 5449 nostris
1384 5408 1531 5464 pene
1559 5409 1624 5449 se
1658 5392 1886 5451 intude-

230 5483 364 5536 rant
388 5481 747 5550 agminibus,
781 5498 917 5539 cum
947 5481 1218 5538 dominus
1248 5499 1347 5538 rex
1381 5498 1524 5539 suos
1545 5483 1883 5554 exhortans,

2007 4587 2480 4659 pictaviensium,
2499 4588 2824 4660 Aquitaniae
2846 4589 2964 4645 dux
2993 4589 3145 4645 idem
3175 4607 3190 4658 ς
3214 4588 3492 4646 dominus
3521 4591 3652 4648 Ste-

2007 4678 2260 4751 phanus,
2291 4694 2487 4736 comes
2535 4678 2936 4746 Blesensium;
2988 4678 3261 4736 dominus
3291 4679 3651 4752 Stephanus,

2005 4783 2200 4824 comes
2224 4769 2595 4840 Bargundiae;
2629 4768 2902 4826 dominus
2923 4767 3258 4837 Gauri-idus,
3281 4784 3480 4826 comes
3507 4769 3651 4827 Vin-

2004 4856 2404 4913 docinensium
2428 4876 2444 4925 ;
2470 4855 2744 4913 dominus
2767 4861 2949 4928 ungo,
2986 4854 3404 4914 Lisiuiacensis
3423 4857 3655 4914 domini

2005 4943 2316 5001 Raimundi
2349 4945 2578 5001 comitis
2626 4944 2903 5001 Tolosani
2960 4944 3157 5015 frater,
3197 4949 3256 5002 et
3285 4943 3386 5002 alii
3417 4945 3646 5003 nobiles

2003 5034 2196 5103 multi,
2230 5034 2342 5090 lasti
2366 5034 2680 5105 plurimum
2704 5040 2762 5090 et
2785 5035 3126 5105 gaudentes,
3152 5041 3274 5090 tum
3293 5032 3434 5107 quia
3452 5036 3651 5093 trans·

2002 5122 2171 5191 itum,
2205 5141 2380 5198 quem
2413 5133 2690 5197 tanquam
2718 5122 3109 5196 periculosum
3151 5123 3331 5181 nimis
3366 5125 3468 5182 diu
3509 5131 3650 5184 ante

2001 5223 2339 5287 suspectum
2370 5215 2711 5280 habuerant,
2732 5215 3079 5271 invenerunt
3117 5213 3453 5287 expeditum
3478 5230 3494 5284 3
3515 5217 3648 5274 tum

1999 5303 2135 5376 quia
2165 5303 2467 5361 dominum
2501 5319 2693 5376 regem
2719 5303 2833 5359 sibi
2864 5302 3094 5360 obviam
3119 5311 3474 5374 repererant.
3495 5304 3652 5362 Gou-

1994 5394 2290 5452 venientea
2320 5393 2498 5466 igitur
2527 5393 2869 5458 adinvicem,
2897 5393 2957 5449 in
2989 5392 3478 5450 mutuosirruunt
3503 5409 3645 5452 am·-

1997 5483 2217 5556 plexus,
2239 5485 2535 5543 etalternae
2567 5482 2936 5542 salutationis
2969 5483 3145 5541 affatu
3170 5483 3452 5556 depenso,
3481 5485 3650 5556 pacis

225 5571 286 5626 et
302 5566 603 5640 primusin
625 5583 723 5628 eos
746 5568 1215 5639 irruens,secum
1234 5569 1590 5642 precipitem
1615 5573 1883 5644 equitum
1987 5577 2251 5649 jungunt
2279 5576 2502 5645 oscula,
2559 5574 2790 5636 vicarlis
2831 5572 3410 5634 confabulationibus
3447 5589 3513 5634 ae
3549 5591 3644 5636 ta·
