3784 6000
167 299 286 363 791

1233 290 1656 358 GUILLELMI
1696 286 2080 355 TYRENSIS
2123 285 2491 352 ARCHIEP.

3463 284 3578 348 'm

171 435 345 494 batur
359 427 1525 501 commoditas,communitae,sexaginta.
1551 428 1694 485 ltem
1714 426 1809 483 ha·
1839 427 1897 494 Α
1925 427 2005 480 tia
2033 421 2321 491 miraculi,
2351 425 2408 478 et
2437 424 2508 479 de
2542 437 2687 478 novo
2733 421 2895 479 factis
2937 418 3284 494 irruptionis
3342 416 3578 478 interse-

174 538 305 581 rum
337 523 624 589 maxima,
664 537 790 594 quae
829 521 1138 576 dromones
1178 519 1473 588 dicuntur,
1522 517 1820 575 alimentis

174 611 319 670 varii
384 612 619 685 generis
674 609 976 681 armisque
1036 607 1475 680 multiplicibuS‚
1533 605 1820 663 machinis

175 716 403 776 quoque
433 708 487 758 et
535 697 844 756 tormentis
893 697 1118 755 bellicis
1169 714 1355 770 usque
1404 698 1473 753 ad
1517 712 1819 754 summum

178 790 425 859 referta,
465 790 669 846 decem
715 792 819 845 aut
861 788 1191 845 duodecim.
1243 787 1403 844 Misit
1450 791 1644 843 autem
1687 800 1819 841 cum

178 878 365 936 classe
393 879 464 934 de
493 877 637 940 suisa
666 876 1030 949 principibus
1057 877 1428 949 Megalducas
1472 875 1823 946 consangui-

182 984 354 1026 neum
385 983 585 1038 suum,
618 983 794 1040 quem
818 966 1108 1023 universis
1128 966 1407 1039 praefecit,
1429 970 1485 1022 et
1506 966 1821 1039 quemdam

181 1057 365 1114 alium
396 1055 755 1114 Mauresium
797 1055 1054 1122 nomine,
1099 1054 1213 1110 sibi
1257 1054 1426 1110 valde
1457 1050 1824 1120 familiarem,

183 1146 256 1202 de
283 1145 455 1216 cujus
483 1144 839 1217 experientia
885 1143 1062 1215 (sicut
1105 1147 1310 1215 postea
1346 1142 1581 1215 plenius
1618 1141 1826 1214 patuit)

188 1232 506 1307 plurimum
552 1232 917 1300 confidebat;
961 1248 1097 1288 nam
1139 1232 1409 1288 eumdem
1453 1231 1825 1302 postmodum

190 1322 459 1379 universo
496 1338 603 1378 suo
653 1322 906 1391 prael'ecit
958 1321 1224 1393 imperio.
1266 1320 1548 1377 Comitem
1601 1336 1830 1392 quoque

190 1410 587 1468 Alexandrum
619 1411 691 1469 de
719 1414 1107 1479 conversana,
1140 1411 1392 1467 nobilem
1414 1411 1486 1466 de
1514 1410 1722 1480 Apulia
1741 1410 1831 1467 vi-

193 1516 359 1570 rum3
393 1516 564 1572 quem
596 1499 671 1557 ob
702 1499 990 1572 insignem
1024 1500 1222 1568 iidem,
1255 1506 1312 1555 et
1342 1500 1586 1556 multam
1607 1515 1744 1570 erga
1768 1514 1830 1554 se

191 1589 577 1659 devotionem,
609 1586 885 1646 dominus
916 1588 1227 1658 imperator
1247 1588 1483 1644 charum
1505 1587 1756 1643 habebat
1776 1590 1835 1642 et

194 1681 516 1749 acceptum.
548 1678 650 1735 His
681 1692 877 1733 curam
905 1675 993 1732 sui
1032 1678 1403 1732 committens
1432 1677 1738 1746 exercitus,
1772 1677 1832 1731 in

1930 513 2194 583 ruimus3
2252 517 2310 569 et
2364 513 2518 585 quod
2578 528 2715 583 pars
2763 510 3094 568 solitudinis
3144 510 3315 582 prius
3336 508 3583 566 obnoxia

1932 603 2070 660 solis
2101 603 2427 671 ardoribus,
2471 617 2627 657 nunc
2658 601 2922 672 subjecta
2951 599 3251 669 fluctibus,
3285 603 3347 655 et
3375 602 3581 656 natan-

1931 693 2080 748 tium
2114 691 2267 747 sacta
2307 689 2634 757 familiaris,
2676 689 2923 762 navigiis
2963 695 3191 762 patens,
3223 689 3584 761 piscatorum

1932 781 2139 852 implet
2186 780 2352 848 retia,
2401 783 2459 834 et
2505 784 2714 850 proeter
2774 778 3010 835 solitum
3061 779 3213 835 saeta
3259 776 3582 844 secundior,

1933 869 2158 925 fructus
2206 868 2397 924 reddit
2440 867 2606 940 prius
2655 867 3005 939 incognitos.
3065 865 3380 923 Pharamia
3430 880 3581 932 vero,

1932 959 2086 1014 unde
2124 974 2301 1029 supra
2341 957 2586 1013 fecimus
2640 957 3019 1024 mentionem,
3076 957 3286 1013 civitae
3338 956 3580 1021 deserta,

1934 1046 2072 1104 olim
2113 1047 2294 1103 multo
2337 1047 2701 1118 frequentata
2742 1046 3085 1114 habitatore,
3117 1046 3296 1116 iuxta
3330 1044 3583 1117 primum
3689 1032 3692 1075 Ι

1937 1136 2050 1196 Nili
2091 1136 2329 1201 ostium,
2372 1151 2489 1206 quo
2535 1135 2774 1191 marinis
2798 1135 3083 1206 excipitur
3123 1133 3427 1202 fluctibus,
3482 1134 3585 1188 sita

1935 1230 2042 1296 est,
2075 1226 2229 1298 quod
2264 1225 2434 1297 vulgo
2462 1225 2709 1283 Car-abes
2740 1225 2978 1292 dieitur,
3009 1223 3463 1296 eremojuncta,
3495 1222 3588 1278 in-

1933 1319 2025 1373 ter
2049 1315 2315 1381 fluvium,
2351 1331 2510 1371 mare
2538 1319 2597 1371 et
2625 1314 3008 1372 solitudinem
3036 1313 3265 1386 posita;
3291 1314 3478 1370 distat
3503 1316 3588 1367 ta·

1939 1420 2072 1462 men
2099 1406 2172 1462 ab
2192 1405 2340 1461 ostio
2363 1404 2627 1460 fluminis
2657 1403 3009 1460 milliaribus
3042 1403 3273 1460 tribus:
3308 1403 3382 1459 ad
3417 1417 3586 1474 quam

1941 1495 2121 1552 nostri
2182 1494 2599 1565 pervenientes,
2672 1493 2920 1549 classem
2978 1496 3237 1549 nostram
3299 1491 3591 1564 reperiunt

1941 1581 2265 1641 advenisse.
2298 1582 2406 1638 Ubi
2438 1582 2651 1654 aptatis
2684 1582 2929 1638 navibus
2970 1597 3102 1638 cum
3144 1581 3367 1654 remige
3397 1595 3590 1636 neees-

1939 1672 2114 1742 sario,
2163 1671 2465 1727 universus
2517 1671 2573 1726 in
2620 1671 2954 1727 ulteriorem
3007 1670 3195 1741 ripam
3256 1670 3596 1742 deportatur

197 1773 455 1823 nostrum
487 1766 688 1839 dirigit
707 1766 1004 1822 Orientem
1029 1782 1042 1832 ;
1072 1765 1172 1836 qui
1193 1781 1472 1838 prospera
1492 1765 1582 1821 usi
1604 1766 1837 1838 naviga·
1866 1799 1915 1865 B
1942 1761 2247 1819 exercitus.
2282 1759 2694 1831 Relinquentes
2724 1760 2902 1832 igitur
2933 1776 2967 1815 a
3000 1759 3139 1815 laeva
3166 1757 3443 1830 Tapnim‚
3479 1757 3595 1815 exi-

197 1853 371 1923 tIone,
393 1855 547 1912 circa
567 1855 745 1911 finem
776 1854 1134 1926 Septembris
1157 1859 1392 1925 portum
1432 1855 1838 1925 ingrediuntur

197 1945 548 2017 Tyrensem3
600 1943 736 2000 inde
764 1944 952 1999 Accon
998 1942 1261 2014 profecti,
1311 1942 1463 1999 inter
1507 1942 1748 2000 fluvium
1781 1946 1841 1998 et

198 2038 427 2104 portum
459 2030 689 2105 placida
717 2030 967 2089 statione
996 2034 1377 2103 componunt.

819 2135 1049 2192 CAPUT
1087 2135 1204 2190 XV.

199 2228 312 2286 nu:
337 2224 399 2283 in
429 2227 726 2299 AEqyptum
763 2224 1039 2282 descendit
1067 2241 1193 2281 cum
1219 2229 1331 2281 auis
1373 2226 1844 2299 expeditionibus.-

270 2298 474 2357 (ἓν-«τοὺ
501 2312 732 2379 qaoque,
761 2302 886 2352 tam
911 2297 1131 2369 naviqio
1160 2314 1325 2369 quam
1353 2314 1450 2370 per
1477 2308 1694 2356 terram
1722 2316 1847 2355 eum

270 2369 646 2442 sequentibus.

275 2478 443 2532 Anno
472 2475 650 2546 igitur
677 2474 751 2530 ab
784 2474 1185 2531 incarnatione
1214 2474 1438 2530 Domini
1477 2477 1631 2547 1169,
1655 2493 1688 2533 a
1710 2476 1845 2533 libe·

206 2563 425 2620 ratione
454 2579 587 2618 vero
629 2563 791 2618 urbis
834 2562 1192 2634 sexagesimo
1237 2573 1456 2633 octavo,
1508 2566 1669 2637 regni
1717 2581 1848 2622 vero

208 2651 433 2708 domini
461 2650 735 2708 Amalrici
765 2667 919 2707 anno
949 2657 1133 2720 sexto,
1157 2651 1352 2708 Idibus
1374 2652 1671 2709 Octobris:
1699 2671 1850 2711 com·

204 2738 412 2813 positis
440 2738 605 2812 regni
637 2738 908 2812 negotiis,
942 2739 1148 2796 relicta
1176 2740 1348 2796 etiam
1386 2741 1613 2812 militia,
1644 2758 1767 2813 quae
1790 2743 1849 2800 in

204 2827 361 2899 regis
393 2827 659 2884 absentia
694 2828 764 2884 ab
795 2827 1029 2884 insidiis
1059 2832 1116 2883 et
1143 2828 1584 2886 incursionibus
1613 2829 1852 2888 Noradi·

207 2918 289 2987 ni,
322 2933 498 2990 quem
537 2917 690 2974 circa
739 2921 931 2987 partes
969 2917 1359 2975 Damascenas
1389 2926 1850 2978 commorantem

208 3007 549 3081 reliquerat,
580 3022 829 3079 regnum
862 3013 1120 3063 tueretur
1148 3027 1163 3079 ;
1196 3015 1579 3080 congregatus
1601 3015 1690 3066 est
1722 3013 1851 3067 uni·

211 3112 411 3155 versus
439 3096 730 3152 exercitus
774 3101 893 3152 tam
944 3096 1281 3154 Latinorum
1313 3115 1490 3170 quam
1522 3101 1850 3157 Graecorum

209 3185 365 3258 apud
396 3185 765 3249 Ascalonem,
798 3185 984 3241 classe
1007 3187 1135 3257 ,iam
1166 3204 1200 3242 a
1220 3194 1387 3257 portu
1410 3190 1727 3245 Acconensi
1753 3208 1855 3262 per
1882 3171 1927 3239 C

211 3274 337 3330 dies
363 3272 592 3345 aliquot
616 3288 872 3345 egressa,
904 3278 960 3330 et
989 3275 1098 3330 iter
1125 3280 1328 3332 contra
1369 3277 1517 3333 fines
1561 3277 1857 3351 AEgyptios

212 3366 420 3436 agente
450 3363 493 3420 '¹.
535 3362 796 3434 Septimo
834 3364 1014 3434 igitur
1050 3366 1274 3421 decimo
1307 3364 1426 3423 Kal.
1472 3368 1857 3440 Septembris,

214 3452 286 3507 ab
321 3449 461 3507 urbe
493 3450 768 3521 praedicta
790 3453 1171 3522 egredientes,
1199 3469 1303 3525 per
1333 3456 1669 3512 mansiones
1700 3473 1860 3514 com·

216 3544 497 3611 petentes,
528 3540 632 3597 ubl
655 3556 941 3611 aquarum
975 3557 1088 3598 non
1122 3544 1348 3599 deesset
1375 3545 1782 3614 commoditas,
1805 3550 1861 3602 et

126 3669 139 3684 ,
215 3642 288 3684 ne
345 3628 608 3700 peditum
657 3628 974 3703 phalanges
1025 3647 1202 3702 supra
1260 3631 1413 3688 vires
1461 3639 1860 3705 gravarentur,

214 3715 526 3773 itineribus
548 3717 881 3786 moderatis,
906 3718 1278 3776 Pbaramiam
1303 3722 1507 3777 urbem
1528 3722 1865 3795 antiquissi-

219 3820 400 3866 mam.
433 3820 588 3862 nona
608 3805 843 3862 demum
874 3807 968 3863 die
992 3811 1350 3880 perveniunt.
1376 3810 1627 3867 Mediam
1671 3821 1863 3867 autem

219 3892 369 3949 liano
426 3893 607 3962 viam,
666 3897 1021 3951 maritimam
1081 3914 1243 3953 oram
1293 3901 1459 3970 sequi
1521 3899 1867 3971 volentibus,

218 3982 494 4039 fortuitus
515 3984 756 4055 quidam
780 4001 956 4042 casus
980 4003 1165 4059 nuper
1190 3989 1522 4044 reddiderat
1547 3990 1874 4060 productio·

217 4087 340 4128 rem
373 4072 585 4128 Evictis
615 4090 867 4147 namque
896 4078 1132 4133 verbere
1163 4084 1397 4136 assueto
1426 4085 1480 4136 et
1540 4096 1686 4152 pene
1732 4097 1869 4137 con-

222 4159 384 4216 tiuuo
414 4162 638 4216 assultu
671 4162 1024 4235 quibusdam
1058 4182 1368 4223 arenarum
1400 4170 1732 4240 aggeribus,
1768 4170 1868 4242 qui

219 4246 398 4304 medii
428 4248 578 4304 inter
608 4249 868 4319 planiora
904 4257 1161 4322 quaedam
1210 4256 1335 4311 loca
1375 4262 1432 4312 et
1473 4258 1683 4313 fretum
1732 4259 1871 4313 vici-

222 4350 362 4391 num
401 4335 939 4405 interponebantur,
991 4357 1150 4399 mare
1190 4344 1474 4400 violenter
1513 4346 1709 4401 fractis
1740 4347 1872 4401 obi—

223 4423 410 4492 cibus,
439 4422 594 4481 viam
624 4426 735 4480 sibi
759 4426 1020 4495 evicerat,
1056 4439 1109 4486 et
1139 4432 1388 4488 liberum
1426 4434 1535 4489 sibi
1568 4435 1871 4491 introitum

1948 1851 2124 1906 miam
2154 1849 2292 1905 olim
2327 1847 2714 1920 metropolim,
2739 1865 2894 1905 nunc
2925 1852 3121 1905 autem
3155 1846 3499 1915 parvissimi
3527 1846 3590 1901 ad

1948 1941 2131 1996 instar
2160 1938 2455 1994 redactam
2483 1938 2702 2009 oppidi,
2735 1938 2887 1994 inter
2914 1937 3041 1993 loca
3073 1935 3361 2009 palustria
3388 1940 3451 1992 et
3480 1951 3599 1992 ma·

1950 2028 2034 2084 ris
2065 2028 2227 2084 littus
2255 2028 2406 2085 viam
2438 2031 2740 2099 carpentes
2756 2027 3032 2093 mediam,
3057 2025 3220 2098 quasi
3245 2024 3599 2082 milliaribus

1951 2116 2176 2189 viginti,
2207 2116 2433 2172 duobus
2465 2116 2672 2171 diebus
2703 2115 3029 2172 Damiatam
3058 2115 3435 2187 perveniunt.

2568 2225 2801 2283 CAPUT
2840 2224 2961 2281 XVI
2970 2266 2983 2280 .

1952 2319 2066 2373 Rex
2121 2317 2434 2372 Damiaiam
2489 2315 2739 2380 obsidet,-
2788 2325 2843 2370 et
2893 2315 2952 2371 in
3013 2315 3130 2382 eius
3175 2312 3594 2384 assonatione

2025 2393 2138 2443 tam
2167 2389 2485 2443 Latinorum
2513 2404 2682 2460 quam
2704 2387 3024 2444 Groecorum
3043 2385 3329 2442 inutiliter
3348 2386 3594 2442 desudat

2027 2462 2320 2516 exercitus.

2028 2569 2132 2623 Est
2151 2571 2346 2623 autem
2370 2565 2635 2622 Damiata
2652 2565 2803 2621 inter
2821 2565 3051 2637 AEgypti
3074 2563 3437 2637 metropoles
3462 2565 3609 2622 anti-

1960 2673 2080 2730 qua
2106 2660 2164 2712 et
2192 2654 2407 2712 nobilis
2428 2654 2768 2727 plurimum,
2793 2670 2962 2710 secus
2985 2653 3172 2725 ripam
3194 2652 3311 2710 Nili
3334 2655 3454 2710 sita
3472 2654 3607 2710 cite-

1959 2748 2194 2813 riorem,
2227 2745 2325 2800 ubi
2365 2745 2621 2801 secundo
2653 2744 2801 2801 ostio
2841 2742 3151 2816 praedictus
3191 2742 3413 2799 fluvius
3452 2759 3606 2799 mare

1959 2834 2308 2907 ingreditur,
2331 2833 2481 2890 iuter
2501 2833 2761 2889 fluminis
2779 2833 3008 2889 alveum
3030 2835 3088 2888 et
3104 2847 3285 2901 mare,
3305 2832 3426 2888 situ
3446 2832 3605 2889 valde

1962 2925 2270 2981 commodo
2306 2924 2529 2995 posita,
2554 2939 2588 2980 a
2620 2922 2764 2979 mari
2784 2926 3005 2985 tamen,
3029 2922 3195 2996 quasi
3223 2920 3505 2979 milliario
3526 2922 3608 2977 di-

1962 3020 2161 3082 stans;
2184 3015 2256 3071 ad
2280 3028 2459 3086 quam
2473 3030 2529 3067 νι
2545 3012 2670 3068 Kal.
2690 3011 3029 3068 Novembris
3042 3015 3242 3068 noster
3262 3013 3604 3084 perveniens

1961 3104 2272 3172 exercitus,
2311 3104 2466 3159 inter
2489 3103 2690 3158 urbem
2730 3106 2787 3157 et
2826 3118 2987 3157 mare
3016 3102 3422 3159 castrametati
3455 3105 3601 3171 sunt,

1964 3194 2206 3250 classem
2264 3195 2679 3262 exspectantes,
2731 3207 2857 3262 quae
2904 3190 3082 3246 maris
3122 3190 3502 3247 inclementia
3553 3192 3606 3246 et

1965 3289 2263 3339 ventorum
2307 3281 2566 3336 adversis
2599 3278 2828 3334 flatibus
2870 3279 3278 3347 detinebatur;
3319 3295 3455 3351 qua
3487 3282 3610 3351 post

1966 3371 2254 3439 triduum,
2289 3374 2489 3440 pacata
2524 3370 2701 3424 maris
2734 3369 2889 3424 unda
2917 3376 2974 3424 et
2994 3368 3181 3424 ventis
3215 3384 3322 3424 usa
3342 3369 3609 3426 secundis

1968 3463 2191 3519 alveum
2225 3460 2417 3516 amnis
2440 3462 2726 3530 ingressa,
2749 3459 2905 3514 inter
2926 3458 3220 3515 civitatem
3244 3462 3303 3516 et
3324 3474 3510 3529 mare,
3529 3473 3612 3515 ss·

1969 3566 2073 3607 cus
2102 3550 2311 3622 ripam,
2346 3548 2563 3621 placita
2591 3564 2653 3603 se
2674 3547 2927 3603 statione
2958 3546 3182 3603 locavit.
3221 3546 3400 3603 Porro
3431 3547 3492 3604 in
3532 3545 3614 3602 ul-

1970 3640 2177 3695 teriore
2206 3637 2469 3693 fluminis
2495 3636 2623 3708 ripa
2652 3646 2772 3691 erat
2790 3635 2971 3692 turris
3001 3635 3383 3708 singulariter
3411 3640 3614 3703 erecta,

1973 3727 2215 3785 armatis
2253 3725 2612 3780 sufficienter
2635 3725 2707 3781 ad
2748 3724 2838 3780 sui
2873 3724 3209 3795 praesidium
3244 3725 3495 3782 munita.
3537 3724 3617 3779 Ab

1972 3818 2078 3874 hac
2103 3831 2287 3886 usque
2309 3816 2376 3869 ad
2397 3814 2690 3870 civitatem
2708 3818 2917 3870 catena
2934 3813 3398 3884 protendebatur
3413 3814 3613 3883 ferrea,

1975 3924 2101 3979 quae
2135 3905 2346 3961 nostris
2378 3903 2700 3959 maximum
2724 3903 2899 3959 dabat
2921 3902 3439 3975 impedimentum,
3462 3904 3543 3959 ita
3563 3907 3621 3959 ut

1976 3998 2044 4052 ad
2077 3994 2376 4064 superiora
2418 3992 2616 4047 nullus
2660 3993 2900 4049 omnino
2933 3996 3158 4064 pateret
3186 3992 3501 4050 transitus.
3542 3993 3619 4048 Ad

1978 4099 2079 4140 eos
2107 4099 2238 4139 vero
2269 4082 2339 4137 de
2369 4081 2792 4151 superioribus,
2816 4098 2849 4135 a
2869 4079 3190 4153 Babylonia
3213 4083 3271 4135 et
3291 4080 3535 4151 Cabere,
3557 4080 3623 4136 li-

1977 4176 2113 4231 bere
2133 4176 2191 4229 et
2211 4172 2432 4242 absque
2454 4170 2896 4241 impedimento,
2922 4172 3191 4242 poterant
3211 4184 3396 4225 naves
3428 4168 3623 4242 quisli-

1981 4263 2075 4318 bet
2104 4262 2361 4315 introire.
2394 4259 2590 4314 Classe
2611 4258 2795 4330 igitur
2814 4257 3159 4328 composita,
3184 4258 3371 4314 nostri
3393 4272 3622 4331 quoque

1984 4348 2260 4419 pomoeria
2276 4365 2403 4419 quai
2423 4347 2577 4402 inter
2602 4353 2794 4402 castra
2813 4351 2871 4401 et
2897 4348 3100 4402 urbem
3127 4345 3622 4417 mediajacebant,

1982 4444 2376 4505 transeuntes,
2421 4438 2544 4492 urbi
2585 4436 2887 4492 vicinioria
2935 4436 3122 4507 figunt
3161 4434 3441 4504 tentoria,
3482 4437 3626 4493 unde

227 4512 299 4566 ud
342 4509 502 4568 illam
549 4512 882 4571 ulteriorem
933 4518 1318 4576 vindicaverat
1370 4521 1704 4593 planitiem3
1755 4540 1872 4596 quo
1906 4537 1949 4602 1)
1982 4528 2214 4584 liberad
2237 4526 2450 4582 moenia
2469 4530 2590 4581 erat
2610 4526 2936 4582 discursus.
2961 4524 3231 4581 Ubidum
3248 4524 3626 4594 pertriduum

227 4599 464 4658 licentia
510 4600 762 4660 influens
809 4604 1098 4681 liberiore,
1145 4614 1418 4683 stagnum
1461 4612 1725 4668 effecerat
1775 4628 1874 4668 ore

226 4690 463 4762 quidem
496 4701 764 4765 angusto,
796 4695 900 4751 sed
933 4696 1090 4754 intus
1115 4714 1352 4771 campos
1381 4701 1653 4756 obtinens
1677 4706 1873 4774 paten-

228 4781 422 4838 tiores.
461 4779 571 4837 Ubi
611 4782 683 4838 ab
722 4783 825 4840 illa
853 4785 946 4841 die
978 4788 1226 4845 marinis
1260 4788 1679 4846 influxionibus
1710 4795 1874 4847 tanta

227 4868 368 4926 solet
396 4868 644 4942 piscium
695 4872 918 4929 includi
951 4876 1288 4943 multitudo,
1325 4883 1389 4934 ut
1421 4896 1534 4935 non
1567 4879 1759 4937 solum
1802 4881 1875 4936 fl·

233 4958 487 5026 nitimis,
518 4977 722 5017 verum
754 4963 928 5019 etiam
961 4966 1201 5023 remotis
1232 4967 1480 5025 urbibus
1503 4970 1800 5026 uberiores
1820 4974 1878 5026 et

230 5047 528 5104 inauditas
553 5050 797 5120 piscium
821 5062 1053 5124 praestet
1073 5058 1535 5114 commoditates.
1563 5059 1877 5131 Occupatis

233 5136 415 5208 igitur
450 5138 572 5194 salo
601 5147 973 5212 restagnante
1005 5144 1146 5200 locis
1179 5147 1325 5202 mari
1357 5147 1759 5215 vicinioribus,
1783 5166 1879 5205 vo-

234 5225 492 5283 lentibus
515 5244 685 5285 secus
705 5246 971 5302 arquoera
992 5235 1248 5292 transire
1273 5236 1497 5293 littorea
1526 5241 1582 5294 et
1611 5238 1666 5293 in
1711 5239 1878 5312 AEgy·

236 5326 400 5384 ptum
429 5316 804 5386 descendere,
835 5322 1126 5393 objectum
1160 5328 1251 5380 est
1279 5326 1681 5398 dispendium,
1725 5329 1878 5400 quod

239 5406 511 5474 stagnum
560 5407 887 5477 circumire,
931 5417 990 5467 et
1018 5413 1366 5470 milliaribus
1414 5417 1634 5483 decem,
1677 5417 1767 5472 vel
1816 5434 1884 5476 eo

228 5489 497 5591 'amplius
523 5495 771 5566 digredi,
802 5504 1113 5573 antequam
1143 5502 1215 5558 ad
1246 5502 1409 5561 littus
1437 5507 1647 5564 iterum
1689 5509 1884 5565 redea-

240 5582 363 5649 tur,
384 5584 635 5652 quadam
660 5588 1010 5649 necessitate
1036 5592 1367 5666 compellat.
1391 5595 1520 5655 Haeo
1541 5601 1738 5656 autem
1753 5613 1885 5671 gra·

1981 4616 2237 4673 assultus
2274 4615 2570 4683 differunt,
2610 4615 3007 4685 experimento
3050 4613 3285 4669 discunt
3325 4628 3508 4685 quam
3538 4629 3626 4669 ve·

1983 4722 2109 4762 rum
2143 4705 2258 4762 sit:

2196 4794 2387 4848 Noe-uit
2418 4794 2638 4865 differre
2661 4792 2902 4864 paratis.

1984 4882 2367 4940 Advenientes
2397 4883 2556 4939 enim
2597 4883 2668 4937 de
2697 4880 3094 4953 superioribus
3113 4878 3342 4953 AEgypti
3366 4880 3626 4948 partibus

1983 4973 2305 5029 'Purcorum
2333 4972 2577 5027 infinitae
2609 4970 3043 5040 multitudines,
3076 4973 3134 5025 et
3164 4969 3419 5027 armatis
3464 4986 3630 5028 naves

1987 5067 2234 5128 onustae,
2257 5062 2469 5118 nostris
2492 5060 2840 5128 videntibus,
2865 5059 3271 5132 necimpedire
3288 5057 3631 5127 valentibus,

1987 5152 2192 5207 urbem
2212 5151 2371 5221 prius
2392 5166 2531 5220 pene
2546 5165 2815 5215 vacuam,
2835 5148 3157 5221 replebant.
3180 5146 3246 5202 st
3264 5162 3444 5218 quam
3466 5149 3636 5220 primo

1991 5256 2228 5297 accessu
2259 5242 2352 5295 vix
2383 5240 2601 5312 primos
2629 5238 2882 5311 impetus
2903 5237 3198 5294 sustinere
3220 5252 3395 5309 posse
3407 5238 3635 5311 judica-

1990 5334 2212 5399 verant,
2238 5346 2390 5385 nunc
2424 5345 2538 5385 non
2563 5328 2673 5383 nisi
2699 5327 2987 5383 machinis
3007 5331 3064 5382 et
3085 5324 3396 5383 tormentis
3417 5325 3637 5384 bellicis

1992 5420 2439 5491 expugnandam
2472 5421 2757 5475 asserunt.
2791 5416 3101 5491 Eliguntur
3118 5430 3254 5489 ergo
3280 5416 3568 5482 artifices,
3588 5423 3635 5471 et

1993 5524 2096 5580 pro
2126 5510 2273 5567 votis
2300 5509 2562 5581 subjecta
2594 5509 2855 5576 materia,
2887 5514 3126 5579 sumptu
3148 5508 3562 5565 numerosiore
3583 5509 3638 5565 et

1993 5596 2189 5656 labore
2221 5599 2475 5656 maximo
2502 5598 2745 5671 erigitur
2761 5595 3071 5655 castellum
3092 5595 3254 5653 mir·
3275 5593 3633 5668 altitudinis,
