3784 6000
282 178 424 257 ωδ

1704 163 1900 239 Lucu,
1938 165 2012 237 ιιι
2053 164 2261 223 PAPAE

3559 169 3716 237 119⁶·

354 303 478 373 Ego
524 298 813 357 Rainerus
846 293 1161 370 presbyter
1198 289 1522 348 cardinalis
1574 290 1933 348 Sanctorum
1963 288 2013 345 Δ
2042 288 2124 346 tio
2148 289 2212 345 in
2238 293 2360 346 tam
2386 305 2558 349 sacro
2580 304 2760 365 opere
2782 294 2903 349 toto
2924 290 3106 351 corde
3133 296 3191 349 et
3215 296 3340 351 tota
3369 296 3578 351 mente
3605 292 3704 351 de—

282 390 532 451 Joannis
561 394 618 445 et
644 386 813 443 Pauli
842 383 991 442 tituli
1016 379 1406 438 Pammachii.

357 481 480 552 Ego
528 477 821 535 Hubertus
851 473 1163 546 presbyter
1191 469 1514 527 cardinalis
1560 469 1756 526 Sancti
1789 469 1942 524 Lau-

287 569 456 629 rentii
478 569 539 646 in
572 567 856 624 Damas0.

358 662 482 730 Ego
501 655 843 714 Theodinus
867 649 1200 709 portuensis
1214 656 1271 707 et
1290 650 1520 706 Sanctae
1536 648 1762 705 Rufinae
1778 649 1937 703 sedis

287 749 628 822 episcopus.

356 840 479 908 Ego
492 831 856 908 Hyacinthus
868 829 1160 887 diaconus
1173 826 1495 884 cardinalis
1511 830 1738 884 Sanctae
1750 827 1938 885 Mariae

285 927 347 984 in
371 923 713 985 cosmedin.

356 1017 478 1087 Ego
494 1012 732 1070 Ardicio
748 1009 1044 1066 diaconus
1059 1005 1380 1063 cardinalis
1404 1007 1600 1063 Sancti
1618 1005 1933 1062 Theodori.

356 1106 478 1177 Ego
505 1105 667 1159 Bono
698 1099 896 1157 Sancti
925 1095 1132 1167 Angeli
1162 1096 1453 1151 diaconus
1486 1094 1825 1151 cardinalis.

356 1196 480 1264 Ego
505 1190 870 1249 Octavianus
901 1187 1197 1243 diaconus
1227 1183 1550 1241 cardinalis
1582 1185 1934 1241 Sanctorum

287 1282 472 1353 Sergii
503 1285 561 1337 et
588 1279 825 1337 Bacchi.

356 1374 480 1442 Ego
495 1368 799 1428 soffredus
819 1365 1113 1423 diaconus
1138 1362 1457 1421 cardinalis
1492 1364 1723 1419 Sanctae
1745 1361 1936 1421 Marioe

282 1458 344 1516 in
366 1458 473 1516 Via
489 1458 654 1515 Lata.

355 1550 480 1618 Ego
510 1544 762 1602 Albinus
802 1542 1096 1599 diaconus
1135 1538 1457 1597 cardinalis
1489 1541 1714 1596 Sanctae
1740 1538 1934 1595 Mariae

280 1652 473 1695 novoe.

355 1727 572 1782 Datum
619 1721 870 1786 velletri,
901 1735 1007 1793 per
1030 1734 1280 1776 manum
1305 1717 1526 1775 Alberti
1555 1719 1782 1774 Sanctae
1825 1720 1934 1774 Ro-

280 1829 479 1874 manoe
498 1811 769 1869 Ecclesiae
789 1810 1122 1883 presbyteri
1144 1807 1463 1864 cardinalis
1487 1812 1544 1863 et
1568 1806 1931 1875 cancellarii,

280 1920 321 1961 n
349 1907 548 1961 Nonas
577 1901 810 1975 Aprilis,
845 1898 1171 1955 indictione
1190 1913 1232 1959 1,
1273 1896 1711 1953 lucarnationis
1741 1897 1935 1953 Domi-

278 1991 430 2051 nicae
470 2006 632 2048 anno
675 1990 832 2055 ¹183,
878 1986 1259 2060 pontificatus
1310 2001 1452 2043 vero
1494 1985 1725 2042 domini
1771 1985 1935 2043 Lucii

276 2096 456 2156 papae
487 2081 557 2137 111
585 2093 830 2138 annon.

1040 2181 1182 2238 cul.

278 2276 603 2348 Privileoia
628 2277 899 2346 fratrum
922 2270 1146 2415 ηιίὶίςῑίκ
1164 2272 1390 2398 Ίὲεἷπρὶι·
1408 2271 1937 2342 Hierosolymitani

941 2359 1044 2400 con
1094 2359 1183 2399 rm
1259 2385 1273 2399 .

775 2432 1056 2503 (Velletri,
1095 2430 1278 2503 April.
1320 2429 1435 2501 28.)

596 2523 840 2597 [Risum
863 2522 1131 2587 F'oedera,
1164 2524 1303 2587 etc.,
1334 2520 1377 2587 1,
1407 2537 1468 2592 p.
1501 2520 1614 2592 37.]

352 2615 551 2670 Luctus
582 2613 928 2684 episcopus,
958 2626 1164 2667 servus
1198 2624 1507 2665 servorum
1549 2609 1671 2676 Dei,
1702 2608 1934 2666 dilectis

281 2702 423 2777 filiis
473 2703 737 2757 Ammno
786 2700 1068 2770 magistro
1097 2697 1385 2769 religiosas
1434 2697 1656 2754 militiae
1709 2698 1933 2771 Templi

281 2792 447 2867 quod
503 2789 896 2863 sex-osolymis
946 2788 1126 2843 situm
1180 2792 1289 2851 est,
1330 2787 1580 2858 ejusque
1630 2786 1931 2855 fratribus,

283 2887 407 2939 tam
438 2879 833 2954 praesentibus
859 2893 1045 2951 quam
1086 2875 1323 2944 futuris,
1356 2875 1414 2930 in
1447 2880 1826 2947 perpetuum.

2047 379 2242 446 sudet,
2277 379 2664 437 nibilominus
2693 387 2892 438 tamen
2939 381 3385 439 universitatem
3429 388 3702 441 vestram

2047 467 2434 525 exhortamur
2471 468 2529 524 in
2584 470 2833 525 Domino
2871 474 3051 541 atque
3096 470 3159 526 in
3189 477 3588 544 peccatorum
3617 488 3706 531 r&

2049 556 2399 614 missionem
2426 557 2774 615 auctoritate
2795 558 2895 614 Dei
2922 566 2976 615 et
3013 558 3173 616 beati
3202 560 3357 617 Petri
3387 562 3706 634 apostolo-

2047 660 2180 701 rum
2203 645 2512 720 principis,
2536 651 2658 702 tam
2686 646 2852 703 vobis
2872 663 3060 720 quam
3082 647 3471 707 servitoribus
3493 651 3708 708 vestris

2046 733 2443 807 injungimus,
2485 740 2548 793 ut
2586 750 2695 808 pro
2731 738 2955 793 tuenda
2999 737 3299 795 catholica
3339 738 3628 807 Ecclesia,
3655 744 3707 799 et

2046 838 2136 896 ea,
2163 840 2301 897 quse
2316 829 2408 881 est
2433 826 2548 882 sub
2573 840 2949 899 paganorum
2976 827 3314 900 tyrannide,
3335 828 3412 886 de
3430 828 3702 902 ipsorum

2047 914 2333 987 spurcitia
2369 915 2650 977 eruenda,
2698 916 3108 987 expugnando
3154 916 3433 975 inimicos
3481 917 3702 990 crucis,

2045 1003 2317 1059 invocato
2348 1001 2563 1060 Christi
2591 1004 2834 1060 nomine
2865 1005 3159 1077 intrepide
3187 1005 3496 1063 laboretis.

2116 1094 2197 1148 Ea
2214 1093 2564 1164 etiam,quae
2586 1093 2660 1149 de
2679 1094 2949 1166 ipsorum
2974 1095 3181 1167 spoliis
3195 1095 3494 1169 ceperitis,
3521 1095 3708 1154 fiden-

2048 1186 2134 1238 ter
2156 1182 2213 1236 in
2247 1197 2393 1237 usus
2420 1187 2649 1238 vestros
2672 1183 3052 1247 convertatis,
3070 1190 3129 1241 et
3157 1199 3232 1240 ne
3262 1183 3337 1241 de
3366 1184 3463 1242 his
3491 1191 3707 1244 contra

2047 1270 2195 1327 velle
2219 1277 2506 1339 vestrum,
2528 1272 2864 1345 portionem
2882 1273 3062 1329 alicui
3079 1273 3224 1331 dare
3243 1275 3554 1348 cogamini
3575 1291 3708 1349 pro-

2043 1358 2348 1417 hibemus.
2388 1361 2725 1418 Statuentes
2772 1368 2839 1419 ut
2884 1363 3109 1419 Domus
3137 1379 3244 1420 seu
3273 1362 3606 1438 Templum
3647 1364 3704 1423 in

2044 1465 2168 1523 quo
2196 1450 2339 1507 estis
2394 1450 2466 1508 ad
2497 1450 2600 1507 Dei
2633 1450 2876 1507 laudem
2907 1456 2965 1509 et
3001 1452 3257 1525 gloriam
3288 1458 3474 1526 atque
3503 1453 3707 1512 defen·

2045 1540 2276 1595 sionem
2307 1555 2557 1596 suorum
2585 1538 2845 1596 fidelium
2879 1545 2936 1597 et
2972 1540 3347 1599 liberandam
3381 1543 3484 1599 Dei
3517 1543 3708 1602 Eccle-

1963 1638 2009 1695 Β
2046 1627 2200 1685 siam
2231 1629 2597 1700 congregati,
2625 1644 2766 1686 cum
2800 1629 3086 1686 omnibus
3114 1631 3618 1703 possessionibus
3653 1639 3708 1693 et

2043 1716 2222 1774 bonis
2256 1718 2378 1774 suis
2406 1733 2543 1791 quae
2585 1718 2644 1775 in
2689 1718 3135 1791 praesentiarum
3178 1720 3444 1791 legitime
3483 1720 3706 1780 habere

2045 1806 2557 1877 cognoscitur,aut
2568 1806 2624 1862 in
2641 1806 2909 1863 futurum
2924 1809 3308 1866 concessione
3320 1809 3704 1893 pontificum,

2044 1894 2404 1953 liberalitate
2451 1912 2662 1970 regum
2697 1895 2790 1952 vel
2832 1896 3193 1970 principum,
3224 1897 3542 1956 oblatione
3567 1900 3710 1959 flde-

2042 1983 2214 2052 lium,
2239 1999 2346 2040 seu
2375 1983 2508 2041 aliis
2530 1984 2706 2056 J'ustis
2738 1985 2933 2042 modis
2963 1991 3281 2058 proestante
3317 1988 3586 2046 Domino
3609 2004 3710 2062 po·

2048 2074 2177 2131 terit
2194 2073 2465 2147 adipisci,
2481 2075 2784 2147 perpetuis
2798 2074 3009 2131 futuris
3026 2076 3402 2149 temporibus
3424 2077 3549 2135 sub
3569 2093 3708 2151 apo-

2046 2162 2267 2220 stolieae
2303 2163 2462 2219 sedis
2500 2162 2683 2220 tutela
2717 2169 2776 2219 et
2808 2162 3178 2236 protectione
3208 2167 3528 2224 consistat.
3559 2170 3708 2225 Prn-

2047 2254 2198 2308 senti
2237 2268 2482 2325 quoque
2509 2253 2749 2310 decreto
2780 2253 3086 2310 sancimus
3128 2259 3187 2310 ut
3231 2256 3357 2312 vita
3400 2255 3704 2327 religiosa,

2043 2357 2183 2415 quas
2212 2340 2271 2396 in
2299 2346 2494 2398 vestra
2521 2341 2707 2397 domo
2749 2346 2859 2413 est,
2893 2342 3098 2399 divina
3127 2342 3466 2415 inspirante
3493 2346 3705 2417 gratia,

2045 2429 2315 2488 instituta
2335 2429 2560 2487 ibidem
2584 2429 3003 2487 inviolabiliter
3023 2430 3392 2503 observetur,
3414 2438 3480 2491 et
3500 2432 3706 2491 fratres

2046 2519 2188 2577 inibi
2214 2519 2608 2593 omnipotenti
2638 2519 2759 2576 Deo
2791 2521 3112 2577 servientes
3131 2526 3292 2578 caste
3321 2527 3382 2578 et
3413 2521 3552 2580 sine
3578 2539 3704 2595 pro·

2048 2610 2177 2680 prio
2199 2608 2400 2665 vivant
2426 2612 2483 2664 et
2501 2608 2934 2682 professionem
2960 2625 3135 2667 suam
3151 2610 3327 2666 dictis
3345 2617 3406 2667 et
3431 2611 3700 2669 moribus

2045 2697 2538 2771 comprobantes,
2564 2698 2853 2769 magistro
2877 2714 2989 2755 suo
3014 2703 3118 2756 aut
3136 2698 3363 2771 quibus
3396 2701 3538 2773 ipse
3565 2718 3699 2773 prn-

2046 2787 2222 2859 cepit,
2251 2786 2311 2843 in
2337 2786 2622 2843 omnibus
2638 2792 2693 2842 et
2718 2803 2825 2860 per
2843 2788 3050 2847 omnia
3072 2787 3318 2860 subJecti
3349 2789 3704 2849 etobedien-

2046 2880 2130 2933 tes
2164 2876 2439 2933 existant.

357 2972 541 3028 Omne
560 2970 767 3027 datum
782 2969 1093 3038 optimum,
1106 2970 1161 3024 et
1183 2978 1353 3022 omne
1368 2964 1586 3022 donum
1603 2966 1932 3035 perfectum
1964 2999 2006 3058 C
2117 2964 2930 3038 Proetereaquemadmodum
2943 2966 3432 3042 domusipsabuj
3443 2986 3516 3027 us
3527 2985 3700 3030 sacre

281 3062 589 3117 desursum
623 3064 728 3122 ese,
755 3056 1108 3114 descendens
1147 3070 1182 3111 a
1215 3057 1399 3111 Patre
1428 3055 1739 3122 luminum,
1770 3057 1938 3125 apud

282 3164 454 3222 quem
475 3164 595 3204 non
621 3150 703 3203 est
729 3144 1169 3208 transmutatio,
1192 3158 1301 3199 nec
1312 3142 1728 3200 vicissitudinis
1739 3144 1937 3201 obum-

288 3236 482 3294 bratio
511 3237 664 3306 (lae.
709 3251 748 3301 ι,
785 3234 893 3304 ¹7).
938 3233 1208 3298 Proinde,
1261 3231 1454 3288 dilecti
1486 3232 1544 3287 in
1592 3233 1845 3290 Domino
1872 3233 1933 3289 fi-

285 3325 368 3393 lii,
391 3326 467 3382 de
489 3324 658 3382 vobis
689 3327 747 3380 et
775 3339 882 3396 pro
913 3321 1081 3379 vobis
1106 3321 1579 3393 omnipotentem
1613 3323 1935 3380 Dominum

289 3414 721 3485 collaudamus,
763 3411 1057 3484 quoniam
1090 3411 1149 3467 in
1172 3410 1450 3467 universo
1480 3410 1709 3468 mundo
1739 3420 1939 3469 vestra

287 3504 498 3577 religio
536 3508 591 3560 et
620 3502 967 3559 veneranda
995 3500 1287 3556 institutio
1326 3498 1634 3556 nuntiatur
1673 3500 1861 3573 (Rom.
1896 3517 1935 3570 1,

291 3595 373 3664 8).
412 3596 560 3651 Cum
600 3592 759 3648 enim
806 3595 1021 3647 natura
1047 3589 1252 3645 essetis
1294 3588 1395 3645 filii
1428 3589 1529 3644 irae
1558 3589 1739 3661 (Epa.
1792 3607 1849 3659 ιι,
1883 3591 1939 3665 8)

292 3687 349 3740 et
370 3681 572 3739 soeculi
596 3679 1004 3753 voluptatibus
1021 3677 1227 3743 dediti,
1259 3693 1421 3734 nunc
1443 3692 1545 3749 per
1573 3678 1939 3751 aspirantem

293 3770 545 3843 gratiam
570 3767 872 3838 Evangelii
904 3782 1022 3823 non
1051 3766 1214 3821 surdi
1246 3765 1548 3821 auditores
1576 3765 1792 3833 effecti,
1814 3767 1940 3823 reli-

293 3857 400 3916 ctis
428 3858 672 3932 pompis
695 3855 1084 3913 saecularibus
1108 3860 1164 3911 et
1185 3853 1364 3910 rebus
1390 3854 1666 3926 propriis,
1692 3855 1943 3938 dimi-ssa

293 3946 477 4004 etiam
499 3947 767 4020 spatiosa
791 3945 910 4011 via,
941 3960 1076 4016 quoe
1101 3943 1265 3999 ducit
1290 3941 1365 3999 ad
1386 3948 1658 4008 mortem,
1682 3944 1940 4002 arduum

294 4036 402 4092 iter
416 4035 578 4108 quod
606 4033 773 4089 ducit
797 4034 875 4090 ad
894 4034 1074 4088 vitam
1101 4031 1341 4101 (Manli.
1373 4046 1472 4096 vn,
1514 4034 1595 4096 13,
1624 4032 1708 4106 ¹4)
1739 4032 1940 4090 humi-

292 4124 424 4181 liter
443 4124 706 4194 elegistis
724 4127 905 4195 atque
930 4120 1007 4177 ad
1026 4119 1551 4193 comprobandum
1574 4122 1740 4193 quod
1762 4125 1821 4178 in
1841 4124 1941 4180 Dei

292 4212 505 4270 militia
542 4210 875 4283 specialiter
930 4208 1360 4281 computemini
1408 4210 1645 4280 signum
1693 4210 1941 4270 vivificas

293 4301 485 4355 crucis
522 4299 583 4354 in
635 4303 828 4354 vestro
868 4303 1105 4369 pectore
1154 4297 1396 4354 assidue
1437 4299 1826 4356 circumfertis
1858 4300 1947 4373 (ΙΙ

2047 3060 2250 3112 νοείτω
2280 3054 2664 3111 institutionis
2710 3061 2767 3111 et
2809 3054 3037 3112 ordinis
3086 3056 3220 3112 fons
3255 3061 3315 3114 et
3355 3059 3536 3130 origo
3569 3074 3703 3120 ansa

2045 3142 2396 3215 promeruit,
2435 3142 2519 3199 ita
2565 3141 2956 3199 nihilominus
2994 3145 3270 3202 omnium
3314 3145 3594 3206 locon-nm
3629 3147 3702 3204 ad

2045 3248 2181 3289 eam
2206 3230 2631 3304 pertinentium
2656 3235 2841 3304 caput
2861 3236 2917 3288 et
2941 3234 3226 3304 magistre
3251 3233 3312 3294 in
3337 3240 3702 3309 perpetuum

2046 3321 2359 3378 habeatur.
2391 3319 2482 3376 Ad
2523 3320 2652 3377 hoec
2692 3320 3043 3392 adjicientes
3081 3323 3472 3396 procipimus
3511 3329 3578 3382 ut
3603 3325 3704 3382 ob-

2047 3414 2221 3467 eunte
2239 3408 2544 3478 te,dilecte
2565 3410 2624 3465 in
2644 3409 2899 3467 Domino
2926 3409 3011 3468 tili
3031 3411 3314 3479 Arnalde,
3346 3413 3440 3470 vel
3459 3418 3700 3472 tuorum

2046 3499 2313 3573 quolibet
2341 3514 2780 3572 successorum,
2806 3498 3004 3558 nullus
3032 3500 3305 3572 eiusdem
3336 3502 3571 3561 domus
3597 3504 3706 3562 fra·

2051 3590 2240 3646 tribus
2278 3594 2683 3661 praeponatur,
2717 3587 2828 3646 nisi
2866 3588 3145 3647 militaria
3172 3597 3230 3647 et
3257 3590 3552 3663 religiosa
3581 3609 3710 3667 per·

2052 3693 2224 3744 sona,
2248 3693 2385 3750 quoe
2415 3681 2623 3733 vestroe
2657 3679 3127 3736 conversationis
3154 3677 3438 3738 habitum
3469 3681 3554 3738 sit
3577 3697 3712 3756 pro-

2051 3765 2251 3838 fessa;
2284 3782 2395 3822 nec
2421 3766 2498 3823 ab
2520 3764 2654 3822 aliis
2683 3767 2803 3822 nisi
2841 3765 2920 3822 ab
2943 3766 3232 3824 omnibus
3258 3766 3562 3828 fratribus
3581 3772 3710 3829 insi·

2052 3856 2199 3923 mul,
2222 3855 2316 3912 vel
2336 3871 2373 3911 a
2404 3855 2625 3912 saniori
2647 3871 2718 3913 ac
2739 3855 2964 3927 puriori
2985 3871 3195 3913 eorum
3212 3863 3410 3930 parte,
3431 3860 3547 3933 qui
3571 3875 3708 3934 pre·

2053 3945 2368 4020 ponendus
2409 3945 2601 4012 fuerit,
2637 3944 2915 4017 eligatur.

2124 4038 2301 4092 Porro
2322 4034 2786 4092 consuetudines
2801 4036 2880 4090 ad
2894 4039 3100 4092 vestras
3119 4035 3436 4106 religionis
3457 4043 3520 4096 et
3535 4037 3706 4096 officii

2051 4124 2521 4188 observantiam,
2543 4138 2580 4178 a
2610 4123 2898 4194 magistro
2922 4129 2979 4180 et
3005 4122 3287 4181 fratribus
3311 4128 3706 4186 communiter

2051 4212 2351 4269 institutas
2383 4211 2527 4268 nulli
2554 4210 2972 4270 ecclesiasticas
3014 4211 3396 4271 stacularisve
3433 4230 3702 4288 persono

2050 4301 2372 4372 infringere
2397 4300 2487 4357 vel
2510 4299 2780 4357 minuere
2807 4302 2882 4357 sit
2901 4300 3150 4362 licitum.
3181 4302 3446 4362 Easdem
3467 4319 3706 4380 quoque

292 4389 424 4447 Gor.
457 4403 536 4456 iv,
578 4386 685 4458 10).
732 4385 973 4443 Accedit
1015 4385 1092 4442 ad
1137 4386 1250 4442 hoc
1288 4386 1454 4458 quod
1488 4393 1777 4460 tanquam
1819 4391 1940 4447 veri
1973 4365 2018 4421 D
2049 4389 2569 4447 consuetudinesa
2592 4388 2762 4446 vobis
2778 4388 3112 4461 aliquando
3136 4394 3415 4464 tempore
3431 4393 3706 4452 obseru-

287 4476 564 4535 Israelitae
593 4481 773 4549 atque
799 4474 1241 4532 instructissimi
1268 4474 1454 4531 divini
1480 4476 1664 4547 praelii
1695 4478 1940 4537 bellato-

284 4582 404 4633 res,
428 4581 582 4624 veroe
601 4564 908 4623 charitatis
922 4564 1174 4621 flamma
1200 4565 1471 4621 succensi
1501 4565 1725 4621 dictum
1751 4579 1938 4625 evan-

284 4655 541 4729 gelicum
556 4655 841 4729 operibus
853 4653 1219 4726 adimpletis,
1238 4669 1362 4727 quo
1378 4653 1621 4711 dicitur:
1644 4655 1937 4727 Maiorem

283 4744 397 4802 ltac
415 4744 967 4803 dilectionemnemo
982 4743 1177 4809 habet,
1192 4750 1451 4815 quamue
1474 4743 1738 4802 animam
1763 4761 1932 4803 suam

274 4840 465 4904 ponat
504 4850 617 4904 pro
655 4834 860 4891 amicis
889 4833 1010 4889 suis
1061 4833 1255 4904 (Ιοαη.
1306 4848 1405 4898 xv,
1454 4831 1562 4904 18).
1598 4832 1763 4890 Unde
1792 4851 1929 4892 cum

278 4924 501 4979 summi
546 4923 801 4979 Pastoris
847 4937 1051 4977 vocem
1086 4920 1254 4994 juxta
1285 4922 1520 4978 animas
1548 4927 1771 4978 vestras
1818 4939 1928 4995 pro

274 5011 555 5068 fratribus
580 5027 802 5083 ponere
825 5011 874 5083 <1
905 5011 1080 5068 Joan.
1113 5025 1193 5073 ιιι,
1217 5012 1327 5082 16),
1360 5026 1586 5084 eosque
1616 5011 1696 5068 ab
1725 5011 1928 5069 incur-

274 5100 440 5157 sibus
473 5115 852 5172 paganorum
882 5099 1196 5156 defensare
1223 5100 1468 5155 minime
1493 5100 1822 5157 formidetis
1845 5106 1922 5169 et,

271 5204 409 5245 cum
439 5189 684 5245 nomine
726 5188 1095 5245 censeamini
1125 5187 1359 5255 milites,
1386 5188 1694 5245 constituti
1725 5188 1863 5245 estis
1885 5207 1922 5247 a

270 5275 526 5335 Domino
552 5277 854 5334 catholicas
884 5277 1155 5335 Ecclesiae
1184 5278 1530 5335 defensores
1568 5282 1626 5336 et
1652 5277 1919 5338 inimico-

266 5380 404 5424 rum
434 5366 645 5425 Christi
673 5369 1146 5442 impugnatores.

2049 4484 2138 4536 tas
2168 4484 2223 4536 et
2248 4479 2469 4551 scripta
2487 4477 2777 4547 firmatas,
2800 4494 2920 4536 non
2944 4478 3058 4536 nisi
3083 4478 3162 4536 ab
3180 4494 3254 4536 eo
3283 4479 3396 4554 qui
3425 4485 3706 4556 magister

2045 4573 2158 4634 est,
2197 4567 2607 4624 consentiente
2640 4571 2843 4624 tamen
2873 4568 3096 4626 saniori
3126 4573 3302 4641 parte
3330 4570 3614 4646 capituli,
3635 4571 3701 4630 ti·

2043 4662 2173 4714 ceat
2200 4656 2528 4715 immutari.
2555 4655 2953 4715 Prohibemus
2992 4661 3196 4714 autem
3235 4661 3298 4716 et
3335 4659 3704 4720 omnimodis

2039 4745 2455 4804 interdicimus
2476 4749 2540 4801 ut
2554 4744 2886 4812 fidelitates,
2900 4744 3192 4814 hominia,
3211 4745 3346 4805 sive
3357 4745 3702 4819 juramenta

2041 4835 2134 4892 vel
2148 4833 2408 4909 reliquas
2427 4835 2772 4891 securitates
2782 4850 2921 4909 quoe
2940 4851 2978 4894 a
3003 4834 3410 4894 sacularibus
3433 4837 3700 4916 Imquen·

2037 4928 2259 4992 tantur,
2300 4923 2464 4981 nulla
2492 4922 2895 4982 ecclesiastica
2937 4923 3318 4982 saecularisve
3349 4941 3620 5000 persona
3663 4943 3696 4986 ι

2038 5014 2325 5085 magistro
2357 5018 2405 5070 et
2440 5012 2724 5070 fratribus
2757 5012 3031 5086 ejusdem
3060 5012 3288 5072 domus
3321 5017 3578 5092 exigere
3603 5034 3692 5078 au-
3781 5007 3784 5018 ⁴

2035 5103 2192 5160 deat.
2221 5102 2368 5159 Illud
2407 5106 2608 5159 autem
2638 5101 2863 5170 scitote,
2896 5118 3036 5162 cum
3079 5102 3237 5160 sicut
3282 5112 3504 5166 vestra
3539 5121 3696 5166 sam

2035 5193 2328 5250 institutio
2355 5196 2411 5248 et
2433 5191 2740 5263 religionis
2771 5192 2981 5250 militia
3017 5190 3225 5250 divina
3258 5199 3358 5252 est
3385 5196 3694 5270 providen-

2038 5283 2119 5339 tia
2149 5280 2424 5349 stabilita,
2445 5279 2935 5338 itanibilominus
2963 5279 3187 5339 nullius
3212 5281 3354 5340 vitm
3369 5284 3688 5360 religiosio-

2034 5370 2116 5429 ris
2158 5372 2410 5430 obtentu
2437 5368 2518 5428 ad
2559 5368 2763 5427 Iocum
2791 5368 2978 5427 alium
3016 5383 3128 5428 vos
3161 5373 3456 5432 convenit
3481 5387 3694 5436 conro-

336 5453 498 5512 Licet
515 5461 719 5515 autem
745 5460 1009 5516 vestrum
1033 5455 1301 5516 studium
1314 5459 1375 5517 et
1393 5455 1708 5518 laudanda
1735 5457 1920 5520 devo-
2031 5458 2180 5529 lare,
2210 5460 2366 5519 Deus
2391 5459 2555 5518 enim
2595 5459 2704 5533 qui
2748 5463 2844 5519 est
2876 5457 3404 5520 incommutabilis
3440 5468 3504 5525 ct
3541 5467 3694 5540 qur-
