3784 6000
302 234 423 301 607

1374 234 1799 297 GUILLELMI
1840 234 2234 299 TYRENSIS
2275 235 2640 299 ARCfflEP.

3595 242 3716 307 608

303 367 444 425 tatis
472 370 583 437 est,
617 384 753 427 cum
783 368 1062 427 uxoribus
1099 373 1158 427 et
1209 369 1430 437 liberis,
1461 384 1524 427 se
1562 385 1695 426 cum
1738 369 1948 427 multo·
1980 370 2034 438 A
2063 374 2215 427 stros
2242 369 2365 427 haec
2396 369 2700 427 molestius
2729 369 2851 442 pati
2891 386 3065 443 posse
3107 386 3224 430 non
3255 373 3596 434 dubitabat.
3625 379 3709 437 Ad

304 457 506 516 labore
536 461 902 534 recipientes,
936 461 1028 517 vix
1054 477 1087 517 a
1116 461 1273 518 crede
1336 465 1393 517 et
1441 462 1729 520 incendiis
1766 461 1947 534 elapsi
2059 459 2183 516 hoec
2210 465 2268 516 et
2301 459 2452 517 cirea
2482 459 2755 533 oppidum
2780 467 2894 517 tam
2919 461 3251 535 frequentes
3273 462 3533 523 hostium
3548 472 3712 527 erant

305 555 463 605 sunt.
496 547 602 607 llle
632 555 848 617 autem,
897 549 1127 606 nemine
1184 549 1547 622 prohibente,
1580 550 1949 607 discursibus
2059 549 2360 623 dispositae
2390 550 2674 618 cohorteS,
2705 554 2764 606 et
2820 554 2987 607 tanta
3035 550 3345 623 diligentia
3375 569 3588 613 omnes
3609 558 3709 615 ob·

304 635 505 693 liberis
557 638 889 696 universam
950 638 1151 696 urbem
1206 639 1612 710 obambulans,
1659 640 1948 698 incendiis
2056 640 2594 706 servabantaditus‚
2628 644 2691 697 ut
2708 657 2812 697 nec
2842 644 2915 697 ad
2945 657 3050 697 nos
3084 642 3357 700 accedere
3385 645 3710 720 quispiam,

303 729 519 783 cuncta
543 727 882 799 subjiciens,
915 729 1170 801 praedam
1219 736 1273 787 et
1321 729 1653 800 manubias,
1684 735 1741 787 et
1780 746 1945 802 quas-

298 828 530 888 cunque
557 816 1038 876 desiderabilium
1060 818 1203 875 urbe
1219 818 1624 893 depopulatus,
1646 819 1943 877 indemnis

296 903 556 962 recessit.

806 1104 817 1133 ἶ
860 1042 1095 1100 CAPUT
1132 1041 1378 1099 xxvm.

297 1148 613 1205 Festinatur
639 1148 711 1204 ad
755 1152 896 1222 reqis
932 1148 1241 1206 subsidium
1261 1170 1283 1218 ,·
1320 1149 1411 1207 sed
1448 1151 1672 1208 obsessis
1701 1152 1942 1226 majores

674 1223 896 1278 interim
930 1225 1252 1294 inseruntur
1280 1223 1564 1280 molestiae.

370 1353 706 1426 Sanguinus
761 1354 982 1413 interea
1036 1356 1308 1414 obsessos
1374 1358 1669 1415 continuis
1727 1374 1943 1431 urgens

300 1441 605 1512 molestiis,
666 1445 881 1503 moenia
944 1446 1253 1504 tormentis
1311 1447 1598 1519 quatiens,
1653 1449 1942 1506 machinis

302 1531 549 1589 molares
585 1538 643 1590 et
684 1549 823 1590 sexa
873 1533 1131 1607 ingentia
1171 1537 1539 1609 jaculatoriis
1588 1538 1648 1594 in
1680 1538 1942 1595 medium

298 1624 692 1694 contorquens
720 1623 1082 1696 praesidium,
1112 1626 1313 1682 domos
1333 1628 1651 1698 prosternit
1678 1627 1942 1697 interius,

2057 744 2160 787 nec
2191 730 2260 784 de
2283 729 2496 786 nostris
2516 731 2708 801 egredi
2729 729 2968 800 aliquis,
2998 732 3169 802 quasi
3201 748 3323 789 rem
3353 734 3713 806 desperatam

2053 821 2385 875 attentaret.
2410 819 2744 891 Augebatur
2765 818 3017 876 obsessis
3041 819 3101 876 in
3132 819 3251 879 dies
3283 821 3561 882 molestia
3583 825 3710 883 siu-

2053 907 2240 979 gulos,
2274 912 2332 965 et
2359 908 2512 967 victu
2547 907 2775 979 penitus
2806 908 3135 979 deficiente,
3171 910 3406 969 nullum
3429 917 3563 971 erat
3591 914 3712 987 spei

2053 997 2388 1067 residuum;
2421 1000 2478 1054 et
2497 996 2669 1053 rebus
2696 996 2838 1068 ipsis
2861 998 3715 1074 edocebantur,quam.violen·

2050 1090 2169 1143 tum
2204 1086 2278 1143 sit
2310 1086 2483 1143 samis
2529 1086 2867 1158 imperium,
2901 1090 2957 1143 ct
3003 1103 3185 1160 quam
3222 1105 3351 1149 vere
3378 1090 3610 1151 dietum
3639 1094 3716 1151 sit

2051 1175 2198 1233 illud
2232 1193 2246 1232 t
2277 1177 2478 1233 Asseria
2499 1176 2658 1232 urbes
2685 1176 2806 1232 sola
2833 1178 3028 1247 sames.
3060 1178 3295 1247 (Lucan.
3330 1196 3422 1252 111,
3448 1181 3576 1253 56.)

2123 1266 2184 1321 Id
2218 1273 2411 1322 lamen
2438 1271 2774 1337 pereuntem
2806 1282 3171 1339 quocunque
3203 1269 3378 1328 modo
3403 1270 3606 1328 adhuc
3630 1273 3715 1331 ἰο-

2050 1355 2220 1412 vebat
2249 1355 2555 1429 populum,
2581 1355 2731 1427 quod
2756 1355 3036 1427 principis
3057 1361 3116 1413 et
3142 1357 3378 1417 comitis
3400 1358 3714 1433 Edessam,

2053 1460 2278 1501 necnon
2299 1449 2358 1501 et
2413 1444 2941 1516 Hierosolymorum
3003 1446 3497 1518 praestolabantur
3525 1452 3714 1509 subsi·

2052 1534 2246 1603 dium;
2278 1540 2355 1605 et,
2389 1534 2528 1607 quia
2554 1535 2743 1591 maimo
2772 1535 3180 1609 cupientinihil
3197 1536 3368 1596 castis
3386 1540 3710 1615 testinatur,

2054 1624 2244 1683 omnis
2274 1625 2594 1682 habebatur
2609 1640 2774 1681 mora
2829 1625 3168 1697 suspectior,
3193 1626 3475 1687 dilatione
3502 1634 3708 1690 votnm

300 1725 416 1767 non
447 1709 574 1767 sine
606 1711 792 1769 multa
817 1712 1182 1771 inclusorum
1212 1714 1557 1785 formidinem
1592 1717 1771 1773 tantis
1788 1717 1944 1773 enim
1978 1751 2026 1816 B
2056 1718 2331 1784 creverat,
2354 1714 2575 1773 ethera
2604 1730 2707 1787 pro
2739 1730 2892 1772 anno
2921 1715 3392 1788 computabatur.

299 1813 399 1855 eos
428 1803 628 1856 cautes
656 1801 936 1858 violenter
960 1802 1232 1874 immissi,
1262 1808 1527 1861 contorta
1573 1806 1944 1863 omnimodo-

298 1903 430 1945 rum
463 1886 705 1945 telorum
731 1905 963 1963 genera,
980 1892 1389 1965 opprimebant
1408 1894 1718 1967 augustiis,
1742 1899 1805 1952 ut
1812 1896 1940 1968 jam

298 1973 454 2033 intra
485 1994 684 2036 muros
714 1979 915 2038 nullus
947 1988 1105 2042 tutus
1135 1982 1208 2040 ad
1229 1984 1605 2042 occultandos
1625 1986 1853 2043 saucios
1885 1990 1942 2043 et

296 2066 517 2126 debiles
548 2070 905 2130 inveniretur
944 2072 1130 2130 locus.
1164 2072 1389 2147 Ubique
1431 2075 1780 2148 periculum,
1814 2076 1942 2132 ubi-

297 2173 413 2231 que
458 2158 795 2231 discrimen,
826 2167 883 2219 et
939 2163 1143 2221 mortis
1170 2163 1363 2237 imago
1394 2168 1704 2223 tremendas
1737 2181 1936 2223 eorum

296 2262 361 2304 se
388 2246 689 2321 ingerebat
707 2250 931 2321 oculis;
964 2256 1021 2309 et
1050 2253 1346 2311 mentibus
1367 2271 1483 2311 non
1513 2256 1709 2312 deerat
1738 2271 1939 2327 repen·

297 2335 407 2393 tini
466 2339 640 2395 timor
667 2339 955 2409 interitus,
979 2346 1036 2399 et
1066 2358 1307 2399 casuum
1333 2345 1644 2416 praesentia
1666 2345 1938 2402 sinistro-

296 2441 452 2481 rum.
482 2427 564 2482 Ad
598 2428 706 2484 hoc
763 2429 848 2485 vir
894 2431 1275 2498 saevissimus,
1306 2434 1565 2490 assultus
1594 2434 1935 2507 ingeminat,

295 2516 354 2569 et
376 2513 688 2572 destinatis
718 2532 820 2588 per
840 2519 991 2575 vices
1013 2520 1366 2592 agminibus,
1387 2525 1778 2580 successionis
1797 2541 1939 2597 quo-

295 2602 429 2661 dam
462 2606 666 2663 ordine
695 2609 846 2665 vires
877 2617 1143 2682 reperat3
1176 2617 1234 2667 et
1262 2613 1551 2683 prioribus
1582 2614 1935 2687 defatigatis,

294 2700 558 2754 recentes
614 2699 917 2772 subrogat,
947 2707 1007 2757 ut
1066 2703 1471 2760 continuatum
1530 2704 1725 2775 potius
1757 2721 1935 2777 quam

291 2793 634 2845 renovatum
668 2789 961 2847 videretur
1013 2792 1345 2864 proeliorum
1393 2795 1716 2866 negotium.
1742 2794 1934 2852 Nostri

289 2892 445 2945 vero,
468 2895 582 2937 non
615 2879 894 2938 habentes
950 2883 1021 2938 ad
1073 2883 1225 2939 hanc
1254 2883 1674 2941 vIcissitudinis
1708 2899 1936 2941 recrea-

287 2966 507 3027 tionem
529 2970 917 3029 inducendam
940 2973 1303 3030 sufsscientes
1324 2975 1539 3047 copias,
1556 2974 1666 3046 ipsi
1690 2974 1933 3048 primos,

287 3055 402 3130 ipsi
460 3061 810 3119 novissimos
865 3062 1220 3120 continuatis
1283 3063 1581 3120 laboribus
1638 3065 1937 3121 sustinent

288 3152 564 3223 impetus.
596 3151 1042 3210 Diminuebatur
1070 3157 1350 3225 praeterea
1369 3169 1569 3210 eorum
1603 3154 1801 3211 diebus
1823 3156 1934 3209 sin·
1964 3131 2008 3200 C

288 3239 442 3310 gulis
471 3256 773 3310 numerus,
796 3240 922 3297 aliis
941 3242 1246 3298 vulnerum
1269 3242 1607 3313 acerbitate,
1624 3242 1754 3300 aliis
1774 3243 1938 3313 aegri-

286 3330 564 3389 tudinum
592 3329 868 3387 varietate
897 3330 1385 3388 decumbentibus
1408 3349 1423 3401 ;
1446 3332 1721 3389 omuibus
1740 3336 1936 3390 autem

289 3435 447 3478 unus
475 3420 740 3492 idemque
771 3419 1051 3488 deiectus,
1081 3425 1140 3477 et
1184 3419 1500 3477 tolerandas
1534 3422 1785 3492 perpetis
1814 3438 1933 3479 mo·

2640 1848 2871 1906 CAPUT
2908 1848 3108 1906 XXIX.

2048 1975 2205 2034 Adest
2250 1975 2556 2032 subsidium
2587 1993 2601 2042 ;
2641 1977 2734 2032 sed
2782 1977 3008 2034 interim
3036 1992 3127 2034 rat·
3155 1977 3226 2035 ad
3254 1977 3598 2040 deditionem
3619 1983 3712 2040 in-

2113 2048 2363 2176 filtigsstur
2381 2068 2401 2116 ;
2426 2055 2480 2105 et
2505 2050 2686 2120 pactis
2729 2048 2906 2116 initis,
2937 2064 3111 2121 sospes
3141 2050 3212 2106 ad
3237 2054 3481 2125 propria
3511 2070 3709 2127 regre-

2117 2254 2343 2311 Interea
2362 2253 2504 2310 dum
2543 2254 2664 2310 haec
2703 2253 2859 2311 circa
2902 2253 3264 2313 obsidionem
3310 2256 3399 2315 sic
3427 2266 3710 2332 aguntur,

2047 2343 2317 2416 princeps
2348 2343 2708 2400 Raimundus
2746 2360 2876 2401 cum
2907 2345 3034 2401 suis
3066 2346 3193 2418 jam
3224 2347 3427 2404 aderat
3455 2347 3710 2422 legioni-

2045 2432 2178 2501 bus,
2209 2448 2405 2489 comes
2436 2447 2662 2505 quoque
2684 2432 3012 2491 Edessanus
3041 2433 3301 2507 iugentia
3332 2436 3573 2495 trahens
3601 2454 3703 2511 ag·

2046 2523 2207 2578 mina
2225 2537 2337 2578 non
2370 2521 2536 2595 longe
2553 2522 2788 2590 aberat;
2820 2524 2921 2579 sed
2952 2531 3005 2580 et
3036 2522 3574 2595 Hierosolymorum
3595 2543 3700 2585 ex·

2044 2612 2258 2669 ercitus
2279 2612 2590 2669 salutiferas
2610 2611 2832 2684 lignum
2852 2614 3039 2671 erucis
3058 2619 3373 2686 sequentes
3397 2616 3697 2674 unanimi-

2044 2707 2149 2770 ter,
2181 2705 2475 2758 maturato
2506 2703 2709 2757 itincre
2726 2702 3143 2760 accelerabant.
3167 2705 3292 2771 Quo
3323 2719 3429 2776 per
3450 2707 3698 2763 nuntios

2045 2790 2245 2847 fideles
2275 2794 2592 2863 comperto,
2624 2790 2951 2864 Sanguinus
2994 2791 3203 2850 timens
3250 2797 3556 2852 tantorum
3587 2796 3696 2852 ad-

2043 2887 2275 2938 ventum
2308 2880 2636 2953 principum
2661 2896 2674 2946 ;
2697 2880 2875 2952 idque
2924 2880 3236 2953 specialius
3286 2883 3698 2953 reformidans,

2044 2987 2115 3028 ne
2145 2971 2353 3028 auditis
2380 2971 2753 3029 obsessorum
2782 2971 3304 3044 molestiis,eisque
3322 2975 3700 3047 compatiens

2042 3060 2319 3117 dominus
2365 3061 2699 3130 imperator,
2730 3075 2907 3131 quem
2956 3059 3109 3116 circa
3143 3061 3520 3120 Antiochiam
3565 3047 3698 3122 ease

2044 3154 2405 3222 cognoverat,
2430 3165 2562 3205 cum
2583 3149 2709 3205 suis
2729 3148 3191 3206 intolerabilibus
3222 3149 3405 3222 copiis
3434 3167 3619 3225 super
3637 3170 3702 3211 se

2045 3238 2226 3295 iratus
2256 3238 2460 3301 irruat.
2492 3243 2806 3308 antequam
2831 3239 2902 3294 ad
2934 3240 3202 3296 obsessos
3235 3240 3326 3296 hic
3352 3255 3556 3299 rumor
3573 3258 3692 3314 per-

2044 3328 2254 3396 veniat,
2285 3328 2356 3383 de
2372 3343 2509 3400 pace
2529 3327 3360 3400 primusmissisinternuntiis
3380 3330 3692 3388 dominum

2042 3433 2236 3491 regem
2261 3418 2600 3490 etprinceps
2615 3434 2755 3474 suos
2785 3416 3104 3489 alloquitur
3126 3437 3141 3487 ς
3166 3416 3396 3475 dicens:
3434 3420 3692 3476 Castrum

289 3505 470 3566 lestiae
502 3524 604 3581 per
630 3507 993 3581 impotentia.
1027 3509 1238 3566 Noctes
1258 3510 1439 3576 enim,
1471 3511 1732 3567 excubiis
1754 3511 1936 3584 depu-
2031 3508 2154 3581 jam
2183 3508 2672 3572 semitutum,'anee
2689 3522 2746 3564 se
2773 3506 2869 3563 diu
2887 3522 2999 3562 non
3036 3523 3188 3578 posse
3214 3515 3362 3564 stare
3380 3524 3403 3571 ‚·
3419 3510 3690 3581 populum

287 3598 395 3655 tati
455 3596 760 3654 trahebant
815 3598 1149 3667 insomnes;
1182 3598 1388 3656 diebus
1443 3616 1600 3666 vero,
1639 3599 1934 3656 continuis
2029 3598 2288 3671 jeiunum
2312 3597 2910 3667 etfamelaborantem,
2934 3596 3225 3653 resistendi
3244 3598 3385 3654 uires
3404 3607 3460 3655 et
3479 3601 3688 3657 animos

285 3689 795 3763 congressionibus
815 3689 1271 3762 fatigata,nullas
1295 3690 1674 3763 percipiendas
1719 3691 1932 3763 quietis
2038 3686 2329 3749 amisisse.-
2357 3702 2520 3742 suum
2560 3701 2681 3742 vero
2739 3694 2958 3742 econtra
3006 3689 3333 3757 exer-cltum,
3357 3690 3687 3746 necessariis

279 3779 352 3836 ad
384 3781 818 3836 restaurandam
866 3796 1175 3852 corporum
1220 3780 1698 3850 exinanitionem,
1730 3781 1930 3838 hostes
2035 3776 2358 3842 abundat-ei
2387 3782 2573 3831 tamen
2600 3774 2811 3831 d0ml'ni
2839 3778 2980 3846 ”091'8
3009 3777 3239 3843 iniusta,
3259 3778 3356 3848 qui
3379 3793 3619 3847 mamm:
3639 3788 3688 3835 et

279 3869 455 3927 ferias
508 3869 912 3941 indulgebant.
949 3870 1268 3927 Accedebat
1297 3875 1356 3925 et
1385 3871 1452 3926 ad
1509 3870 1796 3927 malorum
1828 3887 1930 3927 cu·
2035 3868 2281 3921 eminutus
2305 3873 2442 3921 esset
2468 3867 2724 3937 princeps
2766 3865 2822 3920 in
2872 3865 3076 3937 pupulo
3112 3864 3446 3933 Christiano,
3470 3866 3608 3924 dicit
3637 3884 3688 3923 se

277 3955 531 4024 mulum,
553 3958 707 4028 quod
741 3972 845 4012 nec
861 3958 1255 4030 ingredientes
1268 3956 1674 4014 alimentorum
1698 3957 1924 4027 aliquid
2033 3956 2314 4012 universos
2346 3955 2594 4027 captivos
2624 3968 2755 4025 quos
2802 3953 2980 4025 paulo
3024 3962 3150 4010 ante
3194 3965 3430 4026 ceperat,
3459 3959 3578 4012 tam
3601 3972 3686 4014 co-

273 4045 631 4113 intulerant3
675 4062 780 4102 nec
833 4046 893 4102 in
933 4051 1144 4115 castre,
1177 4063 1243 4103 ex
1304 4047 1494 4119 priore
1558 4046 1921 4115 obsessione,
2031 4046 2221 4100 mitem
2251 4060 2413 4115 quam
2468 4044 2606 4099 alios
2637 4045 3049 4109 restituturam,
3081 4049 3134 4099 et
3161 4043 3380 4101 donzino
3411 4047 3534 4115 rem·
3559 4062 3684 4101 cum

270 4140 395 4195 erat
442 4134 676 4208 aliquod
736 4135 925 4191 victus
983 4136 1319 4202 residuum;
1388 4152 1520 4191 nam
1588 4135 1739 4205 quod
1807 4134 1920 4207 ipsi
2028 4135 2280 4190 omnibus
2326 4148 2439 4189 suis
2495 4133 2730 4188 liberam
2756 4138 2811 4187 et
2850 4132 3222 4205 tranquillum
3262 4135 3501 4202 exitum,
3533 4142 3590 4192 et
3620 4135 3688 4192 ad

270 4225 483 4281 inferre
521 4224 914 4291 decreverant,
945 4222 1007 4279 in
1067 4239 1278 4280 manus
1318 4224 1575 4280 hostium
1615 4242 1747 4280 cum
1784 4241 1920 4281 om-
2021 4226 2249 4296 propr-ia
2277 4222 2543 4286 reditum,
2593 4221 2945 4278 indultarum
2988 4225 3037 4277 si
3075 4225 3127 4278 ei
3154 4227 3395 4279 castrum
3421 4224 3685 4285 omnibus

266 4313 328 4369 ni
357 4315 698 4384 pervenerat
730 4312 1081 4382 integritate.
1104 4311 1266 4369 Unde
1296 4312 1495 4367 statim
1530 4318 1660 4384 post
1690 4313 1918 4385 ingres·
2025 4328 2255 4368 vacuum
2285 4315 2573 4368 restituere
2607 4312 2898 4368 voluerint.
2924 4311 3115 4368 Nostri
3149 4328 3317 4383 porro
3351 4314 3682 4370 nescientes

269 4414 430 4468 sum,
460 4415 624 4466 suos,
653 4397 734 4454 nil
765 4398 925 4454 aliud
982 4398 1287 4467 habentes,
1316 4415 1499 4470 equos
1519 4400 1911 4470 comederant,
2025 4409 2139 4459 tam
2174 4417 2430 4473 praesens
2457 4416 2587 4457 esse
2630 4399 2980 4467 subsidium,
3010 4405 3283 4471 praeterea
3314 4401 3495 4468 tame,
3528 4403 3687 4475 vigi-

264 4488 485 4561 quibus
507 4487 942 4556 deficientibus,
972 4486 1166 4543 omnis
1224 4486 1460 4543 omnino
1492 4487 1777 4544 defecerat
1807 4488 1917 4544 ali-
1947 4511 1994 4577 D
2022 4490 2137 4559 liis,
2170 4490 2494 4560 laboribus,
2527 4506 2742 4561 angore
2791 4489 2999 4557 attriti,
3030 4488 3368 4547 vulneribus
3415 4492 3675 4548 confossi

266 4578 485 4636 monia.
539 4577 1016 4635 Attenuabantur
1071 4578 1265 4650 itaque
1310 4593 1428 4649 prae
1452 4578 1701 4648 jejunio,
1733 4578 1912 4634 etiam
2022 4580 2361 4650 lethalibus,
2393 4578 2663 4636 imbelles
2694 4579 2830 4635 sacti
2863 4583 2922 4635 et
2966 4579 3231 4636 exhausti
3264 4578 3508 4649 viribus,
3541 4598 3680 4638 ver-

261 4669 500 4727 iortium
530 4676 584 4726 et
607 4667 986 4725 robustorum
1010 4683 1251 4740 corpora
1274 4685 1290 4738 ;
1314 4671 1371 4723 et
1402 4667 1641 4723 inducta
1663 4684 1765 4740 per
1785 4667 1911 4724 ine-
2024 4669 2157 4727 bum
2190 4669 2452 4727 oblatum
2476 4684 2609 4724 cum
2632 4668 2792 4725 omni
2811 4666 3090 4725 aviditate
3107 4668 3457 4740 suscipiunt,
3480 4670 3671 4728 admi-

262 4759 417 4816 diam
449 4759 686 4825 macies,
707 4758 965 4816 strenuis
993 4757 1168 4813 etiam
1198 4758 1348 4814 vires
1372 4759 1697 4815 furabatur.
1731 4759 1914 4816 Tanta
2022 4769 2215 4818 rantes
2247 4761 2400 4816 unde
2432 4763 2590 4815 tanta
2611 4758 2870 4816 hominis
2904 4758 3414 4816 tamiuelementis
3435 4775 3682 4833 proces-

2022 4850 2164 4908 serit
2192 4848 2531 4906 humanitas
2562 4866 2575 4903 :
2612 4865 2960 4922 quacunque
2990 4854 3184 4906 tamen
3206 4849 3683 4923 occasione,por-

2026 4944 2208 4998 rectas
2237 4944 2535 5012 gratanter
2562 4938 2893 5012 suscipiunt
2917 4939 3302 4998 conditiones.
3334 4939 3527 4996 Paetis
3545 4956 3684 5013 ergo

2028 5031 2164 5088 hinc
2194 5028 2331 5085 inde
2353 5033 2423 5086 ad
2463 5027 2736 5099 placitam
2769 5029 3040 5101 utrinque
3063 5029 3309 5086 redactis
3355 5045 3688 5088 consonan-

2025 5120 2190 5183 tiam,
2224 5134 2419 5175 comes
2446 5116 2844 5195 Tripolitanus
2875 5118 3226 5186 restituitur,
3239 5123 3297 5174 et
3326 5134 3465 5175 oum
3498 5134 3568 5176 eo
3589 5135 3687 5176 ca-

2028 5210 2319 5283 ptivorum
2334 5207 2587 5264 maxima
2599 5206 2936 5274 multitudo;
2953 5207 3273 5281 statimque
3284 5207 3566 5266 dominus
3581 5226 3685 5266 rex

2026 5316 2157 5356 cum
2188 5299 2312 5355 suis
2339 5314 2634 5371 egressus,
2664 5296 2739 5352 ab
2771 5296 2935 5352 hoste
2983 5297 3125 5354 satis
3167 5297 3429 5355 humane
3456 5303 3698 5356 tracta-

2027 5391 2145 5453 tus,
2165 5388 2434 5460 praesidio
2447 5388 2530 5443 Tu
2539 5384 2653 5443 reis
2669 5385 2983 5457 resignato,
2995 5383 3280 5442 confusus
3293 5386 3558 5458 quidem,
3573 5388 3677 5446 sed

2027 5482 2222 5534 tamen
2280 5478 2350 5534 de
2401 5473 2785 5548 periculorum
2817 5472 3001 5531 nimia
3039 5475 3416 5547 perplexitate
3446 5482 3678 5548 erutus,

2029 5568 2296 5641 gaudens
2313 5567 2389 5626 de
2416 5565 2712 5626 montibus
2768 5564 3070 5626 descendit
3096 5563 3158 5624 in
3187 5567 3541 5639 campestria
3568 5569 3678 5638 Ar,

260 4853 535 4924 praeterea
590 4853 715 4906 erat
761 4848 1121 4904 inclusorum
1155 4847 1492 4917 multitudo,
1525 4851 1590 4903 ut
1611 4863 1714 4904 nec
1744 4848 1905 4906 cibo-

256 4956 389 4996 rum
422 4938 759 4995 sufficerent
787 4938 962 5009 eopiae
991 4937 1065 4993 ad
1091 4937 1218 5003 hoc,
1254 4942 1318 4992 ut
1347 4938 1757 5011 unusquisque
1788 4954 1906 4995 mo·

259 5027 455 5083 dicum
474 5027 612 5099 quid
635 5026 945 5098 acciperet:
981 5026 1061 5082 ita
1077 5042 1216 5084 sane
1238 5026 1613 5084 obsessorum
1647 5026 1904 5084 multitu-

251 5117 387 5176 dine
418 5117 683 5174 universa
715 5116 1016 5188 municipii
1048 5117 1262 5173 referta
1276 5118 1805 5187 erantdiversoria,
1839 5120 1905 5172 ut

253 5207 424 5266 vicus
452 5213 511 5265 et
540 5207 742 5279 plateae
780 5206 1107 5279 jacentium
1145 5206 1491 5277 frequentia.
1518 5206 1686 5277 quasi
1709 5197 1911 5276 juncis

249 5301 437 5358 strata
476 5297 846 5363 viderentur3
880 5297 1096 5353 emissa
1152 5311 1387 5368 quoque
1427 5295 1661 5351 incaute
1682 5293 1883 5367 J‘acula

249 5404 385 5446 casu
411 5392 469 5446 et
489 5388 616 5444 sine
632 5385 829 5444 studio
858 5386 1163 5459 dirigentis
1178 5384 1415 5442 lethalia
1443 5384 1768 5441 inferebant
1787 5384 1884 5442 vul

261 5490 418 5533 nera.
450 5477 584 5534 Haec
614 5477 815 5535 omina
841 5476 1177 5549 Sanguinus
1195 5480 1435 5532 noverat
1463 5474 1920 5549 plenius,eoque

244 5566 579 5640 protervius
611 5581 753 5627 suos
780 5567 855 5626 ad
886 5566 1231 5626 instandum
1250 5564 1611 5638 impellebat,
1636 5566 1790 5637 quod
1812 5582 1920 5626 no-
