3784 6000
171 241 296 300 525

668 235 869 298 HIST.
919 235 1188 300 RERUM
1234 237 1781 302 TRANSMARIN.
1826 271 1906 286 —-
1950 236 2095 300 ΗΒ.
2143 235 2278 299 XII.
2323 236 2776 303 BALDUINUS
2818 239 2870 302 11
2916 241 3093 304 REX.

179 371 540 438 sessionem3
575 374 633 428 et
661 385 988 428 convocans
1017 369 1153 427 inde
1179 385 1439 439 uxorem,
1468 376 1526 428 et
1555 373 1726 440 filias,
1769 381 1824 431 et
1853 376 1908 444 Α
1939 371 2263 444 plicuerunt
2300 387 2313 426 ;
2340 370 2602 442 quaedam
2633 388 2766 429 vero
2798 388 2985 446 usque
3021 374 3264 447 Tyrum,
3296 377 3575 448 quoniam

177 460 500 527 ‚amiliam,
533 475 639 533 per
656 475 891 532 operam
923 464 981 516 et
1009 461 1266 516 studium
1314 462 1574 531 ejusdem
1607 464 1830 521 domini

177 550 481 618 Joscelini,
543 549 604 606 in
653 549 915 621 proximo
980 563 1110 604 oum
1145 549 1422 621 sospitate
1451 552 1669 623 recepit
1701 551 1828 608 uni·

180 656 367 697 versa.
403 640 540 696 Erat
587 644 784 696 autem
836 638 888 695 ei
923 655 1065 695 uxor
1094 638 1297 694 Morssa
1327 641 1582 708 nomine,
1623 641 1827 710 cujus-

180 731 316 786 dam
348 727 566 786 nobilis
620 726 824 793 Graeci,
857 726 1138 783 Gabi-ielis
1188 727 1458 799 nomine;
1483 729 1553 784 de
1583 745 1699 801 quo
1729 745 1827 785 su-

178 819 564 891 pradiximus,
598 816 721 872 filia
750 834 766 884 ;
799 832 976 888 quam
1005 816 1143 873 dum
1176 832 1371 873 comes
1396 822 1547 875 esset
1575 835 1710 875 curn
1735 835 1827 889 pe·

183 908 369 965 cunia
421 906 675 974 infinita,
708 922 835 977 quae
894 907 1047 962 dotis
1079 908 1314 962 nomine
1344 907 1687 973 donabatur,
1718 909 1828 964 du·

177 997 265 1054 xit
299 997 363 1053 in
395 1011 629 1054 uxorem
659 1014 673 1064 ;
706 1011 773 1051 ex
834 1011 950 1066 qua
1000 1001 1336 1067 susceperat
1365 1001 1482 1053 tres
1514 997 1682 1068 filias,
1722 998 1828 1053 Mi-

177 1086 511 1144 lissendem
567 1083 1113 1154 videlicet,11aalim
1172 1090 1227 1141 et
1256 1085 1651 1155 Hodiernam;
1695 1103 1828 1143 nam

181 1178 475 1248 quartam,
508 1173 599 1230 cui
630 1173 781 1230 iveta
835 1189 1048 1230 nomen
1082 1172 1212 1242 ruit,
1244 1181 1548 1245 postquam
1583 1190 1828 1247 regnum

177 1263 436 1336 adeptus
465 1264 574 1330 est,
607 1276 751 1318 uxor
803 1261 856 1318 ei
914 1260 1153 1334 peperit.
1181 1262 1503 1319 Coronatus
1541 1267 1738 1320 autem
1771 1268 1830 1319 et

178 1355 678 1421 consecratusest‚
703 1367 857 1407 anno
875 1350 947 1406 ab
974 1352 1377 1408 lncarnatione
1399 1350 1629 1408 Domini
1664 1352 1825 1423 1118,

179 1456 387 1499 mense
415 1440 620 1513 Aprili,
651 1441 905 1497 secunda
925 1441 1017 1496 die
1049 1440 1268 1496 mensis
1290 1458 1303 1508 ;
1325 1441 1669 1512 praesidente
1691 1459 1827 1498 san·

181 1534 286 1586 ctae
299 1534 576 1586 Romanae
599 1529 857 1585 Ecclesiae
875 1527 1112 1585 domino
1134 1528 1360 1585 Gelasio
1382 1546 1534 1602 papa
1548 1531 1825 1599 secundm

179 1620 557 1677 Antiocheae
609 1635 747 1676 vero
797 1619 1113 1688 Bernardo,
1146 1619 1482 1676 Latinorum
1527 1621 1587 1676 in
1628 1622 1824 1677 eadem

177 1709 412 1765 civitate
446 1707 774 1781 patriarcba
798 1709 988 1780 primo
1015 1713 1259 1775 3sanctae
1284 1708 1823 1783 Hierosolymitanae
1857 1750 1906 1817 B

185 1798 458 1855 Ecclesia
523 1797 762 1854 domino
819 1797 1087 1866 Arnull'o,
1118 1814 1186 1855 ex
1234 1799 1455 1855 Latinis
1515 1801 1573 1855 in
1618 1801 1821 1855 eadem

183 1887 425 1946 civitate
455 1886 784 1960 patriarcha
812 1891 1044 1960 quarto·

1111 2013 1176 2069 V.

183 2103 418 2160 Alexim
437 2012 1071 2174 Οοηειαηιίηορξὶῒεξνῗαῖ
1091 2107 1403 2177 imperator,
1425 2105 1679 2162 dominus
1699 2121 1830 2178 quo·

1940 462 2144 517 civitas
2172 466 2298 517 erat
2356 461 2771 532 munitissima,
2804 466 2863 519 et
2904 469 3136 535 portum
3167 464 3392 523 habens
3421 482 3579 524 ccm-

1938 549 2204 611 modum,
2240 548 2506 619 prosectis
2538 554 2715 605 sunt:
2749 556 3148 623 exspectantes
3162 557 3226 609 ut
3254 553 3326 610 ds
3356 552 3581 611 domini

1939 637 2182 694 arbitrio
2212 641 2270 692 et
2298 637 2370 693 de
2403 637 2695 695 voluntate
2724 640 2852 711 ejus
2876 643 2977 714 qui
2999 641 3171 699 classi
3203 648 3465 713 praeerat,
3496 643 3581 700 eis

1939 724 2156 795 aliquid
2187 724 2578 796 praecipiatur.
2614 727 2727 781 Rex
2801 732 2996 783 autem
3057 726 3238 783 multo
3281 732 3416 785 ante
3434 734 3580 785 tem·

1939 829 2077 886 pore
2106 830 2304 870 eorum
2330 814 2579 870 adventu
2613 817 2988 887 praecognito,
3017 821 3136 873 tam
3168 833 3236 873 ex
3265 817 3583 874 Antioche-

1939 903 2032 959 nis
2063 920 2238 975 quam
2269 918 2335 957 ex
2357 903 2736 974 Tripolitanis
2761 905 3051 976 partibus,
3071 907 3399 963 convocatis
3423 906 3580 963 mili·

1936 991 2165 1048 taribus
2195 990 2453 1059 auxiliis,
2478 992 2720 1064 suisque
2769 994 2828 1049 in
2884 1010 3066 1051 unum
3098 996 3486 1067 congregatis,
3515 995 3579 1052 in

1938 1080 2291 1152 campestria
2312 1078 2695 1148 Philisthiim,
2713 1080 2829 1137 illia
2842 1083 3139 1139 descendit
3161 1083 3223 1139 in
3245 1099 3579 1140 occursum:

1937 1168 2299 1239 transitoque
2330 1169 2564 1238 soloce,
2597 1169 2696 1241 qui
2730 1170 2869 1225 olim
2898 1173 3111 1227 Azotus
3132 1170 3326 1228 dictus
3346 1175 3457 1239 est,
3480 1171 3582 1228 ubi

1938 1276 2057 1316 una
2093 1261 2162 1316 de
2192 1261 2454 1333 quinque
2513 1261 2847 1318 civitatibus
2884 1261 3357 1319 philisthinorum
3400 1263 3589 1321 tuisse

1938 1349 2320 1422 dignoscitur,
2348 1350 2422 1405 de
2470 1350 2656 1407 vicino
2713 1350 3111 1423 AEgyptiorum
3142 1354 3587 1410 castrametatus

1935 1442 2046 1505 est,
2074 1439 2151 1494 ita
2182 1438 2520 1510 ututrisque
2532 1439 2795 1510 partibus
2815 1440 3055 1497 daretur
3093 1445 3299 1498 mutuo
3318 1440 3587 1499 bostium

1937 1535 2131 1588 castra
2188 1530 2441 1604 singulis
2497 1531 2705 1589 diebus
2763 1531 3000 1589 intueri.
3046 1532 3303 1606 Cumque
3326 1534 3454 1605 jam
3484 1547 3589 1606 per

1937 1636 2171 1677 menses
2201 1620 2366 1691 quasi
2398 1624 2538 1688 tras,
2570 1635 2633 1677 se
2692 1620 2940 1677 invicem
2977 1620 3266 1680 lacessere
3315 1621 3589 1679 sormida-

1937 1716 2062 1765 rent
2091 1723 2106 1775 3
2139 1708 2384 1776 nostris,
2418 1713 2640 1764 tantam
2703 1708 3138 1767 multitudinem
3184 1710 3243 1767 in
3275 1726 3339 1769 se
3367 1715 3588 1770 temera

1935 1796 2161 1853 irritare
2192 1796 2576 1865 timentibus;
2608 1796 2726 1854 illis
2759 1806 3257 1869 vero,nostrorum
3289 1801 3463 1870 vires,
3486 1816 3588 1858 au·

1937 1888 2186 1956 daciam,
2210 1893 2268 1943 st
2289 1888 2347 1943 in
2389 1887 2607 1961 praeliis
2639 1889 3054 1959 experientiam
3091 1890 3542 1949 formidantibus

1937 1977 2159 2050 placuit
2220 1977 2480 2050 AEgyptio
2531 1977 2779 2050 principi
2845 1978 3031 2036 tutius
3091 1995 3241 2049 esse,
3293 1997 3428 2037 cum
3499 1980 3587 2038 in-

1936 2068 2267 2125 columitate
2323 2069 2562 2125 domum
2618 2068 2826 2138 redire,
2865 2085 3041 2141 quam
3099 2069 3163 2128 in
3187 2086 3249 2127 se
3270 2075 3326 2128 et
3355 2072 3419 2129 in
3447 2087 3587 2131 suos

260 2191 366 2246 qm
421 2173 716 2232 pau-half,
745 2192 907 2247 papa,
933 2177 1025 2232 ,ed
1060 2184 1113 2232 α
1156 2177 1429 2234 comitissa
1455 2178 1676 2250 Siciliae,
1703 2192 1830 2250 quae
1932 2158 2332 2231 imprudenter
2392 2157 2676 2214 bellorum
2726 2157 2974 2215 insidias
3032 2161 3324 2231 experiri3
3382 2160 3583 2235 sicque

269 2247 767 2319 Hierosolymorum
783 2249 974 2319 repinu
993 2251 1199 2319 suerat,
1231 2251 1566 2306 moriuntur.

256 2353 368 2410 Per
395 2354 550 2410 idem
573 2358 804 2425 tempus
851 2356 1528 2427 constantinopolitanus
1578 2356 1826 2428 impera-

185 2447 282 2501 tor
308 2442 564 2512 AlexiuS,
594 2443 928 2500 Latinorum
953 2444 1241 2502 maximus
1267 2450 1620 2518 persecutor,
1655 2446 1827 2502 rebus

183 2533 467 2591 humanis
491 2539 794 2605 exemptus
814 2540 935 2602 θεὶς
968 2536 1062 2590 cui
1094 2536 1375 2592 successit
1393 2536 1422 2591 J
1432 2551 1649 2592 oannes
1674 2535 1826 2591 [ilius

187 2623 344 2694 ejus,
359 2627 525 2694 patre
547 2623 733 2679 multo
755 2622 1087 2692 humanior,
1108 2629 1165 2680 et
1185 2625 1406 2681 meritis
1436 2624 1825 2696 exigentibus,

187 2712 410 2784 populo
440 2720 635 2768 nostro
657 2718 821 2783 patre
849 2713 1021 2785 longe
1047 2714 1333 2785 acceptior
1355 2734 1370 2782 ;
1396 2713 1498 2786 qui
1520 2714 1689 2769 etiam
1710 2729 1825 2769 non

185 2799 432 2854 omnino
489 2799 752 2854 sincerus
808 2814 945 2870 erga
979 2802 1210 2856 Latinos
1242 2800 1552 2857 orientales
1583 2801 1825 2866 exstitit,

182 2887 343 2945 sicut
370 2887 662 2944 docebunt
679 2888 1000 2959 sequentia.
1027 2888 1309 2944 Dominus
1323 2905 1555 2961 quoque
1577 2888 1827 2946 Pascha·

173 2974 252 3035 lis
278 2978 579 3035 Romanus
595 2976 851 3048 pontifex
879 2977 1030 3033 viam
1065 2979 1343 3035 univers&
1375 2979 1566 3035 carnis
1598 2979 1823 3051 ingres--

1936 2247 2319 2310 redeuntibus
2403 2248 2459 2303 in
2540 2247 2846 2320 AEgyptum
2904 2249 3396 2319 expeditionibus,
3433 2256 3587 2324 post-

1937 2352 2116 2408 quam
2170 2338 2241 2393 de
2297 2351 2498 2392 eorum
2563 2336 2758 2392 subito
2817 2352 3082 2408 regressu
3136 2336 3292 2394 nulla
3348 2342 3583 2398 nostros

1939 2425 2202 2482 movebat
2250 2426 2529 2498 suspicio,
2590 2425 2774 2481 nostri
2839 2440 3088 2497 quoque,
3130 2431 3367 2499 sumpta
3410 2444 3444 2485 a
3477 2429 3583 2487 do·

1939 2515 2096 2570 mino
2155 2530 2288 2587 rege
2347 2514 2599 2582 licentia,
2654 2514 2725 2569 ad
2785 2514 3021 2585 propria
3070 2530 3203 2572 oum
3265 2516 3582 2589 gaudiore-

1933 2604 2082 2660 versi
2141 2610 2300 2659 sunt.
2363 2608 2468 2659 Per
2532 2603 2766 2659 eosdem
2825 2603 2967 2672 dice,
3029 2610 3258 2660 mortuo
3339 2603 3580 2665 Arnulso

1940 2690 2469 2764 Hierosolymorum
2503 2690 2850 2765 patriarcba,
2884 2690 3006 2748 viro
3058 2693 3491 2764 inquietissimo
3521 2699 3579 2753 st

1937 2781 2111 2839 officii
2145 2783 2235 2838 sui
2267 2780 2713 2837 sanctimoniam
2730 2780 3089 2853 negligente,
3113 2782 3469 2840 substitutus
3488 2787 3581 2842 est

1934 2870 1987 2927 ei
2015 2873 2103 2926 vir
2130 2869 2378 2943 simplex
2400 2886 2463 2926 ac
2495 2869 2708 2926 timens
2749 2870 2950 2939 Deum,
2970 2869 3248 2927 dominus
3279 2871 3573 2930 Gormun·

1937 2960 2066 3028 dus,
2103 2960 2330 3017 natione
2379 2958 2753 3028 Francus,de
2801 2958 3138 3032 episcopatu
3187 2960 3578 3034 Ambianensi,

176 3082 288 3125 sus
315 3071 424 3136 est,
455 3067 830 3139 pontificatus
888 3069 1013 3137 ejus
1059 3083 1212 3123 anno
1266 3073 1425 3124 sexto
1456 3068 1699 3138 decimo,
1729 3068 1823 3123 cui
1937 3050 2006 3105 ‘¹⁰
2036 3049 2249 3121 OppidO
2309 3049 2724 3120 Pinquenissffl·
2777 3042 2967 3120 HUJOE'
3019 3049 3225 3106 ‘15⁰¹'ssss
3265 3054 3322 3107 θῑ
3354 3051 3581 3108 mffl'fflss

179 3158 472 3215 successit
504 3157 786 3214 Dominus
839 3157 1128 3226 Gelasius,
1157 3159 1255 3229 qui
1288 3163 1346 3216 et
1374 3159 1629 3215 Joannes
1659 3159 1824 3230 Gaje·
1858 3136 1902 3203 C
1938 3138 2134 3205 θῐίἃωι
2160 3141 2225 3193 ut
2254 3137 2527 3205 Gfssditffl's
2558 3137 2745 3194 mult&
2774 3137 3082 3210 magniflffl
3101 3139 3172 3195 &d
3198 3139 3357 3211 1·θὸοῙ
3378 3155 3585 3197 00090·

173 3251 364 3305 tanus
390 3246 582 3304 dictus
611 3251 720 3314 est,
754 3250 962 3303 sanctes
997 3247 1268 3303 Romanae
1312 3248 1574 3305 Ecclesiae
1602 3248 1824 3304 cancel-

171 3334 381 3391 larius.
417 3334 644 3391 Mortua
676 3339 761 3392 est
786 3334 1169 3392 nihilominus
1198 3340 1254 3393 et
1279 3336 1515 3392 domina
1538 3336 1828 3398 molesia,

179 3422 397 3482 Sicilie
428 3423 746 3494 comitissa,
778 3440 906 3496 quae
966 3425 1225 3497 praedicti
1276 3424 1497 3481 domini
1526 3425 1676 3497 regis
1699 3424 1833 3481 Bal-

180 3513 373 3579 duini,
407 3513 474 3570 de
508 3514 681 3581 sacto,
703 3514 809 3571 etsi
843 3530 959 3570 non
990 3515 1062 3600 de
1083 3515 1239 3585 jure,
1273 3531 1413 3572 uxor
1445 3517 1652 3570 fuerat.

830 3621 1063 3678 CAPUT
1096 3621 1190 3678 v1.

186 3712 540 3784 AEaptiorum
570 3713 847 3769 exercitus
903 3717 1016 3766 tam
1075 3712 1294 3768 navalis
1341 3729 1504 3784 quam
1536 3710 1833 3779 terrestriS,

265 3786 328 3839 in
361 3800 602 3855 reynum
657 3783 1090 3853 inor-odiuntur:
1138 3800 1238 3840 rex
1283 3801 1402 3840 cum
1432 3785 1547 3840 suis
1576 3784 1834 3850 occurrit,

259 3853 358 3911 sed
414 3872 526 3912 non
574 3857 937 3910 conveniunt.
998 3857 1277 3928 Arnulsus
1335 3856 1836 3929 Hierosolymorum

257 3926 590 3998 patriarcha
614 3929 891 3983 moritur:
920 3927 1275 3983 substituitur
1302 3928 1356 3982 ei
1378 3927 1743 3984 Gor-mundum

261 4034 472 4090 Eodem
508 4049 660 4089 anno
692 4038 887 4089 oestate
921 4034 1179 4105 proxime
1203 4036 1534 4098 subsecuta,
1569 4034 1836 4106 princeps

180 4122 517 4195 AEgyptius,
556 4122 655 4194 qui
689 4126 827 4178 tunc
877 4128 1002 4178 erat
1051 4140 1153 4193 pro
1186 4128 1464 4196 tempore,
1489 4127 1834 4194 congregata

183 4226 265 4267 ex
293 4210 583 4267 universis
641 4210 869 4282 AEgypti
930 4212 1148 4268 finibus
1190 4218 1307 4268 tam
1360 4214 1620 4283 equiturn
1655 4229 1833 4284 quam

183 4298 456 4374 peditum
491 4299 867 4356 multitudine
896 4301 1143 4369 infinita,
1173 4306 1287 4357 tam
1320 4318 1421 4373 per
1439 4306 1624 4358 terras
1655 4318 1829 4373 quam

185 4389 388 4446 navali
417 4390 699 4459 exercitu,
733 4389 790 4444 in
825 4406 1064 4462 regnum
1099 4397 1362 4446 nostrum
1402 4392 1669 4463 proponit
1696 4391 1829 4447 vio-

1940 3226 2210 3284 lationem
2244 3233 2303 3282 et
2357 3226 2781 3283 incrementum
2809 3226 3034 3299 operari
3067 3227 3344 3301 diguatus
3373 3237 3455 3285 est
3477 3229 3589 3285 Do·

1942 3317 2162 3384 minus,
2185 3316 2337 3372 sicut
2366 3318 2424 3374 in
2457 3317 2840 3389 sequentibus
2884 3334 3139 3389 praesens
3169 3318 3465 3375 enarrabit
3496 3316 3586 3374 hl-

1941 3406 2142 3463 storia.

2569 3494 2798 3550 CAPUT
2852 3494 2972 3551 Vll.

2086 3583 2232 3640 Ordo
2248 3585 2462 3640 militiae
2485 3582 2688 3652 Templi
2709 3583 3098 3652 Hierosolymis
3118 3583 3444 3641 instituitur.

2014 3676 2231 3730 Eodem
2257 3691 2433 3740 anne,
2467 3672 2700 3743 quidam
2735 3671 2961 3728 nobiles
2987 3673 3092 3728 viri
3118 3672 3188 3728 de
3216 3672 3477 3744 equestri
3500 3688 3595 3730 or-

1941 3764 2096 3827 dine,
2133 3762 2249 3818 Dco
2289 3761 2503 3829 devoti,
2564 3759 2819 3832 religiosi
2869 3768 2923 3816 et
2980 3761 3254 3817 timentes
3292 3763 3495 3832 Deum,
3526 3761 3590 3818 in

1944 3867 2122 3907 manu
2151 3849 2375 3906 domini
2406 3848 2773 3922 patriarchae,
2800 3848 3009 3904 Christi
3034 3849 3266 3905 servitio
3287 3865 3351 3905 se
3374 3849 3589 3906 manci·

1943 3944 2172 4014 pantes,
2208 3955 2367 3995 more
2415 3937 2834 3994 canonicorum
2896 3936 3291 4009 Regularium‚
3328 3939 3383 3992 in
3416 3938 3590 3994 casti·

1944 4035 2082 4097 tate,
2114 4033 2171 4084 et
2200 4028 2549 4095 obedientia,
2581 4031 2640 4083 et
2683 4026 2808 4081 sine
2855 4026 3086 4098 proprio
3128 4025 3270 4083 velle
3310 4031 3590 4100 perpetuo

1942 4122 2133 4177 vivere
2163 4117 2409 4189 professi
2445 4120 2602 4172 sunt.
2639 4114 2792 4170 Inter
2841 4131 2985 4186 quos
3017 4115 3192 4187 primi
3231 4124 3285 4172 et
3316 4116 3590 4189 praeeipui

1945 4210 2205 4277 suerunt,
2238 4207 2341 4262 viri
2368 4205 2742 4265 venerabiles.
2775 4204 2938 4276 Hugo
2978 4205 3049 4262 de
3077 4205 3326 4277 Paganis
3345 4211 3402 4263 et
3431 4206 3594 4264 Gau-

1948 4299 2140 4353 fredus
2164 4298 2235 4348 de
2254 4296 2461 4351 Sancto
2483 4294 2807 4351 Aldemaro.
2833 4294 3078 4359 Quibus.
3103 4295 3379 4365 quoniam
3402 4312 3594 4369 neque

1947 4387 2194 4444 ecclesia
2222 4391 2365 4457 erat,
2399 4401 2585 4458 neque
2625 4390 2847 4441 certum
2892 4383 3186 4440 habebant
3217 4385 3593 4457 domicilium,

183 4477 380 4535 lenter
409 4479 673 4547 introire,
704 4479 872 4536 facile
894 4484 1136 4551 putans,
1168 4488 1284 4536 tam
1320 4482 1611 4537 modicum
1645 4498 1840 4553 popu-
1867 4510 1913 4575 D
1953 4494 2051 4533 rex
2080 4477 2139 4532 in
2169 4475 2378 4547 palatio
2410 4475 2560 4548 quod
2594 4490 2762 4531 secus
2797 4474 3083 4546 templum
3115 4472 3366 4542 Domini,
3401 4476 3473 4531 ad
3500 4491 3596 4532 au·

189 4566 327 4623 lum
373 4570 474 4623 aut
526 4582 874 4625 consumere
924 4569 1137 4641 gladic,
1170 4574 1274 4625 aut
1322 4587 1355 4627 a
1411 4570 1643 4626 cunctis
1662 4570 1839 4642 Syriae

193 4656 418 4714 fluibus
449 4656 736 4730 lugientes
794 4658 1117 4714 eliminare.
1149 4660 1511 4715 Transcursa
1549 4658 1723 4728 igitur
1754 4674 1844 4714 so·

188 4744 466 4802 litudinis
496 4746 789 4814 vastitate,
820 4763 944 4816 quae
989 4747 1141 4802 inter
1171 4764 1274 4804 nos
1304 4752 1361 4803 et
1384 4751 1694 4821 AEgyptum
1726 4762 1846 4803 me-

193 4833 298 4891 dia
327 4832 654 4905 interjacet,
688 4850 820 4891 cum
847 4835 1103 4905 equitatu
1128 4851 1462 4898 numeroso.
1495 4840 1551 4893 et
1582 4835 1843 4907 peditum

187 4920 413 4994 jaculis
441 4922 862 4980 instructorum
895 4924 1123 4979 infinita
1154 4924 1548 4993 multitudine,
1578 4930 1713 4983 ante
1741 4928 1846 4981 As-

195 5009 473 5069 calonem
528 5018 967 5069 castrametatus
1015 5017 1122 5069 est.
1159 5018 1228 5068 At
1258 5031 1390 5070 vero
1422 5014 1842 5087 Doldequinus‚

199 5102 697 5159 Damascenorum
734 5118 850 5172 rex,
893 5103 1124 5174 cognito
1157 5103 1548 5175 AEgyptiorum
1573 5109 1843 5173 adventu,

196 5190 322 5247 sive
344 5194 551 5263 sponte
583 5191 655 5248 ab
687 5191 771 5248 eis
801 5191 1100 5259 invitatae,
1132 5197 1477 5263 congregata
1508 5194 1717 5249 iterum
1752 5192 1849 5248 in-

199 5283 364 5354 genti
395 5279 627 5351 militia,
662 5281 822 5337 devia
853 5290 1108 5350 secutus,
1132 5299 1202 5337 ne
1263 5282 1405 5338 forte
1438 5285 1635 5338 noster
1663 5282 1713 5338 ei
1744 5283 1844 5339 ob·

199 5367 388 5425 viaret
416 5369 731 5437 exercitus,
762 5370 1003 5427 transito
1032 5370 1307 5436 Jordane,
1332 5372 1540 5427 castris
1570 5387 1631 5427 se
1649 5387 1846 5427 eorum

203 5459 482 5529 associat,
515 5464 576 5517 et
605 5461 758 5517 vires
787 5477 1000 5533 augere
1029 5462 1260 5529 nititur,
1294 5463 1348 5517 in
1386 5473 1647 5519 nostram
1671 5461 1852 5519 laesio·

203 5564 368 5609 nem.
397 5548 646 5610 Navium
674 5556 874 5610 autem
906 5553 1172 5624 quaedam
1206 5550 1362 5626 apud
1387 5550 1732 5611 Ascalonem
1755 5569 1852 5627 ap-

1954 4563 2191 4622 stralem
2225 4564 2401 4620 habet
2431 4568 2679 4634 partem,
2712 4562 2794 4619 eis
2816 4562 2889 4618 ad
2922 4566 3154 4632 tempus
3176 4562 3467 4619 concessit
3493 4563 3594 4620 ba·

1954 4654 2297 4712 bitaoulum.
2325 4654 2602 4710 Canonici
2633 4668 2765 4709 vero
2806 4650 3008 4723 templi
3054 4651 3311 4720 Domini,
3344 4652 3595 4723 plateam

1956 4762 2135 4820 quam
2167 4746 2320 4801 circa
2351 4741 2692 4816 praedictum
2715 4740 3005 4797 habebant
3022 4740 3326 4812 palatium,
3350 4743 3422 4798 ad
3442 4757 3591 4815 opus

1954 4832 2525 4902 officinarum,oertis
2537 4829 2884 4903 quibusdam
2908 4827 3341 4886 conditionibus
3356 4845 3597 4889 conoes-

1955 4931 2176 4981 serunt.
2211 4922 2494 4979 Dominus
2534 4927 2723 4977 autem
2767 4934 2870 4974 rex
2924 4933 3057 4974 cum
3092 4916 3218 4973 suis
3239 4919 3595 4990 proceribus,

1955 5013 2233 5071 dominus
2266 5027 2495 5085 quoque
2525 5008 2857 5084 patriarcha
2886 5024 3020 5064 cum
3042 5006 3294 5080 praelatis
3323 5012 3597 5069 ecclesia·

1957 5119 2110 5170 rum,
2143 5103 2213 5159 de
2239 5101 2490 5175 propriis
2536 5098 2988 5157 dominicalibus
3018 5101 3174 5154 certa
3200 5097 3283 5154 eis
3316 5116 3417 5171 pro
3441 5101 3597 5158 victu

1958 5197 2014 5250 et
2044 5191 2260 5248 amictu
2295 5190 2566 5246 beneficia
2588 5187 2853 5261 quiedam
2885 5186 2955 5242 ad
2979 5189 3227 5258 tempus,
3251 5188 3513 5259 quisdam
3536 5188 3597 5245 in

1960 5286 2312 5355 perpetuum
2344 5278 2736 5335 contulerunt.
2777 5276 2973 5332 Prima
3025 5280 3215 5331 autem
3247 5291 3450 5333 eorum
3470 5293 3598 5349 pro·

1962 5372 2158 5439 sessio,
2190 5370 2457 5441 quodque
2486 5368 2571 5424 eis
2604 5385 2636 5423 a
2664 5365 2900 5423 domino
2922 5363 3254 5437 patriarcha
3275 5370 3332 5421 et
3361 5364 3598 5438 reliquis

1961 5460 2274 5533 episcopis,
2308 5460 2366 5515 in
2414 5457 2821 5516 remissionem
2873 5456 3239 5525 peccatorum
3271 5454 3597 5528 injunctum

1961 5557 2075 5627 est,
2103 5557 2166 5610 ut
2196 5551 2318 5610 vias
2338 5555 2396 5609 et
2414 5550 2648 5623 itinera,
2680 5546 2931 5607 maxime
2970 5542 3044 5601 ad
3065 5542 3311 5603 salutem
3344 5545 3599 5620 peregri·
