3784 6000
282 175 424 235 1227
448 235 453 245 ,

1731 164 1921 226 LUCII
1962 162 2038 229 111
2079 165 2287 227 PAPAE

264 299 526 359 nimodis
550 297 884 374 profutura,
908 293 1077 352 salva
1114 293 1272 350 sedis
1300 291 1644 366 apostolicas
1672 292 1931 349 auctori-
1959 298 2001 353 Α
2036 291 2144 348 ctis
2175 290 2309 348 filiis
2314 331 2471 350 .......
2491 290 2698 349 abbati
2720 295 2776 347 et
2803 289 3090 349 fratribus
3121 289 3537 365 Longipontis,
3555 289 3711 349 salu·

266 393 404 458 tate,
446 392 504 445 et
550 384 872 445 dioecesani
913 382 1183 455 episcopi
1225 381 1517 439 canonica
1559 381 1808 452 justitia.
1870 381 1928 437 Si

265 494 390 553 qua
435 476 612 549 igitur
664 476 721 531 in
766 478 1075 548 posterum
1115 470 1516 528 ecclesiastica
1552 468 1927 526 saecularisve

265 582 545 642 persona,
559 565 718 622 hanc
729 568 948 619 nostrae
960 560 1399 617 constitutionis
1414 560 1695 632 paginam
1710 560 1924 624 sciens,

264 662 472 714 contra
497 672 631 711 eam
664 660 884 708 temere
918 651 1115 706 venire
1157 650 1489 713 tentaverit,
1517 648 1782 705 seeundo
1814 652 1925 704 ter-

266 745 421 803 tiove
442 741 832 806 commonita,
848 740 962 796 nisi
979 746 1213 796 reatum
1226 754 1405 794 suum
1417 753 1686 807 congrua
1699 736 1927 794 satisfa-

265 835 458 892 ctione
488 832 826 897 correxerit,
868 830 1174 902 potestatis
1206 829 1567 900 honorisque
1599 828 1691 883 sui
1728 833 1928 885 careat

264 922 575 994 dignitate,
606 937 771 978 ream
811 935 929 993 que
969 935 1033 975 se
1064 919 1269 975 divino
1301 917 1528 988 judicio
1566 917 1820 973 existere
1849 917 1926 973 de

263 1016 608 1086 perpetrata
636 1009 951 1082 iniquitate
980 1013 1325 1077 cognoscat,
1368 1010 1426 1063 et
1461 1022 1500 1063 a
1538 1004 1924 1063 sanctissimo

265 1115 514 1172 corpore
544 1105 601 1155 et
624 1097 916 1170 sauguine
949 1094 1795 1167 DeietDominiRedemptoris
1821 1110 1926 1151 no·

265 1190 367 1247 stri
395 1192 532 1247 lesu
563 1188 768 1244 Christi
791 1186 986 1245 aliena
1014 1186 1138 1251 fiat,
1168 1191 1349 1257 atque
1388 1184 1449 1240 in
1487 1190 1752 1241 extremo
1781 1199 1926 1240 exa-

265 1279 428 1336 mine
447 1276 734 1334 districtae
766 1274 973 1331 ultioni
996 1274 1328 1346 subJaceat.
1353 1272 1589 1330 Cunctis
1615 1279 1817 1329 autem
1847 1272 1926 1328 ei-

265 1365 406 1423 dem
427 1365 559 1422 loco
587 1380 697 1420 sua
730 1363 870 1434 jura
898 1362 1274 1418 servantibus
1301 1364 1373 1418 sit
1412 1376 1528 1433 pax
1560 1361 1796 1416 Domini
1823 1376 1928 1417 no·

268 1457 372 1513 stri
394 1456 529 1511 lesu
560 1453 790 1519 Christi,
817 1456 1115 1524 quatenus
1141 1451 1318 1507 ethic
1342 1450 1599 1507 fructum
1627 1450 1802 1507 bonoe
1831 1465 1927 1506 ac-

268 1543 444 1600 tionis
479 1541 836 1614 percipiant,
862 1545 918 1596 et
943 1538 1107 1611 apud
1129 1537 1469 1594 districtum
1488 1538 1755 1610 judicem
1779 1554 1924 1610 prae.

266 1634 388 1689 mia
413 1636 650 1687 aeternoe
675 1628 842 1702 pacis
867 1628 1197 1683 inveniant.
1224 1629 1435 1683 Amen.

337 1723 459 1792 Ego
537 1717 750 1774 Lucius
824 1716 1129 1774 catholicae
1223 1716 1495 1773 Ecclesiae
1583 1730 1922 1789 episcopus,

270 1814 429 1867 etc...

334 1900 549 1956 Datum
581 1895 870 1968 Anagniae
896 1910 1001 1968 per
1037 1911 1291 1952 manum
1319 1895 1586 1966 Hugonis
1625 1897 1681 1952 S.
1714 1898 1928 1953 Roma-

264 2004 360 2046 noe
411 1986 686 2044 Ecclesiae
731 1985 973 2051 notarii,
1015 1984 1141 2041 Kal.
1187 1984 1559 2052 Novembris,
1605 1984 1928 2044 indictione

266 2077 553 2142 secunda,
572 2074 1005 2133 lucarnationis
1029 2073 1350 2130 Dominicae
1372 2073 1706 2140 ann01183,
1740 2075 1930 2146 ponti-

265 2165 479 2223 ficatus
507 2180 647 2221 vero
677 2164 840 2220 dom.
878 2163 1033 2219 Lucii
1064 2177 1237 2234 papae
1266 2163 1455 2219 tertio.

1020 2269 1188 2325 Cx1x.

266 2365 571 2424 Sententia
584 2364 645 2420 in
663 2361 983 2431 sacrileqos
993 2359 1148 2428 iuris
1169 2359 1552 2417 ecclesiastici
1561 2375 1925 2430 pervasores,

339 2436 549 2510 quibus
571 2449 742 2492 omne
764 2434 1048 2503 aufertur
1070 2431 1495 2500 appellationis
1513 2433 1855 2490 remedium.

789 2519 1122 2592 (Anagniae,
1154 2521 1299 2575 Nov.
1334 2521 1415 2590 8.)

464 2611 666 2684 [Perm
702 2609 994 2667 Theodori
1018 2606 1449 2673 Poenitentiale‚
1481 2624 1542 2681 p.
1575 2609 1729 2678 561]

340 2718 541 2774 Lucms
572 2717 915 2789 episcopus,
951 2728 1155 2769 servus
1194 2728 1503 2769 servorum
1534 2714 1654 2778 Dei,
1694 2713 1927 2770 dilectis

268 2806 406 2864 filiis
432 2808 495 2863 G.
529 2805 762 2862 decano
793 2809 850 2860 et
876 2800 1138 2874 capitulo
1179 2802 1543 2868 carnotensi,
1579 2801 1833 2858 salutem
1870 2808 1930 2859 et

269 2896 665 2970 apostolicam
691 2891 1191 2951 benedictionem.

2039 386 2156 438 tem
2177 385 2234 438 et
2253 382 2652 455 apostolicam
2679 380 3181 438 benedictionem.

2104 472 2284 527 Justis
2329 472 2657 542 petentium
2699 470 3017 527 desideriis
3055 469 3292 527 facilem
3338 485 3455 527 nos
3495 485 3714 527 conve-

2035 558 2123 615 nit
2148 558 2414 631 praebere
2435 575 2797 616 consensum
2815 565 2872 615 et
2894 575 2966 616 ea
2982 574 3119 632 quoe
3146 575 3178 615 a
3208 559 3458 617 rationis
3476 558 3712 617 tramite

2034 663 2157 705 non
2186 647 2556 719 discordant,
2574 646 2791 705 effectu
2813 652 3229 721 prosequente,
3250 647 3587 720 complere.
3613 649 3711 704 Ea·

2034 742 2296 810 propter,
2341 737 2537 794 dilecti
2578 738 2639 794 in
2686 737 2943 794 Domino
2984 737 3111 802 filii,
3157 736 3367 793 vestris
3399 736 3587 808 justis
3613 751 3714 811 po-

2035 825 2456 883 stulationibus
2505 833 2674 899 grato
2707 832 3130 883 concurrentes
3169 841 3425 883 assensu
3461 841 3540 883 ea
3580 842 3710 899 qua

2033 914 2208 972 vobis
2254 915 2473 973 nobilis
2526 916 2742 972 mulier
2774 914 3009 984 Agatha
3055 914 3308 973 domina
3339 914 3711 972 Petrmtontis

2037 1006 2405 1063 monasterio
2453 1011 2652 1061 vestro
2704 1004 2806 1078 pia
2845 1010 2900 1061 et
2943 1003 3286 1061 rationabili
3327 1003 3712 1077 eleemosyna

2034 1092 2302 1160 contulit,
2328 1094 2501 1151 vobis
2539 1100 2598 1151 et
2635 1093 2828 1150 eidem
2865 1092 3237 1151 monasterio
3266 1094 3421 1150 sicut
3447 1108 3524 1151 ea
3560 1095 3712 1164 juste

2034 1186 2092 1238 et
2144 1182 2390 1254 pacifice
2446 1181 2769 1255 possidetis
2807 1183 3158 1239 auctoritate
3201 1181 3544 1254 apostolica
3579 1198 3711 1239 con·

2034 1271 2348 1329 firmamus
2386 1276 2443 1327 et
2469 1270 2782 1343 proesentis
2821 1270 3028 1343 scripti
3065 1270 3405 1344 patrocinio
3442 1286 3714 1329 commu-

2034 1359 2257 1417 nimus.
2270 1361 2334 1415 ln
2357 1360 2576 1432 quibus
2593 1360 2724 1417 hoec
2737 1358 3003 1432 propriis
3013 1358 3301 1416 duximus
3314 1361 3712 1433 exprimenda

2033 1449 2348 1507 vocabulis
2378 1464 2392 1504 ε
2426 1463 2644 1506 nemus
2665 1448 2742 1505 de
2761 1449 3040 1506 caisueto
3062 1464 3201 1505 cum
3224 1449 3711 1522 omnijurequod

2034 1537 2096 1595 in
2122 1554 2193 1595 eo
2224 1537 2488 1597 habebat
2513 1537 2573 1594 in
2615 1538 2956 1606 venatione,
2989 1539 3049 1593 in
3087 1537 3303 1609 grieria
3342 1537 3472 1595 sive
3509 1539 3575 1595 in
3603 1538 3711 1597 alia

1958 1641 2002 1698 Β
2035 1644 2099 1686 re
2118 1626 2479 1701 qualibetad
2490 1626 2955 1699 exhortandum,
2973 1626 3063 1684 vel
3091 1627 3394 1701 quidquid
3405 1627 3709 1686 volueritis

2035 1715 2398 1782 faciendum.
2445 1716 2766 1788 usuagium
2822 1730 3067 1790 quoque
3106 1715 3453 1788 plenarium
3492 1718 3708 1775 mortui

2036 1806 2299 1864 nemoris
2328 1806 2389 1862 in
2416 1805 2636 1863 foresta
2665 1804 2740 1862 de
2767 1807 2904 1862 Rest
2919 1810 2978 1862 et
3004 1820 3233 1878 pascua
3250 1805 3487 1864 ibidem
3509 1807 3708 1864 vestris

2037 1894 2401 1953 animalibus
2412 1893 2763 1961 obtinenda,
2783 1898 2967 1951 totam
2981 1900 3265 1967 praeterea
3291 1898 3525 1953 terram
3542 1911 3707 1953 suam

2038 1983 2326 2043 arabilem
2366 2000 2551 2056 quam
2591 1983 2756 2056 apud
2797 1985 3352 2041 Fontemmortuum
3395 1984 3710 2043 excolebat

2038 2090 2177 2131 cum
2206 2072 2447 2130 duobus
2471 2071 2755 2145 pratellis,
2780 2088 2900 2129 uno
2923 2073 2999 2129 de
3028 2071 3374 2130 Hatherival
3405 2074 3613 2132 etalio
3637 2074 3709 2131 de

2039 2161 2275 2228 Bulbul,
2296 2161 2447 2218 sicut
2471 2161 2828 2218 venerabilis
2851 2159 3032 2218 frater
3069 2166 3274 2219 noster
3297 2162 3513 2220 Nivelo
3545 2164 3710 2221 Sues-

2039 2251 2341 2309 sionensis
2392 2249 2711 2322 episcopus
2752 2250 2828 2307 de
2867 2250 3043 2322 cujus
3099 2249 3281 2308 feudo
3333 2258 3540 2320 erant,
3573 2267 3708 2311 oon·

2039 2340 2218 2399 cessit
2237 2338 2459 2412 pariter
2486 2344 2545 2396 et
2574 2338 2861 2395 laudavit.

2112 2429 2497 2486 Decernimus
2518 2443 2662 2499 ergo
2680 2432 2743 2484 ιιι
2759 2426 2904 2484 nulli
2925 2427 3177 2486 omnino
3190 2427 3524 2487 hominum
3542 2430 3707 2489 liceat

2037 2518 2196 2577 hanc
2217 2517 2507 2591 paginam
2528 2521 2748 2574 uostroe
2763 2516 3240 2575 confirmationis
3262 2517 3598 2590 infringere
3620 2519 3705 2579 val

2038 2608 2092 2664 ei
2130 2622 2283 2665 ausu
2332 2606 2647 2663 temerario
2685 2604 3016 2672 contrait-03
3065 2605 3114 2662 si
3164 2605 3305 2679 quis
3343 2612 3556 2667 autem
3595 2608 3706 2667 hoe

2038 2700 2326 2754 attentare
2338 2693 2808 2767 praesumpserit,
2831 2694 3308 2765 indignationem
3324 2696 3705 2771 omnipoten-

2038 2784 2112 2842 tis
2141 2783 2240 2841 Dei
2269 2789 2326 2841 et
2356 2783 2669 2840 beatorum
2702 2785 2848 2843 Petri
2868 2787 2925 2842 et
2943 2782 3109 2842 Pauli
3130 2783 3560 2857 apostotorum
3583 2785 3704 2858 eins

2039 2889 2104 2930 se
2128 2872 2391 2931 noverit
2377 2887 2783 2928 incursurum.

343 2985 612 3042 Relatum
640 2987 733 3040 est
755 2981 1004 3040 auribus
1024 2979 1243 3037 nostris
1271 2979 1436 3052 quod
1467 2979 1718 3052 quidam
1749 2995 1924 3055 paro·
1957 2999 1999 3056 C
2110 2965 2325 3022 Datum
2353 2960 2666 3033 Assassmae
2698 2961 2899 3020 V1d¹¹⁸
2929 2961 3306 3028 Novembri!-

266 3076 621 3132 chianorum
638 3077 969 3129 vestrorum
992 3069 1155 3126 bona
1178 3068 1441 3125 ecclesiae
1469 3073 1683 3126 vestroe
1704 3070 1927 3128 violen-

265 3169 356 3221 ter
380 3163 693 3228 invadunt,
719 3166 776 3218 et
802 3166 923 3218 tam
948 3159 1121 3215 vobis
1144 3174 1329 3231 quam
1347 3158 1695 3216 hominibus
1717 3161 1928 3218 vestris

266 3253 531 3323 irrogare
561 3251 810 3323 injurias
847 3264 957 3323 pro
997 3264 1119 3304 suae
1159 3247 1480 3305 voluntatis
1520 3248 1765 3306 arbitrio
1802 3265 1925 3308 non

267 3340 630 3407 formidant3
673 3337 1019 3397 commoniti
1053 3342 1253 3393 autem
1290 3353 1327 3394 a
1366 3352 1475 3394 sua
1513 3353 1637 3393 non
1671 3344 1929 3410 possunt

266 3430 497 3489 malitia
519 3429 804 3487 revocari.
826 3426 1123 3494 Quoniam
1145 3426 1324 3496 igitur
1343 3426 1519 3482 nobis
1539 3427 1813 3485 imminet
1835 3444 1927 3486 ec-

265 3520 461 3577 clesiis
498 3524 556 3576 et
595 3517 870 3591 personis
909 3516 1320 3573 ecclesiasticis
1358 3515 1670 3587 providere
1714 3533 1925 3589 pacem

264 3608 532 3667 debitam
563 3612 621 3664 et
639 3607 915 3681 quietem,
932 3616 991 3662 et
1013 3610 1222 3662 contra
1240 3603 1620 3662 insolentiam
1632 3604 1927 3663 laicorum

265 3696 664 3771 apostolicum
688 3693 1034 3769 praesidium
1055 3693 1364 3765 impertiri,
1384 3694 1731 3752 auctoritate
1751 3694 1925 3752 vobis

265 3786 596 3859 apostolica
607 3785 982 3855 indulgemus
996 3783 1419 3857 utquicunque
1428 3783 1925 3856 parochianorum

263 3882 620 3942 vestrorum,
640 3876 761 3930 sive
783 3874 859 3930 sit
877 3876 934 3928 Β.
960 3888 1164 3930 comes
1178 3872 1549 3939 Pertieensis,
1580 3876 1638 3929 B.
1669 3876 1924 3931 Drocen-

264 3966 366 4033 sis,
412 3966 535 4021 sive
578 3961 1051 4029 vindocinensis,
1094 3961 1220 4017 sive
1259 3961 1657 4029 Ebroicensis,
1702 3966 1808 4020 aut
1847 3963 1925 4021 de

263 4055 616 4120 Monteforti‚
661 4053 753 4108 vel
790 4053 1068 4123 barones,
1103 4055 1205 4107 aut
1245 4049 1341 4108 alii
1380 4051 1649 4124 quilibet,
1685 4052 1791 4125 qui
1826 4069 1923 4110 ec-

263 4143 507 4202 clesiam
546 4149 650 4199 aut
688 4141 964 4199 homines
1005 4144 1233 4196 vestros
1281 4141 1524 4197 damnis
1561 4140 1651 4197 vel
1691 4140 1926 4212 injuriis

262 4232 568 4289 aflecerint
598 4231 689 4287 vel
718 4229 1063 4295 affecerunt,
1095 4232 1152 4286 et
1191 4229 1541 4286 commoniti
1573 4231 1923 4289 satisfactio-

261 4335 403 4377 nem
431 4318 924 4392 contempserint,
956 4333 1286 4390 congruam
1316 4319 1614 4390 justitiam
1644 4319 1926 4377 exhibere

260 4423 367 4466 eos
400 4423 589 4481 usque
621 4409 699 4464 ad
729 4408 981 4478 dignam
1014 4406 1508 4476 satisfactionem,
1549 4408 1788 4465 sublato
1817 4424 1928 4481 ap-

259 4496 600 4571 pellationis
617 4495 950 4566 obstacu10,
975 4512 1226 4553 censura
1241 4495 1645 4554 ecclesiastica
1659 4497 1924 4569 compel-

259 4585 415 4653 latis,
448 4592 505 4644 et
542 4588 602 4643 in
642 4588 810 4645 terris
847 4588 1118 4659 ipsorum
1157 4590 1373 4658 praeter
1399 4586 1703 4658 baptisma
1730 4592 1928 4660 etpoe·

258 4676 537 4733 nitentias
557 4677 762 4734 divina
787 4675 1158 4749 prohibeatis
1188 4674 1388 4733 officia
1411 4675 1719 4742 celebrari,
1745 4676 1926 4734 nullis

258 4763 465 4822 litteris
495 4766 901 4830 obstantibus,
922 4764 1122 4836 siquae
1148 4768 1354 4821 sunta
1372 4763 1548 4822 nobis
1574 4764 1666 4821 vel
1689 4764 1927 4823 atelicis

258 4856 565 4912 memoriae
594 4855 857 4912 Adriano
884 4854 1214 4927 apostolico
1243 4854 1602 4926 impetratoe.

328 4944 544 5001 Datum
574 4943 884 5014 Anagniae,
918 4958 974 4998 vi
999 4943 1137 4998 ldus
1164 4945 1408 4999 Novem.
1440 4941 1600 5000 1¹83.

1015 5059 1165 5116 CXX.

470 5166 864 5237 Priviceqium
893 5182 1002 5238 pro
1029 5165 1273 5223 abbatia
1299 5167 1703 5239 Lonqipontis.

775 5274 1105 5345 (Anagniae,
1137 5273 1284 5331 Nov.
1313 5273 1396 5346 9.)

432 5377 741 5450 [Mutuesca
775 5379 911 5437 hist.
949 5379 1086 5436 abb.
1118 5380 1523 5451 Lonyipontis,
1556 5397 1616 5455 p.
1644 5380 1763 5455 72.]

329 5480 530 5540 Lucius
585 5484 929 5561 episcopus,
978 5501 1185 5544 servus
1241 5501 1553 5545 servorum
1603 5486 1726 5559 Dei,
1779 5487 1925 5547 dile-

2777 3088 2958 3144 CXXI.

2038 3200 2459 3267 Consulatum,
2499 3217 2536 3256 a
2571 3198 2872 3256 canonicis
2902 3199 2965 3256 S.
2997 3197 3133 3256 Ursi
3157 3198 3233 3260 de
3257 3198 3552 3273 Auousta
3581 3216 3701 3258 enai

2107 3272 2376 3343 episcopo
2399 3270 2763 3344 Aaqastensi
2782 3284 2893 3341 per
2929 3269 3281 3328 Haimonem
3305 3271 3704 3344 arehiepisco-

2103 3360 2247 3473 {²53
2264 3344 2787 3485 σζιγιᾷεβηιιιὲειὶεηεειη
2818 3342 2893 3399 de
2911 3341 3169 3399 ecclesiis
3182 3342 3560 3414 quibusdam
3583 3344 3704 3416 sae-

2544 3519 2877 3592 (Anagniae,
2906 3520 3052 3576 Nov.
3083 3518 3192 3591 lt.)

2038 3610 2340 3685 [Historiae
2364 3609 2581 3681 patriae
2600 3608 2891 3672 Monam„
2920 3608 3170 3675 Chartae,
3196 3608 3243 3678 1,
3263 3610 3398 3676 936,
3433 3625 3512 3668 ex
3539 3611 3703 3670 arch.
3783 3642 3784 3653 ι

2588 3700 2642 3754 S.
2670 3696 2798 3754 Ursi
2828 3695 2906 3753 de
2933 3693 3160 3770 Aosta.]

2108 3799 2306 3855 Lucius
2331 3795 2668 3870 episcopus,
2711 3809 2922 3851 servus
2957 3808 3273 3852 servorum
3315 3795 3444 3864 Dei,
3475 3796 3708 3856 dilectis

2033 3887 2171 3944 filiis
2194 3885 2380 3959 priori
2417 3890 2475 3942 et
2505 3884 2787 3942 fratribus
2819 3883 3081 3940 ecclesias
3116 3883 3319 3940 Sancti
3357 3886 3517 3955 Ursi,
3560 3886 3688 3946 salu

2034 3982 2154 4035 tem
2186 3982 2242 4033 et
2266 3974 2660 4048 apostolicam
2678 3972 3183 4030 benedictionem.
3783 3957 3784 3986 ¹

2103 4067 2130 4122 J
2139 4064 2283 4121 ustis
2311 4063 2638 4138 petentium
2668 4061 2981 4119 desideriis
3008 4061 3265 4132 dignum
3292 4067 3395 4121 ent
3423 4077 3542 4122 nos
3581 4064 3710 4124 iaci·

2033 4153 2153 4211 lem
2195 4153 2463 4226 praebere
2501 4166 2883 4219 consensum,
2927 4155 2986 4207 et
3017 4155 3159 4207 vota
3197 4165 3344 4224 quai
3389 4167 3430 4210 a
3462 4155 3712 4213 rationis

2036 4243 2274 4302 tramite
2296 4257 2417 4298 non
2437 4241 2809 4311 discordant,
2839 4238 3049 4297 effectu
3075 4251 3526 4315 prosequente,
3554 4261 3715 4303 eom·

1962 4331 2216 4424 D‚plere
2266 4333 2608 4404 Eapropter,
2656 4329 2851 4386 dilecti
2899 4330 2958 4385 in
3003 4328 3260 4386 Domino
3310 4330 3452 4400 mii,
3506 4335 3716 4392 vestm

1962 4369 2205 4495 Djustis
2243 4419 2751 4495 postulationibus
2783 4424 2953 4490 grato
2991 4424 3430 4478 concurrentes
3459 4437 3716 4482 assensu

2034 4509 2504 4567 transactionem
2525 4507 2945 4581 quaeintervos
2957 4506 3442 4567 etvenerabilem
3471 4510 3718 4572 fratrea

2035 4603 2312 4656 nostrum
2351 4600 2790 4670 Augustensem
2843 4596 3193 4669 episcopum
3234 4612 3433 4671 super
3471 4602 3722 4661 eada.

2038 4689 2270 4747 Sanctae
2303 4688 2495 4745 larius
2531 4690 2589 4743 et
2624 4686 2825 4744 Sancti
2858 4685 3009 4742 Petri
3051 4685 3128 4742 de
3161 4686 3380 4745 Castro
3417 4691 3722 4764 Argunm

2033 4782 2092 4836 et
2125 4776 2378 4836 eeclesia
2417 4774 2616 4833 Sancti
2660 4774 2948 4848 Stephani
2997 4773 3072 4832 de
3107 4774 3720 4847 erumminensis

2033 4881 2277 4941 quoque
2328 4864 2528 4923 Sancti
2567 4862 2892 4922 salvatoris
2938 4862 3014 4920 de
3064 4862 3305 4923 valesia
3355 4871 3422 4925 et
3483 4870 3720 4930 Casu-in

2034 4955 2314 5030 quadam
2355 4952 2607 5012 consilio
2646 4952 3059 5024 religiosorum
3091 4956 3149 5010 et
3175 4953 3560 5027 sapientum
3589 4962 3722 5020 viro-

2032 5059 2168 5102 rum
2212 5059 2320 5118 per
2347 5042 2745 5100 venerabilem
2783 5040 3027 5099 fratrem
3067 5045 3352 5102 nostrum
3401 5048 3718 5109 Aimone·

2032 5133 2552 5191 'tarentasiensem
2567 5131 3092 5204 archiepiscopum
3111 5134 3424 5193 canonice
3437 5134 3618 5200 facta
3632 5145 3718 5205 ed,

2032 5229 2090 5281 et
2119 5224 2199 5280 ab
2229 5227 2481 5294 utraque
2509 5225 2678 5293 parte
2706 5222 2906 5293 quiete
2933 5226 2991 5278 et
3012 5221 3267 5294 pacifico
3287 5233 3566 5302 recepta
3593 5230 3720 5288 deu

2031 5312 2092 5371 in
2124 5311 2362 5385 scriptis
2387 5309 2746 5367 authenticis
2776 5310 2947 5367 factis
2972 5310 3188 5367 exinde
3217 5314 3613 5387 continetur,
3641 5334 3718 5378 vo.

2032 5401 2127 5460 bis
2148 5407 2206 5459 et
2225 5399 2490 5458 ecclesiae
2518 5403 2729 5457 vestra:
2758 5399 3112 5457 auctoritate
3125 5401 3502 5472 apostouaa
3527 5409 3716 5468 eonfi-

2031 5504 2275 5549 mamus
2315 5495 2373 5548 et
2419 5490 2738 5564 proesentis
2773 5488 2978 5563 scripti
3004 5489 3356 5564 patrocinio
3387 5498 3714 5560 comm-
