<?xml version="1.0" encoding="UTF-8"?>
<!DOCTYPE html PUBLIC "-//W3C//DTD XHTML 1.0 Transitional//EN"
    "http://www.w3.org/TR/xhtml1/DTD/xhtml1-transitional.dtd">
<html xmlns="http://www.w3.org/1999/xhtml" xml:lang="en" lang="en">
 <head>
  <title>
</title>
<meta http-equiv="Content-Type" content="text/html;charset=utf-8" />
  <meta name='ocr-system' content='tesseract 3.04.00' />
  <meta name='ocr-capabilities' content='ocr_page ocr_carea ocr_par ocr_line ocrx_word'/>
</head>
<body>
  <div class='ocr_page' id='page_1' title='image "./patrologiaecurs32goog_0303.png"; bbox 0 0 3784 6000; ppageno 0'>
   <div class='ocr_carea' id='block_1_1' title="bbox 124 280 3533 357">
    <p class='ocr_par' dir='ltr' id='par_1_1' title="bbox 124 280 3533 357">
     <span class='ocr_line' id='line_1_1' title="bbox 124 280 3533 357; baseline 0.001 -9"><span class='ocrx_word' id='word_1_1' title='bbox 124 286 239 348; x_wconf 73' lang='lat'><strong>⁸97</strong></span> <span class='ocrx_word' id='word_1_2' title='bbox 744 281 947 345; x_wconf 79' lang='lat' dir='ltr'><strong>ms&#39;r.</strong></span> <span class='ocrx_word' id='word_1_3' title='bbox 994 280 1278 346; x_wconf 76' lang='lat' dir='ltr'>RERUM</span> <span class='ocrx_word' id='word_1_4' title='bbox 1320 282 1858 349; x_wconf 73' lang='lat' dir='ltr'><strong>TRANSMARIN.</strong></span> <span class='ocrx_word' id='word_1_5' title='bbox 1908 317 1985 329; x_wconf 90' lang='lat'>—</span> <span class='ocrx_word' id='word_1_6' title='bbox 2028 281 2179 345; x_wconf 87' lang='lat' dir='ltr'><strong>LIB.</strong></span> <span class='ocrx_word' id='word_1_7' title='bbox 2224 281 2380 343; x_wconf 85' lang='lat' dir='ltr'><strong>xlv.</strong></span> <span class='ocrx_word' id='word_1_8' title='bbox 2425 281 2682 347; x_wconf 85' lang='lat' dir='ltr'><strong>FULCO</strong></span> <span class='ocrx_word' id='word_1_9' title='bbox 2726 283 2904 348; x_wconf 83' lang='lat' dir='ltr'><strong>REX.</strong></span> <span class='ocrx_word' id='word_1_10' title='bbox 3415 292 3533 357; x_wconf 72' lang='lat'><strong>598</strong></span> 
     </span>
    </p>
   </div>
   <div class='ocr_carea' id='block_1_2' title="bbox 100 410 3527 669">
    <p class='ocr_par' dir='ltr' id='par_1_2' title="bbox 100 410 3527 669">
     <span class='ocr_line' id='line_1_2' title="bbox 100 410 3526 495; baseline 0.001 -18"><span class='ocrx_word' id='word_1_11' title='bbox 100 417 384 487; x_wconf 82' lang='lat' dir='ltr'><strong>&#39;nomine,</strong></span> <span class='ocrx_word' id='word_1_12' title='bbox 416 416 561 473; x_wconf 92' lang='lat' dir='ltr'><strong>dum</strong></span> <span class='ocrx_word' id='word_1_13' title='bbox 592 431 771 490; x_wconf 91' lang='lat' dir='ltr'><strong>super</strong></span> <span class='ocrx_word' id='word_1_14' title='bbox 793 410 1057 473; x_wconf 84' lang='lat' dir='ltr'><strong>mensam</strong></span> <span class='ocrx_word' id='word_1_15' title='bbox 1079 415 1206 484; x_wconf 86' lang='lat' dir='ltr'><strong>ejus</strong></span> <span class='ocrx_word' id='word_1_16' title='bbox 1226 416 1353 474; x_wconf 89' lang='lat' dir='ltr'><strong>alea</strong></span> <span class='ocrx_word' id='word_1_17' title='bbox 1380 417 1625 489; x_wconf 77' lang='lat' dir='ltr'>luderet,</span> <span class='ocrx_word' id='word_1_18' title='bbox 1649 419 1771 493; x_wconf 88' lang='lat' dir='ltr'><strong>qui·</strong></span> <span class='ocrx_word' id='word_1_19' title='bbox 1800 421 1851 486; x_wconf 76' lang='grc' dir='ltr'><strong>Α</strong></span> <span class='ocrx_word' id='word_1_20' title='bbox 1883 431 2035 486; x_wconf 89' lang='lat' dir='ltr'><strong>mus,</strong></span> <span class='ocrx_word' id='word_1_21' title='bbox 2066 414 2293 487; x_wconf 77' lang='lat' dir='ltr'><strong>expulsi</strong></span> <span class='ocrx_word' id='word_1_22' title='bbox 2333 415 2566 473; x_wconf 84' lang='lat' dir='ltr'><strong>comitis</strong></span> <span class='ocrx_word' id='word_1_23' title='bbox 2614 418 2949 478; x_wconf 88' lang='lat' dir='ltr'><strong>macerabat</strong></span> <span class='ocrx_word' id='word_1_24' title='bbox 2999 421 3336 495; x_wconf 66' lang='lat' dir='ltr'><strong>precordia,</strong></span> <span class='ocrx_word' id='word_1_25' title='bbox 3367 422 3526 482; x_wconf 89' lang='lat' dir='ltr'><strong>iudi-</strong></span> 
     </span>
     <span class='ocr_line' id='line_1_3' title="bbox 121 502 3522 588; baseline 0.003 -25"><span class='ocrx_word' id='word_1_26' title='bbox 121 508 255 564; x_wconf 91' lang='lat' dir='ltr'><strong>dam</strong></span> <span class='ocrx_word' id='word_1_27' title='bbox 288 504 459 562; x_wconf 88' lang='lat' dir='ltr'><strong>miles</strong></span> <span class='ocrx_word' id='word_1_28' title='bbox 492 503 729 561; x_wconf 89' lang='lat' dir='ltr'><strong>natione</strong></span> <span class='ocrx_word' id='word_1_29' title='bbox 758 502 938 572; x_wconf 90' lang='lat' dir='ltr'><strong>Brito,</strong></span> <span class='ocrx_word' id='word_1_30' title='bbox 971 518 1150 574; x_wconf 92' lang='lat' dir='ltr'><strong>super</strong></span> <span class='ocrx_word' id='word_1_31' title='bbox 1178 504 1454 561; x_wconf 90' lang='lat' dir='ltr'><strong>comitem</strong></span> <span class='ocrx_word' id='word_1_32' title='bbox 1484 506 1628 563; x_wconf 92' lang='lat' dir='ltr'><strong>nibil</strong></span> <span class='ocrx_word' id='word_1_33' title='bbox 1657 507 1771 565; x_wconf 87' lang='lat' dir='ltr'><strong>tale</strong></span> <span class='ocrx_word' id='word_1_34' title='bbox 1879 506 2219 580; x_wconf 87' lang='lat' dir='ltr'><strong>gnationem</strong></span> <span class='ocrx_word' id='word_1_35' title='bbox 2241 505 2629 576; x_wconf 88' lang='lat' dir='ltr'><strong>incurrentes,</strong></span> <span class='ocrx_word' id='word_1_36' title='bbox 2659 512 2923 566; x_wconf 89' lang='lat' dir='ltr'><strong>exactam</strong></span> <span class='ocrx_word' id='word_1_37' title='bbox 2953 525 3059 582; x_wconf 90' lang='lat' dir='ltr'><strong>pro</strong></span> <span class='ocrx_word' id='word_1_38' title='bbox 3088 511 3275 570; x_wconf 87' lang='lat' dir='ltr'><strong>tutela</strong></span> <span class='ocrx_word' id='word_1_39' title='bbox 3301 513 3522 588; x_wconf 87' lang='lat' dir='ltr'><strong>proprii</strong></span> 
     </span>
     <span class='ocr_line' id='line_1_4' title="bbox 117 591 3527 669; baseline 0.003 -17"><span class='ocrx_word' id='word_1_40' title='bbox 117 601 438 664; x_wconf 84' lang='lat' dir='ltr'><strong>verentem,</strong></span> <span class='ocrx_word' id='word_1_41' title='bbox 471 592 574 652; x_wconf 85' lang='lat' dir='ltr'><strong>sed</strong></span> <span class='ocrx_word' id='word_1_42' title='bbox 605 610 705 664; x_wconf 92' lang='lat' dir='ltr'><strong>pro</strong></span> <span class='ocrx_word' id='word_1_43' title='bbox 747 592 888 649; x_wconf 89' lang='lat' dir='ltr'><strong>ludo</strong></span> <span class='ocrx_word' id='word_1_44' title='bbox 945 591 1287 663; x_wconf 89' lang='lat' dir='ltr'><strong>sollicitum,</strong></span> <span class='ocrx_word' id='word_1_45' title='bbox 1339 611 1407 651; x_wconf 91' lang='lat' dir='ltr'><strong>ex</strong></span> <span class='ocrx_word' id='word_1_46' title='bbox 1455 596 1770 668; x_wconf 91' lang='lat' dir='ltr'><strong>improviso</strong></span> <span class='ocrx_word' id='word_1_47' title='bbox 1878 596 2139 667; x_wconf 88' lang='lat' dir='ltr'><strong>corporis</strong></span> <span class='ocrx_word' id='word_1_48' title='bbox 2160 594 2457 668; x_wconf 74' lang='lat' dir='ltr'><strong>oportebat</strong></span> <span class='ocrx_word' id='word_1_49' title='bbox 2487 595 2704 653; x_wconf 88' lang='lat' dir='ltr'><strong>babere</strong></span> <span class='ocrx_word' id='word_1_50' title='bbox 2734 596 3116 669; x_wconf 87' lang='lat' dir='ltr'><strong>diligentiam.</strong></span> <span class='ocrx_word' id='word_1_51' title='bbox 3148 600 3401 660; x_wconf 69' lang='lat' dir='ltr'><strong>Maxime</strong></span> <span class='ocrx_word' id='word_1_52' title='bbox 3422 618 3527 661; x_wconf 85' lang='lat' dir='ltr'><strong>au·</strong></span> 
     </span>
    </p>
   </div>
   <div class='ocr_carea' id='block_1_3' title="bbox 116 680 1770 1742">
    <p class='ocr_par' dir='ltr' id='par_1_3' title="bbox 116 680 1770 1742">
     <span class='ocr_line' id='line_1_5' title="bbox 120 680 1769 755; baseline 0.001 -13"><span class='ocrx_word' id='word_1_53' title='bbox 120 684 379 743; x_wconf 88' lang='lat' dir='ltr'><strong>educens</strong></span> <span class='ocrx_word' id='word_1_54' title='bbox 408 682 697 755; x_wconf 80' lang='lat' dir='ltr'>gladium,</span> <span class='ocrx_word' id='word_1_55' title='bbox 730 680 930 738; x_wconf 90' lang='lat' dir='ltr'><strong>multis</strong></span> <span class='ocrx_word' id='word_1_56' title='bbox 953 697 1112 749; x_wconf 89' lang='lat' dir='ltr'><strong>eum,</strong></span> <span class='ocrx_word' id='word_1_57' title='bbox 1144 686 1203 739; x_wconf 92' lang='lat' dir='ltr'><strong>et</strong></span> <span class='ocrx_word' id='word_1_58' title='bbox 1247 681 1539 740; x_wconf 90' lang='lat' dir='ltr'><strong>hostiliter</strong></span> <span class='ocrx_word' id='word_1_59' title='bbox 1594 685 1769 743; x_wconf 91' lang='lat' dir='ltr'><strong>nimis</strong></span> 
     </span>
     <span class='ocr_line' id='line_1_6' title="bbox 118 771 1761 840; baseline 0 -8"><span class='ocrx_word' id='word_1_60' title='bbox 118 772 379 832; x_wconf 79' lang='lat' dir='ltr'><strong>confodit</strong></span> <span class='ocrx_word' id='word_1_61' title='bbox 407 772 771 840; x_wconf 83' lang='lat' dir='ltr'><strong>vulneribus,</strong></span> <span class='ocrx_word' id='word_1_62' title='bbox 830 771 890 827; x_wconf 92' lang='lat' dir='ltr'><strong>in</strong></span> <span class='ocrx_word' id='word_1_63' title='bbox 951 771 1099 828; x_wconf 75' lang='lat' dir='ltr'><strong>facie</strong></span> <span class='ocrx_word' id='word_1_64' title='bbox 1136 771 1538 831; x_wconf 91' lang='lat' dir='ltr'><strong>universorum</strong></span> <span class='ocrx_word' id='word_1_65' title='bbox 1568 779 1761 832; x_wconf 65' lang='lat' dir='ltr'><strong>astam</strong></span> 
     </span>
     <span class='ocr_line' id='line_1_7' title="bbox 118 860 1767 933; baseline 0 -13"><span class='ocrx_word' id='word_1_66' title='bbox 118 864 294 920; x_wconf 88' lang='lat' dir='ltr'><strong>tium.</strong></span> <span class='ocrx_word' id='word_1_67' title='bbox 328 863 419 919; x_wconf 80' lang='lat' dir='ltr'><strong>Fit</strong></span> <span class='ocrx_word' id='word_1_68' title='bbox 463 878 597 932; x_wconf 86' lang='lat' dir='ltr'><strong>ergo</strong></span> <span class='ocrx_word' id='word_1_69' title='bbox 628 860 971 930; x_wconf 82' lang='lat' dir='ltr'><strong>repentinus</strong></span> <span class='ocrx_word' id='word_1_70' title='bbox 1009 860 1207 917; x_wconf 86' lang='lat' dir='ltr'><strong>statim</strong></span> <span class='ocrx_word' id='word_1_71' title='bbox 1242 861 1589 933; x_wconf 88' lang='lat' dir='ltr'><strong>populorum</strong></span> <span class='ocrx_word' id='word_1_72' title='bbox 1620 880 1767 920; x_wconf 88' lang='lat' dir='ltr'><strong>con-</strong></span> 
     </span>
     <span class='ocr_line' id='line_1_8' title="bbox 120 947 1770 1021; baseline 0 -10"><span class='ocrx_word' id='word_1_73' title='bbox 120 970 361 1021; x_wconf 89' lang='lat' dir='ltr'><strong>cursus,</strong></span> <span class='ocrx_word' id='word_1_74' title='bbox 392 956 450 1010; x_wconf 89' lang='lat' dir='ltr'><strong>et</strong></span> <span class='ocrx_word' id='word_1_75' title='bbox 478 951 685 1010; x_wconf 89' lang='lat' dir='ltr'><strong>civitas</strong></span> <span class='ocrx_word' id='word_1_76' title='bbox 715 951 930 1020; x_wconf 90' lang='lat' dir='ltr'><strong>omnis,</strong></span> <span class='ocrx_word' id='word_1_77' title='bbox 950 950 1153 1007; x_wconf 88' lang='lat' dir='ltr'><strong>audita</strong></span> <span class='ocrx_word' id='word_1_78' title='bbox 1172 947 1311 1008; x_wconf 79' lang='lat' dir='ltr'><strong>facti</strong></span> <span class='ocrx_word' id='word_1_79' title='bbox 1332 952 1645 1011; x_wconf 87' lang='lat' dir='ltr'><strong>acerbitate</strong></span> <span class='ocrx_word' id='word_1_80' title='bbox 1665 955 1770 1011; x_wconf 90' lang='lat' dir='ltr'><strong>im-</strong></span> 
     </span>
     <span class='ocr_line' id='line_1_9' title="bbox 117 1041 1767 1111; baseline 0 -9"><span class='ocrx_word' id='word_1_81' title='bbox 117 1044 483 1111; x_wconf 87' lang='lat' dir='ltr'><strong>manissimi,</strong></span> <span class='ocrx_word' id='word_1_82' title='bbox 515 1058 806 1100; x_wconf 83' lang='lat' dir='ltr'><strong>concussa</strong></span> <span class='ocrx_word' id='word_1_83' title='bbox 835 1046 925 1100; x_wconf 87' lang='lat' dir='ltr'><strong>est</strong></span> <span class='ocrx_word' id='word_1_84' title='bbox 950 1047 1008 1098; x_wconf 91' lang='lat' dir='ltr'><strong>et</strong></span> <span class='ocrx_word' id='word_1_85' title='bbox 1047 1041 1352 1098; x_wconf 79' lang='lat' dir='ltr'><strong>infremuit</strong></span> <span class='ocrx_word' id='word_1_86' title='bbox 1379 1043 1767 1102; x_wconf 89' lang='lat' dir='ltr'><strong>vehementer.</strong></span> 
     </span>
     <span class='ocr_line' id='line_1_10' title="bbox 118 1131 1765 1207; baseline -0.001 -15"><span class='ocrx_word' id='word_1_87' title='bbox 118 1138 325 1192; x_wconf 79' lang='lat' dir='ltr'><strong>Sermo</strong></span> <span class='ocrx_word' id='word_1_88' title='bbox 348 1131 579 1207; x_wconf 88' lang='lat' dir='ltr'><strong>publice</strong></span> <span class='ocrx_word' id='word_1_89' title='bbox 601 1148 756 1188; x_wconf 90' lang='lat' dir='ltr'><strong>unus</strong></span> <span class='ocrx_word' id='word_1_90' title='bbox 784 1131 846 1189; x_wconf 91' lang='lat' dir='ltr'><strong>in</strong></span> <span class='ocrx_word' id='word_1_91' title='bbox 876 1131 1133 1188; x_wconf 90' lang='lat' dir='ltr'><strong>omnium</strong></span> <span class='ocrx_word' id='word_1_92' title='bbox 1157 1147 1254 1189; x_wconf 90' lang='lat' dir='ltr'><strong>ore</strong></span> <span class='ocrx_word' id='word_1_93' title='bbox 1278 1133 1628 1204; x_wconf 69' lang='lat' dir='ltr'><strong>vertebatur,</strong></span> <span class='ocrx_word' id='word_1_94' title='bbox 1650 1151 1765 1191; x_wconf 91' lang='lat' dir='ltr'><strong>non</strong></span> 
     </span>
     <span class='ocr_line' id='line_1_11' title="bbox 117 1219 1768 1295; baseline 0 -15"><span class='ocrx_word' id='word_1_95' title='bbox 117 1225 249 1282; x_wconf 85' lang='lat' dir='ltr'><strong>sine</strong></span> <span class='ocrx_word' id='word_1_96' title='bbox 279 1223 436 1295; x_wconf 90' lang='lat' dir='ltr'><strong>regis</strong></span> <span class='ocrx_word' id='word_1_97' title='bbox 464 1220 824 1279; x_wconf 88' lang='lat' dir='ltr'><strong>conscientia</strong></span> <span class='ocrx_word' id='word_1_98' title='bbox 853 1219 963 1277; x_wconf 90' lang='lat' dir='ltr'><strong>hoc</strong></span> <span class='ocrx_word' id='word_1_99' title='bbox 994 1220 1114 1278; x_wconf 86' lang='lat' dir='ltr'><strong>fieri</strong></span> <span class='ocrx_word' id='word_1_100' title='bbox 1149 1221 1439 1292; x_wconf 87' lang='lat' dir='ltr'><strong>potuisse;</strong></span> <span class='ocrx_word' id='word_1_101' title='bbox 1464 1238 1569 1279; x_wconf 92' lang='lat' dir='ltr'><strong>nec</strong></span> <span class='ocrx_word' id='word_1_102' title='bbox 1592 1222 1768 1280; x_wconf 91' lang='lat' dir='ltr'><strong>male-</strong></span> 
     </span>
     <span class='ocr_line' id='line_1_12' title="bbox 118 1309 1768 1384; baseline -0.001 -14"><span class='ocrx_word' id='word_1_103' title='bbox 118 1312 323 1382; x_wconf 83' lang='lat' dir='ltr'><strong>ficum,</strong></span> <span class='ocrx_word' id='word_1_104' title='bbox 358 1311 471 1368; x_wconf 91' lang='lat' dir='ltr'><strong>nisi</strong></span> <span class='ocrx_word' id='word_1_105' title='bbox 503 1311 574 1367; x_wconf 93' lang='lat' dir='ltr'><strong>de</strong></span> <span class='ocrx_word' id='word_1_106' title='bbox 606 1309 760 1383; x_wconf 90' lang='lat' dir='ltr'><strong>regis</strong></span> <span class='ocrx_word' id='word_1_107' title='bbox 785 1309 975 1366; x_wconf 78' lang='lat' dir='ltr'><strong>favore</strong></span> <span class='ocrx_word' id='word_1_108' title='bbox 998 1309 1310 1380; x_wconf 82' lang='lat' dir='ltr'><strong>confisum,</strong></span> <span class='ocrx_word' id='word_1_109' title='bbox 1335 1311 1473 1367; x_wconf 86' lang='lat' dir='ltr'><strong>talia</strong></span> <span class='ocrx_word' id='word_1_110' title='bbox 1495 1327 1768 1384; x_wconf 66' lang='lat' dir='ltr'><strong>presum-</strong></span> 
     </span>
     <span class='ocr_line' id='line_1_13' title="bbox 116 1397 1768 1472; baseline 0.001 -16"><span class='ocrx_word' id='word_1_111' title='bbox 116 1400 308 1472; x_wconf 85' lang='lat' dir='ltr'><strong>psisse</strong></span> <span class='ocrx_word' id='word_1_112' title='bbox 338 1397 562 1467; x_wconf 87' lang='lat' dir='ltr'><strong>moliri;</strong></span> <span class='ocrx_word' id='word_1_113' title='bbox 595 1399 896 1471; x_wconf 89' lang='lat' dir='ltr'><strong>spargitur</strong></span> <span class='ocrx_word' id='word_1_114' title='bbox 916 1413 1021 1468; x_wconf 90' lang='lat' dir='ltr'><strong>per</strong></span> <span class='ocrx_word' id='word_1_115' title='bbox 1047 1397 1254 1469; x_wconf 88' lang='lat' dir='ltr'><strong>vulgus</strong></span> <span class='ocrx_word' id='word_1_116' title='bbox 1281 1399 1641 1470; x_wconf 79' lang='lat' dir='ltr'><strong>universum,</strong></span> <span class='ocrx_word' id='word_1_117' title='bbox 1674 1416 1768 1459; x_wconf 93' lang='lat' dir='ltr'><strong>co-</strong></span> 
     </span>
     <span class='ocr_line' id='line_1_14' title="bbox 120 1482 1767 1560; baseline 0.001 -14"><span class='ocrx_word' id='word_1_118' title='bbox 120 1489 328 1546; x_wconf 88' lang='lat' dir='ltr'><strong>mitem</strong></span> <span class='ocrx_word' id='word_1_119' title='bbox 365 1488 736 1545; x_wconf 73' lang='lat' dir='ltr'><strong>innocentem</strong></span> <span class='ocrx_word' id='word_1_120' title='bbox 814 1482 894 1560; x_wconf 89' lang='lat' dir='ltr'><strong>inj</strong></span> <span class='ocrx_word' id='word_1_121' title='bbox 907 1491 1066 1543; x_wconf 87' lang='lat' dir='ltr'><strong>ustas</strong></span> <span class='ocrx_word' id='word_1_122' title='bbox 1124 1491 1244 1560; x_wconf 87' lang='lat' dir='ltr'><strong>pati</strong></span> <span class='ocrx_word' id='word_1_123' title='bbox 1315 1488 1677 1560; x_wconf 80' lang='lat' dir='ltr'><strong>calumnias3</strong></span> <span class='ocrx_word' id='word_1_124' title='bbox 1709 1495 1767 1547; x_wconf 92' lang='lat' dir='ltr'><strong>et</strong></span> 
     </span>
     <span class='ocr_line' id='line_1_15' title="bbox 120 1577 1765 1653; baseline 0 -16"><span class='ocrx_word' id='word_1_125' title='bbox 120 1595 321 1653; x_wconf 90' lang='lat' dir='ltr'><strong>regem</strong></span> <span class='ocrx_word' id='word_1_126' title='bbox 352 1577 472 1635; x_wconf 91' lang='lat' dir='ltr'><strong>odii</strong></span> <span class='ocrx_word' id='word_1_127' title='bbox 487 1578 645 1650; x_wconf 92' lang='lat' dir='ltr'><strong>quod</strong></span> <span class='ocrx_word' id='word_1_128' title='bbox 671 1577 949 1634; x_wconf 89' lang='lat' dir='ltr'><strong>adversus</strong></span> <span class='ocrx_word' id='word_1_129' title='bbox 968 1593 1104 1632; x_wconf 90' lang='lat' dir='ltr'><strong>eum</strong></span> <span class='ocrx_word' id='word_1_130' title='bbox 1127 1578 1327 1647; x_wconf 86' lang='lat' dir='ltr'><strong>gratis,</strong></span> <span class='ocrx_word' id='word_1_131' title='bbox 1349 1587 1404 1635; x_wconf 85' lang='lat' dir='ltr'><strong>et</strong></span> <span class='ocrx_word' id='word_1_132' title='bbox 1426 1584 1633 1651; x_wconf 69' lang='lat' dir='ltr'><strong>preater</strong></span> <span class='ocrx_word' id='word_1_133' title='bbox 1653 1597 1765 1637; x_wconf 88' lang='lat' dir='ltr'><strong>me-</strong></span> 
     </span>
     <span class='ocr_line' id='line_1_16' title="bbox 119 1664 1761 1742; baseline 0 -15"><span class='ocrx_word' id='word_1_134' title='bbox 119 1669 235 1727; x_wconf 88' lang='lat' dir='ltr'><strong>rita</strong></span> <span class='ocrx_word' id='word_1_135' title='bbox 265 1664 919 1739; x_wconf 85' lang='lat' dir='ltr'><strong>comitis.&#39;conceperat,</strong></span> <span class='ocrx_word' id='word_1_136' title='bbox 962 1665 1140 1724; x_wconf 88' lang='lat' dir='ltr'><strong>nimis</strong></span> <span class='ocrx_word' id='word_1_137' title='bbox 1179 1667 1415 1725; x_wconf 89' lang='lat' dir='ltr'><strong>evidens</strong></span> <span class='ocrx_word' id='word_1_138' title='bbox 1441 1685 1761 1742; x_wconf 89' lang='lat' dir='ltr'><strong>argumen-</strong></span> 
     </span>
    </p>
   </div>
   <div class='ocr_carea' id='block_1_4' title="bbox 1872 682 3526 1741">
    <p class='ocr_par' dir='ltr' id='par_1_4' title="bbox 1872 682 3526 1741">
     <span class='ocr_line' id='line_1_17' title="bbox 1881 682 3523 763; baseline 0.005 -23"><span class='ocrx_word' id='word_1_139' title='bbox 1881 690 1995 740; x_wconf 89' lang='lat' dir='ltr'><strong>tcm</strong></span> <span class='ocrx_word' id='word_1_140' title='bbox 2031 682 2330 740; x_wconf 83' lang='lat' dir='ltr'><strong>Roardum</strong></span> <span class='ocrx_word' id='word_1_141' title='bbox 2363 682 2672 753; x_wconf 74' lang='lat' dir='ltr'><strong>seniorem,</strong></span> <span class='ocrx_word' id='word_1_142' title='bbox 2704 685 2805 756; x_wconf 86' lang='lat' dir='ltr'><strong>qui</strong></span> <span class='ocrx_word' id='word_1_143' title='bbox 2826 687 3199 757; x_wconf 89' lang='lat' dir='ltr'><strong>postmodum</strong></span> <span class='ocrx_word' id='word_1_144' title='bbox 3222 689 3426 763; x_wconf 34' lang='lat' dir='ltr'><strong>dictus·</strong></span> <span class='ocrx_word' id='word_1_145' title='bbox 3447 691 3523 748; x_wconf 86' lang='lat' dir='ltr'><strong>de</strong></span> 
     </span>
     <span class='ocr_line' id='line_1_18' title="bbox 1879 771 3523 848; baseline 0.005 -19"><span class='ocrx_word' id='word_1_146' title='bbox 1879 771 2139 843; x_wconf 85' lang='lat' dir='ltr'><strong>Neapoli,</strong></span> <span class='ocrx_word' id='word_1_147' title='bbox 2175 771 2275 843; x_wconf 93' lang='lat' dir='ltr'><strong>qui</strong></span> <span class='ocrx_word' id='word_1_148' title='bbox 2306 771 2610 829; x_wconf 91' lang='lat' dir='ltr'><strong>dominum</strong></span> <span class='ocrx_word' id='word_1_149' title='bbox 2642 788 2839 847; x_wconf 89' lang='lat' dir='ltr'><strong>regem</strong></span> <span class='ocrx_word' id='word_1_150' title='bbox 2871 775 3160 848; x_wconf 69' lang='lat' dir='ltr'><strong>praecipue</strong></span> <span class='ocrx_word' id='word_1_151' title='bbox 3189 776 3247 834; x_wconf 86' lang='lat' dir='ltr'><strong>in</strong></span> <span class='ocrx_word' id='word_1_152' title='bbox 3263 792 3395 835; x_wconf 88' lang='lat' dir='ltr'><strong>eam</strong></span> <span class='ocrx_word' id='word_1_153' title='bbox 3424 778 3523 837; x_wconf 90' lang='lat' dir='ltr'><strong>in-</strong></span> 
     </span>
     <span class='ocr_line' id='line_1_19' title="bbox 1877 859 3521 939; baseline 0.004 -21"><span class='ocrx_word' id='word_1_154' title='bbox 1877 861 2123 918; x_wconf 76' lang='lat' dir='ltr'><strong>duxerat</strong></span> <span class='ocrx_word' id='word_1_155' title='bbox 2152 861 2419 917; x_wconf 87' lang='lat' dir='ltr'><strong>odiorum</strong></span> <span class='ocrx_word' id='word_1_156' title='bbox 2451 859 2777 930; x_wconf 87' lang='lat' dir='ltr'><strong>materiam,</strong></span> <span class='ocrx_word' id='word_1_157' title='bbox 2811 864 3048 920; x_wconf 89' lang='lat' dir='ltr'><strong>domina</strong></span> <span class='ocrx_word' id='word_1_158' title='bbox 3080 864 3283 939; x_wconf 90' lang='lat' dir='ltr'><strong>regina</strong></span> <span class='ocrx_word' id='word_1_159' title='bbox 3301 865 3521 938; x_wconf 84' lang='lat' dir='ltr'><strong>quibus</strong></span> 
     </span>
     <span class='ocr_line' id='line_1_20' title="bbox 1877 949 3518 1025; baseline 0.005 -20"><span class='ocrx_word' id='word_1_160' title='bbox 1877 953 2106 1021; x_wconf 87' lang='lat' dir='ltr'><strong>poterat</strong></span> <span class='ocrx_word' id='word_1_161' title='bbox 2135 949 2595 1021; x_wconf 74' lang='lat' dir='ltr'><strong>persequebatur</strong></span> <span class='ocrx_word' id='word_1_162' title='bbox 2624 950 2835 1006; x_wconf 88' lang='lat' dir='ltr'><strong>modis.</strong></span> <span class='ocrx_word' id='word_1_163' title='bbox 2865 949 2992 1008; x_wconf 89' lang='lat' dir='ltr'><strong>Non</strong></span> <span class='ocrx_word' id='word_1_164' title='bbox 3020 957 3147 1010; x_wconf 86' lang='lat' dir='ltr'><strong>erat</strong></span> <span class='ocrx_word' id='word_1_165' title='bbox 3176 955 3261 1011; x_wconf 92' lang='lat' dir='ltr'><strong>eis</strong></span> <span class='ocrx_word' id='word_1_166' title='bbox 3298 957 3518 1025; x_wconf 86' lang='lat' dir='ltr'><strong>tutum,</strong></span> 
     </span>
     <span class='ocr_line' id='line_1_21' title="bbox 1876 1038 3519 1115; baseline 0.004 -21"><span class='ocrx_word' id='word_1_167' title='bbox 1876 1041 2012 1095; x_wconf 83' lang='lat' dir='ltr'><strong>ante</strong></span> <span class='ocrx_word' id='word_1_168' title='bbox 2040 1038 2173 1109; x_wconf 75' lang='lat' dir='ltr'><strong>eJus</strong></span> <span class='ocrx_word' id='word_1_169' title='bbox 2193 1038 2465 1094; x_wconf 87' lang='lat' dir='ltr'><strong>accedere</strong></span> <span class='ocrx_word' id='word_1_170' title='bbox 2498 1038 2900 1110; x_wconf 72' lang='lat' dir='ltr'><strong>presentiam3</strong></span> <span class='ocrx_word' id='word_1_171' title='bbox 2940 1041 3036 1097; x_wconf 88' lang='lat' dir='ltr'><strong>sed</strong></span> <span class='ocrx_word' id='word_1_172' title='bbox 3067 1046 3125 1099; x_wconf 88' lang='lat' dir='ltr'><strong>et</strong></span> <span class='ocrx_word' id='word_1_173' title='bbox 3156 1041 3519 1115; x_wconf 85' lang='lat' dir='ltr'><strong>publicorum</strong></span> 
     </span>
     <span class='ocr_line' id='line_1_22' title="bbox 1873 1126 3520 1201; baseline 0.004 -17"><span class='ocrx_word' id='word_1_174' title='bbox 1873 1131 2263 1184; x_wconf 80' lang='lat' dir='ltr'><strong>conventuum</strong></span> <span class='ocrx_word' id='word_1_175' title='bbox 2293 1143 2357 1183; x_wconf 89' lang='lat' dir='ltr'><strong>se</strong></span> <span class='ocrx_word' id='word_1_176' title='bbox 2381 1126 2727 1184; x_wconf 85' lang='lat' dir='ltr'><strong>subtrahere</strong></span> <span class='ocrx_word' id='word_1_177' title='bbox 2749 1127 2998 1185; x_wconf 86' lang='lat' dir='ltr'><strong>coetibus</strong></span> <span class='ocrx_word' id='word_1_178' title='bbox 3014 1133 3141 1187; x_wconf 90' lang='lat' dir='ltr'><strong>erat</strong></span> <span class='ocrx_word' id='word_1_179' title='bbox 3162 1130 3520 1201; x_wconf 65' lang='lat' dir='ltr'><strong>consultiusz</strong></span> 
     </span>
     <span class='ocr_line' id='line_1_23' title="bbox 1873 1215 3521 1293; baseline 0.003 -21"><span class='ocrx_word' id='word_1_180' title='bbox 1873 1216 1977 1273; x_wconf 91' lang='lat' dir='ltr'><strong>sed</strong></span> <span class='ocrx_word' id='word_1_181' title='bbox 2009 1231 2115 1273; x_wconf 89' lang='lat' dir='ltr'><strong>nec</strong></span> <span class='ocrx_word' id='word_1_182' title='bbox 2143 1215 2382 1271; x_wconf 92' lang='lat' dir='ltr'><strong>domino</strong></span> <span class='ocrx_word' id='word_1_183' title='bbox 2407 1215 2548 1288; x_wconf 87' lang='lat' dir='ltr'><strong>regi,</strong></span> <span class='ocrx_word' id='word_1_184' title='bbox 2581 1215 2735 1273; x_wconf 86' lang='lat' dir='ltr'><strong>inter</strong></span> <span class='ocrx_word' id='word_1_185' title='bbox 2765 1217 3023 1274; x_wconf 73' lang='lat' dir='ltr'><strong>fautores</strong></span> <span class='ocrx_word' id='word_1_186' title='bbox 3051 1222 3110 1274; x_wconf 90' lang='lat' dir='ltr'><strong>et</strong></span> <span class='ocrx_word' id='word_1_187' title='bbox 3156 1218 3521 1293; x_wconf 84' lang='lat' dir='ltr'><strong>consangui-</strong></span> 
     </span>
     <span class='ocr_line' id='line_1_24' title="bbox 1877 1303 3522 1377; baseline 0.002 -15"><span class='ocrx_word' id='word_1_188' title='bbox 1877 1319 2020 1362; x_wconf 91' lang='lat' dir='ltr'><strong>neos</strong></span> <span class='ocrx_word' id='word_1_189' title='bbox 2049 1304 2283 1377; x_wconf 80' lang='lat' dir='ltr'><strong>reginae,</strong></span> <span class='ocrx_word' id='word_1_190' title='bbox 2316 1308 2481 1360; x_wconf 86' lang='lat' dir='ltr'><strong>tutus</strong></span> <span class='ocrx_word' id='word_1_191' title='bbox 2528 1303 2767 1361; x_wconf 89' lang='lat' dir='ltr'><strong>omnino</strong></span> <span class='ocrx_word' id='word_1_192' title='bbox 2835 1309 2985 1364; x_wconf 88' lang='lat' dir='ltr'><strong>erat.</strong></span> <span class='ocrx_word' id='word_1_193' title='bbox 3013 1305 3199 1365; x_wconf 85' lang='lat' dir='ltr'><strong>locus.</strong></span> <span class='ocrx_word' id='word_1_194' title='bbox 3259 1307 3522 1366; x_wconf 85' lang='lat' dir='ltr'><strong>Tandem</strong></span> 
     </span>
     <span class='ocr_line' id='line_1_25' title="bbox 1872 1394 3518 1468; baseline 0.004 -17"><span class='ocrx_word' id='word_1_195' title='bbox 1872 1395 2102 1468; x_wconf 89' lang='lat' dir='ltr'><strong>placata</strong></span> <span class='ocrx_word' id='word_1_196' title='bbox 2132 1395 2260 1467; x_wconf 89' lang='lat' dir='ltr'><strong>ejus</strong></span> <span class='ocrx_word' id='word_1_197' title='bbox 2290 1394 2696 1467; x_wconf 75' lang='lat' dir='ltr'><strong>indignatione</strong></span> <span class='ocrx_word' id='word_1_198' title='bbox 2722 1409 2826 1468; x_wconf 89' lang='lat' dir='ltr'><strong>per</strong></span> <span class='ocrx_word' id='word_1_199' title='bbox 2866 1396 3256 1468; x_wconf 87' lang='lat' dir='ltr'><strong>quorumdam</strong></span> <span class='ocrx_word' id='word_1_200' title='bbox 3312 1413 3518 1457; x_wconf 87' lang='lat' dir='ltr'><strong>eorum</strong></span> 
     </span>
     <span class='ocr_line' id='line_1_26' title="bbox 1874 1484 3526 1561; baseline 0.003 -20"><span class='ocrx_word' id='word_1_201' title='bbox 1874 1484 2259 1541; x_wconf 73' lang='lat' dir='ltr'><strong>familiarium</strong></span> <span class='ocrx_word' id='word_1_202' title='bbox 2288 1484 2797 1551; x_wconf 83' lang='lat' dir='ltr'><strong>interventionem.</strong></span> <span class='ocrx_word' id='word_1_203' title='bbox 2824 1501 2923 1542; x_wconf 91' lang='lat' dir='ltr'><strong>rex</strong></span> <span class='ocrx_word' id='word_1_204' title='bbox 2950 1486 3101 1544; x_wconf 89' lang='lat' dir='ltr'><strong>alios</strong></span> <span class='ocrx_word' id='word_1_205' title='bbox 3122 1501 3353 1561; x_wconf 89' lang='lat' dir='ltr'><strong>quoque</strong></span> <span class='ocrx_word' id='word_1_206' title='bbox 3368 1489 3526 1559; x_wconf 80' lang='lat' dir='ltr'><strong>ejus·</strong></span> 
     </span>
     <span class='ocr_line' id='line_1_27' title="bbox 1872 1573 3517 1647; baseline 0.003 -17"><span class='ocrx_word' id='word_1_207' title='bbox 1872 1575 2009 1630; x_wconf 88' lang='lat' dir='ltr'><strong>dem</strong></span> <span class='ocrx_word' id='word_1_208' title='bbox 2039 1573 2299 1632; x_wconf 89' lang='lat' dir='ltr'><strong>rancoris</strong></span> <span class='ocrx_word' id='word_1_209' title='bbox 2331 1574 2659 1647; x_wconf 89' lang='lat' dir='ltr'><strong>participes,</strong></span> <span class='ocrx_word' id='word_1_210' title='bbox 2693 1573 2879 1631; x_wconf 88' lang='lat' dir='ltr'><strong>multa</strong></span> <span class='ocrx_word' id='word_1_211' title='bbox 2893 1575 2986 1632; x_wconf 87' lang='lat' dir='ltr'><strong>vix</strong></span> <span class='ocrx_word' id='word_1_212' title='bbox 3008 1575 3404 1635; x_wconf 88' lang='lat' dir='ltr'><strong>reconciliavit</strong></span> <span class='ocrx_word' id='word_1_213' title='bbox 3424 1576 3517 1634; x_wconf 91' lang='lat' dir='ltr'><strong>in·</strong></span> 
     </span>
     <span class='ocr_line' id='line_1_28' title="bbox 1872 1664 3518 1741; baseline 0.004 -22"><span class='ocrx_word' id='word_1_214' title='bbox 1872 1664 2111 1731; x_wconf 87' lang='lat' dir='ltr'><strong>stantia,</strong></span> <span class='ocrx_word' id='word_1_215' title='bbox 2142 1667 2380 1720; x_wconf 89' lang='lat' dir='ltr'><strong>eatenus</strong></span> <span class='ocrx_word' id='word_1_216' title='bbox 2412 1668 2662 1732; x_wconf 86' lang='lat' dir='ltr'><strong>tantum,</strong></span> <span class='ocrx_word' id='word_1_217' title='bbox 2714 1671 2936 1722; x_wconf 81' lang='lat' dir='ltr'><strong>utente</strong></span> <span class='ocrx_word' id='word_1_218' title='bbox 2976 1666 3105 1737; x_wconf 85' lang='lat' dir='ltr'><strong>ejus</strong></span> <span class='ocrx_word' id='word_1_219' title='bbox 3147 1665 3518 1741; x_wconf 62' lang='lat' dir='ltr'><strong>praeentiam</strong></span> 
     </span>
    </p>
   </div>
   <div class='ocr_carea' id='block_1_5' title="bbox 117 1752 3520 1833">
    <p class='ocr_par' dir='ltr' id='par_1_5' title="bbox 117 1752 3520 1833">
     <span class='ocr_line' id='line_1_29' title="bbox 117 1752 3520 1833; baseline 0.001 -18"><span class='ocrx_word' id='word_1_220' title='bbox 117 1755 1767 1833; x_wconf 79' lang='lat' dir='ltr'><strong>tumdedisse.Accedititaquecomitiplebisi&#39;avor‚etgra·</strong></span> <span class='ocrx_word' id='word_1_221' title='bbox 1798 1767 1846 1832; x_wconf 86' lang='grc' dir='ltr'><strong>Β</strong></span> <span class='ocrx_word' id='word_1_222' title='bbox 1876 1753 1962 1811; x_wconf 73' lang='lat'><strong>01⁸</strong></span> <span class='ocrx_word' id='word_1_223' title='bbox 1992 1753 2191 1810; x_wconf 67' lang='lat' dir='ltr'><strong>liceret</strong></span> <span class='ocrx_word' id='word_1_224' title='bbox 2218 1767 2350 1809; x_wconf 75' lang='lat' dir='ltr'><strong>cum</strong></span> <span class='ocrx_word' id='word_1_225' title='bbox 2382 1753 2513 1810; x_wconf 66' lang='lat'>&amp;151⁸</span> <span class='ocrx_word' id='word_1_226' title='bbox 2543 1752 2804 1811; x_wconf 64' lang='lat' dir='ltr'><strong>introire·</strong></span> <span class='ocrx_word' id='word_1_227' title='bbox 2840 1757 2956 1812; x_wconf 71' lang='lat' dir='ltr'><strong>Rex</strong></span> <span class='ocrx_word' id='word_1_228' title='bbox 2983 1758 3181 1812; x_wconf 66' lang='lat' dir='ltr'><strong>autem</strong></span> <span class='ocrx_word' id='word_1_229' title='bbox 3210 1755 3285 1812; x_wconf 69' lang='lat' dir='ltr'><strong>ab</strong></span> <span class='ocrx_word' id='word_1_230' title='bbox 3316 1770 3385 1813; x_wconf 69' lang='grc' dir='ltr'><strong>οι</strong></span> <span class='ocrx_word' id='word_1_231' title='bbox 3424 1755 3520 1813; x_wconf 72' lang='lat' dir='ltr'><strong>die</strong></span> 
     </span>
    </p>
   </div>
   <div class='ocr_carea' id='block_1_6' title="bbox 104 1845 1766 3079">
    <p class='ocr_par' dir='ltr' id='par_1_6' title="bbox 104 1845 1766 3079">
     <span class='ocr_line' id='line_1_30' title="bbox 118 1845 1764 1920; baseline 0.002 -17"><span class='ocrx_word' id='word_1_232' title='bbox 118 1847 203 1903; x_wconf 86' lang='lat' dir='ltr'><strong>tia</strong></span> <span class='ocrx_word' id='word_1_233' title='bbox 223 1845 560 1920; x_wconf 89' lang='lat' dir='ltr'><strong>popularis:</strong></span> <span class='ocrx_word' id='word_1_234' title='bbox 583 1853 637 1902; x_wconf 90' lang='lat' dir='ltr'><strong>et</strong></span> <span class='ocrx_word' id='word_1_235' title='bbox 657 1845 946 1918; x_wconf 89' lang='lat' dir='ltr'><strong>quidquid</strong></span> <span class='ocrx_word' id='word_1_236' title='bbox 969 1846 1019 1901; x_wconf 91' lang='lat' dir='ltr'><strong>ei</strong></span> <span class='ocrx_word' id='word_1_237' title='bbox 1035 1846 1328 1917; x_wconf 75' lang='lat' dir='ltr'><strong>obJectum</strong></span> <span class='ocrx_word' id='word_1_238' title='bbox 1347 1849 1552 1918; x_wconf 80' lang='lat' dir='ltr'><strong>fuerat,</strong></span> <span class='ocrx_word' id='word_1_239' title='bbox 1574 1854 1764 1907; x_wconf 91' lang='lat' dir='ltr'><strong>totum</strong></span> 
     </span>
     <span class='ocr_line' id='line_1_31' title="bbox 119 1934 1765 2013; baseline 0.002 -20"><span class='ocrx_word' id='word_1_240' title='bbox 119 1936 192 1993; x_wconf 91' lang='lat' dir='ltr'><strong>de</strong></span> <span class='ocrx_word' id='word_1_241' title='bbox 202 1935 419 1992; x_wconf 86' lang='lat' dir='ltr'><strong>malitia</strong></span> <span class='ocrx_word' id='word_1_242' title='bbox 431 1935 786 2008; x_wconf 86' lang='lat' dir='ltr'><strong>processisse</strong></span> <span class='ocrx_word' id='word_1_243' title='bbox 797 1934 1284 2002; x_wconf 82' lang='lat' dir='ltr'><strong>videbatur.Quod</strong></span> <span class='ocrx_word' id='word_1_244' title='bbox 1299 1953 1441 1994; x_wconf 89' lang='lat' dir='ltr'><strong>sane</strong></span> <span class='ocrx_word' id='word_1_245' title='bbox 1452 1943 1765 2013; x_wconf 77' lang='lat' dir='ltr'><strong>postquem</strong></span> 
     </span>
     <span class='ocr_line' id='line_1_32' title="bbox 119 2024 1765 2103; baseline 0.003 -21"><span class='ocrx_word' id='word_1_246' title='bbox 119 2024 366 2082; x_wconf 90' lang='lat' dir='ltr'><strong>domino</strong></span> <span class='ocrx_word' id='word_1_247' title='bbox 381 2024 499 2097; x_wconf 90' lang='lat' dir='ltr'><strong>regi</strong></span> <span class='ocrx_word' id='word_1_248' title='bbox 512 2027 879 2096; x_wconf 89' lang='lat' dir='ltr'><strong>compertum</strong></span> <span class='ocrx_word' id='word_1_249' title='bbox 892 2025 1164 2094; x_wconf 85' lang='lat' dir='ltr'><strong>innotuit,</strong></span> <span class='ocrx_word' id='word_1_250' title='bbox 1186 2024 1385 2082; x_wconf 89' lang='lat' dir='ltr'><strong>volens</strong></span> <span class='ocrx_word' id='word_1_251' title='bbox 1398 2026 1609 2085; x_wconf 77' lang='lat' dir='ltr'><strong>iactum</strong></span> <span class='ocrx_word' id='word_1_252' title='bbox 1628 2046 1765 2103; x_wconf 90' lang='lat' dir='ltr'><strong>pur-</strong></span> 
     </span>
     <span class='ocr_line' id='line_1_33' title="bbox 116 2113 1764 2189; baseline 0.002 -18"><span class='ocrx_word' id='word_1_253' title='bbox 116 2113 770 2189; x_wconf 85' lang='lat' dir='ltr'><strong>gareetscconstituere</strong></span> <span class='ocrx_word' id='word_1_254' title='bbox 784 2114 1764 2188; x_wconf 82' lang='lat' dir='ltr'><strong>manifestisindiciisinnocentem,</strong></span> 
     </span>
     <span class='ocr_line' id='line_1_34' title="bbox 104 2203 1766 2281; baseline 0.002 -20"><span class='ocrx_word' id='word_1_255' title='bbox 104 2203 457 2262; x_wconf 75' lang='lat' dir='ltr'><strong>‘maleficum</strong></span> <span class='ocrx_word' id='word_1_256' title='bbox 465 2204 632 2275; x_wconf 85' lang='lat' dir='ltr'><strong>jubet</strong></span> <span class='ocrx_word' id='word_1_257' title='bbox 644 2203 874 2275; x_wconf 80' lang='lat' dir='ltr'><strong>judicio</strong></span> <span class='ocrx_word' id='word_1_258' title='bbox 896 2203 1047 2273; x_wconf 86' lang='lat' dir='ltr'><strong>sisti,</strong></span> <span class='ocrx_word' id='word_1_259' title='bbox 1061 2207 1118 2260; x_wconf 92' lang='lat' dir='ltr'><strong>et</strong></span> <span class='ocrx_word' id='word_1_260' title='bbox 1139 2220 1243 2275; x_wconf 91' lang='lat' dir='ltr'><strong>pro</strong></span> <span class='ocrx_word' id='word_1_261' title='bbox 1260 2206 1579 2264; x_wconf 90' lang='lat' dir='ltr'><strong>commisso</strong></span> <span class='ocrx_word' id='word_1_262' title='bbox 1597 2209 1766 2281; x_wconf 86' lang='lat' dir='ltr'><strong>nagi-</strong></span> 
     </span>
     <span class='ocr_line' id='line_1_35' title="bbox 117 2291 1764 2362; baseline 0.002 -12"><span class='ocrx_word' id='word_1_263' title='bbox 117 2292 506 2360; x_wconf 88' lang='lat' dir='ltr'><strong>tio,omnibus</strong></span> <span class='ocrx_word' id='word_1_264' title='bbox 518 2291 875 2362; x_wconf 87' lang='lat' dir='ltr'><strong>notorio,nec</strong></span> <span class='ocrx_word' id='word_1_265' title='bbox 889 2298 1227 2350; x_wconf 74' lang='lat' dir='ltr'><strong>accusatore</strong></span> <span class='ocrx_word' id='word_1_266' title='bbox 1241 2310 1343 2350; x_wconf 87' lang='lat' dir='ltr'><strong>nec</strong></span> <span class='ocrx_word' id='word_1_267' title='bbox 1358 2297 1602 2353; x_wconf 83' lang='lat' dir='ltr'><strong>testibus</strong></span> <span class='ocrx_word' id='word_1_268' title='bbox 1615 2298 1764 2354; x_wconf 89' lang='lat' dir='ltr'><strong>indi-</strong></span> 
     </span>
     <span class='ocr_line' id='line_1_36' title="bbox 118 2381 1764 2459; baseline 0.003 -20"><span class='ocrx_word' id='word_1_269' title='bbox 118 2389 315 2455; x_wconf 82' lang='lat' dir='ltr'><strong>gente,</strong></span> <span class='ocrx_word' id='word_1_270' title='bbox 349 2381 448 2438; x_wconf 93' lang='lat' dir='ltr'><strong>ubi</strong></span> <span class='ocrx_word' id='word_1_271' title='bbox 476 2381 623 2453; x_wconf 78' lang='lat' dir='ltr'><strong>juris</strong></span> <span class='ocrx_word' id='word_1_272' title='bbox 652 2382 793 2437; x_wconf 90' lang='lat' dir='ltr'><strong>ordo</strong></span> <span class='ocrx_word' id='word_1_273' title='bbox 826 2397 945 2438; x_wconf 90' lang='lat' dir='ltr'><strong>non</strong></span> <span class='ocrx_word' id='word_1_274' title='bbox 974 2385 1097 2438; x_wconf 89' lang='lat' dir='ltr'><strong>erat</strong></span> <span class='ocrx_word' id='word_1_275' title='bbox 1123 2384 1764 2459; x_wconf 89' lang='lat' dir='ltr'><strong>necessarius,dignam</strong></span> 
     </span>
     <span class='ocr_line' id='line_1_37' title="bbox 117 2469 1764 2544; baseline 0.004 -18"><span class='ocrx_word' id='word_1_276' title='bbox 117 2486 226 2544; x_wconf 91' lang='lat' dir='ltr'><strong>pro</strong></span> <span class='ocrx_word' id='word_1_277' title='bbox 248 2470 477 2540; x_wconf 84' lang='lat' dir='ltr'><strong>meritis</strong></span> <span class='ocrx_word' id='word_1_278' title='bbox 498 2470 670 2544; x_wconf 76' lang='lat' dir='ltr'><strong>praeci</strong></span> <span class='ocrx_word' id='word_1_279' title='bbox 678 2469 763 2543; x_wconf 89' lang='lat' dir='ltr'><strong>pit</strong></span> <span class='ocrx_word' id='word_1_280' title='bbox 777 2475 1076 2542; x_wconf 88' lang='lat' dir='ltr'><strong>reportare</strong></span> <span class='ocrx_word' id='word_1_281' title='bbox 1089 2473 1455 2530; x_wconf 84' lang='lat' dir='ltr'><strong>sententiam.</strong></span> <span class='ocrx_word' id='word_1_282' title='bbox 1470 2475 1764 2533; x_wconf 89' lang='lat' dir='ltr'><strong>Convoca-</strong></span> 
     </span>
     <span class='ocr_line' id='line_1_38' title="bbox 115 2561 1766 2637; baseline 0.003 -19"><span class='ocrx_word' id='word_1_283' title='bbox 115 2567 178 2618; x_wconf 88' lang='lat' dir='ltr'><strong>ta</strong></span> <span class='ocrx_word' id='word_1_284' title='bbox 216 2561 401 2636; x_wconf 88' lang='lat' dir='ltr'><strong>igitur</strong></span> <span class='ocrx_word' id='word_1_285' title='bbox 430 2562 613 2630; x_wconf 85' lang='lat' dir='ltr'><strong>curia,</strong></span> <span class='ocrx_word' id='word_1_286' title='bbox 646 2562 717 2618; x_wconf 91' lang='lat' dir='ltr'><strong>de</strong></span> <span class='ocrx_word' id='word_1_287' title='bbox 766 2562 1068 2618; x_wconf 89' lang='lat' dir='ltr'><strong>communi</strong></span> <span class='ocrx_word' id='word_1_288' title='bbox 1099 2578 1416 2632; x_wconf 87' lang='lat' dir='ltr'><strong>consensu,</strong></span> <span class='ocrx_word' id='word_1_289' title='bbox 1456 2565 1766 2637; x_wconf 62' lang='lat' dir='ltr'><strong>pradictus</strong></span> 
     </span>
     <span class='ocr_line' id='line_1_39' title="bbox 119 2649 1764 2722; baseline 0.004 -16"><span class='ocrx_word' id='word_1_290' title='bbox 119 2649 397 2718; x_wconf 87' lang='lat' dir='ltr'><strong>sicarius,</strong></span> <span class='ocrx_word' id='word_1_291' title='bbox 419 2649 811 2707; x_wconf 82' lang='lat' dir='ltr'><strong>mutilationis</strong></span> <span class='ocrx_word' id='word_1_292' title='bbox 830 2650 1230 2707; x_wconf 90' lang='lat' dir='ltr'><strong>membrorum</strong></span> <span class='ocrx_word' id='word_1_293' title='bbox 1248 2652 1549 2722; x_wconf 87' lang='lat' dir='ltr'><strong>judicatur</strong></span> <span class='ocrx_word' id='word_1_294' title='bbox 1567 2654 1764 2712; x_wconf 85' lang='lat' dir='ltr'><strong>subire</strong></span> 
     </span>
     <span class='ocr_line' id='line_1_40' title="bbox 116 2739 1761 2813; baseline 0.004 -19"><span class='ocrx_word' id='word_1_295' title='bbox 116 2739 462 2796; x_wconf 82' lang='lat' dir='ltr'><strong>discrimen.</strong></span> <span class='ocrx_word' id='word_1_296' title='bbox 513 2739 702 2809; x_wconf 85' lang='lat' dir='ltr'><strong>Quod,</strong></span> <span class='ocrx_word' id='word_1_297' title='bbox 761 2746 1077 2811; x_wconf 85' lang='lat' dir='ltr'><strong>postquam</strong></span> <span class='ocrx_word' id='word_1_298' title='bbox 1136 2741 1258 2813; x_wconf 89' lang='lat' dir='ltr'><strong>regi</strong></span> <span class='ocrx_word' id='word_1_299' title='bbox 1289 2742 1620 2799; x_wconf 80' lang='lat' dir='ltr'><strong>nuntiatum</strong></span> <span class='ocrx_word' id='word_1_300' title='bbox 1652 2748 1761 2812; x_wconf 89' lang='lat' dir='ltr'><strong>cst,</strong></span> 
     </span>
     <span class='ocr_line' id='line_1_41' title="bbox 114 2827 1763 2901; baseline 0.004 -18"><span class='ocrx_word' id='word_1_301' title='bbox 114 2827 484 2884; x_wconf 84' lang='lat' dir='ltr'><strong>exsecutioni</strong></span> <span class='ocrx_word' id='word_1_302' title='bbox 516 2828 776 2901; x_wconf 61' lang='lat' dir='ltr'><strong>praecipit</strong></span> <span class='ocrx_word' id='word_1_303' title='bbox 823 2829 1086 2885; x_wconf 89' lang='lat' dir='ltr'><strong>mandari</strong></span> <span class='ocrx_word' id='word_1_304' title='bbox 1138 2829 1509 2899; x_wconf 87' lang='lat' dir='ltr'><strong>seutentiam,</strong></span> <span class='ocrx_word' id='word_1_305' title='bbox 1543 2847 1610 2888; x_wconf 90' lang='lat' dir='ltr'><strong>eo</strong></span> <span class='ocrx_word' id='word_1_306' title='bbox 1640 2833 1763 2890; x_wconf 92' lang='lat' dir='ltr'><strong>solo</strong></span> 
     </span>
     <span class='ocr_line' id='line_1_42' title="bbox 115 2916 1764 2995; baseline 0.004 -22"><span class='ocrx_word' id='word_1_307' title='bbox 115 2922 382 2988; x_wconf 88' lang='lat' dir='ltr'><strong>excepto,</strong></span> <span class='ocrx_word' id='word_1_308' title='bbox 403 2933 476 2973; x_wconf 92' lang='lat' dir='ltr'><strong>ne</strong></span> <span class='ocrx_word' id='word_1_309' title='bbox 499 2916 696 2988; x_wconf 88' lang='lat' dir='ltr'><strong>lingna</strong></span> <span class='ocrx_word' id='word_1_310' title='bbox 716 2917 873 2973; x_wconf 90' lang='lat' dir='ltr'><strong>inter</strong></span> <span class='ocrx_word' id='word_1_311' title='bbox 894 2918 1222 2975; x_wconf 85' lang='lat' dir='ltr'><strong>mutilanda</strong></span> <span class='ocrx_word' id='word_1_312' title='bbox 1245 2919 1506 2976; x_wconf 90' lang='lat' dir='ltr'><strong>membra</strong></span> <span class='ocrx_word' id='word_1_313' title='bbox 1523 2938 1764 2995; x_wconf 88' lang='lat' dir='ltr'><strong>compu-</strong></span> 
     </span>
     <span class='ocr_line' id='line_1_43' title="bbox 113 3006 1765 3079; baseline 0.004 -16"><span class='ocrx_word' id='word_1_314' title='bbox 113 3012 306 3076; x_wconf 85' lang='lat' dir='ltr'><strong>tetur;</strong></span> <span class='ocrx_word' id='word_1_315' title='bbox 341 3006 504 3064; x_wconf 89' lang='lat' dir='ltr'><strong>illam</strong></span> <span class='ocrx_word' id='word_1_316' title='bbox 534 3008 780 3079; x_wconf 86' lang='lat' dir='ltr'><strong>excepit,</strong></span> <span class='ocrx_word' id='word_1_317' title='bbox 806 3024 877 3065; x_wconf 92' lang='lat' dir='ltr'><strong>ne</strong></span> <span class='ocrx_word' id='word_1_318' title='bbox 917 3008 1062 3065; x_wconf 80' lang='lat' dir='ltr'><strong>forte</strong></span> <span class='ocrx_word' id='word_1_319' title='bbox 1083 3009 1374 3066; x_wconf 84' lang='lat' dir='ltr'><strong>diceretur</strong></span> <span class='ocrx_word' id='word_1_320' title='bbox 1404 3010 1662 3069; x_wconf 80' lang='lat' dir='ltr'><strong>studiose</strong></span> <span class='ocrx_word' id='word_1_321' title='bbox 1684 3014 1765 3070; x_wconf 83' lang='lat' dir='ltr'><strong>sa-</strong></span> 
     </span>
    </p>
   </div>
   <div class='ocr_carea' id='block_1_7' title="bbox 115 3095 1836 3208">
    <p class='ocr_par' dir='ltr' id='par_1_7' title="bbox 115 3095 1836 3208">
     <span class='ocr_line' id='line_1_44' title="bbox 115 3095 1836 3208; baseline 0.005 -56"><span class='ocrx_word' id='word_1_322' title='bbox 115 3100 305 3162; x_wconf 90' lang='lat' dir='ltr'><strong>ctum,</strong></span> <span class='ocrx_word' id='word_1_323' title='bbox 336 3101 402 3152; x_wconf 88' lang='lat' dir='ltr'><strong>ut</strong></span> <span class='ocrx_word' id='word_1_324' title='bbox 430 3095 514 3154; x_wconf 91' lang='lat' dir='ltr'><strong>illi</strong></span> <span class='ocrx_word' id='word_1_325' title='bbox 544 3101 949 3168; x_wconf 85' lang='lat' dir='ltr'><strong>amputaretur</strong></span> <span class='ocrx_word' id='word_1_326' title='bbox 973 3097 1196 3168; x_wconf 86' lang='lat' dir='ltr'><strong>lingua,</strong></span> <span class='ocrx_word' id='word_1_327' title='bbox 1229 3114 1299 3159; x_wconf 87' lang='lat' dir='ltr'><strong>ne</strong></span> <span class='ocrx_word' id='word_1_328' title='bbox 1329 3114 1390 3155; x_wconf 92' lang='lat' dir='ltr'><strong>se</strong></span> <span class='ocrx_word' id='word_1_329' title='bbox 1449 3101 1696 3159; x_wconf 86' lang='lat' dir='ltr'><strong>missum</strong></span> <span class='ocrx_word' id='word_1_330' title='bbox 1729 3120 1762 3159; x_wconf 91' lang='lat' dir='ltr'><strong>a</strong></span> <span class='ocrx_word' id='word_1_331' title='bbox 1792 3139 1836 3208; x_wconf 77' lang='lat' dir='ltr'>C</span> 
     </span>
    </p>
   </div>
   <div class='ocr_carea' id='block_1_8' title="bbox 115 3183 1763 4505">
    <p class='ocr_par' dir='ltr' id='par_1_8' title="bbox 115 3183 1763 4505">
     <span class='ocr_line' id='line_1_45' title="bbox 116 3183 1763 3261; baseline 0.001 -18"><span class='ocrx_word' id='word_1_332' title='bbox 116 3200 253 3258; x_wconf 86' lang='lat' dir='ltr'><strong>rege</strong></span> <span class='ocrx_word' id='word_1_333' title='bbox 280 3188 340 3242; x_wconf 91' lang='lat' dir='ltr'><strong>et</strong></span> <span class='ocrx_word' id='word_1_334' title='bbox 368 3184 451 3241; x_wconf 88' lang='lat' dir='ltr'><strong>rei</strong></span> <span class='ocrx_word' id='word_1_335' title='bbox 479 3183 776 3241; x_wconf 87' lang='lat' dir='ltr'><strong>veritatem</strong></span> <span class='ocrx_word' id='word_1_336' title='bbox 811 3189 1008 3255; x_wconf 81' lang='lat' dir='ltr'><strong>posset</strong></span> <span class='ocrx_word' id='word_1_337' title='bbox 1037 3185 1325 3243; x_wconf 83' lang='lat' dir='ltr'><strong>confiteri.</strong></span> <span class='ocrx_word' id='word_1_338' title='bbox 1361 3187 1428 3243; x_wconf 91' lang='lat' dir='ltr'><strong>In</strong></span> <span class='ocrx_word' id='word_1_339' title='bbox 1451 3203 1565 3260; x_wconf 90' lang='lat' dir='ltr'><strong>quo</strong></span> <span class='ocrx_word' id='word_1_340' title='bbox 1588 3187 1763 3261; x_wconf 89' lang='lat' dir='ltr'><strong>plane</strong></span> 
     </span>
     <span class='ocr_line' id='line_1_46' title="bbox 115 3274 1760 3348; baseline 0.003 -17"><span class='ocrx_word' id='word_1_341' title='bbox 115 3275 295 3341; x_wconf 77' lang='lat' dir='ltr'><strong>racto,</strong></span> <span class='ocrx_word' id='word_1_342' title='bbox 327 3274 646 3346; x_wconf 90' lang='lat' dir='ltr'><strong>prudenter</strong></span> <span class='ocrx_word' id='word_1_343' title='bbox 674 3274 851 3330; x_wconf 90' lang='lat' dir='ltr'><strong>nimis</strong></span> <span class='ocrx_word' id='word_1_344' title='bbox 881 3291 1002 3331; x_wconf 76' lang='lat' dir='ltr'><strong>suae</strong></span> <span class='ocrx_word' id='word_1_345' title='bbox 1033 3291 1133 3331; x_wconf 86' lang='lat' dir='ltr'><strong>rex</strong></span> <span class='ocrx_word' id='word_1_346' title='bbox 1162 3276 1430 3348; x_wconf 80' lang='lat' dir='ltr'><strong>praevidit</strong></span> <span class='ocrx_word' id='word_1_347' title='bbox 1460 3278 1760 3336; x_wconf 88' lang='lat' dir='ltr'><strong>existima-</strong></span> 
     </span>
     <span class='ocr_line' id='line_1_47' title="bbox 116 3362 1763 3442; baseline 0.003 -22"><span class='ocrx_word' id='word_1_348' title='bbox 116 3364 288 3433; x_wconf 87' lang='lat' dir='ltr'><strong>tioni,</strong></span> <span class='ocrx_word' id='word_1_349' title='bbox 323 3362 696 3436; x_wconf 89' lang='lat' dir='ltr'><strong>multumque</strong></span> <span class='ocrx_word' id='word_1_350' title='bbox 753 3372 1092 3436; x_wconf 79' lang='lat' dir='ltr'><strong>conceptam</strong></span> <span class='ocrx_word' id='word_1_351' title='bbox 1125 3366 1404 3423; x_wconf 82' lang='lat' dir='ltr'><strong>adversus</strong></span> <span class='ocrx_word' id='word_1_352' title='bbox 1435 3382 1497 3424; x_wconf 91' lang='lat' dir='ltr'><strong>se</strong></span> <span class='ocrx_word' id='word_1_353' title='bbox 1526 3383 1763 3442; x_wconf 91' lang='lat' dir='ltr'><strong>compe-</strong></span> 
     </span>
     <span class='ocr_line' id='line_1_48' title="bbox 115 3452 1763 3527; baseline 0.002 -16"><span class='ocrx_word' id='word_1_354' title='bbox 115 3454 275 3511; x_wconf 84' lang='lat' dir='ltr'><strong>scuit</strong></span> <span class='ocrx_word' id='word_1_355' title='bbox 332 3452 832 3525; x_wconf 87' lang='lat' dir='ltr'><strong>indignationem;</strong></span> <span class='ocrx_word' id='word_1_356' title='bbox 867 3469 1003 3510; x_wconf 89' lang='lat' dir='ltr'><strong>nam</strong></span> <span class='ocrx_word' id='word_1_357' title='bbox 1035 3453 1108 3510; x_wconf 90' lang='lat' dir='ltr'><strong>ab</strong></span> <span class='ocrx_word' id='word_1_358' title='bbox 1138 3454 1259 3519; x_wconf 87' lang='lat' dir='ltr'><strong>illo,</strong></span> <span class='ocrx_word' id='word_1_359' title='bbox 1315 3471 1503 3527; x_wconf 86' lang='lat' dir='ltr'><strong>neque</strong></span> <span class='ocrx_word' id='word_1_360' title='bbox 1541 3465 1763 3515; x_wconf 91' lang='lat' dir='ltr'><strong>secreto</strong></span> 
     </span>
     <span class='ocr_line' id='line_1_49' title="bbox 117 3539 1760 3612; baseline 0.001 -14"><span class='ocrx_word' id='word_1_361' title='bbox 117 3556 313 3612; x_wconf 88' lang='lat' dir='ltr'><strong>neque</strong></span> <span class='ocrx_word' id='word_1_362' title='bbox 343 3539 594 3611; x_wconf 87' lang='lat' dir='ltr'><strong>publice,</strong></span> <span class='ocrx_word' id='word_1_363' title='bbox 624 3540 714 3596; x_wconf 89' lang='lat' dir='ltr'><strong>vel</strong></span> <span class='ocrx_word' id='word_1_364' title='bbox 748 3545 882 3597; x_wconf 90' lang='lat' dir='ltr'><strong>aute</strong></span> <span class='ocrx_word' id='word_1_365' title='bbox 911 3541 994 3596; x_wconf 82' lang='lat' dir='ltr'><strong>vel</strong></span> <span class='ocrx_word' id='word_1_366' title='bbox 1026 3545 1160 3612; x_wconf 90' lang='lat' dir='ltr'><strong>post</strong></span> <span class='ocrx_word' id='word_1_367' title='bbox 1190 3543 1590 3598; x_wconf 91' lang='lat' dir='ltr'><strong>membrorum</strong></span> <span class='ocrx_word' id='word_1_368' title='bbox 1638 3543 1760 3599; x_wconf 90' lang='lat' dir='ltr'><strong>dis·</strong></span> 
     </span>
     <span class='ocr_line' id='line_1_50' title="bbox 120 3630 1762 3707; baseline 0.002 -21"><span class='ocrx_word' id='word_1_369' title='bbox 120 3630 402 3704; x_wconf 86' lang='lat' dir='ltr'><strong>pendium</strong></span> <span class='ocrx_word' id='word_1_370' title='bbox 451 3630 642 3702; x_wconf 91' lang='lat' dir='ltr'><strong>potuit</strong></span> <span class='ocrx_word' id='word_1_371' title='bbox 686 3630 1033 3701; x_wconf 88' lang='lat' dir='ltr'><strong>extorqueri,</strong></span> <span class='ocrx_word' id='word_1_372' title='bbox 1067 3630 1228 3703; x_wconf 91' lang='lat' dir='ltr'><strong>quod</strong></span> <span class='ocrx_word' id='word_1_373' title='bbox 1261 3631 1332 3687; x_wconf 92' lang='lat' dir='ltr'><strong>de</strong></span> <span class='ocrx_word' id='word_1_374' title='bbox 1361 3631 1582 3688; x_wconf 89' lang='lat' dir='ltr'><strong>domini</strong></span> <span class='ocrx_word' id='word_1_375' title='bbox 1612 3633 1762 3707; x_wconf 90' lang='lat' dir='ltr'><strong>regis</strong></span> 
     </span>
     <span class='ocr_line' id='line_1_51' title="bbox 118 3718 1760 3781; baseline 0.002 -4"><span class='ocrx_word' id='word_1_376' title='bbox 118 3718 400 3777; x_wconf 86' lang='lat' dir='ltr'><strong>mandato</strong></span> <span class='ocrx_word' id='word_1_377' title='bbox 430 3720 519 3775; x_wconf 85' lang='lat' dir='ltr'><strong>vel</strong></span> <span class='ocrx_word' id='word_1_378' title='bbox 577 3719 939 3775; x_wconf 89' lang='lat' dir='ltr'><strong>conscientia</strong></span> <span class='ocrx_word' id='word_1_379' title='bbox 968 3720 1039 3775; x_wconf 90' lang='lat' dir='ltr'><strong>ad</strong></span> <span class='ocrx_word' id='word_1_380' title='bbox 1070 3719 1218 3775; x_wconf 91' lang='lat' dir='ltr'><strong>illud</strong></span> <span class='ocrx_word' id='word_1_381' title='bbox 1248 3724 1367 3777; x_wconf 89' lang='lat' dir='ltr'><strong>tam</strong></span> <span class='ocrx_word' id='word_1_382' title='bbox 1400 3737 1636 3779; x_wconf 88' lang='lat' dir='ltr'><strong>enorme</strong></span> <span class='ocrx_word' id='word_1_383' title='bbox 1668 3725 1760 3781; x_wconf 78' lang='lat' dir='ltr'><strong>fa-</strong></span> 
     </span>
     <span class='ocr_line' id='line_1_52' title="bbox 118 3808 1761 3884; baseline 0.003 -19"><span class='ocrx_word' id='word_1_384' title='bbox 118 3812 283 3866; x_wconf 89' lang='lat' dir='ltr'><strong>ctum</strong></span> <span class='ocrx_word' id='word_1_385' title='bbox 315 3808 717 3880; x_wconf 86' lang='lat' dir='ltr'><strong>processisset,</strong></span> <span class='ocrx_word' id='word_1_386' title='bbox 738 3809 837 3865; x_wconf 91' lang='lat' dir='ltr'><strong>sed</strong></span> <span class='ocrx_word' id='word_1_387' title='bbox 864 3809 934 3864; x_wconf 91' lang='lat' dir='ltr'><strong>de</strong></span> <span class='ocrx_word' id='word_1_388' title='bbox 959 3810 1192 3882; x_wconf 90' lang='lat' dir='ltr'><strong>proprio</strong></span> <span class='ocrx_word' id='word_1_389' title='bbox 1225 3819 1382 3867; x_wconf 89' lang='lat' dir='ltr'><strong>motu</strong></span> <span class='ocrx_word' id='word_1_390' title='bbox 1407 3828 1422 3867; x_wconf 74' lang='grc' dir='ltr'><strong><em>ε</em></strong></span> <span class='ocrx_word' id='word_1_391' title='bbox 1447 3815 1504 3868; x_wconf 88' lang='lat' dir='ltr'><strong>et</strong></span> <span class='ocrx_word' id='word_1_392' title='bbox 1523 3829 1761 3884; x_wconf 88' lang='lat' dir='ltr'><strong>sperans</strong></span> 
     </span>
     <span class='ocr_line' id='line_1_53' title="bbox 118 3897 1762 3970; baseline 0.002 -16"><span class='ocrx_word' id='word_1_393' title='bbox 118 3897 177 3954; x_wconf 93' lang='lat' dir='ltr'><strong>in</strong></span> <span class='ocrx_word' id='word_1_394' title='bbox 206 3914 275 3954; x_wconf 92' lang='lat' dir='ltr'><strong>eo</strong></span> <span class='ocrx_word' id='word_1_395' title='bbox 306 3913 370 3953; x_wconf 90' lang='lat' dir='ltr'><strong>se</strong></span> <span class='ocrx_word' id='word_1_396' title='bbox 399 3897 621 3954; x_wconf 90' lang='lat' dir='ltr'><strong>domini</strong></span> <span class='ocrx_word' id='word_1_397' title='bbox 653 3898 801 3968; x_wconf 86' lang='lat' dir='ltr'><strong>regis</strong></span> <span class='ocrx_word' id='word_1_398' title='bbox 831 3897 1076 3969; x_wconf 90' lang='lat' dir='ltr'><strong>gratiam</strong></span> <span class='ocrx_word' id='word_1_399' title='bbox 1116 3900 1428 3970; x_wconf 88' lang='lat' dir='ltr'><strong>promereri</strong></span> <span class='ocrx_word' id='word_1_400' title='bbox 1487 3917 1676 3970; x_wconf 89' lang='lat' dir='ltr'><strong>posse,</strong></span> <span class='ocrx_word' id='word_1_401' title='bbox 1702 3902 1762 3958; x_wconf 91' lang='lat' dir='ltr'><strong>id</strong></span> 
     </span>
     <span class='ocr_line' id='line_1_54' title="bbox 118 3985 1761 4059; baseline 0.002 -17"><span class='ocrx_word' id='word_1_402' title='bbox 118 3985 235 4044; x_wconf 78' lang='lat' dir='ltr'><strong>tale</strong></span> <span class='ocrx_word' id='word_1_403' title='bbox 266 3986 707 4059; x_wconf 64' lang='lat' dir='ltr'><strong>presumpsisse</strong></span> <span class='ocrx_word' id='word_1_404' title='bbox 760 3987 1066 4045; x_wconf 78' lang='lat' dir='ltr'><strong>fatebatur.</strong></span> <span class='ocrx_word' id='word_1_405' title='bbox 1107 3987 1313 4044; x_wconf 89' lang='lat' dir='ltr'><strong>Comes</strong></span> <span class='ocrx_word' id='word_1_406' title='bbox 1358 3994 1550 4044; x_wconf 89' lang='lat' dir='ltr'><strong>autem</strong></span> <span class='ocrx_word' id='word_1_407' title='bbox 1608 4005 1761 4046; x_wconf 76' lang='lat' dir='ltr'><strong>curae</strong></span> 
     </span>
     <span class='ocr_line' id='line_1_55' title="bbox 120 4074 1761 4150; baseline 0.002 -18"><span class='ocrx_word' id='word_1_408' title='bbox 120 4074 342 4147; x_wconf 90' lang='lat' dir='ltr'><strong>proprii</strong></span> <span class='ocrx_word' id='word_1_409' title='bbox 364 4075 625 4146; x_wconf 86' lang='lat' dir='ltr'><strong>corporis‘</strong></span> <span class='ocrx_word' id='word_1_410' title='bbox 668 4074 948 4132; x_wconf 66' lang='lat' dir='ltr'><strong>habendes</strong></span> <span class='ocrx_word' id='word_1_411' title='bbox 1005 4074 1212 4149; x_wconf 88' lang='lat' dir='ltr'><strong>gratia,</strong></span> <span class='ocrx_word' id='word_1_412' title='bbox 1257 4079 1313 4131; x_wconf 90' lang='lat' dir='ltr'><strong>et</strong></span> <span class='ocrx_word' id='word_1_413' title='bbox 1342 4091 1517 4133; x_wconf 88' lang='lat' dir='ltr'><strong>cauea</strong></span> <span class='ocrx_word' id='word_1_414' title='bbox 1549 4093 1761 4150; x_wconf 88' lang='lat' dir='ltr'><strong>procu-</strong></span> 
     </span>
     <span class='ocr_line' id='line_1_56' title="bbox 119 4163 1759 4237; baseline 0.001 -16"><span class='ocrx_word' id='word_1_415' title='bbox 119 4165 317 4221; x_wconf 65' lang='lat' dir='ltr'><strong>randas</strong></span> <span class='ocrx_word' id='word_1_416' title='bbox 346 4163 555 4221; x_wconf 87' lang='lat' dir='ltr'><strong>salutis</strong></span> <span class='ocrx_word' id='word_1_417' title='bbox 587 4179 810 4220; x_wconf 89' lang='lat' dir='ltr'><strong>moram</strong></span> <span class='ocrx_word' id='word_1_418' title='bbox 845 4163 1084 4233; x_wconf 79' lang='lat' dir='ltr'><strong>faciens,</strong></span> <span class='ocrx_word' id='word_1_419' title='bbox 1116 4168 1349 4236; x_wconf 89' lang='lat' dir='ltr'><strong>recepta</strong></span> <span class='ocrx_word' id='word_1_420' title='bbox 1393 4166 1462 4222; x_wconf 89' lang='lat' dir='ltr'><strong>ad</strong></span> <span class='ocrx_word' id='word_1_421' title='bbox 1521 4166 1759 4237; x_wconf 90' lang='lat' dir='ltr'><strong>plenum</strong></span> 
     </span>
     <span class='ocr_line' id='line_1_57' title="bbox 122 4253 1760 4328; baseline 0.002 -18"><span class='ocrx_word' id='word_1_422' title='bbox 122 4253 612 4322; x_wconf 88' lang='lat' dir='ltr'><strong>convalescentia,</strong></span> <span class='ocrx_word' id='word_1_423' title='bbox 648 4258 891 4311; x_wconf 88' lang='lat' dir='ltr'><strong>moestus</strong></span> <span class='ocrx_word' id='word_1_424' title='bbox 921 4254 1268 4324; x_wconf 87' lang='lat' dir='ltr'><strong>plurimum,</strong></span> <span class='ocrx_word' id='word_1_425' title='bbox 1301 4258 1426 4311; x_wconf 90' lang='lat' dir='ltr'><strong>tum</strong></span> <span class='ocrx_word' id='word_1_426' title='bbox 1459 4271 1564 4328; x_wconf 91' lang='lat' dir='ltr'><strong>pro</strong></span> <span class='ocrx_word' id='word_1_427' title='bbox 1595 4256 1760 4314; x_wconf 89' lang='lat' dir='ltr'><strong>illata</strong></span> 
     </span>
     <span class='ocr_line' id='line_1_58' title="bbox 115 4338 1759 4416; baseline 0.003 -19"><span class='ocrx_word' id='word_1_428' title='bbox 115 4343 384 4397; x_wconf 87' lang='lat' dir='ltr'><strong>recenter</strong></span> <span class='ocrx_word' id='word_1_429' title='bbox 419 4338 657 4411; x_wconf 88' lang='lat' dir='ltr'><strong>injuria,</strong></span> <span class='ocrx_word' id='word_1_430' title='bbox 689 4345 813 4398; x_wconf 92' lang='lat' dir='ltr'><strong>tum</strong></span> <span class='ocrx_word' id='word_1_431' title='bbox 845 4341 985 4413; x_wconf 87' lang='lat' dir='ltr'><strong>quia</strong></span> <span class='ocrx_word' id='word_1_432' title='bbox 1013 4357 1116 4414; x_wconf 91' lang='lat' dir='ltr'><strong>per</strong></span> <span class='ocrx_word' id='word_1_433' title='bbox 1137 4342 1264 4399; x_wconf 90' lang='lat' dir='ltr'><strong>loca</strong></span> <span class='ocrx_word' id='word_1_434' title='bbox 1284 4342 1579 4416; x_wconf 86' lang='lat' dir='ltr'><strong>incognita</strong></span> <span class='ocrx_word' id='word_1_435' title='bbox 1599 4360 1759 4402; x_wconf 90' lang='lat' dir='ltr'><strong>men-</strong></span> 
     </span>
     <span class='ocr_line' id='line_1_59' title="bbox 116 4428 1755 4505; baseline 0.005 -21"><span class='ocrx_word' id='word_1_436' title='bbox 116 4428 337 4498; x_wconf 87' lang='lat' dir='ltr'><strong>dicare,</strong></span> <span class='ocrx_word' id='word_1_437' title='bbox 369 4431 605 4503; x_wconf 87' lang='lat' dir='ltr'><strong>propria</strong></span> <span class='ocrx_word' id='word_1_438' title='bbox 637 4430 973 4487; x_wconf 70' lang='lat' dir='ltr'><strong>haereditate</strong></span> <span class='ocrx_word' id='word_1_439' title='bbox 1002 4432 1268 4499; x_wconf 89' lang='lat' dir='ltr'><strong>extorris,</strong></span> <span class='ocrx_word' id='word_1_440' title='bbox 1292 4432 1755 4505; x_wconf 87' lang='lat' dir='ltr'><strong>compelleretur,</strong></span> 
     </span>
    </p>
   </div>
   <div class='ocr_carea' id='block_1_9' title="bbox 1875 1842 3519 2182">
    <p class='ocr_par' dir='ltr' id='par_1_9' title="bbox 1875 1842 3519 2182">
     <span class='ocr_line' id='line_1_60' title="bbox 1875 1842 3517 1917; baseline 0.002 -18"><span class='ocrx_word' id='word_1_441' title='bbox 1875 1842 1957 1899; x_wconf 90' lang='lat' dir='ltr'><strong>ita</strong></span> <span class='ocrx_word' id='word_1_442' title='bbox 1988 1843 2178 1899; x_wconf 75' lang='lat' dir='ltr'><strong>sactus</strong></span> <span class='ocrx_word' id='word_1_443' title='bbox 2200 1846 2290 1900; x_wconf 88' lang='lat' dir='ltr'><strong>eet</strong></span> <span class='ocrx_word' id='word_1_444' title='bbox 2320 1843 2577 1911; x_wconf 89' lang='lat' dir='ltr'><strong>uxorius,</strong></span> <span class='ocrx_word' id='word_1_445' title='bbox 2639 1851 2699 1898; x_wconf 85' lang='lat' dir='ltr'><strong>ut</strong></span> <span class='ocrx_word' id='word_1_446' title='bbox 2727 1843 2851 1915; x_wconf 86' lang='lat' dir='ltr'><strong>ejus</strong></span> <span class='ocrx_word' id='word_1_447' title='bbox 2880 1859 3057 1916; x_wconf 88' lang='lat' dir='ltr'><strong>quam</strong></span> <span class='ocrx_word' id='word_1_448' title='bbox 3089 1843 3248 1917; x_wconf 88' lang='lat' dir='ltr'><strong>prius</strong></span> <span class='ocrx_word' id='word_1_449' title='bbox 3276 1860 3517 1902; x_wconf 88' lang='lat' dir='ltr'><strong>exacer-</strong></span> 
     </span>
     <span class='ocr_line' id='line_1_61' title="bbox 1875 1930 3519 2006; baseline 0.001 -17"><span class='ocrx_word' id='word_1_450' title='bbox 1875 1932 2134 2002; x_wconf 86' lang='lat' dir='ltr'><strong>baverat,</strong></span> <span class='ocrx_word' id='word_1_451' title='bbox 2155 1930 2449 2005; x_wconf 90' lang='lat' dir='ltr'><strong>mitigaret</strong></span> <span class='ocrx_word' id='word_1_452' title='bbox 2468 1931 2951 2004; x_wconf 80' lang='lat' dir='ltr'><strong>indignationem,</strong></span> <span class='ocrx_word' id='word_1_453' title='bbox 2977 1933 3132 2006; x_wconf 89' lang='lat' dir='ltr'><strong>quod</strong></span> <span class='ocrx_word' id='word_1_454' title='bbox 3150 1948 3256 1991; x_wconf 87' lang='lat' dir='ltr'><strong>nec</strong></span> <span class='ocrx_word' id='word_1_455' title='bbox 3283 1931 3346 1990; x_wconf 86' lang='lat' dir='ltr'><strong>in</strong></span> <span class='ocrx_word' id='word_1_456' title='bbox 3375 1948 3519 1991; x_wconf 89' lang='lat' dir='ltr'><strong>cau-</strong></span> 
     </span>
     <span class='ocr_line' id='line_1_62' title="bbox 1875 2019 3517 2093; baseline 0.003 -16"><span class='ocrx_word' id='word_1_457' title='bbox 1875 2020 1960 2077; x_wconf 90' lang='lat' dir='ltr'><strong>sis</strong></span> <span class='ocrx_word' id='word_1_458' title='bbox 1990 2019 2238 2088; x_wconf 89' lang='lat' dir='ltr'><strong>levibus,</strong></span> <span class='ocrx_word' id='word_1_459' title='bbox 2271 2020 2492 2093; x_wconf 88' lang='lat' dir='ltr'><strong>absque</strong></span> <span class='ocrx_word' id='word_1_460' title='bbox 2518 2020 2646 2092; x_wconf 74' lang='lat' dir='ltr'><strong>eJus</strong></span> <span class='ocrx_word' id='word_1_461' title='bbox 2670 2022 3025 2079; x_wconf 82' lang='lat' dir='ltr'><strong>conscientia</strong></span> <span class='ocrx_word' id='word_1_462' title='bbox 3072 2023 3385 2080; x_wconf 87' lang='lat' dir='ltr'><strong>attentaret</strong></span> <span class='ocrx_word' id='word_1_463' title='bbox 3409 2021 3517 2082; x_wconf 87' lang='lat' dir='ltr'><strong>ali·</strong></span> 
     </span>
     <span class='ocr_line' id='line_1_63' title="bbox 1876 2110 2523 2182; baseline -0.002 -15"><span class='ocrx_word' id='word_1_464' title='bbox 1876 2118 2164 2182; x_wconf 69' lang='lat' dir='ltr'><strong>quatenns</strong></span> <span class='ocrx_word' id='word_1_465' title='bbox 2194 2110 2523 2182; x_wconf 85' lang='lat' dir='ltr'><strong>procedere.</strong></span> 
     </span>
    </p>
   </div>
   <div class='ocr_carea' id='block_1_10' title="bbox 2488 2250 2903 2310">
    <p class='ocr_par' dir='ltr' id='par_1_10' title="bbox 2488 2250 2903 2310">
     <span class='ocr_line' id='line_1_64' title="bbox 2488 2250 2903 2310; baseline -0.002 0"><span class='ocrx_word' id='word_1_466' title='bbox 2488 2250 2728 2310; x_wconf 70' lang='lat' dir='ltr'>CAPUT</span> <span class='ocrx_word' id='word_1_467' title='bbox 2761 2251 2903 2310; x_wconf 77' lang='lat' dir='ltr'><strong>xlx.</strong></span> 
     </span>
    </p>
   </div>
   <div class='ocr_carea' id='block_1_11' title="bbox 1865 2353 3596 4506">
    <p class='ocr_par' dir='ltr' id='par_1_11' title="bbox 1875 2353 3521 2504">
     <span class='ocr_line' id='line_1_65' title="bbox 1875 2353 3521 2436; baseline 0.002 -20"><span class='ocrx_word' id='word_1_468' title='bbox 1875 2361 1962 2417; x_wconf 80' lang='lat' dir='ltr'><strong>Fit</strong></span> <span class='ocrx_word' id='word_1_469' title='bbox 2020 2366 2215 2431; x_wconf 64' lang='lat' dir='ltr'><strong>treuva</strong></span> <span class='ocrx_word' id='word_1_470' title='bbox 2268 2375 2396 2416; x_wconf 79' lang='lat' dir='ltr'><strong>cum</strong></span> <span class='ocrx_word' id='word_1_471' title='bbox 2445 2360 2795 2416; x_wconf 74' lang='lat' dir='ltr'><strong>Damascenis</strong></span> <span class='ocrx_word' id='word_1_472' title='bbox 2801 2376 2826 2429; x_wconf 86' lang='lat'><strong>,·</strong></span> <span class='ocrx_word' id='word_1_473' title='bbox 2880 2353 3257 2418; x_wconf 61' lang='lat' dir='ltr'><strong>restituimur?</strong></span> <span class='ocrx_word' id='word_1_474' title='bbox 3310 2364 3521 2436; x_wconf 64' lang='lat' dir='ltr'><strong>captivi</strong></span> 
     </span>
     <span class='ocr_line' id='line_1_66' title="bbox 2199 2431 3194 2504; baseline 0.002 -16"><span class='ocrx_word' id='word_1_475' title='bbox 2199 2431 2298 2504; x_wconf 74' lang='lat' dir='ltr'><strong>qui</strong></span> <span class='ocrx_word' id='word_1_476' title='bbox 2326 2431 2476 2504; x_wconf 77' lang='lat' dir='ltr'><strong>apud</strong></span> <span class='ocrx_word' id='word_1_477' title='bbox 2507 2431 2730 2489; x_wconf 71' lang='lat' dir='ltr'><strong>Batinus</strong></span> <span class='ocrx_word' id='word_1_478' title='bbox 2763 2433 2917 2504; x_wconf 78' lang='lat' dir='ltr'><strong>capti</strong></span> <span class='ocrx_word' id='word_1_479' title='bbox 2943 2434 3194 2504; x_wconf 73' lang='lat' dir='ltr'><strong>ruerant.</strong></span> 
     </span>
    </p>

    <p class='ocr_par' dir='ltr' id='par_1_12' title="bbox 1865 2556 3596 4506">
     <span class='ocr_line' id='line_1_67' title="bbox 1947 2556 3513 2629; baseline 0.001 -15"><span class='ocrx_word' id='word_1_480' title='bbox 1947 2559 2054 2615; x_wconf 85' lang='lat' dir='ltr'><strong>Per</strong></span> <span class='ocrx_word' id='word_1_481' title='bbox 2103 2556 2258 2614; x_wconf 86' lang='lat' dir='ltr'><strong>idem</strong></span> <span class='ocrx_word' id='word_1_482' title='bbox 2315 2560 2566 2629; x_wconf 86' lang='lat' dir='ltr'><strong>tempus,</strong></span> <span class='ocrx_word' id='word_1_483' title='bbox 2638 2556 2972 2628; x_wconf 88' lang='lat' dir='ltr'><strong>petentibus</strong></span> <span class='ocrx_word' id='word_1_484' title='bbox 3042 2556 3421 2616; x_wconf 85' lang='lat' dir='ltr'><strong>Damascenis</strong></span> <span class='ocrx_word' id='word_1_485' title='bbox 3476 2573 3513 2615; x_wconf 86' lang='lat' dir='ltr'><strong>a</strong></span> 
     </span>
     <span class='ocr_line' id='line_1_68' title="bbox 1875 2643 3519 2718; baseline -0.001 -13"><span class='ocrx_word' id='word_1_486' title='bbox 1875 2647 2114 2705; x_wconf 91' lang='lat' dir='ltr'><strong>domino</strong></span> <span class='ocrx_word' id='word_1_487' title='bbox 2146 2660 2281 2717; x_wconf 89' lang='lat' dir='ltr'><strong>rege</strong></span> <span class='ocrx_word' id='word_1_488' title='bbox 2311 2660 2511 2716; x_wconf 89' lang='lat' dir='ltr'><strong>pacem</strong></span> <span class='ocrx_word' id='word_1_489' title='bbox 2562 2645 2966 2716; x_wconf 87' lang='lat' dir='ltr'><strong>temporalem,</strong></span> <span class='ocrx_word' id='word_1_490' title='bbox 2998 2648 3207 2718; x_wconf 75' lang='lat' dir='ltr'><strong>praeter</strong></span> <span class='ocrx_word' id='word_1_491' title='bbox 3250 2643 3365 2704; x_wconf 89' lang='lat' dir='ltr'><strong>alia</strong></span> <span class='ocrx_word' id='word_1_492' title='bbox 3393 2661 3519 2718; x_wconf 72' lang='lat' dir='ltr'><strong>qun</strong></span> 
     </span>
     <span class='ocr_line' id='line_1_69' title="bbox 1877 2734 3519 2812; baseline -0.001 -17"><span class='ocrx_word' id='word_1_493' title='bbox 1877 2737 2067 2812; x_wconf 88' lang='lat' dir='ltr'><strong>gratia</strong></span> <span class='ocrx_word' id='word_1_494' title='bbox 2094 2735 2397 2793; x_wconf 88' lang='lat' dir='ltr'><strong>obtinendi</strong></span> <span class='ocrx_word' id='word_1_495' title='bbox 2428 2735 2662 2793; x_wconf 83' lang='lat' dir='ltr'><strong>toederis</strong></span> <span class='ocrx_word' id='word_1_496' title='bbox 2683 2734 3072 2803; x_wconf 87' lang='lat' dir='ltr'><strong>contulerunt,</strong></span> <span class='ocrx_word' id='word_1_497' title='bbox 3103 2752 3310 2794; x_wconf 90' lang='lat' dir='ltr'><strong>omnes</strong></span> <span class='ocrx_word' id='word_1_498' title='bbox 3336 2736 3519 2810; x_wconf 87' lang='lat' dir='ltr'><strong>capti·</strong></span> 
     </span>
     <span class='ocr_line' id='line_1_70' title="bbox 1875 2825 3517 2899; baseline -0.001 -14"><span class='ocrx_word' id='word_1_499' title='bbox 1875 2844 1999 2893; x_wconf 88' lang='lat' dir='ltr'><strong>vos,</strong></span> <span class='ocrx_word' id='word_1_500' title='bbox 2030 2842 2178 2898; x_wconf 90' lang='lat' dir='ltr'><strong>quos</strong></span> <span class='ocrx_word' id='word_1_501' title='bbox 2208 2825 2268 2882; x_wconf 91' lang='lat' dir='ltr'><strong>in</strong></span> <span class='ocrx_word' id='word_1_502' title='bbox 2301 2826 2444 2881; x_wconf 91' lang='lat' dir='ltr'><strong>urbe</strong></span> <span class='ocrx_word' id='word_1_503' title='bbox 2498 2826 2871 2882; x_wconf 87' lang='lat' dir='ltr'><strong>Paneadense</strong></span> <span class='ocrx_word' id='word_1_504' title='bbox 2900 2829 3195 2896; x_wconf 85' lang='lat' dir='ltr'><strong>ceperant,</strong></span> <span class='ocrx_word' id='word_1_505' title='bbox 3224 2825 3517 2899; x_wconf 77' lang='lat' dir='ltr'><strong>simulque</strong></span> 
     </span>
     <span class='ocr_line' id='line_1_71' title="bbox 1872 2912 3518 2985; baseline -0.002 -11"><span class='ocrx_word' id='word_1_506' title='bbox 1872 2915 2225 2984; x_wconf 56' lang='lat' dir='ltr'><strong>cupi-edicti</strong></span> <span class='ocrx_word' id='word_1_507' title='bbox 2254 2913 2476 2970; x_wconf 88' lang='lat' dir='ltr'><strong>strenui</strong></span> <span class='ocrx_word' id='word_1_508' title='bbox 2509 2912 2639 2981; x_wconf 87' lang='lat' dir='ltr'><strong>viri,</strong></span> <span class='ocrx_word' id='word_1_509' title='bbox 2672 2914 2842 2985; x_wconf 85' lang='lat' dir='ltr'><strong>cujus</strong></span> <span class='ocrx_word' id='word_1_510' title='bbox 2873 2917 2997 2969; x_wconf 87' lang='lat' dir='ltr'><strong>erat</strong></span> <span class='ocrx_word' id='word_1_511' title='bbox 3023 2913 3252 2984; x_wconf 87' lang='lat' dir='ltr'><strong>civitas,</strong></span> <span class='ocrx_word' id='word_1_512' title='bbox 3290 2913 3518 2971; x_wconf 83' lang='lat' dir='ltr'><strong>domini</strong></span> 
     </span>
     <span class='ocr_line' id='line_1_72' title="bbox 1870 3003 3516 3076; baseline -0.001 -15"><span class='ocrx_word' id='word_1_513' title='bbox 1870 3004 2140 3061; x_wconf 88' lang='lat' dir='ltr'><strong>videlicet</strong></span> <span class='ocrx_word' id='word_1_514' title='bbox 2171 3003 2427 3061; x_wconf 83' lang='lat' dir='ltr'><strong>Rainerii</strong></span> <span class='ocrx_word' id='word_1_515' title='bbox 2455 3003 2603 3060; x_wconf 88' lang='lat' dir='ltr'><strong>Brus</strong></span> <span class='ocrx_word' id='word_1_516' title='bbox 2634 3017 2875 3061; x_wconf 87' lang='lat' dir='ltr'><strong>uxorem</strong></span> <span class='ocrx_word' id='word_1_517' title='bbox 2913 3019 2983 3061; x_wconf 86' lang='lat' dir='ltr'><strong>ex</strong></span> <span class='ocrx_word' id='word_1_518' title='bbox 3013 3007 3316 3076; x_wconf 80' lang='lat' dir='ltr'><strong>compacto</strong></span> <span class='ocrx_word' id='word_1_519' title='bbox 3344 3004 3516 3061; x_wconf 86' lang='lat' dir='ltr'><strong>resti·</strong></span> 
     </span>
     <span class='ocr_line' id='line_1_73' title="bbox 1874 3092 3518 3166; baseline 0 -14"><span class='ocrx_word' id='word_1_520' title='bbox 1874 3097 2133 3152; x_wconf 87' lang='lat' dir='ltr'><strong>tuerunt.</strong></span> <span class='ocrx_word' id='word_1_521' title='bbox 2167 3093 2350 3158; x_wconf 88' lang='lat' dir='ltr'><strong>Quam</strong></span> <span class='ocrx_word' id='word_1_522' title='bbox 2380 3092 2469 3149; x_wconf 90' lang='lat' dir='ltr'><strong>vir</strong></span> <span class='ocrx_word' id='word_1_523' title='bbox 2484 3092 2749 3164; x_wconf 87' lang='lat' dir='ltr'><strong>egregius</strong></span> <span class='ocrx_word' id='word_1_524' title='bbox 2771 3092 3097 3165; x_wconf 85' lang='lat' dir='ltr'><strong>etinsignis</strong></span> <span class='ocrx_word' id='word_1_525' title='bbox 3121 3096 3254 3166; x_wconf 84' lang='lat' dir='ltr'><strong>post</strong></span> <span class='ocrx_word' id='word_1_526' title='bbox 3281 3092 3518 3152; x_wconf 88' lang='lat' dir='ltr'><strong>biennio</strong></span> 
     </span>
     <span class='ocr_line' id='line_1_74' title="bbox 1873 3176 3536 3255; baseline -0.004 -13"><span class='ocrx_word' id='word_1_527' title='bbox 1873 3176 2191 3248; x_wconf 76' lang='lat' dir='ltr'><strong>reversam,</strong></span> <span class='ocrx_word' id='word_1_528' title='bbox 2223 3182 2295 3238; x_wconf 91' lang='lat' dir='ltr'><strong>ad</strong></span> <span class='ocrx_word' id='word_1_529' title='bbox 2335 3180 2618 3239; x_wconf 88' lang='lat' dir='ltr'><strong>maritalis</strong></span> <span class='ocrx_word' id='word_1_530' title='bbox 2674 3182 2974 3255; x_wconf 87' lang='lat' dir='ltr'><strong>amplexus</strong></span> <span class='ocrx_word' id='word_1_531' title='bbox 3003 3180 3381 3255; x_wconf 87' lang='lat' dir='ltr'><strong>participium</strong></span> <span class='ocrx_word' id='word_1_532' title='bbox 3410 3183 3536 3241; x_wconf 89' lang='lat' dir='ltr'><strong>de-.</strong></span> 
     </span>
     <span class='ocr_line' id='line_1_75' title="bbox 1869 3269 3516 3346; baseline 0 -16"><span class='ocrx_word' id='word_1_533' title='bbox 1869 3280 2037 3330; x_wconf 89' lang='lat' dir='ltr'><strong>votus</strong></span> <span class='ocrx_word' id='word_1_534' title='bbox 2068 3270 2329 3329; x_wconf 87' lang='lat' dir='ltr'><strong>admisit.</strong></span> <span class='ocrx_word' id='word_1_535' title='bbox 2352 3269 2716 3342; x_wconf 77' lang='lat' dir='ltr'><strong>cognoscens</strong></span> <span class='ocrx_word' id='word_1_536' title='bbox 2740 3274 2936 3328; x_wconf 90' lang='lat' dir='ltr'><strong>autem</strong></span> <span class='ocrx_word' id='word_1_537' title='bbox 2959 3271 3337 3345; x_wconf 87' lang='lat' dir='ltr'><strong>postmodum</strong></span> <span class='ocrx_word' id='word_1_538' title='bbox 3359 3272 3516 3346; x_wconf 88' lang='lat' dir='ltr'><strong>quod</strong></span> 
     </span>
     <span class='ocr_line' id='line_1_76' title="bbox 1872 3359 3521 3433; baseline 0 -15"><span class='ocrx_word' id='word_1_539' title='bbox 1872 3378 1987 3418; x_wconf 91' lang='lat' dir='ltr'><strong>non</strong></span> <span class='ocrx_word' id='word_1_540' title='bbox 2019 3360 2168 3418; x_wconf 88' lang='lat' dir='ltr'><strong>satis</strong></span> <span class='ocrx_word' id='word_1_541' title='bbox 2194 3360 2511 3433; x_wconf 86' lang='lat' dir='ltr'><strong>prudenter</strong></span> <span class='ocrx_word' id='word_1_542' title='bbox 2536 3373 2599 3416; x_wconf 90' lang='lat' dir='ltr'><strong>se</strong></span> <span class='ocrx_word' id='word_1_543' title='bbox 2627 3359 2779 3432; x_wconf 90' lang='lat' dir='ltr'><strong>apud</strong></span> <span class='ocrx_word' id='word_1_544' title='bbox 2838 3359 3037 3417; x_wconf 89' lang='lat' dir='ltr'><strong>bostes</strong></span> <span class='ocrx_word' id='word_1_545' title='bbox 3098 3359 3407 3432; x_wconf 87' lang='lat' dir='ltr'><strong>babuerat,</strong></span> <span class='ocrx_word' id='word_1_546' title='bbox 3462 3363 3521 3417; x_wconf 91' lang='lat' dir='ltr'><strong>et</strong></span> 
     </span>
     <span class='ocr_line' id='line_1_77' title="bbox 1869 3449 3517 3517; baseline -0.001 -7"><span class='ocrx_word' id='word_1_547' title='bbox 1869 3450 2157 3510; x_wconf 87' lang='lat' dir='ltr'><strong>maritalis</strong></span> <span class='ocrx_word' id='word_1_548' title='bbox 2188 3450 2298 3506; x_wconf 90' lang='lat' dir='ltr'><strong>tori</strong></span> <span class='ocrx_word' id='word_1_549' title='bbox 2341 3449 2721 3507; x_wconf 85' lang='lat' dir='ltr'><strong>reverentiam</strong></span> <span class='ocrx_word' id='word_1_550' title='bbox 2762 3466 2878 3505; x_wconf 91' lang='lat' dir='ltr'><strong>non</strong></span> <span class='ocrx_word' id='word_1_551' title='bbox 2909 3451 3051 3507; x_wconf 91' lang='lat' dir='ltr'><strong>satis</strong></span> <span class='ocrx_word' id='word_1_552' title='bbox 3080 3454 3271 3517; x_wconf 86' lang='lat' dir='ltr'><strong>caute,</strong></span> <span class='ocrx_word' id='word_1_553' title='bbox 3302 3454 3517 3509; x_wconf 87' lang='lat' dir='ltr'><strong>matro-</strong></span> 
     </span>
     <span class='ocr_line' id='line_1_78' title="bbox 1871 3529 3596 3609; baseline -0.002 -11"><span class='ocrx_word' id='word_1_554' title='bbox 1871 3556 2081 3598; x_wconf 87' lang='lat' dir='ltr'><strong>narum</strong></span> <span class='ocrx_word' id='word_1_555' title='bbox 2115 3554 2276 3596; x_wconf 91' lang='lat' dir='ltr'><strong>more</strong></span> <span class='ocrx_word' id='word_1_556' title='bbox 2306 3538 2609 3604; x_wconf 88' lang='lat' dir='ltr'><strong>nobilium,</strong></span> <span class='ocrx_word' id='word_1_557' title='bbox 2636 3537 3054 3604; x_wconf 78' lang='lat' dir='ltr'><strong>observaverat,</strong></span> <span class='ocrx_word' id='word_1_558' title='bbox 3089 3538 3305 3609; x_wconf 78' lang='lat' dir='ltr'><strong>abjecit</strong></span> <span class='ocrx_word' id='word_1_559' title='bbox 3327 3554 3460 3595; x_wconf 87' lang='lat' dir='ltr'><strong>eam</strong></span> <span class='ocrx_word' id='word_1_560' title='bbox 3480 3556 3518 3595; x_wconf 88' lang='lat' dir='ltr'><strong>a</strong></span> <span class='ocrx_word' id='word_1_561' title='bbox 3591 3529 3596 3534; x_wconf 74' lang='grc'><strong>’</strong></span> 
     </span>
     <span class='ocr_line' id='line_1_79' title="bbox 1869 3624 3513 3698; baseline -0.002 -11"><span class='ocrx_word' id='word_1_562' title='bbox 1869 3647 1964 3698; x_wconf 86' lang='lat' dir='ltr'><strong>se;</strong></span> <span class='ocrx_word' id='word_1_563' title='bbox 1996 3628 2098 3685; x_wconf 89' lang='lat' dir='ltr'><strong>illa</strong></span> <span class='ocrx_word' id='word_1_564' title='bbox 2122 3643 2255 3684; x_wconf 87' lang='lat' dir='ltr'><strong>vero</strong></span> <span class='ocrx_word' id='word_1_565' title='bbox 2278 3626 2509 3698; x_wconf 89' lang='lat' dir='ltr'><strong>culpam</strong></span> <span class='ocrx_word' id='word_1_566' title='bbox 2532 3642 2649 3682; x_wconf 92' lang='lat' dir='ltr'><strong>non</strong></span> <span class='ocrx_word' id='word_1_567' title='bbox 2668 3624 2960 3697; x_wconf 76' lang='lat' dir='ltr'><strong>inficiens,</strong></span> <span class='ocrx_word' id='word_1_568' title='bbox 2980 3624 3302 3684; x_wconf 84' lang='lat' dir='ltr'><strong>claustrum</strong></span> <span class='ocrx_word' id='word_1_569' title='bbox 3322 3641 3513 3684; x_wconf 82' lang='lat' dir='ltr'><strong>sacra·</strong></span> 
     </span>
     <span class='ocr_line' id='line_1_80' title="bbox 1869 3711 3514 3788; baseline -0.004 -13"><span class='ocrx_word' id='word_1_570' title='bbox 1869 3735 2003 3775; x_wconf 87' lang='lat' dir='ltr'><strong>rum</strong></span> <span class='ocrx_word' id='word_1_571' title='bbox 2036 3716 2326 3788; x_wconf 89' lang='lat' dir='ltr'><strong>virginum</strong></span> <span class='ocrx_word' id='word_1_572' title='bbox 2358 3712 2774 3787; x_wconf 78' lang='lat' dir='ltr'><strong>Hierosolymis</strong></span> <span class='ocrx_word' id='word_1_573' title='bbox 2793 3712 3081 3786; x_wconf 90' lang='lat' dir='ltr'><strong>ingressa,</strong></span> <span class='ocrx_word' id='word_1_574' title='bbox 3111 3718 3243 3771; x_wconf 89' lang='lat' dir='ltr'><strong>voto</strong></span> <span class='ocrx_word' id='word_1_575' title='bbox 3271 3729 3332 3773; x_wconf 87' lang='lat' dir='ltr'><strong>se</strong></span> <span class='ocrx_word' id='word_1_576' title='bbox 3357 3711 3514 3772; x_wconf 89' lang='lat' dir='ltr'><strong>obli-</strong></span> 
     </span>
     <span class='ocr_line' id='line_1_81' title="bbox 1867 3801 3512 3880; baseline -0.002 -16"><span class='ocrx_word' id='word_1_577' title='bbox 1867 3824 2015 3880; x_wconf 89' lang='lat' dir='ltr'><strong>gans</strong></span> <span class='ocrx_word' id='word_1_578' title='bbox 2044 3808 2339 3879; x_wconf 80' lang='lat' dir='ltr'><strong>perpetuae</strong></span> <span class='ocrx_word' id='word_1_579' title='bbox 2367 3801 2760 3872; x_wconf 79' lang='lat' dir='ltr'><strong>continentiae,</strong></span> <span class='ocrx_word' id='word_1_580' title='bbox 2815 3802 3280 3876; x_wconf 76' lang='lat' dir='ltr'><strong>sanctimpnialis</strong></span> <span class='ocrx_word' id='word_1_581' title='bbox 3308 3802 3512 3860; x_wconf 73' lang='lat' dir='ltr'><strong>effecta</strong></span> 
     </span>
     <span class='ocr_line' id='line_1_82' title="bbox 1868 3878 3510 3966; baseline -0.002 -13"><span class='ocrx_word' id='word_1_582' title='bbox 1868 3903 1977 3954; x_wconf 91' lang='lat' dir='ltr'><strong>est.</strong></span> <span class='ocrx_word' id='word_1_583' title='bbox 2010 3898 2089 3951; x_wconf 79' lang='lat' dir='ltr'><strong>Ea</strong></span> <span class='ocrx_word' id='word_1_584' title='bbox 2126 3878 2366 3950; x_wconf 76' lang='lat' dir='ltr'><strong>demum</strong></span> <span class='ocrx_word' id='word_1_585' title='bbox 2398 3893 2699 3962; x_wconf 79' lang='lat' dir='ltr'><strong>defuncta,</strong></span> <span class='ocrx_word' id='word_1_586' title='bbox 2755 3891 3070 3964; x_wconf 61' lang='lat' dir='ltr'><strong>praedictus</strong></span> <span class='ocrx_word' id='word_1_587' title='bbox 3125 3892 3214 3949; x_wconf 87' lang='lat' dir='ltr'><strong>vir</strong></span> <span class='ocrx_word' id='word_1_588' title='bbox 3254 3890 3510 3966; x_wconf 75' lang='lat' dir='ltr'><strong>inclytus</strong></span> 
     </span>
     <span class='ocr_line' id='line_1_83' title="bbox 1867 3980 3507 4057; baseline -0.002 -14"><span class='ocrx_word' id='word_1_589' title='bbox 1867 3988 2151 4057; x_wconf 79' lang='lat' dir='ltr'><strong>Agnetem</strong></span> <span class='ocrx_word' id='word_1_590' title='bbox 2181 3981 2368 4054; x_wconf 87' lang='lat' dir='ltr'><strong>duxit,</strong></span> <span class='ocrx_word' id='word_1_591' title='bbox 2398 3981 2622 4038; x_wconf 91' lang='lat' dir='ltr'><strong>domini</strong></span> <span class='ocrx_word' id='word_1_592' title='bbox 2643 3980 2915 4038; x_wconf 73' lang='lat' dir='ltr'><strong>willelmi</strong></span> <span class='ocrx_word' id='word_1_593' title='bbox 2944 3983 3015 4040; x_wconf 90' lang='lat' dir='ltr'><strong>de</strong></span> <span class='ocrx_word' id='word_1_594' title='bbox 3045 3982 3215 4040; x_wconf 87' lang='lat' dir='ltr'><strong>Buris</strong></span> <span class='ocrx_word' id='word_1_595' title='bbox 3242 3985 3507 4053; x_wconf 80' lang='lat' dir='ltr'><strong>neptem3</strong></span> 
     </span>
     <span class='ocr_line' id='line_1_84' title="bbox 1869 4069 3511 4147; baseline -0.001 -17"><span class='ocrx_word' id='word_1_596' title='bbox 1869 4090 2048 4147; x_wconf 86' lang='lat' dir='ltr'><strong>quam</strong></span> <span class='ocrx_word' id='word_1_597' title='bbox 2082 4069 2460 4145; x_wconf 88' lang='lat' dir='ltr'><strong>postmodum</strong></span> <span class='ocrx_word' id='word_1_598' title='bbox 2488 4070 2690 4128; x_wconf 89' lang='lat' dir='ltr'><strong>eodem</strong></span> <span class='ocrx_word' id='word_1_599' title='bbox 2713 4070 3012 4141; x_wconf 80' lang='lat' dir='ltr'><strong>defuncte,</strong></span> <span class='ocrx_word' id='word_1_600' title='bbox 3034 4071 3317 4129; x_wconf 87' lang='lat' dir='ltr'><strong>Girardus</strong></span> <span class='ocrx_word' id='word_1_601' title='bbox 3345 4069 3511 4129; x_wconf 84' lang='lat' dir='ltr'><strong>Sido-</strong></span> 
     </span>
     <span class='ocr_line' id='line_1_85' title="bbox 1870 4158 3509 4232; baseline -0.001 -12"><span class='ocrx_word' id='word_1_602' title='bbox 1870 4160 2091 4220; x_wconf 88' lang='lat' dir='ltr'><strong>niensis</strong></span> <span class='ocrx_word' id='word_1_603' title='bbox 2119 4159 2344 4232; x_wconf 89' lang='lat' dir='ltr'><strong>accepit</strong></span> <span class='ocrx_word' id='word_1_604' title='bbox 2375 4174 2654 4217; x_wconf 83' lang='lat' dir='ltr'><strong>uxorem:</strong></span> <span class='ocrx_word' id='word_1_605' title='bbox 2679 4161 2832 4218; x_wconf 92' lang='lat' dir='ltr'><strong>unde</strong></span> <span class='ocrx_word' id='word_1_606' title='bbox 2852 4163 3029 4230; x_wconf 79' lang='lat' dir='ltr'><strong>natus</strong></span> <span class='ocrx_word' id='word_1_607' title='bbox 3050 4164 3135 4219; x_wconf 88' lang='lat' dir='ltr'><strong>est</strong></span> <span class='ocrx_word' id='word_1_608' title='bbox 3168 4158 3509 4219; x_wconf 83' lang='lat' dir='ltr'><strong>Rainaldus.</strong></span> 
     </span>
     <span class='ocr_line' id='line_1_86' title="bbox 1869 4247 3517 4325; baseline 0 -18"><span class='ocrx_word' id='word_1_609' title='bbox 1869 4252 1971 4325; x_wconf 90' lang='lat' dir='ltr'><strong>qui</strong></span> <span class='ocrx_word' id='word_1_610' title='bbox 2000 4266 2157 4307; x_wconf 91' lang='lat' dir='ltr'><strong>nunc</strong></span> <span class='ocrx_word' id='word_1_611' title='bbox 2186 4249 2376 4307; x_wconf 92' lang='lat' dir='ltr'><strong>eidem</strong></span> <span class='ocrx_word' id='word_1_612' title='bbox 2406 4247 2783 4308; x_wconf 85' lang='lat' dir='ltr'><strong>Sidoniorum</strong></span> <span class='ocrx_word' id='word_1_613' title='bbox 2814 4254 3027 4324; x_wconf 75' lang='lat' dir='ltr'><strong>praeest</strong></span> <span class='ocrx_word' id='word_1_614' title='bbox 3045 4249 3283 4310; x_wconf 79' lang='lat' dir='ltr'><strong>civitati.</strong></span> <span class='ocrx_word' id='word_1_615' title='bbox 3307 4250 3517 4309; x_wconf 72' lang='lat' dir='ltr'><strong>Prndi-</strong></span> 
     </span>
     <span class='ocr_line' id='line_1_87' title="bbox 1865 4340 3514 4416; baseline 0 -18"><span class='ocrx_word' id='word_1_616' title='bbox 1865 4345 2019 4398; x_wconf 83' lang='lat' dir='ltr'><strong>ctam</strong></span> <span class='ocrx_word' id='word_1_617' title='bbox 2050 4355 2183 4397; x_wconf 87' lang='lat' dir='ltr'><strong>vero</strong></span> <span class='ocrx_word' id='word_1_618' title='bbox 2205 4340 2665 4397; x_wconf 87' lang='lat' dir='ltr'><strong>Paneadensium</strong></span> <span class='ocrx_word' id='word_1_619' title='bbox 2700 4340 2924 4414; x_wconf 88' lang='lat' dir='ltr'><strong>urbem,</strong></span> <span class='ocrx_word' id='word_1_620' title='bbox 2955 4358 3137 4416; x_wconf 89' lang='lat' dir='ltr'><strong>quam</strong></span> <span class='ocrx_word' id='word_1_621' title='bbox 3162 4340 3514 4399; x_wconf 86' lang='lat' dir='ltr'><strong>itadiximus</strong></span> 
     </span>
     <span class='ocr_line' id='line_1_88' title="bbox 1869 4430 3518 4506; baseline 0 -17"><span class='ocrx_word' id='word_1_622' title='bbox 1869 4432 2093 4489; x_wconf 89' lang='lat' dir='ltr'><strong>domini</strong></span> <span class='ocrx_word' id='word_1_623' title='bbox 2123 4431 2216 4488; x_wconf 91' lang='lat' dir='ltr'><strong>sui</strong></span> <span class='ocrx_word' id='word_1_624' title='bbox 2247 4430 2504 4488; x_wconf 87' lang='lat' dir='ltr'><strong>absentia</strong></span> <span class='ocrx_word' id='word_1_625' title='bbox 2526 4436 2884 4504; x_wconf 84' lang='lat' dir='ltr'><strong>superatam,</strong></span> <span class='ocrx_word' id='word_1_626' title='bbox 2915 4433 3159 4506; x_wconf 90' lang='lat' dir='ltr'><strong>quidam</strong></span> <span class='ocrx_word' id='word_1_627' title='bbox 3189 4430 3518 4489; x_wconf 78' lang='lat' dir='ltr'><strong>Assiesino-</strong></span> 
     </span>
    </p>
   </div>
   <div class='ocr_carea' id='block_1_12' title="bbox 106 4514 3558 4594">
    <p class='ocr_par' dir='ltr' id='par_1_13' title="bbox 106 4514 3558 4594">
     <span class='ocr_line' id='line_1_89' title="bbox 106 4514 3558 4594; baseline 0.001 -20"><span class='ocrx_word' id='word_1_628' title='bbox 106 4519 284 4589; x_wconf 75' lang='lat' dir='ltr'><strong>Juxta</strong></span> <span class='ocrx_word' id='word_1_629' title='bbox 307 4518 646 4575; x_wconf 88' lang='lat' dir='ltr'><strong>condictum</strong></span> <span class='ocrx_word' id='word_1_630' title='bbox 684 4517 1196 4592; x_wconf 79' lang='lat' dir='ltr'><strong>regno&#39;egressus,</strong></span> <span class='ocrx_word' id='word_1_631' title='bbox 1258 4520 1318 4575; x_wconf 92' lang='lat' dir='ltr'><strong>in</strong></span> <span class='ocrx_word' id='word_1_632' title='bbox 1373 4521 1647 4594; x_wconf 80' lang='lat' dir='ltr'><strong>Apuliam</strong></span> <span class='ocrx_word' id='word_1_633' title='bbox 1707 4540 1771 4581; x_wconf 92' lang='lat' dir='ltr'><strong>se</strong></span> <span class='ocrx_word' id='word_1_634' title='bbox 1799 4514 1846 4581; x_wconf 90' lang='lat' dir='ltr'>D</span> <span class='ocrx_word' id='word_1_635' title='bbox 1878 4539 2006 4582; x_wconf 91' lang='lat' dir='ltr'><strong>rum</strong></span> <span class='ocrx_word' id='word_1_636' title='bbox 2061 4520 2461 4593; x_wconf 79' lang='lat' dir='ltr'><strong>magistratus,</strong></span> <span class='ocrx_word' id='word_1_637' title='bbox 2496 4520 2659 4578; x_wconf 75' lang='lat' dir='ltr'><strong>Emir</strong></span> <span class='ocrx_word' id='word_1_638' title='bbox 2682 4522 2773 4578; x_wconf 81' lang='lat' dir='ltr'><strong>Ali</strong></span> <span class='ocrx_word' id='word_1_639' title='bbox 2795 4522 3054 4591; x_wconf 88' lang='lat' dir='ltr'><strong>nomine,</strong></span> <span class='ocrx_word' id='word_1_640' title='bbox 3086 4539 3121 4579; x_wconf 91' lang='lat' dir='ltr'><strong>a</strong></span> <span class='ocrx_word' id='word_1_641' title='bbox 3167 4520 3386 4594; x_wconf 90' lang='lat' dir='ltr'><strong>populo</strong></span> <span class='ocrx_word' id='word_1_642' title='bbox 3408 4535 3518 4578; x_wconf 89' lang='lat' dir='ltr'><strong>suo</strong></span> <span class='ocrx_word' id='word_1_643' title='bbox 3551 4525 3558 4531; x_wconf 86' lang='lat'><strong><em>‘</em></strong></span> 
     </span>
    </p>
   </div>
   <div class='ocr_carea' id='block_1_13' title="bbox 107 4604 1766 5572">
    <p class='ocr_par' dir='ltr' id='par_1_14' title="bbox 107 4604 1766 5572">
     <span class='ocr_line' id='line_1_90' title="bbox 114 4604 1766 4682; baseline 0.005 -20"><span class='ocrx_word' id='word_1_644' title='bbox 114 4604 386 4676; x_wconf 83' lang='lat' dir='ltr'><strong>contulit,</strong></span> <span class='ocrx_word' id='word_1_645' title='bbox 404 4606 1093 4680; x_wconf 84' lang='lat' dir='ltr'><strong>ubidominusRogerus,</strong></span> <span class='ocrx_word' id='word_1_646' title='bbox 1131 4610 1229 4682; x_wconf 90' lang='lat' dir='ltr'><strong>qui</strong></span> <span class='ocrx_word' id='word_1_647' title='bbox 1247 4608 1580 4667; x_wconf 88' lang='lat' dir='ltr'><strong>universam</strong></span> <span class='ocrx_word' id='word_1_648' title='bbox 1602 4611 1766 4670; x_wconf 88' lang='lat' dir='ltr'><strong>illam</strong></span> 
     </span>
     <span class='ocr_line' id='line_1_91' title="bbox 109 4694 1762 4771; baseline 0.007 -23"><span class='ocrx_word' id='word_1_649' title='bbox 109 4694 237 4764; x_wconf 84' lang='lat' dir='ltr'><strong>jam</strong></span> <span class='ocrx_word' id='word_1_650' title='bbox 269 4694 383 4750; x_wconf 92' lang='lat' dir='ltr'><strong>sibi</strong></span> <span class='ocrx_word' id='word_1_651' title='bbox 402 4694 813 4766; x_wconf 79' lang='lat' dir='ltr'><strong>subjugaverat</strong></span> <span class='ocrx_word' id='word_1_652' title='bbox 833 4696 1153 4768; x_wconf 88' lang='lat' dir='ltr'><strong>regionem,</strong></span> <span class='ocrx_word' id='word_1_653' title='bbox 1181 4714 1317 4755; x_wconf 91' lang='lat' dir='ltr'><strong>eum</strong></span> <span class='ocrx_word' id='word_1_654' title='bbox 1340 4698 1586 4771; x_wconf 88' lang='lat' dir='ltr'><strong>benigne</strong></span> <span class='ocrx_word' id='word_1_655' title='bbox 1607 4716 1762 4759; x_wconf 90' lang='lat' dir='ltr'><strong>rece·</strong></span> 
     </span>
     <span class='ocr_line' id='line_1_92' title="bbox 112 4783 1761 4855; baseline 0.006 -18"><span class='ocrx_word' id='word_1_656' title='bbox 112 4783 223 4855; x_wconf 90' lang='lat' dir='ltr'><strong>pit,</strong></span> <span class='ocrx_word' id='word_1_657' title='bbox 257 4786 475 4853; x_wconf 86' lang='lat' dir='ltr'><strong>putans</strong></span> <span class='ocrx_word' id='word_1_658' title='bbox 489 4784 645 4855; x_wconf 88' lang='lat' dir='ltr'><strong>quod</strong></span> <span class='ocrx_word' id='word_1_659' title='bbox 670 4784 1098 4842; x_wconf 77' lang='lat' dir='ltr'><strong>causainvidioe</strong></span> <span class='ocrx_word' id='word_1_660' title='bbox 1133 4785 1325 4843; x_wconf 91' lang='lat' dir='ltr'><strong>virum</strong></span> <span class='ocrx_word' id='word_1_661' title='bbox 1369 4789 1677 4846; x_wconf 86' lang='lat' dir='ltr'><strong>strenuum</strong></span> <span class='ocrx_word' id='word_1_662' title='bbox 1700 4794 1761 4847; x_wconf 88' lang='lat' dir='ltr'><strong>et</strong></span> 
     </span>
     <span class='ocr_line' id='line_1_93' title="bbox 115 4861 1762 4946; baseline 0.005 -18"><span class='ocrx_word' id='word_1_663' title='bbox 115 4870 377 4928; x_wconf 89' lang='lat' dir='ltr'><strong>nobilem</strong></span> <span class='ocrx_word' id='word_1_664' title='bbox 407 4872 536 4941; x_wconf 83' lang='lat' dir='ltr'><strong>ejus</strong></span> <span class='ocrx_word' id='word_1_665' title='bbox 566 4871 761 4929; x_wconf 76' lang='lat' dir='ltr'><strong>aemuli</strong></span> <span class='ocrx_word' id='word_1_666' title='bbox 790 4889 968 4944; x_wconf 82' lang='lat' dir='ltr'><strong>regno</strong></span> <span class='ocrx_word' id='word_1_667' title='bbox 1008 4874 1404 4946; x_wconf 87' lang='lat' dir='ltr'><strong>depulissent;</strong></span> <span class='ocrx_word' id='word_1_668' title='bbox 1425 4861 1494 4934; x_wconf 45' lang='lat' dir='ltr'><strong>&#39;et</strong></span> <span class='ocrx_word' id='word_1_669' title='bbox 1516 4877 1568 4935; x_wconf 91' lang='lat' dir='ltr'><strong>ei</strong></span> <span class='ocrx_word' id='word_1_670' title='bbox 1598 4894 1762 4937; x_wconf 87' lang='lat' dir='ltr'><strong>com·</strong></span> 
     </span>
     <span class='ocr_line' id='line_1_94' title="bbox 117 4959 1763 5037; baseline 0.007 -23"><span class='ocrx_word' id='word_1_671' title='bbox 117 4974 362 5031; x_wconf 88' lang='lat' dir='ltr'><strong>passus,</strong></span> <span class='ocrx_word' id='word_1_672' title='bbox 414 4959 752 5017; x_wconf 88' lang='lat' dir='ltr'><strong>comitatum</strong></span> <span class='ocrx_word' id='word_1_673' title='bbox 837 4962 1084 5019; x_wconf 88' lang='lat' dir='ltr'><strong>contulit</strong></span> <span class='ocrx_word' id='word_1_674' title='bbox 1136 4965 1598 5037; x_wconf 87' lang='lat' dir='ltr'><strong>Garganensem:</strong></span> <span class='ocrx_word' id='word_1_675' title='bbox 1661 4968 1763 5025; x_wconf 90' lang='lat' dir='ltr'><strong>ubi</strong></span> 
     </span>
     <span class='ocr_line' id='line_1_95' title="bbox 118 5049 1759 5128; baseline 0.005 -24"><span class='ocrx_word' id='word_1_676' title='bbox 118 5052 312 5105; x_wconf 88' lang='lat' dir='ltr'><strong>morte</strong></span> <span class='ocrx_word' id='word_1_677' title='bbox 339 5053 668 5118; x_wconf 64' lang='lat' dir='ltr'><strong>preventus</strong></span> <span class='ocrx_word' id='word_1_678' title='bbox 695 5049 1039 5122; x_wconf 81' lang='lat' dir='ltr'><strong>immatura3</strong></span> <span class='ocrx_word' id='word_1_679' title='bbox 1068 5051 1152 5107; x_wconf 92' lang='lat' dir='ltr'><strong>vir</strong></span> <span class='ocrx_word' id='word_1_680' title='bbox 1175 5054 1462 5125; x_wconf 84' lang='lat' dir='ltr'><strong>lugendus</strong></span> <span class='ocrx_word' id='word_1_681' title='bbox 1493 5057 1759 5128; x_wconf 88' lang='lat' dir='ltr'><strong>posteris,</strong></span> 
     </span>
     <span class='ocr_line' id='line_1_96' title="bbox 116 5137 1764 5210; baseline 0.004 -16"><span class='ocrx_word' id='word_1_682' title='bbox 116 5138 179 5194; x_wconf 90' lang='lat' dir='ltr'><strong>in</strong></span> <span class='ocrx_word' id='word_1_683' title='bbox 208 5152 458 5208; x_wconf 87' lang='lat' dir='ltr'><strong>regnum</strong></span> <span class='ocrx_word' id='word_1_684' title='bbox 497 5137 773 5210; x_wconf 84' lang='lat' dir='ltr'><strong>deinceps</strong></span> <span class='ocrx_word' id='word_1_685' title='bbox 821 5155 935 5196; x_wconf 90' lang='lat' dir='ltr'><strong>non</strong></span> <span class='ocrx_word' id='word_1_686' title='bbox 967 5146 1057 5197; x_wconf 88' lang='lat' dir='ltr'><strong>est</strong></span> <span class='ocrx_word' id='word_1_687' title='bbox 1103 5156 1394 5200; x_wconf 87' lang='lat' dir='ltr'><strong>reversus.</strong></span> <span class='ocrx_word' id='word_1_688' title='bbox 1428 5142 1513 5200; x_wconf 75' lang='lat' dir='ltr'><strong>Ab</strong></span> <span class='ocrx_word' id='word_1_689' title='bbox 1571 5159 1639 5200; x_wconf 88' lang='lat' dir='ltr'><strong>ea</strong></span> <span class='ocrx_word' id='word_1_690' title='bbox 1669 5144 1764 5203; x_wconf 91' lang='lat' dir='ltr'><strong>die</strong></span> 
     </span>
     <span class='ocr_line' id='line_1_97' title="bbox 117 5224 1766 5303; baseline 0.006 -23"><span class='ocrx_word' id='word_1_691' title='bbox 117 5224 459 5300; x_wconf 85' lang='lat' dir='ltr'><strong>quicunque</strong></span> <span class='ocrx_word' id='word_1_692' title='bbox 487 5227 721 5283; x_wconf 90' lang='lat' dir='ltr'><strong>comitis</strong></span> <span class='ocrx_word' id='word_1_693' title='bbox 759 5230 910 5299; x_wconf 86' lang='lat' dir='ltr'><strong>apud</strong></span> <span class='ocrx_word' id='word_1_694' title='bbox 967 5230 1271 5295; x_wconf 84' lang='lat' dir='ltr'><strong>dominum</strong></span> <span class='ocrx_word' id='word_1_695' title='bbox 1304 5245 1502 5303; x_wconf 88' lang='lat' dir='ltr'><strong>regem</strong></span> <span class='ocrx_word' id='word_1_696' title='bbox 1533 5232 1766 5290; x_wconf 76' lang='lat' dir='ltr'><strong>fuerant</strong></span> 
     </span>
     <span class='ocr_line' id='line_1_98' title="bbox 113 5313 1762 5388; baseline 0.006 -17"><span class='ocrx_word' id='word_1_697' title='bbox 113 5313 404 5372; x_wconf 72' lang='lat' dir='ltr'><strong>delatores</strong></span> <span class='ocrx_word' id='word_1_698' title='bbox 429 5321 490 5373; x_wconf 87' lang='lat' dir='ltr'><strong>et</strong></span> <span class='ocrx_word' id='word_1_699' title='bbox 545 5316 891 5375; x_wconf 78' lang='lat' dir='ltr'><strong>incentores</strong></span> <span class='ocrx_word' id='word_1_700' title='bbox 935 5319 1074 5388; x_wconf 86' lang='lat' dir='ltr'><strong>odii,</strong></span> <span class='ocrx_word' id='word_1_701' title='bbox 1135 5320 1394 5376; x_wconf 66' lang='lat' dir='ltr'><strong>dominas</strong></span> <span class='ocrx_word' id='word_1_702' title='bbox 1440 5319 1762 5381; x_wconf 68' lang='lat' dir='ltr'><strong>uilissndis</strong></span> 
     </span>
     <span class='ocr_line' id='line_1_99' title="bbox 107 5405 1762 5482; baseline 0.005 -18"><span class='ocrx_word' id='word_1_703' title='bbox 107 5405 358 5480; x_wconf 71' lang='lat' dir='ltr'><strong>regino,</strong></span> <span class='ocrx_word' id='word_1_704' title='bbox 388 5421 571 5479; x_wconf 85' lang='lat' dir='ltr'><strong>quam</strong></span> <span class='ocrx_word' id='word_1_705' title='bbox 601 5407 783 5465; x_wconf 90' lang='lat' dir='ltr'><strong>etiam</strong></span> <span class='ocrx_word' id='word_1_706' title='bbox 813 5409 1023 5482; x_wconf 84' lang='lat' dir='ltr'><strong>objecti</strong></span> <span class='ocrx_word' id='word_1_707' title='bbox 1047 5409 1314 5467; x_wconf 89' lang='lat' dir='ltr'><strong>criminis</strong></span> <span class='ocrx_word' id='word_1_708' title='bbox 1334 5411 1762 5482; x_wconf 86' lang='lat' dir='ltr'><strong>quodammodo</strong></span> 
     </span>
     <span class='ocr_line' id='line_1_100' title="bbox 108 5495 1765 5572; baseline 0.005 -18"><span class='ocrx_word' id='word_1_709' title='bbox 108 5510 461 5569; x_wconf 82' lang='lat' dir='ltr'><strong>respergere</strong></span> <span class='ocrx_word' id='word_1_710' title='bbox 487 5495 791 5555; x_wconf 88' lang='lat' dir='ltr'><strong>videbatur</strong></span> <span class='ocrx_word' id='word_1_711' title='bbox 820 5498 1084 5572; x_wconf 75' lang='lat' dir='ltr'><strong>infamia,</strong></span> <span class='ocrx_word' id='word_1_712' title='bbox 1114 5505 1173 5559; x_wconf 88' lang='lat' dir='ltr'><strong>et</strong></span> <span class='ocrx_word' id='word_1_713' title='bbox 1198 5499 1367 5559; x_wconf 92' lang='lat' dir='ltr'><strong>dolor</strong></span> <span class='ocrx_word' id='word_1_714' title='bbox 1403 5501 1765 5562; x_wconf 87' lang='lat' dir='ltr'><strong>immanissi-</strong></span> 
     </span>
    </p>
   </div>
   <div class='ocr_carea' id='block_1_14' title="bbox 1868 4606 3594 5561">
    <p class='ocr_par' dir='ltr' id='par_1_15' title="bbox 1868 4606 3594 5561">
     <span class='ocr_line' id='line_1_101' title="bbox 1875 4606 3517 4683; baseline -0.003 -14"><span class='ocrx_word' id='word_1_715' title='bbox 1875 4614 1975 4669; x_wconf 90' lang='lat' dir='ltr'><strong>diu</strong></span> <span class='ocrx_word' id='word_1_716' title='bbox 2008 4625 2365 4683; x_wconf 83' lang='lat' dir='ltr'><strong>possessam,</strong></span> <span class='ocrx_word' id='word_1_717' title='bbox 2391 4614 2662 4682; x_wconf 88' lang='lat' dir='ltr'><strong>suscepta</strong></span> <span class='ocrx_word' id='word_1_718' title='bbox 2682 4626 2787 4683; x_wconf 88' lang='lat' dir='ltr'><strong>pro</strong></span> <span class='ocrx_word' id='word_1_719' title='bbox 2808 4625 2877 4666; x_wconf 91' lang='lat' dir='ltr'><strong>ea</strong></span> <span class='ocrx_word' id='word_1_720' title='bbox 2895 4608 3374 4682; x_wconf 87' lang='lat' dir='ltr'><strong>compensatione</strong></span> <span class='ocrx_word' id='word_1_721' title='bbox 3402 4606 3517 4678; x_wconf 88' lang='lat' dir='ltr'><strong>pla·</strong></span> 
     </span>
     <span class='ocr_line' id='line_1_102' title="bbox 1873 4698 3518 4770; baseline -0.002 -13"><span class='ocrx_word' id='word_1_722' title='bbox 1873 4702 2008 4769; x_wconf 87' lang='lat' dir='ltr'><strong>cita,</strong></span> <span class='ocrx_word' id='word_1_723' title='bbox 2043 4699 2259 4758; x_wconf 88' lang='lat' dir='ltr'><strong>nostris</strong></span> <span class='ocrx_word' id='word_1_724' title='bbox 2291 4715 2406 4757; x_wconf 91' lang='lat' dir='ltr'><strong>non</strong></span> <span class='ocrx_word' id='word_1_725' title='bbox 2437 4698 2622 4756; x_wconf 90' lang='lat' dir='ltr'><strong>multo</strong></span> <span class='ocrx_word' id='word_1_726' title='bbox 2654 4702 2787 4755; x_wconf 89' lang='lat' dir='ltr'><strong>ante</strong></span> <span class='ocrx_word' id='word_1_727' title='bbox 2841 4703 3101 4770; x_wconf 88' lang='lat' dir='ltr'><strong>tempore</strong></span> <span class='ocrx_word' id='word_1_728' title='bbox 3125 4698 3518 4767; x_wconf 82' lang='lat' dir='ltr'><strong>resignaverat</strong></span> 
     </span>
     <span class='ocr_line' id='line_1_103' title="bbox 1870 4783 3519 4860; baseline -0.003 -13"><span class='ocrx_word' id='word_1_729' title='bbox 1870 4797 1925 4847; x_wconf 90' lang='lat' dir='ltr'><strong>et</strong></span> <span class='ocrx_word' id='word_1_730' title='bbox 1953 4789 2276 4846; x_wconf 88' lang='lat' dir='ltr'><strong>tradiderat</strong></span> <span class='ocrx_word' id='word_1_731' title='bbox 2304 4787 2656 4857; x_wconf 87' lang='lat' dir='ltr'><strong>habendam,</strong></span> <span class='ocrx_word' id='word_1_732' title='bbox 2689 4803 2868 4860; x_wconf 91' lang='lat' dir='ltr'><strong>quam</strong></span> <span class='ocrx_word' id='word_1_733' title='bbox 2899 4787 3025 4844; x_wconf 86' lang='lat' dir='ltr'><strong>sine</strong></span> <span class='ocrx_word' id='word_1_734' title='bbox 3056 4783 3361 4843; x_wconf 87' lang='lat' dir='ltr'><strong>intervallo</strong></span> <span class='ocrx_word' id='word_1_735' title='bbox 3418 4798 3519 4842; x_wconf 86' lang='lat' dir='ltr'><strong>rex</strong></span> 
     </span>
     <span class='ocr_line' id='line_1_104' title="bbox 1871 4871 3594 4950; baseline -0.003 -16"><span class='ocrx_word' id='word_1_736' title='bbox 1871 4877 2149 4950; x_wconf 57' lang='lat' dir='ltr'><strong>praedicto</strong></span> <span class='ocrx_word' id='word_1_737' title='bbox 2197 4876 2343 4943; x_wconf 89' lang='lat' dir='ltr'><strong>viro,</strong></span> <span class='ocrx_word' id='word_1_738' title='bbox 2400 4876 2532 4947; x_wconf 84' lang='lat' dir='ltr'><strong>jure</strong></span> <span class='ocrx_word' id='word_1_739' title='bbox 2571 4874 2936 4933; x_wconf 78' lang='lat' dir='ltr'><strong>haereditario</strong></span> <span class='ocrx_word' id='word_1_740' title='bbox 2966 4881 3331 4933; x_wconf 80' lang='lat' dir='ltr'><strong>concesserat</strong></span> <span class='ocrx_word' id='word_1_741' title='bbox 3358 4871 3517 4946; x_wconf 84' lang='lat' dir='ltr'><strong>possi</strong></span> <span class='ocrx_word' id='word_1_742' title='bbox 3589 4911 3594 4916; x_wconf 88' lang='lat'><em>-</em></span> 
     </span>
     <span class='ocr_line' id='line_1_105' title="bbox 1870 4962 3520 5038; baseline -0.004 -14"><span class='ocrx_word' id='word_1_743' title='bbox 1870 4966 2145 5024; x_wconf 89' lang='lat' dir='ltr'><strong>dendam.</strong></span> <span class='ocrx_word' id='word_1_744' title='bbox 2177 4965 2316 5030; x_wconf 86' lang='lat' dir='ltr'><strong>Quis</strong></span> <span class='ocrx_word' id='word_1_745' title='bbox 2346 4968 2544 5021; x_wconf 88' lang='lat' dir='ltr'><strong>autem</strong></span> <span class='ocrx_word' id='word_1_746' title='bbox 2575 4964 2654 5021; x_wconf 86' lang='lat' dir='ltr'><strong>sit</strong></span> <span class='ocrx_word' id='word_1_747' title='bbox 2686 4962 3118 5021; x_wconf 76' lang='lat' dir='ltr'><strong>Assissinorum</strong></span> <span class='ocrx_word' id='word_1_748' title='bbox 3148 4964 3423 5038; x_wconf 83' lang='lat' dir='ltr'><strong>populus,</strong></span> <span class='ocrx_word' id='word_1_749' title='bbox 3461 4964 3520 5019; x_wconf 90' lang='lat' dir='ltr'><strong>et</strong></span> 
     </span>
     <span class='ocr_line' id='line_1_106' title="bbox 1870 5052 3516 5132; baseline -0.001 -19"><span class='ocrx_word' id='word_1_750' title='bbox 1870 5072 2050 5132; x_wconf 88' lang='lat' dir='ltr'><strong>quam</strong></span> <span class='ocrx_word' id='word_1_751' title='bbox 2071 5054 2307 5112; x_wconf 76' lang='lat' dir='ltr'><strong>frivolas</strong></span> <span class='ocrx_word' id='word_1_752' title='bbox 2326 5060 2384 5113; x_wconf 88' lang='lat' dir='ltr'><strong>et</strong></span> <span class='ocrx_word' id='word_1_753' title='bbox 2422 5055 2532 5112; x_wconf 90' lang='lat' dir='ltr'><strong>Deo</strong></span> <span class='ocrx_word' id='word_1_754' title='bbox 2564 5052 2810 5111; x_wconf 89' lang='lat' dir='ltr'><strong>odibiles</strong></span> <span class='ocrx_word' id='word_1_755' title='bbox 2841 5059 3124 5127; x_wconf 86' lang='lat' dir='ltr'><strong>sequatur</strong></span> <span class='ocrx_word' id='word_1_756' title='bbox 3152 5054 3516 5122; x_wconf 84' lang='lat' dir='ltr'><strong>traditiones,</strong></span> 
     </span>
     <span class='ocr_line' id='line_1_107' title="bbox 1869 5142 3515 5218; baseline -0.002 -15"><span class='ocrx_word' id='word_1_757' title='bbox 1869 5147 1933 5203; x_wconf 90' lang='lat' dir='ltr'><strong>in</strong></span> <span class='ocrx_word' id='word_1_758' title='bbox 1965 5144 2348 5218; x_wconf 89' lang='lat' dir='ltr'><strong>sequentibus</strong></span> <span class='ocrx_word' id='word_1_759' title='bbox 2380 5144 2504 5201; x_wconf 89' lang='lat' dir='ltr'><strong>loco</strong></span> <span class='ocrx_word' id='word_1_760' title='bbox 2529 5148 2589 5201; x_wconf 92' lang='lat' dir='ltr'><strong>et</strong></span> <span class='ocrx_word' id='word_1_761' title='bbox 2605 5149 2866 5216; x_wconf 89' lang='lat' dir='ltr'><strong>tempore</strong></span> <span class='ocrx_word' id='word_1_762' title='bbox 2886 5143 3259 5213; x_wconf 85' lang='lat' dir='ltr'><strong>docebimus;</strong></span> <span class='ocrx_word' id='word_1_763' title='bbox 3282 5142 3515 5201; x_wconf 88' lang='lat' dir='ltr'><strong>interim</strong></span> 
     </span>
     <span class='ocr_line' id='line_1_108' title="bbox 1868 5233 3517 5309; baseline -0.004 -14"><span class='ocrx_word' id='word_1_764' title='bbox 1868 5241 2067 5295; x_wconf 89' lang='lat' dir='ltr'><strong>autem</strong></span> <span class='ocrx_word' id='word_1_765' title='bbox 2099 5234 2157 5292; x_wconf 86' lang='lat' dir='ltr'><strong>id</strong></span> <span class='ocrx_word' id='word_1_766' title='bbox 2189 5236 2261 5292; x_wconf 89' lang='lat' dir='ltr'><strong>de</strong></span> <span class='ocrx_word' id='word_1_767' title='bbox 2290 5234 2376 5292; x_wconf 91' lang='lat' dir='ltr'><strong>eis</strong></span> <span class='ocrx_word' id='word_1_768' title='bbox 2406 5235 2641 5292; x_wconf 88' lang='lat' dir='ltr'><strong>novisse</strong></span> <span class='ocrx_word' id='word_1_769' title='bbox 2671 5233 2950 5305; x_wconf 77' lang='lat' dir='ltr'><strong>sufficiat,</strong></span> <span class='ocrx_word' id='word_1_770' title='bbox 2984 5234 3123 5309; x_wconf 89' lang='lat' dir='ltr'><strong>quia</strong></span> <span class='ocrx_word' id='word_1_771' title='bbox 3151 5233 3408 5307; x_wconf 87' lang='lat' dir='ltr'><strong>populus</strong></span> <span class='ocrx_word' id='word_1_772' title='bbox 3427 5239 3517 5291; x_wconf 87' lang='lat' dir='ltr'><strong>est</strong></span> 
     </span>
     <span class='ocr_line' id='line_1_109' title="bbox 1869 5322 3521 5394; baseline -0.003 -10"><span class='ocrx_word' id='word_1_773' title='bbox 1869 5324 2238 5392; x_wconf 86' lang='lat' dir='ltr'><strong>Christianis,</strong></span> <span class='ocrx_word' id='word_1_774' title='bbox 2282 5327 2340 5381; x_wconf 90' lang='lat' dir='ltr'><strong>et</strong></span> <span class='ocrx_word' id='word_1_775' title='bbox 2384 5322 2638 5381; x_wconf 87' lang='lat' dir='ltr'><strong>aliarum</strong></span> <span class='ocrx_word' id='word_1_776' title='bbox 2699 5329 2990 5381; x_wconf 65' lang='lat' dir='ltr'><strong>securum</strong></span> <span class='ocrx_word' id='word_1_777' title='bbox 3047 5323 3405 5394; x_wconf 80' lang='lat' dir='ltr'><strong>nationibus,</strong></span> <span class='ocrx_word' id='word_1_778' title='bbox 3459 5326 3521 5380; x_wconf 84' lang='lat' dir='ltr'><strong>et</strong></span> 
     </span>
     <span class='ocr_line' id='line_1_110' title="bbox 1874 5412 3519 5487; baseline -0.001 -15"><span class='ocrx_word' id='word_1_779' title='bbox 1874 5412 2133 5472; x_wconf 88' lang='lat' dir='ltr'><strong>maxime</strong></span> <span class='ocrx_word' id='word_1_780' title='bbox 2152 5412 2520 5486; x_wconf 85' lang='lat' dir='ltr'><strong>principibus</strong></span> <span class='ocrx_word' id='word_1_781' title='bbox 2547 5417 2856 5487; x_wconf 90' lang='lat' dir='ltr'><strong>suspectus</strong></span> <span class='ocrx_word' id='word_1_782' title='bbox 2878 5414 3195 5473; x_wconf 86' lang='lat' dir='ltr'><strong>admodum</strong></span> <span class='ocrx_word' id='word_1_783' title='bbox 3225 5417 3283 5473; x_wconf 88' lang='lat' dir='ltr'><strong>et</strong></span> <span class='ocrx_word' id='word_1_784' title='bbox 3309 5412 3519 5472; x_wconf 88' lang='lat' dir='ltr'><strong>merito</strong></span> 
     </span>
     <span class='ocr_line' id='line_1_111' title="bbox 1878 5500 2293 5561; baseline -0.007 0"><span class='ocrx_word' id='word_1_785' title='bbox 1878 5500 2293 5561; x_wconf 76' lang='lat' dir='ltr'><strong>formidabilis.</strong></span> 
     </span>
    </p>
   </div>
  </div>
 </body>
</html>
