3784 6000
113 210 236 272 5¹⁷

644 207 844 270 HIST.
892 205 1164 271 RERUM
1207 204 1738 269 TRANSMARIN.
1786 235 1864 248 -
1906 204 2060 266 LIB.
2105 202 2211 265 XI.
2256 200 2711 269 BALDUINUS
2755 206 2779 266 1
2829 207 2999 269 REX.

3403 216 3524 279 518

107 344 263 415 ludit
311 341 572 415 irruptio.
606 341 828 398 Gratias
856 350 1043 397 autem
1073 340 1202 409 Deo,
1225 338 1365 414 quod
1396 340 1602 396 nostris
1631 346 1770 396 tem-
1801 338 1853 405 Α
1953 335 2168 394 Volens
2189 341 2382 394 autem
2412 336 2681 395 dominus
2709 355 2858 413 papa
2888 345 3144 400 mentem
3168 359 3336 403 suam
3357 345 3528 406 inter-

108 434 371 508 poribus,
399 439 453 490 et
500 430 808 489 Antiochioe
835 438 887 488 et
930 431 1320 503 Hierosolyma?
1355 431 1604 486 civitates
1645 444 1772 484 cum

109 523 458 583 suburbanis
472 518 595 578 suis
613 529 666 577 et
685 519 1066 592 adiacentibus
1082 519 1404 592 provinciis,
1428 518 1487 575 in
1511 517 1772 574 Christia-

110 630 317 673 norum
346 613 661 683 principum
700 609 932 666 redactae
959 616 1089 665 sunt
1120 614 1399 683 potestate.
1443 608 1593 666 Unde
1618 622 1772 679 opor·

111 711 195 761 tet
223 718 326 760 nos
355 701 571 758 divinae
596 699 904 754 mutationi
940 702 994 754 et
1024 697 1384 754 translationi
1413 711 1640 752 manum
1669 711 1769 765 ap·

109 807 339 868 ponere,
370 796 425 849 et
478 789 780 847 secundum
816 793 1050 860 tempus,
1102 803 1219 859 quae
1253 794 1381 843 sunt
1417 784 1770 856 disponenda,

121 885 436 955 disponere,
469 887 530 936 ut
578 876 1100 950 Hierosolymitanae
1149 874 1408 934 Ecclesiae
1453 875 1613 931 urbes
1642 874 1772 930 illas

114 980 173 1031 et
205 968 524 1045 provincias
551 965 929 1036 concedamus,
962 982 1081 1038 quae
1119 963 1347 1035 qloriosi
1375 965 1516 1036 reqis
1546 961 1772 1020 Batdui-

118 1064 205 1134 ni,
238 1077 307 1117 ac
335 1060 684 1117 exercituum
709 1073 834 1114 eum
864 1056 1210 1127 sequentium
1234 1056 1525 1126 sanquine,
1544 1068 1643 1125 per
1671 1053 1774 1108 Dei

115 1154 367 1222 qratiam
399 1147 685 1222 aequisitae
711 1152 862 1203 sunt.
895 1147 1192 1204 Praesentis
1222 1148 1410 1216 itaque
1443 1143 1648 1200 decreti
1675 1159 1772 1215 pa-

116 1243 265 1314 qina
294 1239 421 1308 tibi,
440 1236 955 1309 tratercharissime
975 1239 1026 1293 et
1039 1237 1347 1307 coepiscope
1368 1231 1775 1304 Gibeline,tuis-

120 1348 228 1404 que
264 1328 753 1398 successoribus,et
775 1342 875 1400 per
912 1342 1001 1383 vos
1029 1332 1236 1383 sanctae
1265 1324 1772 1396 Hierosolymitann

122 1420 411 1488 Ecclesiae,
436 1415 803 1491 patriarchali
830 1418 945 1472 sive
967 1414 1392 1487 metropolitano
1421 1413 1543 1482 iure
1580 1427 1774 1482 reqen-

121 1510 221 1567 das
268 1506 738 1581 disponendasque
766 1504 1044 1562 sancimus
1091 1504 1343 1560 civitates
1389 1517 1572 1560 omnes
1614 1505 1776 1573 atque

121 1598 471 1671 prouincias,
501 1612 635 1668 quas
672 1593 976 1668 supradicti
1013 1594 1157 1664 reqis
1184 1591 1387 1649 ditioni
1415 1595 1513 1647 aut
1533 1592 1657 1664 jam
1693 1606 1777 1647 re·

122 1690 333 1756 stituit,
358 1688 536 1743 autin
572 1688 832 1758 futurum
853 1685 1139 1740 restituere
1155 1684 1340 1754 qratia
1362 1681 1556 1737 divina
1583 1680 1779 1752 diana·

127 1780 312 1835 bitur.
349 1778 588 1849 Diqnum
620 1779 698 1831 est
735 1773 885 1830 enim
916 1777 978 1829 ut
1016 1773 1264 1844 Sepulcri
1294 1772 1564 1828 Dominici
1606 1771 1777 1827 eccle-

119 1871 233 1937 sia,
262 1866 567 1925 secundum
592 1865 839 1936 fidelium
859 1864 1107 1920 militum
1131 1861 1431 1929 desideria,
1464 1867 1778 1933 competen-

120 1962 241 2014 tem
272 1956 540 2013 honorem
575 1955 858 2022 obtineat;
905 1962 955 2009 et
982 1952 1280 2009 Tur-coram
1319 1967 1415 2007 seu
1450 1952 1781 2008 Sarraceno-

124 2064 258 2104 rum
275 2048 416 2119 juqo
444 2045 626 2102 libera
655 2044 718 2100 in
749 2042 1195 2100 Christianorum
1212 2057 1382 2098 manu
1406 2039 1781 2098 abundantius

128 2138 438 2194 exaltetur.

202 2228 395 2300 Super
422 2241 540 2298 qua
581 2222 947 2281 exauditione
986 2222 1262 2279 dominus
1311 2221 1663 2289 Bernardus,
1694 2219 1784 2276 vir

125 2319 261 2375 vitae
296 2313 663 2383 venerabilia,
709 2310 1196 2369 Antiochenorum
1238 2310 1593 2383 patriarcha,
1627 2326 1781 2382 quo-

130 2408 297 2463 niam
318 2405 377 2460 in
409 2403 703 2461 laesionem
734 2400 998 2459 Ecclesia
1030 2416 1148 2456 suo
1181 2399 1510 2456 redundare
1549 2399 1786 2457 videba-

132 2502 256 2564 tur,
289 2495 631 2567 Indignatus
650 2496 740 2550 est
759 2490 1102 2564 plurimum,
1125 2490 1208 2547 ita
1238 2493 1323 2557 ut,
1344 2490 1541 2547 missis
1566 2491 1787 2548 nuntiis

132 2587 201 2643 ad
239 2585 566 2641 Romanam
599 2581 937 2643 Ecclesiam,
971 2596 1151 2652 super
1179 2594 1249 2636 eo
1283 2581 1430 2636 sacto
1462 2578 1783 2651 plurimum

136 2676 629 2747 conclusi-eretum
663 2675 718 2729 et
746 2670 819 2727 de
848 2669 1011 2726 illata
1032 2668 1143 2727 sibi
1166 2672 1222 2726 et
1243 2668 1506 2726 Ecclesioe
1525 2684 1639 2725 suae
1671 2685 1788 2725 ma·

139 2765 362 2821 niiesta
378 2761 930 2834 injuria,dominum
956 2773 1166 2830 papam
1190 2763 1244 2814 et
1264 2757 1579 2815 Ecclesiam
1602 2762 1788 2815 totam

133 2852 354 2910 litteris
373 2851 498 2909 suis
526 2853 813 2922 argueret.
837 2848 1018 2919 Cujus
1040 2847 1311 2903 dominus
1342 2864 1493 2920 papa
1521 2846 1789 2920 indigna·

135 2942 364 2999 tionem
398 2939 662 3012 mitigare
691 2938 954 3010 cupiens,
988 2937 1046 2992 in
1079 2935 1202 2993 haec
1232 2936 1409 2992 verba
1438 2936 1741 3009 rescripsit
1772 2950 1786 2989 ε

206 3033 523 3087 pascuam
551 3029 852 3100 episcopus,
885 3041 1073 3084 servus
1101 3040 1383 3082 servorum
1414 3026 1532 3095 Dei,
1554 3042 1784 3082 venera·

134 3118 244 3177 bili
272 3119 445 3191 [ratri
462 3118 793 3185 Banasam,
818 3115 1154 3173 Antiocheno
1188 3114 1524 3188 patriarchae
1551 3115 1783 3171 salutem
1817 3091 1867 3159 C

135 3215 190 3269 et
219 3207 580 3283 apostolicam
610 3206 1057 3264 benedictionem.

206 3298 482 3371 Quamvis
493 3300 639 3355 inter
647 3302 874 3356 caeteras
885 3296 1215 3369 apostolicas
1237 3296 1388 3352 sedes
1404 3296 1506 3352 illa
1524 3294 1787 3363 emineat,

131 3406 309 3463 quam
330 3390 486 3445 Petri
522 3386 751 3460 apostoli
790 3393 961 3443 morte
982 3386 1041 3441 in
1080 3401 1302 3458 corpore
1319 3384 1570 3454 dianatio
1597 3400 1790 3456 super·

132 3499 211 3537 na
231 3476 593 3549 clarificavit,
613 3479 757 3533 inter
777 3477 1084 3533 Romanum
1116 3480 1299 3531 tamen
1320 3482 1374 3531 et
1392 3473 1790 3531 Antiochenam

134 3570 418 3642 episcopos
447 3572 607 3625 tanta
650 3566 924 3638 quondam
970 3564 1175 3637 leqitur
1220 3565 1462 3621 charitas
1490 3566 1791 3627 exstitisse,

135 3666 199 3714 ut
230 3658 398 3714 nulla
425 3657 573 3713 inter
610 3670 697 3712 eos
742 3653 1029 3711 diversitas
1070 3653 1363 3710 videretur.
1404 3652 1605 3709 Eadem
1641 3654 1792 3710 enim

140 3749 298 3806 Petri
325 3761 565 3821 persona
607 3750 867 3816 utrasque
914 3741 1222 3799 illustravit
1265 3742 1578 3806 Ecclesias:
1616 3745 1797 3802 multa

140 3844 265 3912 post
306 3837 422 3893 haec
451 3844 697 3908 tempora
726 3834 1094 3899 transierunt,
1126 3832 1322 3905 quibus
1360 3832 1673 3903 infidelium
1701 3833 1797 3891 do·

140 3928 384 3985 minatio
410 3927 685 3982 unitatem
712 3923 854 3979 hanc
887 3925 948 3978 in
975 3924 1220 3994 personis
1245 3922 1663 3994 praesidentium
1691 3922 1797 3979 im-

134 4016 371 4091 pedivit.
404 4014 624 4071 Gratias
664 4020 848 4070 autem
878 4012 1002 4083 Dea,
1033 4010 1176 4084 quod
1214 4010 1550 4083 temporibus
1594 4013 1798 4069 nostris

144 4105 593 4164 Christianorum
650 4105 1023 4175 principatum
1075 4105 1136 4156 in
1191 4101 1528 4158 Antiocheno
1575 4101 1802 4158 civitate

146 4193 414 4256 restituit.
474 4194 712 4265 Diqnum
751 4199 833 4250 est
899 4193 1088 4264 iqitur,
1129 4190 1454 4247 charissime
1501 4192 1696 4262 trater,
1742 4198 1804 4248 ut

144 4286 408 4361 ejusdem
434 4283 727 4340 charitatis
758 4284 814 4337 in
855 4280 1007 4337 nobis
1037 4282 1222 4335 unitas
1250 4279 1412 4350 firma
1437 4286 1804 4352 permaneat.-

146 4393 256 4433 nec
284 4375 352 4432 de
399 4373 552 4431 nobis
581 4373 755 4428 menti
801 4381 910 4428 tuae
940 4371 1126 4441 opinio
1179 4368 1298 4425 ulla
1343 4369 1627 4442 subrepat,
1668 4369 1809 4441 quod

1878 426 2120 498 proteri,
2154 430 2210 482 et
2240 443 2356 499 qua
2395 427 2718 485 intentione
2747 429 2982 487 domino
3013 433 3132 506 regi
3174 438 3231 491 et
3259 434 3525 494 Ecclesia

1881 515 2408 589 Hierosolymorum
2459 517 2516 572 id
2565 524 2951 592 concesserat,
2983 524 3139 594 quod
3183 523 3244 579 in
3274 525 3402 597 ejus
3433 543 3525 584 re·

1879 604 2113 677 scriptis
2161 606 2587 677 continebatur,
2618 608 2806 665 eidem
2852 609 3193 681 patriarcha
3235 613 3524 675 Beruardo

1877 693 1940 751 in
1970 694 2131 752 hune
2162 696 2399 752 modum
2432 696 2732 769 rescripsit
2765 715 2779 754 ε

1950 783 2247 841 Ριεοηιιιε
2276 787 2578 858 episcopus,
2621 802 2808 843 servus
2854 803 3136 847 servorum
3173 792 3294 863 Dei,
3347 794 3531 868 coepi-

1876 888 2032 944 scopo
2071 874 2399 943 Baamaoo,
2444 875 2780 931 Antiocheno
2805 877 3171 949 patriarches,
3211 881 3454 940 salutem
3480 886 3536 941 et

1885 962 2258 1035 apostolicam
2289 962 2733 1020 benedictionem.

1950 1057 2108 1112 Sicut
2137 1056 2265 1112 aliis
2306 1057 2505 1113 litteris
2547 1058 2898 1128 fraternitati
2936 1067 3045 1118 tuse
3064 1065 3399 1136 scripsimus,
3430 1081 3531 1125 nos

1878 1149 1933 1202 et
1954 1161 2244 1216 personam
2275 1154 2450 1217 tuam,
2470 1151 2521 1203 et
2551 1147 2845 1204 Ecclesiam
2865 1151 2968 1207 tibi
2995 1152 3339 1211 commissam
3364 1155 3530 1226 plena

1877 1234 2153 1292 charitate
2179 1236 2511 1309 diliqimus‚·
2538 1253 2637 1295 nec
2663 1237 2784 1295 ullo
2808 1240 2964 1297 modo
2986 1242 3233 1299 volumus
3260 1243 3529 1303 honorem

1877 1331 2071 1382 vestrae
2100 1324 2392 1397 diqnitatis
2431 1327 2720 1398 imminui,
2750 1331 2886 1400 quin
2925 1329 3247 1388 Antiocheni
3274 1335 3533 1402 patriar·

1879 1415 2073 1472 chatus
2106 1414 2385 1487 proetatio,
2425 1417 2569 1474 sicut
2609 1419 2906 1488 praeteritis
2937 1421 3270 1492 temporibus
3309 1437 3532 1482 conser-

1883 1508 2015 1559 vata
2050 1506 2150 1569 est,
2204 1504 2288 1559 ita
2332 1505 2499 1560 etiam
2545 1505 2609 1560 in
2654 1505 2909 1576 futurum
2954 1505 3197 1578 inteqra,
3236 1515 3539 1582 praestante

1888 1593 2142 1662 Domino,
2181 1599 2545 1650 conservetur.
2590 1592 2733 1649 Illud
2761 1601 2948 1651 autem
2993 1599 3138 1667 quod
3182 1598 3302 1667 filio
3347 1603 3536 1658 nostro

1886 1681 2185 1751 Balduino,
2242 1683 2860 1756 llierosolymitanorum
2919 1687 3059 1756 reqi,
3145 1702 3245 1759 per
3310 1690 3535 1747 nuntios

1885 1786 2012 1828 suos
2070 1770 2446 1838 intercedenti,
2497 1775 2876 1843 concessimus,
2919 1773 3241 1833 charitatem
3295 1787 3530 1836 vestram

1886 1862 2109 1917 omnino
2148 1859 2479 1917 conturbare
2519 1877 2631 1918 non
2658 1861 2835 1931 debet,
2875 1865 2930 1920 si
2970 1863 3286 1922 litterarum
3314 1879 3534 1924 nostra·

1886 1966 2013 2006 rum
2042 1965 2260 2006 sensum
2307 1951 2542 2006 interius
2587 1953 2966 2022 perscruteris.
3015 1953 3108 2009 Sic
3151 1955 3299 2010 enim
3345 1955 3405 2010 in
3451 1957 3533 2013 eis

1885 2040 2156 2110 scriptum
2184 2044 2263 2095 est
2310 2055 2331 2092 .·
2361 2059 2391 2088 «
2431 2039 2795 2096 Ecclesiarum
2841 2055 2966 2113 quse
3007 2041 3120 2098 illis
3162 2044 3222 2096 in
3275 2044 3537 2116 partibus

1887 2131 2135 2200 suerunt,
2167 2129 2251 2185 vel
2278 2133 2429 2195 sunt,
2461 2131 2719 2186 terminos
2745 2133 2912 2202 atque
2939 2133 3294 2202 possessiones
3313 2132 3538 2191 diutina

1891 2217 2204 2288 infidelium
2222 2221 2475 2290 possessio
2498 2220 2862 2290 tyrannisque
2887 2220 3165 2288 confudit.
3199 2220 3335 2277 Cum
3351 2223 3539 2295 itaque

1890 2313 2063 2364 certos
2091 2309 2169 2364 eis
2214 2307 2350 2376 fines
2376 2307 2659 2379 assiqnare
2705 2311 2960 2377 praesenti
2996 2309 3400 2368 deliberatione
3429 2329 3537 2371 ne-

1892 2414 2174 2472 queamus,
2206 2400 2316 2455 tuis
2352 2415 2464 2455 non
2513 2401 2788 2456 immerito
2824 2399 3076 2472 precibus
3103 2400 3369 2459 duximus
3419 2422 3537 2462 an-

1890 2489 2197 2554 nuendum,
2227 2494 2288 2544 ut
2318 2491 2446 2559 quia
2480 2505 2580 2561 pro
2611 2489 3117 2563 Hierosolymitnnae
3145 2491 3405 2551 Ecclesioe
3440 2509 3536 2551 su·

1896 2577 2217 2635 blimatione
2242 2592 2533 2648 personam
2574 2583 2728 2633 tuam
2773 2581 3037 2635 extremis
3062 2581 3329 2651 periculis
3357 2597 3536 2656 expo-

1893 2684 2027 2724 nere
2077 2665 2354 2730 devovisti,
2386 2681 2737 2739 quascunque
2773 2667 3084 2737 infidelium
3121 2670 3289 2727 urbes
3314 2673 3543 2743 ceperis,

1897 2758 1982 2814 vel
2029 2758 2237 2827 cepisti,
2280 2755 2523 2826 ejusdem
2569 2757 2826 2813 Ecclesiae
2872 2757 3134 2830 reqimini
3176 2759 3549 2835 divnitatique

1898 2847 2231 2918 subiaceant.
2278 2865 2307 2895 »
2348 2845 2550 2901 Eodem
2595 2861 2759 2902 sensu
2804 2847 2908 2902 illa
2949 2847 3121 2904 etiam
3152 2849 3317 2907 verba
3364 2850 3545 2908 discu-

1904 2937 2093 2994 tiendo
2120 2944 2274 3004 sunt,
2307 2951 2429 3009 quae
2460 2937 2634 2994 seticis
2662 2939 2948 2996 memoriae
2972 2938 3216 2996 Gibelino
3236 2943 3547 3017 Hierosoly·

1901 3029 2111 3083 mitono
2147 3026 2498 3099 patriarchae,
2556 3026 2621 3083 de
2681 3028 2993 3086 civitatibus
3037 3035 3203 3103 atque
3250 3035 3546 3105 provinciis

1897 3119 2233 3190 scripsimus,
2262 3132 2382 3190 quse
2408 3116 2710 3188 supradicti
2743 3116 3019 3176 Balduini
3045 3122 3189 3193 reqis
3225 3122 3545 3195 prudentia,

1898 3214 1952 3266 et
1978 3211 2326 3267 exercituum
2354 3224 2480 3265 eum
2497 3212 2842 3280 sequentium
2867 3213 3159 3283 sanquine,
3175 3227 3278 3285 per
3304 3215 3402 3272 Dei
3426 3232 3554 3289 qra-

1900 3302 2056 3368 tiam,
2088 3299 2377 3372 acquisitae
2396 3300 2545 3353 sunl.
2570 3297 2846 3372 Siquidem
2878 3301 3145 3357 Ecclesiae
3175 3302 3327 3373 illas,
3348 3304 3551 3377 quibus

1898 3388 2038 3445 certi
2066 3388 2202 3458 fines
2220 3386 2499 3459 assiqnari
2526 3395 2772 3459 possunt,
2804 3405 3035 3460 quarum
3065 3391 3295 3448 termini
3321 3408 3387 3449 ac
3414 3408 3549 3466 pos-

1899 3480 2159 3535 sessiones
2195 3476 2411 3533 diutina
2471 3478 2809 3549 possessione
2853 3494 2919 3533 ac
2975 3481 3273 3551 tyrannide
3326 3484 3544 3555 contusi

1900 3583 2010 3625 non
2037 3573 2191 3635 sunt,
2221 3571 2271 3623 et
2298 3567 2547 3638 ipsarum
2571 3566 2940 3622 Ecclesiarum
2971 3568 3151 3638 urbes,
3173 3571 3262 3626 illi
3292 3571 3542 3628 volumus

1905 3655 2154 3713 Ecclesiae
2182 3655 2479 3726 subjacere,
2509 3653 2582 3709 ad
2610 3669 2774 3725 quam
2804 3669 2875 3710 ex
2912 3657 3145 3727 antiqua
3172 3659 3427 3715 sciuntur
3453 3660 3543 3728 iu·

1903 3748 2063 3803 stitia
2089 3743 2389 3817 pertinere.
2413 3743 2530 3799 Non
2546 3746 2694 3799 enim
2722 3743 2977 3800 volumus
3002 3754 3100 3801 aut
3118 3760 3217 3817 pro
3236 3747 3552 3820 principum

1903 3834 2168 3908 potentia,
2217 3831 2638 3888 ecclesiasticam
2675 3832 2861 3887 minui
2885 3832 3257 3904 diqnitatem,·
3304 3844 3410 3893 aut
3445 3852 3551 3909 pro

1904 3922 2277 3983 ecclesiastica
2306 3920 2580 3988 diqnitate
2595 3920 2913 3992 principum
2937 3924 3244 3993 potentiam
3271 3924 3551 3985 mutilari.

1984 4012 2130 4067 Data
2159 4009 2471 4080 Beneventi,
2503 4025 2577 4065 xv
2608 4008 2842 4066 Kalend.
2877 4011 3108 4083 Aprilis.

1981 4100 2093 4159 Sed
2123 4104 2181 4157 et
2209 4097 2447 4156 domino
2480 4099 2603 4172 regi
2634 4099 2837 4157 eodem
2869 4101 3044 4158 modo
3086 4103 3339 4177 scripsit,
3370 4120 3555 4176 expo-

1910 4206 2059 4249 nens
2090 4205 2203 4263 qua
2253 4187 2579 4246 intentione
2625 4189 2918 4262 praediotis
2967 4190 3124 4250 illius
3178 4193 3560 4266 petitionibus

1912 4295 2224 4338 assensum
2246 4276 2568 4349 proebuerat
2589 4296 2605 4348 ;
2627 4282 2684 4335 et
2702 4277 3047 4351 significans
3064 4282 3215 4353 quod
3236 4281 3559 4340 Ecclesiam

1920 4368 2345 4426 Antiochenam
2392 4367 2456 4423 iu
2504 4366 2664 4424 nullo
2710 4368 2847 4425 velit
2903 4369 3160 4430 indebite
3210 4372 3463 4446 gravari,
3505 4371 3566 4430 iu

150 4465 555 4525 Antiochenam
582 4462 878 4520 Ecclesiam
897 4460 1203 4532 deprimere
1241 4465 1341 4515 aut
1358 4459 1690 4517 inhonorare
1718 4476 1807 4518 ve·
1840 4470 1893 4535 1]
1923 4458 2045 4516 haeo
2076 4459 2254 4516 verba
2283 4474 2298 4514 ε

151 4561 347 4614 limus.
368 4557 426 4612 Si
456 4554 590 4629 quid
629 4568 759 4623 erqo
796 4552 882 4608 vet
914 4551 1279 4620 Antiochenae,
1301 4549 1385 4606 vel
1416 4550 1810 4623 Hierosolymi-

152 4658 302 4705 tanse
338 4644 586 4702 Ecclesia
614 4643 779 4699 aliter
812 4643 1047 4712 sortasse
1075 4656 1243 4713 quam
1289 4638 1531 4711 oportuit
1558 4638 1626 4696 de
1653 4654 1811 4712 paro·

150 4739 411 4795 chiarum
439 4734 646 4808 finibus
673 4733 1015 4804 scripsimus,
1046 4745 1142 4787 nec
1186 4729 1398 4787 levitati
1427 4733 1507 4787 est
1523 4745 1622 4787 nec
1649 4729 1808 4788 mali·

154 4828 251 4883 tiae
276 4824 682 4890 ascribendum,
715 4838 817 4879 nec
844 4826 1069 4894 propter
1105 4820 1204 4876 hoc
1224 4819 1369 4891 apud
1417 4835 1516 4875 nos
1552 4826 1634 4878 est
1653 4836 1809 4877 scan-

155 4915 361 4972 dalum
386 4913 768 4970 concitandum
790 4932 804 4982 ;
830 4911 1094 4985 quoniam
1112 4916 1168 4965 et
1190 4909 1431 4967 locorum
1448 4910 1670 4982 prolixa
1690 4911 1814 4968 lon-

150 5003 446 5076 qinquitas
472 5007 525 5062 et
551 5004 917 5077 antiquorum
958 5002 1243 5057 nominum
1270 5000 1654 5066 commutatio,
1687 5017 1812 5073 qaeu

152 5093 471 5151 civitatibus
514 5094 602 5150 vel
627 5092 927 5166 provinciis
960 5090 1178 5156 accidit,
1212 5106 1473 5159 maqnam
1501 5090 1661 5146 nobis
1691 5106 1813 5147 am·

156 5185 483 5257 biquitatem
526 5184 608 5240 vel
656 5178 1034 5253 iq‘norantiam
1078 5178 1406 5234 intulerunt.
1457 5176 1733 5234 Coeterum
1763 5181 1817 5235 et

156 5273 470 5346 optavimus
499 5280 554 5331 et
581 5279 832 5347 optamus
860 5288 971 5328 non
1002 5268 1273 5333 scandali,
1316 5267 1407 5325 sed
1452 5271 1611 5340 pacis
1649 5269 1811 5339 somi-

155 5368 277 5423 tem
303 5362 546 5434 [ratibus
570 5362 932 5431 ministrare;
976 5377 1141 5418 suum
1176 5360 1261 5428 ius
1291 5366 1342 5416 et
1389 5359 1649 5416 honorem
1676 5358 1813 5432 qui-

156 5456 369 5526 busque
395 5454 635 5511 ccclesiis
658 5465 1002 5509 conservare.

234 5544 377 5600 Data
410 5544 665 5600 Laterani
693 5557 769 5601 vn
799 5540 925 5598 Idus
953 5541 1210 5611 Auqusti.

1991 4551 2304 4605 Psscfflms
2330 4550 2633 4619 episcopus,
2665 4563 2851 4606 servus
2887 4565 3173 4607 servorum
3209 4552 3328 4621 Dei,
3353 4549 3565 4607 charis-

1920 4638 2060 4695 simo
2112 4638 2433 4706 Basnuxno,
2483 4636 2695 4693 illustri
2744 4638 3373 4711 Hierosolymitanorum
3426 4639 3567 4711 reqi,

1915 4728 2146 4784 salutem
2176 4735 2229 4783 et
2258 4726 2613 4798 apostolicam
2639 4726 3085 4784 benedictionem.

1998 4815 2278 4874 Concessio
2308 4815 2411 4871 illa
2440 4830 2606 4887 quam
2649 4831 2747 4872 nos
2773 4818 3026 4888 petitioni
3046 4824 3157 4874 tuae
3184 4816 3569 4876 accommoda-

1921 4906 2125 4975 vimus,
2156 4914 2217 4962 ut
2258 4920 2611 4978 quascunque
2656 4904 2972 4977 infidelium
3017 4923 3180 4979 urqes
3227 4910 3453 4981 ceperis,
3486 4908 3572 4966 vet

1921 4997 2133 5068 cepisti,
2164 4993 2681 5066 Hierosolymitanae
2726 4996 2976 5052 Ecclesiae
3022 5000 3287 5067 reqimini
3327 4999 3575 5068 divnita-

1924 5088 2073 5158 tique
2115 5084 2454 5156 subjaceant,
2483 5099 2595 5140 non
2641 5101 2838 5153 parum
2881 5102 3004 5143 cum
3047 5089 3280 5159 fratrem
3319 5094 3574 5146 nostrum

1925 5174 2276 5233 Bernardum
2316 5173 2712 5245 patriarcham,
2763 5179 2879 5231 tum
2927 5178 3247 5235 universam
3274 5176 3570 5234 Antioche-

1924 5284 2057 5324 nam
2074 5266 2318 5323 turbavit
2349 5262 2669 5322 Ecclesiam.
2704 5266 2839 5322 Cum
2867 5270 3015 5324 enim
3045 5283 3140 5324 nos
3168 5266 3569 5325 concessionem

1927 5357 2087 5414 illam
2114 5372 2278 5427 super
2305 5356 2419 5411 illis
2436 5355 2692 5411 Ecclesiis
2719 5355 3130 5424 indulserimus,
3164 5373 3407 5430 quarum
3453 5360 3570 5415 ter·

1924 5448 2106 5503 minos
2151 5451 2315 5517 atque
2354 5445 2713 5517 possessiones
2761 5442 2980 5501 diutina
3025 5446 3335 5518 infidelium
3361 5459 3572 5519 posses·

1926 5535 2009 5592 sio
2031 5537 2388 5608 tyrannisque
2414 5532 2685 5606 confudit,
2727 5534 2816 5591 illi
2842 5549 2932 5591 eas
2962 5534 3234 5592 Ecclesias
3266 5551 3302 5592 a
3331 5536 3581 5595 Hieroso-
