3784 6000
266 120 448 214 'taes

1549 150 1764 214 ALAm
1803 154 2205 215 ANTISSIOD.
2243 154 2469 216 EPISC.

3582 161 3717 220 1384

298 278 556 352 proesule
581 278 941 337 dissidentes
966 279 1294 339 Wileucum
1318 281 1569 340 Uolismi
1596 281 1878 339 abbatem
1900 285 1958 338 et
1983 283 2031 339 A
2063 281 2348 354 sepelivit,
2390 288 2446 339 et
2474 282 2603 353 eius
2622 283 2760 354 iura
2788 299 2856 340 ac
2882 289 3206 356 proventus
3236 285 3540 342 canonicis
3568 302 3685 344 cou
3701 319 3718 331 ·

299 369 669 426 Beribertum
700 369 774 425 de
815 370 1061 427 meriaco
1097 369 1315 427 arbiter
1345 372 1402 426 in
1446 369 1830 428 concordiam
1867 387 1952 428 re·

298 456 494 516 duxit.
516 465 689 516 Auno
709 459 849 516 1164
863 458 1238 516 Guillelmum
1262 460 1542 519 comitem
1561 476 1744 535 quem
1765 460 1954 517 infen-

298 548 601 604 sissimum
626 547 968 620 patiebatur
988 555 1126 605 tunc
1152 551 1435 620 temporis
1458 551 1580 623 regi
1603 550 1684 606 ob
1712 548 1956 608 infesta·

299 637 490 695 tiones
505 635 802 709 quibusin
830 636 1250 694 vizeliacenses
1277 639 1666 709 grassabatur
1690 638 1950 697 invisum

299 725 577 799 placavit.
606 725 827 782 Eodem
857 740 1183 783 auno-cum
1203 727 1612 784 controversia
1639 741 1774 800 quas
1804 725 1950 783 olim

297 814 492 872 fuerat
528 815 680 872 inter
710 817 1018 886 Hugonem
1062 822 1120 873 et
1142 816 1498 873 willelmum
1538 816 1818 873 comitem
1858 816 1953 874 Ni·

299 919 650 960 vernensem
665 904 1219 973 recruduisset,eam
1234 904 1657 977 composuitde
1671 906 1950 962 mandato

299 994 521 1050 summi
539 993 835 1066 pontificis
855 994 1207 1050 Godet'ridus
1223 995 1534 1067 quondam
1551 995 1950 1065 Lingonensis

297 1083 641 1156 episcopus,
661 1088 785 1138 tum
803 1083 1095 1156 privatam
1116 1082 1300 1140 vitam
1318 1084 1479 1156 apud
1495 1082 1948 1141 claramvallem

298 1172 875 1246 ducens,statuitque
890 1179 951 1228 ut
962 1188 1098 1244 quas
1110 1173 1261 1229 iuter
1274 1175 1579 1244 nugonem
1595 1173 1946 1244 episcopum

297 1266 357 1319 et
383 1261 664 1319 comitem
705 1265 930 1319 sauctae
963 1262 1267 1319 memoriae
1295 1262 1629 1318 Bernardus
1664 1262 1951 1319 clareval-

290 1349 478 1408 lensis
509 1350 700 1408 abbas
729 1351 1037 1423 quondam
1079 1354 1503 1423 composuerat
1531 1350 1952 1408 iuviolabiliter

295 1439 778 1497 observarentur.
803 1440 1024 1496 Eodem
1056 1439 1255 1497 adhuc
1273 1455 1434 1496 anno
1461 1439 1775 1497 monachis
1799 1441 1950 1497 Dou-

295 1529 444 1586 ziaci
463 1528 842 1586 confirmavit
856 1528 1140 1586 ecclesias
1152 1530 1226 1586 de
1240 1529 1540 1600 pogniaco
1553 1529 1696 1585 etde
1712 1529 1946 1585 Boiaco.

2062 370 2242 428 cessit
2281 385 2442 427 auno
2494 372 2649 428 1166.
2682 373 3019 445 insequenti
3049 374 3389 430 renuntiata
3426 373 3717 446 dignitate

2061 459 2121 517 in
2150 461 2431 517 manibus
2451 459 2886 533 archiepiscopi
2907 461 3267 518 Senouensis
3285 463 3517 536 absque
3538 464 3719 522 liceu-

2062 549 2143 607 tia
2172 549 2392 606 summi
2421 549 2722 622 pontificis
2751 551 2854 622 qui
2885 549 3024 606 iude
3054 557 3421 624 conquestus
3450 557 3559 623 est,
3582 553 3718 610 soli-

2063 639 2283 695 tudinis
2306 638 2536 701 avidus.
2563 639 2948 711 pontificatus
2971 638 3169 711 adepti
3196 656 3318 710 xiv,
3341 642 3714 714 Ripatorium

2058 729 2319 792 secessit,
2345 727 2446 783 ubi
2463 733 2878 785 testamentum
2894 728 3163 784 condidit
3181 745 3344 786 auno
3372 729 3507 787 1182
3531 748 3546 798 ;
3568 730 3717 789 illud

2058 815 2248 872 habes
2286 817 2448 889 apud
2488 818 2876 875 Camusatum
2914 823 2971 874 et
3011 818 3070 873 in
3113 818 3450 891 appendice
3481 827 3712 877 nostra.

2060 907 2371 978 Superstes
2397 905 2595 962 adhuc
2611 922 2774 964 anuo
2795 906 2933 965 1183
2963 908 3292 963 monachos
3312 907 3387 963 de
3411 910 3715 981 Ripatorio

2059 1010 2197 1051 cum
2228 993 2751 1053 Arremarensibus
2789 994 3148 1052 dissidentes
3176 996 3534 1063 conciliavit,
3564 1000 3716 1072 quin

2057 1099 2220 1142 anuo
2267 1083 2406 1140 1185
2446 1083 2802 1155 subscripsit
2850 1083 3072 1140 chartae
3111 1085 3256 1141 Petri
3318 1088 3551 1143 comitis
3603 1104 3716 1160 pro

2058 1173 2373 1230 monachis
2405 1174 2546 1230 Boni
2575 1173 2763 1229 Radii.
2791 1173 3043 1229 Demum
3070 1173 3521 1232 Claramvallem
3542 1192 3720 1249 repe-

2059 1263 2164 1327 tiit,
2184 1261 2285 1319 ubi
2303 1262 2680 1318 sanctissime
2700 1262 2963 1319 decessit
2982 1262 3169 1333 pridie
3188 1263 3325 1319 idus
3350 1265 3476 1322 Oct.
3499 1266 3556 1321 in
3582 1267 3719 1339 ipsa

2060 1350 2117 1406 S.
2145 1349 2426 1406 Bernardi
2442 1348 2677 1418 cellula,
2693 1366 2881 1423 quam
2903 1356 3039 1422 post
3057 1351 3358 1408 Godefridi
3379 1352 3718 1424 Lingoneu-

2058 1438 2140 1495 sis
2162 1438 2675 1511 episcopiobitum
2690 1438 3145 1496 inhabitandam
3169 1447 3531 1513 susceperat.
3552 1442 3615 1514 Ej
3627 1458 3720 1498 us-

2056 1527 2195 1585 dem
2237 1526 2543 1583 Godefridi
2587 1527 2664 1583 ad
2705 1528 3011 1584 dexteram
3037 1529 3196 1599 jacet
3225 1545 3429 1585 versus
3460 1532 3715 1588 chorum

294 1616 638 1675 Ascelinum
682 1617 964 1674 abbatem
996 1617 1261 1688 Riguiaci
1292 1617 1507 1676 exemit
1549 1633 1710 1673 anno
1742 1619 1877 1673 1165
1914 1633 1950 1674 a
1983 1609 2029 1666 Β
2056 1617 2517 1677 monachorum.
2546 1618 2761 1673 Proeter
2789 1617 3020 1691 aliquot
3056 1617 3227 1675 Alani
3265 1618 3556 1691 epistolas
3590 1621 3720 1692 epi-

297 1706 601 1765 solvendis
639 1706 983 1762 monasterii
1009 1706 1100 1763 sui
1130 1706 1377 1763 decimis
1400 1706 1461 1762 in
1492 1706 1731 1763 dioecesi
1760 1706 1950 1762 Antis-

295 1795 650 1854 siodorensi.
671 1795 1030 1852 Exstinctam
1042 1793 1402 1851 cathedralis
1427 1795 1689 1851 ecclesiae
1717 1810 1949 1868 proepo·

296 1886 572 1954 situram,
602 1884 704 1940 sed
728 1885 855 1956 jam
879 1885 1052 1941 toties
1073 1883 1407 1940 redivivam
1438 1898 1591 1939 novo
1621 1882 1949 1956 diplomate

2057 1711 2216 1763 tome
2260 1704 2339 1762 ab
2387 1704 2487 1761 illo
2526 1704 2669 1761 Vitae
2702 1706 2757 1763 S.
2805 1707 3083 1762 Bernardi
3132 1708 3471 1780 conscripta
3518 1714 3718 1766 exstat

2056 1797 2216 1869 typis
2248 1794 2569 1867 impressa.

1029 2175 1332 2328 tum
1376 2280 1388 2296 -
1431 2046 2419 2325 mussitantium
2513 2171 2988 2326 {eviscovi

1297 2444 2027 2568 EPISTOLAE
2081 2439 2743 2590 QUINQUE

1200 2688 1295 2742 AD
1339 2686 1739 2744 Luoovlcuu
1774 2686 2120 2744 summum!
2159 2683 2580 2741 manentium
2618 2682 2871 2750 REGEM,

414 2849 508 2921 Ut
541 2846 919 2917 Ecclesiam
955 2844 1630 2915 Autissiodorensem
1663 2852 1904 2916 contra
1943 2843 2338 2914 vexationes
2373 2841 2642 2911 comitis
2674 2840 3119 2911 Nivernensis
3151 2843 3253 2934 (2)
3294 2849 3587 2912 tueatur.

1689 3015 1859 3074 Circa
1896 3030 2125 3073 aunum
2168 3018 2326 3072 1164.

1119 3167 1457 3241 (numm,
1488 3167 1708 3225 Rerum
1735 3166 2169 3225 &anetem-um
2194 3165 2554 3237 Scriptores,
2584 3164 2677 3234 lv,
2708 3167 2862 3239 642.)

832 3482 1165 3540 EPISTOLA
1200 3481 1434 3539 PuluA.

370 3572 730 3632 charissimo
758 3572 1006 3630 domino
1032 3587 1142 3629 suo
1165 3572 1449 3629 Lunovico
1479 3569 1802 3641 magnifico
1831 3571 1953 3642 regi

302 3665 686 3728 Francorum,
718 3666 786 3717 A.
820 3661 1353 3718 Autissiodorensis
1389 3660 1586 3716 dictus
1631 3660 1956 3732 episcopus

301 3752 559 3809 salutem
589 3758 648 3808 et
683 3751 967 3806 devotum
1002 3764 1107 3821 per
1135 3748 1342 3805 omnia
1374 3748 1700 3805 servitium.

372 3843 496 3898 Nou
522 3841 766 3898 miretur
785 3838 950 3911 regia
972 3838 1260 3909 majestas
1281 3836 1468 3910 quod,
1497 3836 1954 3909 superveniente

300 3930 674 3995 necessitate,
703 3944 879 3986 aures
924 3933 1132 3984 vestras
1172 3925 1629 3996 magnificentias
1668 3926 1840 3982 toties
1867 3927 1950 3982 iu·

299 4021 562 4094 quietam
572 4018 837 4084 us‚toties
861 4015 1086 4073 crebris
1103 4015 1579 4072 infestationibus
1595 4016 1820 4087 agitati,
1836 4018 1953 4072 sub

302 4107 516 4165 umbra
535 4106 767 4165 alarum
798 4109 1131 4163 vestrarum
1155 4104 1358 4175 lugere
1379 4103 1814 4175 compellimur.
1836 4104 1952 4161 Ad-

297 4196 420 4254 huc
441 4196 601 4252 enim
632 4210 849 4251 manus
877 4193 1112 4252 comitis
1136 4198 1393 4264 extenta,
1418 4208 1527 4250 uec
1555 4194 1768 4251 avertit
1794 4192 1955 4250 indi-

299 4286 645 4359 gnationem
674 4299 845 4340 suam
881 4282 960 4340 ab
989 4281 1268 4339 Ecclesia.
1293 4281 1503 4339 Tendit
1530 4298 1739 4338 arcum
1771 4297 1950 4338 suum

301 4373 500 4434 adhuc
524 4374 758 4447 spirans
780 4370 1324 4438 minarum,omuia
1344 4386 1453 4444 pro
1468 4370 1774 4429 voluntate
1792 4386 1954 4445 quoe·

297 4478 438 4521 reus
461 4462 800 4533 disponere,
831 4461 1037 4518 omnia
1057 4459 1355 4531 subjicere
1378 4458 1492 4516 sub
1518 4459 1775 4532 pedibus
1804 4461 1952 4517 suis.

300 4556 516 4610 Verum
545 4550 642 4608 alii
672 4551 1142 4623 circumquaque
1177 4548 1520 4621 vicini,eJ‘us
1544 4548 1825 4622 exemplo
1844 4548 1956 4605 du-

299 4641 399 4708 cti,
432 4656 552 4698 uon
573 4640 775 4696 dicam
807 4638 885 4696 ad
914 4640 1032 4695 hoc
1054 4642 1136 4696 ab
1163 4653 1234 4694 eo
1264 4637 1511 4704 inducti,
1537 4638 1645 4696 sed
1669 4638 1799 4710 ejus
1822 4654 1955 4710 gra·

299 4732 398 4788 tioe
422 4730 672 4788 obtentu
688 4736 745 4785 et
767 4728 990 4786 amoris
1005 4727 1321 4784 occasione
1351 4727 1590 4784 inventa
1618 4726 1954 4784 calumnias

302 4826 562 4878 movent.
593 4818 769 4875 Plura
787 4817 862 4873 de
885 4821 1238 4874 casamento
1268 4830 1378 4871 suo
1397 4830 1531 4872 esse
1561 4815 1951 4882 contendunt,

302 4908 524 4982 quibus
558 4906 850 4980 quoniam
887 4920 1007 4962 uon
1040 4920 1149 4978 pro
1181 4902 1488 4960 voluntate
1519 4920 1631 4961 sua
1659 4904 1950 4961 satisfaci-

301 5010 459 5061 mus,
483 5000 700 5051 cuncta
714 4993 993 5067 diripere,
1017 5000 1073 5050 et
1102 5008 1238 5049 cum
1253 4991 1379 5064 jam
1413 4990 1603 5049 multa
1622 4992 1949 5065 rapuerint,

304 5084 540 5156 majora
568 5082 782 5140 inferre
811 5083 886 5139 de
914 5081 1010 5139 die
1038 5082 1098 5138 in
1129 5082 1289 5138 diem
1321 5082 1645 5139 minantur.
1678 5081 1824 5139 Cum
1843 5099 1955 5139 au-

302 5180 423 5233 tem
445 5189 568 5231 non
605 5173 680 5230 sit
710 5171 817 5246 qui
845 5172 1064 5229 audeat
1091 5187 1154 5228 se
1185 5187 1426 5229 murum
1465 5186 1576 5245 pro
1626 5170 1811 5228 domo
1850 5171 1951 5229 Dei

301 5277 629 5338 opponere,
660 5275 773 5320 nec
810 5260 885 5318 sit
922 5260 1027 5335 qui
1055 5261 1299 5333 adJ'uvet
1329 5261 1442 5317 uisi
1472 5260 1756 5318 dominus
1780 5276 1954 5318 meus

372 5425 456 5502 (2)
485 5421 781 5483 Guillelmi
819 5421 916 5478 lv.

1986 3479 2029 3537 C
2063 3496 2186 3547 rex,
2209 3495 2498 3552 rogamus
2521 3478 3031 3552 magnificentiam
3046 3484 3325 3547 vestram,
3349 3481 3427 3537 de
3450 3498 3577 3554 qua
3591 3498 3710 3540 uon

2063 3570 2385 3629 minimum
2410 3568 2690 3641 adjutorii
2712 3583 3047 3640 speramus,
3074 3569 3167 3625 cui
3188 3569 3263 3625 de
3290 3569 3444 3626 taciti
3460 3577 3549 3628 est
3574 3586 3713 3628 cuu-

2063 3660 2173 3716 ctis
2197 3657 2497 3714 silentium
2518 3659 2837 3731 imperare,
2858 3662 2920 3713 ut
2940 3657 3203 3730 aliquem
3219 3658 3296 3715 de
3311 3661 3521 3716 vestris
3540 3660 3711 3716 nobis

2062 3746 2497 3813 transmittatis,
2560 3746 2664 3820 qui
2736 3746 3081 3804 varziacum
3145 3753 3202 3803 et
3273 3750 3714 3821 Apoguiacum‚

2061 3835 2364 3910 aliamque
2390 3839 2608 3892 terram
2636 3841 2906 3893 nostram
2928 3836 3226 3892 custodiat
3244 3843 3301 3892 et
3331 3844 3586 3894 tueatur.
3609 3836 3715 3894 Co·

2062 3940 2192 3982 mes
2219 3925 2381 3981 euim
2420 3923 2695 3981 noudum
2726 3924 3073 3981 fidelitatem
3105 3925 3249 3980 mibi
3280 3925 3436 3989 tecit,
3469 3926 3575 3984 sed
3608 3942 3715 3983 nec

2061 4013 2358 4071 facturum
2390 4028 2453 4070 se
2486 4014 2794 4087 promittit.
2828 4015 2898 4071 Et
2928 4013 3042 4070 uisi
3082 4014 3367 4071 Dominus
3395 4015 3502 4089 qui
3532 4017 3716 4090 impe·

2062 4109 2155 4160 rat
2183 4102 2379 4159 ventis
2408 4107 2464 4158 et
2493 4103 2645 4160 mari
2672 4103 2852 4160 nobis
2884 4118 3131 4160 manum
3154 4103 3432 4175 adjutorii
3463 4106 3558 4161 sui
3583 4121 3715 4178 por-

2060 4192 2296 4262 rexerit,
2331 4190 2535 4265 plures
2564 4191 2740 4248 uobis
2767 4191 2969 4248 inferri
2998 4191 3310 4250 molestias
3343 4194 3400 4248 iu
3440 4193 3713 4250 futurum

2061 4295 2400 4354 speramus.

2662 4367 2993 4425 El’lSTOLA
3023 4369 3089 4423 11.

2131 4456 2493 4515 Charissimo
2512 4455 2765 4514 domino
2788 4473 2899 4514 suo
2912 4455 3214 4530 Lunovteo,
3242 4459 3567 4530 magnifico
3588 4462 3715 4532 regi

2064 4548 2447 4612 Francorum,
2493 4551 2559 4603 Δ.
2593 4546 3123 4604 Autissiodorensis
3160 4548 3353 4604 dictus
3389 4549 3716 4622 episcopus

2060 4633 2313 4692 salutem
2342 4642 2399 4691 et
2425 4635 2711 4691 devotum
2743 4634 3070 4692 servitium.

2134 4724 2920 4796 Frequenterauuuutiatum
2934 4729 3024 4780 est
3045 4724 3379 4782 celsitudini
3409 4731 3619 4784 vestrae
3642 4728 3717 4785 de

2063 4813 2372 4869 vexatione
2396 4827 2517 4886 qua
2549 4827 2751 4869 comes
2774 4813 3147 4870 Niverneusis
3168 4815 3481 4871 ecclesiam
3517 4818 3719 4873 Sancti

2064 4901 2347 4975 Stephani
2397 4901 2931 4958 Autissiodorensis
2977 4901 3245 4977 aliasque
3292 4903 3588 4961 Ecclesias
3639 4907 3718 4964 ad

2058 5007 2197 5049 eam
2229 4990 2586 5062 pertinentes
2615 4989 2843 5062 affligit,
2877 4998 2935 5047 et
2966 4992 3347 5049 vehementer
3375 4995 3672 5065 opprimit
3700 5014 3715 5062 ;

2060 5087 2118 5137 et
2145 5078 2324 5136 credo
2354 5080 2498 5153 quia
2533 5079 2974 5152 compatimini.
3014 5080 3275 5145 Qualiter
3298 5088 3497 5138 autem
3524 5098 3645 5154 ego
3665 5093 3722 5142 et

2057 5168 2191 5243 ipse
2201 5175 2339 5226 ante
2350 5168 2665 5224 domiuum
2680 5184 2904 5242 papam
2918 5171 3394 5235 convenerimus,
3409 5170 3560 5243 quid
3574 5188 3718 5231 vero

2059 5257 2142 5316 ibi
2165 5264 2367 5316 actum
2395 5256 2589 5324 fuerit,
2620 5273 2744 5330 quo
2769 5260 2953 5316 modo
2977 5260 3154 5316 etiam
3179 5275 3385 5317 comes
3411 5275 3475 5315 se
3501 5260 3588 5316 ibi
3613 5263 3720 5321 ba·
