3784 6000
135 348 414 422 quodque
442 347 837 406 miserabilius
866 350 976 420 est,
1008 350 1231 422 capitur
1260 348 1591 424 imperator.
1614 352 1788 411 Redit
1814 357 1873 423 A

133 440 232 512 qui
280 444 547 497 evaserat
593 437 988 513 particulatim
1042 439 1349 510 exercitus,
1384 443 1785 501 confusionem

134 544 263 602 quae
291 528 591 587 acciderat
639 528 940 586 nuntians.
972 528 1336 587 Consternati
1383 541 1516 590 sunt
1547 534 1644 607 qui
1677 530 1786 590 hoc

133 619 471 683 audierunt,
497 620 559 676 in
606 619 803 691 gravia
831 636 895 676 se
924 619 1134 676 dantes
1175 620 1452 689 lamenta,
1482 629 1539 679 et
1569 623 1639 679 de
1667 624 1785 680 vita

130 712 186 764 et
212 706 410 764 salute
443 707 844 780 desperantes.
870 708 1093 764 Interea
1120 707 1207 763 vir
1234 708 1623 778 infidelis,sed
1659 727 1785 766 ma-

127 795 668 868 gnificus,detanto
682 797 872 855 elatus
898 814 1172 856 successu
1201 801 1257 855 et
1283 798 1353 854 de
1380 799 1585 856 collata
1604 801 1783 855 victo-

127 885 210 941 ria
268 884 473 943 factus
528 886 855 955 sublimior,
886 887 1291 959 imperatorem
1341 888 1451 944 eibi
1513 890 1786 961 proecepit

124 975 475 1047 praesentari
502 990 519 1043 ;
578 978 634 1032 et
664 976 722 1032 in
783 975 1198 1033 contumeliam
1257 977 1512 1034 nominis
1549 982 1606 1034 et
1648 978 1782 1035 fidel

121 1063 476 1121 Christianae
534 1066 746 1123 sedens
775 1065 835 1121 in
874 1065 1085 1123 throno
1143 1066 1321 1139 regio,
1354 1083 1487 1123 eum
1544 1066 1784 1123 mandat

121 1154 375 1226 pedibus
403 1154 615 1227 subjici
642 1173 657 1225 ;
715 1159 773 1211 et
832 1155 1068 1212 scabelli
1124 1157 1264 1225 vice,
1324 1173 1517 1212 coram
1577 1155 1781 1228 positis

121 1242 519 1316 principibus,
551 1245 872 1302 ascendens
901 1254 955 1301 et
985 1245 1364 1317 descendens,
1396 1261 1635 1318 corpore
1665 1246 1782 1302 uti·

122 1344 212 1389 tur
237 1332 586 1407 imperiali;
617 1337 976 1408 tandemque
1007 1352 1110 1408 pro
1141 1339 1300 1393 tanto
1331 1336 1611 1408 obsequio
1643 1352 1778 1394 eum

120 1423 383 1481 libertati
413 1423 750 1495 restituens,
766 1441 898 1482 cum
924 1425 1128 1497 paucis
1144 1442 1213 1482 ex
1238 1426 1361 1482 suis
1386 1426 1778 1496 magnatibus,

117 1512 380 1586 quicum
411 1530 483 1572 eo
513 1515 665 1587 capti
698 1516 945 1582 fuerant,
982 1515 1138 1571 abire
1185 1515 1467 1586 permisit.
1500 1516 1615 1572 tloc
1648 1531 1778 1573 vero

118 1602 434 1661 audientes
466 1604 763 1677 principes
792 1603 1241 1677 imperii,alium
1266 1604 1377 1661 sibi
1412 1604 1775 1676 praeficiunt:

116 1692 437 1766 indignum
460 1693 834 1762 arbitrantes,
855 1698 919 1750 ut
940 1694 1039 1766 qui
1063 1697 1179 1749 tam
1204 1693 1441 1766 indigna
1466 1694 1523 1749 in
1548 1695 1775 1766 proprio

116 1781 442 1853 pertulerat
484 1798 742 1854 corpore,
774 1783 830 1838 in
881 1783 1124 1854 sceptris
1153 1788 1344 1853 ageret
1393 1787 1448 1839 et
1495 1783 1771 1855 dignitate

115 1871 465 1943 fungeretur
494 1871 840 1945 Augustali:
893 1871 1130 1943 insuper
1160 1872 1445 1943 privatum
1487 1872 1668 1929 oculis
1717 1877 1775 1930 et

116 1963 518 2033 ignominiose
540 1967 875 2031 tractatum,
892 1963 1067 2019 vitam
1082 1963 1174 2017 vix
1201 1962 1568 2018 indulserunt
1608 1980 1774 2037 agere

116 2051 433 2122 privatam.
468 2052 745 2124 Princeps
773 2057 966 2108 autem
1016 2069 1193 2124 supra
1227 2053 1581 2120 nominatae,
1638 2070 1770 2125 pro-

114 2140 303 2211 posito
341 2138 530 2198 libere
559 2140 922 2198 satisfaciens
952 2157 1078 2207 sno,
1108 2140 1410 2197 universas
1441 2156 1475 2196 a
1506 2141 1775 2198 Laodicia

117 2230 288 2299 Syriae
314 2245 514 2303 usque
534 2233 607 2287 ad
644 2230 1102 2304 Hellespontum,
1137 2230 1237 2303 qui
1268 2229 1775 2303 Constantinopoli

120 2321 579 2394 praeterlabitur,
608 2321 819 2380 itinere
874 2321 1102 2378 dierum
1161 2321 1399 2393 triginta
1437 2321 1497 2376 in
1529 2320 1775 2392 longitu-

120 2411 273 2479 dine,
328 2411 542 2468 decem
598 2427 733 2469 vero
788 2412 877 2469 vel
937 2411 1271 2485 quindecim
1322 2412 1382 2467 in
1443 2411 1772 2480 latitudine,

120 2505 433 2576 occupavit
508 2505 794 2577 regiones,
870 2520 1002 2560 cum
1096 2503 1219 2559 suis
1308 2502 1642 2559 civitatibus
1715 2506 1775 2560 et

123 2594 491 2667 municipiis,
524 2593 795 2651 universo
828 2593 1040 2666 populo
1072 2592 1380 2665 captivato.
1414 2592 1655 2648 Tradidit
1683 2608 1773 2648 eos

124 2684 382 2740 Dominus
412 2685 477 2739 in
517 2699 718 2741 manus
749 2683 987 2749 inimici,
1013 2688 1066 2739 cl
1097 2682 1370 2737 dominati
1397 2689 1528 2737 sunt
1587 2697 1775 2738 eorum

125 2775 207 2846 qui
233 2773 479 2831 oderunt
507 2788 595 2831 eos
635 2774 813 2847 (Paul.
845 2790 932 2840 cv,
964 2772 1075 2845 39).
1107 2773 1263 2828 Inter
1301 2788 1446 2844 quas
1478 2772 1686 2827 nobilis
1716 2775 1774 2828 ct

126 2863 330 2920 eximia
362 2863 800 2937 provinciarum
845 2862 1156 2919 multarum
1197 2860 1572 2927 moderatrix,
1607 2860 1775 2933 prin—

131 2968 250 3026 ceps
299 2951 541 3025 civitas,
574 2951 854 3025 Principis
910 2950 1298 3023 apostolorum
1351 2950 1519 3007 sedes
1568 2950 1771 3023 prima,

1089 168 1285 279 aisr.
1335 214 1607 281 assum
1647 214 2191 281 raausmam.
2236 250 2314 264 -
2359 212 2510 279 Lis.
2554 216 2605 280 1.

2540 352 2771 411 CAPUT
2809 358 2884 413 X.

1895 459 2165 530 Quomodo
2198 476 2292 533 per
2319 461 2466 518 idem
2495 470 2701 534 tempus
2746 464 2997 534 fidelium
3021 471 3197 526 turbae
3226 471 3298 527 ad
3346 473 3540 532 Urbem

1961 538 2206 588 sanctam
2237 533 2582 604 accedebant,
2613 542 2668 591 et
2697 553 2804 607 qua
2842 539 3152 598 conditione
3198 542 3539 602 habebamur

1962 611 2072 659 tam
2111 605 2265 660 intus
2293 622 2455 677 quam
2487 613 2645 662 extra
2665 625 2686 663 .·
2713 617 2764 663 et
2791 612 3052 680 quomodo
3074 616 3134 669 in
3177 631 3375 674 manus
3408 621 3541 674 Tur·

1959 692 2151 733 corum
2179 679 2384 734 iterum
2413 677 2666 735 restituta
2689 685 2770 736 est
2799 681 3015 739 civitas.

1962 802 2118 857 Inter
2147 800 2251 856 has
2279 805 2400 857 tam
2439 800 2744 871 periculosi
2777 807 3057 879 temporis
3078 808 3349 880 insidias,
3376 829 3539 872 acce·
3645 842 3650 847 ·

1888 890 2055 946 debat
2085 894 2204 946 tam
2236 891 2565 948 Graecorum
2587 909 2764 964 quarn
2789 896 3129 955 Latinorum
3153 903 3336 973 gratia
3367 904 3537 960 devo-

1888 977 2085 1044 tionis,
2118 979 2190 1034 ad
2223 978 2347 1035 loca
2366 980 2716 1038 venerabilia
2747 983 3059 1042 multitudo
3081 991 3536 1065 nonnulla,qui-

1886 1066 1995 1122 bus
2028 1083 2125 1137 per
2156 1067 2314 1124 mille
2335 1069 2537 1124 mortis
2567 1086 2799 1140 genera,
2829 1089 3044 1146 perque
3067 1078 3322 1137 hostium
3346 1083 3533 1154 regio-

1887 1171 1989 1212 nes
2031 1156 2103 1213 ad
2165 1158 2366 1212 urbem
2399 1160 2826 1229 accedentibus,
2858 1165 3180 1236 negabatur
3232 1168 3533 1241 introitus,

1886 1243 2001 1301 nisi
2033 1245 2091 1301 in
2125 1249 2286 1317 porta
2342 1262 2573 1319 aureus,
2607 1250 2705 1321 qui
2766 1267 2871 1322 pro
2927 1254 3143 1312 tributo
3181 1259 3536 1319 constitutus

1884 1339 2030 1404 erat,
2056 1336 2407 1407 janitoribus
2430 1338 2684 1396 daretur.
2718 1343 2827 1397 Sed
2859 1343 2960 1415 qui
2991 1343 3051 1400 in
3082 1346 3291 1405 itinere
3318 1356 3534 1409 cuncta

1883 1424 2277 1498 perdiderant,
2308 1430 2365 1484 et
2392 1429 2486 1484 vix
2514 1446 2645 1486 cum
2687 1431 3090 1491 incolumitate
3140 1438 3533 1499 membrorum

1883 1517 1955 1572 ad
1983 1515 2111 1574 loca
2139 1523 2515 1588 pervenerant
2554 1525 2768 1592 optata,
2823 1524 2977 1581 unde
3032 1526 3308 1586 tributum
3335 1530 3531 1589 solve·

1883 1611 2033 1674 rent,
2066 1624 2179 1665 non
2211 1608 2522 1667 habebant.
2545 1612 2639 1668 Sic
2661 1628 2796 1684 ergo
2829 1614 3023 1684 fiebat,
3061 1621 3122 1673 ut
3152 1626 3289 1677 aute
3319 1622 3526 1681 urbem

1882 1712 1949 1752 ex
1980 1696 2217 1765 talibue,
2242 1698 2400 1755 mille
2428 1699 2517 1755 vel
2550 1701 2745 1772 plures
2773 1702 3019 1773 collecti,
3046 1715 3101 1762 et
3123 1715 3529 1782 exspectantes

1884 1785 2217 1842 introeundi
2259 1787 2576 1857 licentiam,
2613 1792 2759 1847 fame
2806 1797 2862 1849 et
2892 1796 3152 1853 nuditate
3195 1802 3529 1874 consumpti

1884 1875 2212 1931 delicerent.
2251 1876 2338 1943 lli,
2373 1881 2491 1934 tam
2523 1880 2775 1936 viventes
2808 1898 2982 1953 quam
3034 1888 3268 1955 mortui,
3305 1889 3531 1946 miseris

1883 1963 2110 2019 vicibus
2157 1964 2504 2022 intolerabili
2535 1973 2703 2023 erant
2757 1971 2938 2026 oneri.
2997 1971 3140 2029 Nam
3173 1980 3229 2031 et
3274 1979 3532 2036 viventes

1883 2051 2057 2120 alere,
2086 2058 2142 2109 et
2170 2053 2297 2109 cibo
2328 2072 2678 2128 quocunque
2723 2060 2894 2115 modo
2922 2066 3254 2121 sustentare
3299 2074 3532 2139 satage·

1882 2141 2021 2196 bant
2057 2158 2069 2207 ;
2114 2146 2168 2197 et
2216 2153 2476 2201 mortuos
2534 2146 2841 2217 sepulturas
2890 2149 3116 2207 tradere
3169 2154 3527 2224 nitebantur,

1882 2248 2016 2287 cum
2047 2236 2238 2289 tamen
2263 2233 2347 2288 eis
2378 2250 2554 2306 supra
2574 2237 2722 2291 vires
2751 2254 2861 2294 sua
2880 2243 3077 2296 essent
3104 2242 3353 2315 negotia.
3387 2246 3527 2312 Qui-

1882 2321 1994 2377 bus
2026 2324 2224 2377 autcm
2255 2320 2428 2378 solito
2460 2324 2664 2394 pretio,
2699 2326 2900 2383 urbem
2925 2328 3172 2386 dabatur
3195 2333 3443 2406 ingredi,
3466 2334 3527 2391 hi

1880 2411 2158 2481 majorem
2185 2411 2409 2467 civibus
2431 2412 2770 2484 ingerebant
2809 2416 3279 2487 sollicitudinem,
3305 2423 3523 2481 timen-

1883 2499 2063 2568 tibus,
2095 2516 2167 2557 ne
2193 2499 2337 2557 forte
2367 2501 2811 2560 deambulantes
2831 2490 3381 2581 incaute,tanquam
3402 2511 3531 2570 loca

1883 2593 2088 2645 sancta
2109 2589 2292 2646 visere
2311 2588 2587 2659 volentes,
2605 2593 2796 2665 sputis
2817 2602 2871 2650 et
2887 2595 3102 2668 elapsis
3119 2598 3530 2670 afficerentur:

1883 2676 1959 2733 ad
1992 2682 2352 2749 postremum
2385 2686 2598 2747 autem,
2629 2698 2700 2738 ne
2731 2682 2876 2740 clam
2910 2685 3178 2743 suffocati
3204 2689 3538 2750 interirent.

1882 2766 2048 2823 Unde
2069 2768 2191 2823 haec
2221 2768 2374 2824 mala
2396 2771 2705 2841 praevenire
2736 2774 3059 2845 cupientes,
3092 2779 3430 2849 peregrinos
3458 2781 3533 2837 ad

1881 2855 2009 2912 loca
2065 2862 2268 2914 sancta
2334 2857 2594 2915 volentes
2654 2877 2983 2933 properare,
3016 2865 3169 2922 cives
3214 2868 3283 2924 de
3331 2883 3532 2925 eorum

1881 2945 1998 3002 vita
2027 2951 2083 3003 et
2114 2945 2535 3019 incolumitate,
2570 2949 2844 3007 charitate
2866 2950 3124 3011 fraterna
3145 2953 3402 3027 solliciti,
3435 2972 3534 3016 eo·

133 3047 288 3116 capta
318 3046 465 3113 est;
516 3042 620 3100 sed
651 3041 997 3110 novissima;
1043 3047 1099 3098 et
1130 3042 1282 3096 facta
1319 3045 1406 3097 est
1438 3038 1772 3098 infidelibus
1885 3052 2017 3091 rum
2063 3036 2462 3108 sequebantur
2516 3040 2777 3110 vestigia,
2814 3041 3087 3099 timentes
3145 3061 3217 3101 ne
3272 3047 3415 3118 quid
3455 3047 3537 3104 eis

129 3136 361 3189 serviens
386 3132 491 3190 sub
538 3132 741 3189 tributo
768 3132 841 3205 (11
868 3132 992 3203 Req.
1023 3148 1141 3200 vin,
1190 3131 1269 3195 2),
1309 3131 1404 3186 Sic
1451 3130 1633 3203 igitur
1670 3128 1772 3186 Ce—
1801 3101 1845 3169 C
1883 3123 2103 3180 sinistri
2134 3139 2305 3181 casus
2336 3125 2638 3183 accideret.
2670 3127 2804 3184 Erat
2832 3134 3026 3188 tamen
3059 3132 3117 3188 in
3147 3134 3380 3192 civitate
3411 3152 3537 3194 mo-

132 3222 456 3296 lessyriam.
476 3225 790 3292 utramque
820 3220 1106 3289 Ciliciam,
1139 3219 1445 3288 Isauriam,
1476 3218 1773 3293 Pamphy·

131 3311 275 3367 liam.
306 3311 577 3384 Lyciam,
601 3310 897 3377 Pisidiam,
918 3309 1289 3383 Lycaoniam,
1322 3308 1774 3381 Cappadociam,

133 3401 510 3470 Galatiam,et
536 3407 852 3473 utrumque
884 3397 1512 3470 Pontum,Bitbyniam,
1538 3400 1593 3453 et
1624 3397 1772 3453 Asioe

135 3490 369 3547 Minoris
402 3495 659 3564 partem,
690 3489 915 3546 nobiles
955 3488 1305 3561 provincias,
1334 3491 1392 3544 et
1421 3487 1581 3542 omni
1612 3504 1772 3544 com-

136 3580 410 3637 moditate
442 3578 728 3654 insignes,
754 3579 1020 3653 plebibus
1046 3579 1282 3634 rel'ertas
1317 3576 1774 3642 fidelibus,inl‘ra

135 3670 425 3726 modicum
459 3676 687 3742 tempus
714 3668 776 3724 in
806 3684 971 3724 suam
1010 3666 1482 3738 jurisdictionem
1516 3665 1768 3737 recepit3

134 3759 425 3830 captivans
477 3756 746 3830 populos,
792 3756 1065 3814 ecclesias
1105 3755 1402 3825 dejiciens,
1445 3760 1498 3811 et
1548 3756 1770 3813 cultum

134 3846 527 3905 Christianum
576 3848 767 3904 furore
799 3862 1148 3918 persequens
1177 3844 1576 3902 exterminate.
1610 3846 1770 3914 Quod

132 3937 169 3992 si
198 3937 433 4010 copiam
468 3936 767 3993 habuisset
811 3936 1070 4003 navium,
1101 3935 1283 4006 ipsam
1320 3935 1517 3991 urbem
1553 3936 1770 4007 regiam

130 4027 226 4083 sibi
269 4026 484 4100 procul
521 4026 683 4083 omni
714 4026 892 4084 dnbio
923 4026 1284 4096 subjecisset.
1317 4025 1562 4082 Tantam
1615 4025 1769 4082 enim

130 4116 331 4172 Graecis
364 4116 697 4171 incusserat
726 4114 1110 4182 formidinem,
1146 4118 1210 4169 ut
1239 4114 1334 4168 vix
1366 4114 1535 4182 regine
1567 4113 1770 4170 civita-

129 4206 191 4260 tis
219 4222 285 4262 se
312 4204 629 4262 crederent
660 4203 974 4272 moenibus,
1001 4207 1058 4259 et
1087 4205 1262 4259 maris
1296 4203 1623 4275 interpositi
1658 4219 1769 4258 non

126 4295 251 4352 satis
280 4298 487 4351 tutum
520 4294 940 4350 arbitrarentur
956 4292 1315 4365 praesidium.
1352 4291 1479 4348 Hoec
1511 4291 1688 4364 igitur
1716 4296 1773 4348 et

124 4382 333 4441 similia
376 4381 597 4456 populo
641 4382 816 4451 fideli,
850 4383 948 4454 qui
1006 4381 1422 4454 Hierosolymis
1453 4385 1509 4436 et
1556 4380 1772 4437 linibus

1881 3214 2201 3269 nasterium
2223 3214 2723 3287 amalfitanorum,
2743 3221 2896 3290 quod
2925 3222 3294 3294 usquebodie
3314 3242 3530 3299 cogno·

1883 3304 2141 3359 minatur
2173 3305 2390 3361 Sauctae
2442 3306 2632 3362 Marioe
2673 3309 2743 3364 dc
2788 3310 2988 3366 Latina
3022 3329 3036 3379 3
3087 3316 3144 3368 et
3172 3314 3342 3384 jttxta
3387 3315 3531 3374 illud

1879 3392 2588 3461 xenodochiun1‚ubierat
2624 3397 2946 3455 oratorium
2984 3402 3308 3475 modicum,
3344 3404 3403 3461 in
3439 3406 3540 3464 bo-

1883 3481 2725 3558 norebeatiJoannisIBleymon
2753 3486 3129 3547 Alexandrini
3167 3494 3537 3566 patriarchae,

1883 3571 1953 3627 ad
1989 3588 2187 3628 curam
2210 3573 2437 3631 abbatis
2459 3576 2715 3647 praedicti
2750 3580 3083 3635 monasterii
3111 3583 3449 3655 respiciens,
3475 3586 3534 3640 in

1884 3677 1999 3732 quo
2031 3660 2372 3731 hujusmodi
2414 3662 2644 3719 miseris
2673 3664 2755 3719 sic
2792 3666 3259 3735 advenientibus,
3291 3674 3414 3728 tam
3463 3676 3537 3729 de

1882 3751 2241 3806 monasterio
2272 3768 2447 3823 quam
2479 3753 2549 3808 de
2580 3753 2838 3809 fidelium
2869 3753 3301 3827 largitionibus,
3328 3762 3412 3817 eis
3443 3768 3538 3818 ut-

1882 3853 2114 3911 cunque
2145 3838 2420 3897 alimonia
2451 3841 2910 3898 ministrabatur.
2942 3844 3084 3900 Nam
3119 3847 3191 3903 de
3243 3848 3398 3905 mille
3442 3849 3537 3906 vix

1886 3942 2035 3982 unus
2085 3929 2413 3997 accedebat,
2448 3932 2547 4000 qui
2588 3931 2697 3986 sibi
2731 3932 2997 3990 sufficere
3037 3942 3250 4005 posset.
3283 3938 3534 3997 Amissis

1882 4018 2038 4071 enim
2086 4017 2392 4088 viaticulis,
2424 4017 2688 4075 laborum
2732 4020 3126 4079 immensitate
3174 4028 3535 4101 consumpti,

1882 4106 1973 4158 vix
2006 4107 2329 4162 incolumes
2351 4108 2593 4164 evadere
2619 4115 2899 4180 poterant.
2922 4111 3105 4184 Igitur
3127 4130 3231 4171 nec
3256 4115 3394 4173 foris
3426 4132 3536 4175 nee

1881 4193 2038 4247 domi
2070 4196 2233 4265 quies
2263 4201 2387 4251 erat
2415 4196 2662 4265 civibus,
2682 4198 2899 4270 quibus
2926 4217 3083 4257 mors
3103 4203 3312 4261 diebus
3342 4205 3531 4262 immi-

1881 4282 2051 4338 nebat
2082 4284 2367 4355 singulis3
2394 4291 2451 4342 et
2472 4287 2729 4358 quolibet
2761 4291 2969 4347 mortis
3000 4308 3208 4364 genere
3257 4294 3534 4368 deterior,

1882 4373 2132 4429 servitus
2165 4374 2311 4432 dura
2356 4380 2412 4432 et
2442 4375 2825 4436 intolerabilis
2853 4379 3247 4440 incumbebat.
3271 4385 3529 4444 Accede-

123 4472 239 4542 ψη
269 4472 600 4542 habitabat,
634 4471 1001 4529 miseriarum
1045 4469 1337 4526 addebant
1379 4469 1682 4526 cumulum
1714 4473 1770 4526 et
1802 4492 1847 4557 D
1881 4462 1978 4517 bat
2006 4463 2179 4519 ctiam
2209 4465 2278 4520 ad
2314 4466 2679 4524 miserarium
2711 4469 3041 4541 cumulum,
3072 4474 3228 4544 quod
3261 4474 3533 4533 ecclesias

123 4562 172 4619 in
196 4560 623 4635 desperationis
645 4562 922 4635 abyssum
946 4560 1384 4630 demergebant.
1408 4560 1555 4618 Natu
1580 4560 1768 4632 impe·
1880 4568 2108 4624 eorum,
2140 4570 2289 4627 quas
2319 4572 2454 4612 cum
2488 4561 2572 4613 tot
2601 4565 2655 4615 et
2685 4559 2866 4615 tantis
2898 4559 3194 4618 laboribus
3226 4579 3534 4635 reparave-

122 4652 195 4709 rio
224 4654 393 4726 prius
421 4651 486 4707 in
519 4651 812 4724 prosperis
840 4650 1174 4717 constituto,
1210 4648 1361 4705 sicut
1400 4650 1766 4721 praemissum

122 4746 215 4813 est,
246 4759 367 4799 non
400 4741 604 4797 deerat
631 4741 717 4797 eis
747 4740 817 4796 ab
864 4738 1145 4811 imperiali
1179 4739 1352 4795 domo
1401 4740 1675 4811 frequens
1708 4739 1767 4795 in

122 4829 575 4889 necessitatibus
602 4829 911 4897 solatium;
936 4831 991 4885 et
1012 4827 1238 4900 imperii
1264 4831 1450 4884 status
1478 4828 1770 4899 integeret

123 4920 456 4988 incolumis,
497 4922 556 4976 et
604 4918 928 4977 vicinarum
978 4918 1210 4974 urbium
1260 4916 1391 4974 felix
1440 4932 1769 4987 successus,

122 5013 169 5066 et
192 5008 527 5068 Antiochiae
572 5007 963 5081 potissimum,
998 5023 1158 5079 spem
1192 5007 1448 5079 aliquam
1484 5006 1772 5064 libertatis

122 5098 429 5173 aliquando
454 5098 684 5167 futurae,
715 5097 775 5152 in
816 5097 901 5153 eie
944 5096 1343 5153 confovebant.
1373 5098 1444 5151 At
1474 5113 1627 5151 nunc
1658 5103 1770 5154 tam

122 5203 273 5245 snam
304 5203 489 5260 quam
519 5185 772 5244 aliorum
805 5189 1068 5257 gerentes
1101 5183 1580 5252 sollicitudinem,
1603 5188 1662 5241 et
1691 5185 1773 5242 si-

123 5275 313 5334 nistris
344 5276 687 5334 rumoribus
744 5288 935 5347 usque
966 5273 1035 5329 ad
1087 5288 1429 5344 supremum
1480 5273 1772 5329 defectum

121 5362 356 5438 fatigati,
390 5371 642 5424 mortem
677 5362 866 5436 magis
897 5378 1073 5435 quam
1106 5363 1281 5419 vitam
1308 5366 1597 5433 optantes,
1622 5361 1682 5419 in
1713 5378 1776 5420 se

118 5453 248 5526 ipsis
276 5454 654 5530 liquefientes
686 5453 1063 5512 tabescebant
1091 5452 1159 5509 de
1190 5456 1466 5526 perpetua
1496 5452 1778 5514 servitute

118 5545 321 5605 securi.

1879 4646 2080 4699 rantet
2098 4651 2589 4713 conservaverant,
2614 4652 2914 4718 reparatas
2946 4649 3227 4706 violenter
3254 4650 3531 4723 ingressi,

1876 4736 1934 4787 et
1963 4731 2102 4787 dum
2124 4731 2319 4789 divina
2338 4733 2790 4804 celebrarentur,
2822 4753 2957 4792 cum
2991 4738 3186 4795 furore
3207 4743 3265 4795 et
3284 4741 3526 4813 strepitu

1878 4823 2158 4878 terrorem
2191 4822 2464 4879 fidelibus
2514 4824 2878 4892 incutientes,
2912 4843 3089 4897 super
3128 4827 3333 4884 altaria
3360 4830 3530 4887 sede·

1881 4910 2041 4976 bant,
2077 4910 2294 4967 nullam
2330 4911 2603 4970 facientes
2634 4914 2891 4971 locorum
2928 4914 3349 4987 differentiam;
3382 4921 3529 4977 sub-

1878 4999 2184 5055 vertebant
2213 5001 2419 5057 calices
2448 5006 2505 5057 et
2554 5019 2694 5059 vasa
2721 5003 2931 5060 divinis
2960 5004 3260 5077 obsequiis
3311 5010 3530 5068 manci-

1881 5096 2012 5160 pata
2035 5089 2281 5160 pedibus
2299 5093 2717 5163 conculcantes,
2734 5094 3179 5168 confringebant
3210 5115 3530 5170 marmora,

1882 5178 2104 5235 olerum
2126 5181 2498 5238 contumeliis
2517 5187 2575 5239 et
2596 5183 2928 5242 verberibus
2958 5186 3297 5245 afficientes.
3324 5191 3523 5262 Ipsum

1885 5287 2114 5343 quoque
2144 5272 2446 5329 dominum
2503 5275 2911 5346 patriarcham,
2944 5278 3041 5349 qui
3096 5283 3222 5334 erat
3250 5295 3351 5350 pro
3384 5284 3526 5339 tem·

1886 5376 2045 5432 pore,
2078 5361 2244 5432 quasi
2272 5359 2445 5418 vilem
2489 5370 2543 5420 et
2592 5363 2876 5435 abjectam
2907 5381 3238 5438 personam,
3273 5368 3343 5425 de
3389 5371 3526 5429 sede

1884 5449 2119 5522 propria
2148 5465 2251 5522 per
2277 5450 2509 5507 barbam
2542 5455 2599 5509 et
2634 5453 2936 5526 capillum,
2966 5454 3025 5510 in
3075 5455 3267 5514 solum
3305 5457 3530 5520 dabant

1886 5537 2263 5614 praecipitem.
2294 5539 2640 5617 Plerumque
2661 5542 2838 5601 etiam
2870 5546 3125 5618 raptum,
3145 5550 3205 5605 et
3224 5550 3394 5623 quasi
3414 5551 3529 5611 vile
