3784 6000
280 181 418 239 1295

1725 174 1917 234 LUCII
1952 172 2031 233 m
2069 174 2279 232 PAPAE

3559 184 3710 245 12⁹⁶

278 306 628 376 Holthusen,
647 304 949 361 decimam
977 302 1051 359 de
1075 302 1236 360 curia
1262 304 1603 374 Gruminge.
1637 304 1700 358 ln
1727 302 1931 368 Frisia,
1964 302 2011 356 A
2044 262 2988 372 gubernati'onsetsustentstions
3012 309 3707 377 concessasuntmsibus

276 395 612 469 quamdam
627 393 1067 466 possessionem
1083 407 1220 464 quse
1237 398 1482 449 vocatur
1506 393 1778 457 Nerthen,
1795 395 1850 446 et
1870 391 1933 446 in

280 485 495 541 eodem
514 484 645 540 loco
663 482 972 538 ecclesiam
995 481 1069 535 de
1094 481 1416 552 Linguord,
1438 480 1691 537 insulam
1724 483 1933 535 Bume-

280 590 425 630 nam
451 580 507 629 et
529 571 920 645 piscationem
948 570 1217 626 Hocwar.
1249 571 1641 627 Concedimus
1669 569 1848 625 etiam
1869 574 1931 624 ut

277 663 486 719 omnia
504 674 882 732 quascunque
906 659 964 714 in
990 661 1070 714 tui
1089 659 1445 714 memoriam
1468 658 1694 729 veljam
1716 658 1932 713 consti·

278 752 460 815 tuisti,
509 748 600 804 vel
642 749 700 803 in
761 756 1068 820 posterum
1127 764 1192 803 es
1244 749 1628 812 constiturus,
1682 746 1771 801 vel
1830 745 1929 802 alii

276 844 414 896 ante
427 836 866 893 constituerunt
888 838 982 892 vel
1005 842 1140 908 post
1160 843 1213 893 te
1231 837 1532 892 constituri
1552 841 1709 901 sunt,
1730 833 1929 890 nullus

273 928 595 984 immutare
613 926 705 981 vel
721 925 954 981 auferre
984 931 1308 996 praesumat
1327 926 1453 981 sine
1477 925 1787 980 communi
1813 922 1929 979 fra-

275 1023 431 1074 trum
464 1032 782 1072 consensu.
817 1016 1144 1072 Statuimus
1175 1031 1418 1088 quoque
1467 1020 1532 1071 ut
1582 1015 1928 1087 quicunque

275 1107 468 1164 abbas
497 1112 760 1162 castrum
783 1104 1076 1174 wilborg,
1106 1104 1270 1177 quod
1305 1109 1366 1160 tu
1403 1106 1481 1160 ad
1511 1104 1924 1160 defensionem

273 1196 649 1253 Corbeiensis
680 1193 943 1249 ecclesias
976 1194 1300 1248 munivisse
1331 1193 1568 1260 videris,
1601 1194 1660 1248 in
1693 1192 1927 1248 beneti-

273 1287 435 1342 cium
464 1283 640 1339 alicui
662 1282 1424 1339 concesseritanathematis
1455 1282 1708 1348 vincu10,
1732 1281 1927 1338 donec

271 1374 603 1447 resipuerit,
624 1376 907 1428 teneatur.
942 1373 1255 1428 Sancimus
1281 1371 1459 1427 etiam
1492 1378 1553 1426 ut
1581 1371 1777 1444 ipsum
1800 1386 1928 1427 mo-

270 1464 600 1521 nasterium
620 1461 760 1517 nulli
787 1461 1034 1516 omnino
1046 1475 1315 1532 personae
1332 1460 1391 1515 in
1418 1459 1778 1517 beneficium
1793 1461 1925 1532 qui·

271 1552 533 1609 buslibet
568 1549 987 1607 occasionibus
1022 1549 1351 1623 aliquando
1394 1549 1777 1618 concedatur,
1819 1548 1926 1604 sed

2042 390 2415 450 omnimodis
2429 392 2764 464 profutura,
2776 394 2942 452 salva
2955 395 3113 452 sedis
3125 396 3473 469 apostoticae
3498 404 3710 457 aucto-

2040 479 2231 536 ritate.
2276 480 2336 538 Si
2355 497 2476 554 qua
2499 481 2677 552 igitur
2704 483 3054 540 infuturum
3081 484 3491 545 ecclesiastica
3513 503 3708 546 soecu·

2041 567 2254 625 larisve
2282 585 2558 641 persona,
2590 577 2700 628 etc.

2115 659 2237 727 Ego
2261 657 2503 728 Lucius,
2530 659 2841 716 catholicoe
2867 661 3141 719 Ecclesiae
3170 663 3514 739 episcopus.

2111 747 2234 817 Ego
2260 748 2543 814 Joannes,
2578 749 2776 820 presb.
2809 750 2974 807 card.
3006 752 3090 807 tit.
3122 752 3181 808 S.
3213 753 3406 811 Marci.

2113 837 2233 904 Ego
2258 836 2587 904 LaboranS,
2629 838 2829 910 presb.
2878 841 3043 896 card.
3102 842 3185 898 tit.
3221 843 3457 900 Sanctae
3497 843 3703 902 Harioe

2038 922 2400 980 Transtiberi
2413 941 2468 980 m
2479 966 2491 980 .

2110 1014 2232 1081 Ego
2260 1013 2503 1069 Hubert.
2529 1014 2730 1087 presb.
2758 1015 2921 1072 card.
2956 1017 3044 1074 tit.
3085 1019 3143 1075 S.
3165 1018 3462 1077 Laurentii
3495 1019 3565 1077 in
3591 1020 3705 1079 Da·

2037 1114 2231 1157 maso.

2109 1192 2231 1262 Ego
2276 1189 2685 1263 pandulphus,
2717 1194 2921 1265 presb.
2957 1195 3127 1255 card.
3160 1195 3242 1254 tit.
3283 1197 3558 1255 Basilica
3611 1199 3702 1255 xli

2034 1278 2478 1350 Apostolorum.

2109 1370 2230 1438 Ego
2247 1368 2932 1440 Conradus,Sabinensis
2947 1378 3004 1429 et
3035 1375 3400 1446 Moguntinoe
3430 1377 3702 1434 sedisar·

2033 1456 2474 1530 chiepiscopus.

2107 1546 2229 1616 Ego
2253 1545 2615 1618 Theodinus,
2642 1551 2982 1607 portuensis
2997 1554 3056 1608 et
3076 1553 3133 1610 S.
3150 1553 3379 1611 Rufinus
3395 1554 3566 1612 sedis
3579 1556 3704 1629 epi·

275 1656 516 1713 semper
554 1639 668 1695 sub
714 1639 1080 1712 protectione
1121 1640 1525 1694 Romanorum
1571 1637 1924 1712 pontificum
1954 1645 1997 1701 Β
2037 1650 2280 1706 scopus.

274 1736 455 1803 atque
479 1732 910 1802 imperatorum
935 1727 1026 1783 vel
1058 1743 1270 1797 regum
1313 1728 1658 1783 defensione
1690 1743 1928 1798 perma-

271 1824 451 1888 neat;
498 1817 845 1890 adjicientes
895 1817 1061 1889 quod
1103 1818 1537 1873 monasterium
1589 1816 1928 1886 Heresburg

274 1925 411 1966 cum
456 1907 706 1963 decimis
755 1907 912 1962 circa
967 1912 1232 1962 montem
1277 1921 1380 1978 per
1417 1907 1571 1962 duas
1602 1905 1927 1962 Saxonicas

272 2003 484 2065 rastas,
513 1998 664 2053 sicut
694 2012 730 2053 a
767 1996 958 2051 beatae
981 1995 1286 2051 memoriae
1318 1995 1512 2051 Leone
1541 2010 1703 2067 papa
1731 2010 1802 2050 ex
1830 2010 1927 2066 pe-

270 2087 476 2144 titione
517 2085 706 2142 Caroli
738 2083 941 2156 magni
972 2083 1266 2155 imprimis
1299 2083 1404 2154 qui
1429 2084 1628 2154 ipsum
1661 2089 1924 2138 montem

2107 1725 2229 1795 Ego
2257 1726 2560 1793 Henricus,
2592 1728 2955 1785 Albanensis
2982 1729 3326 1804 episcopus.

2107 1815 2228 1885 Ego
2285 1816 2685 1888 Theobaldus,
2716 1819 3004 1876 Ostiensis
3047 1826 3105 1877 et
3161 1821 3547 1880 velletrensis
3579 1822 3707 1896 epi·

2034 1918 2505 2064 sezztosarditio,
2536 1996 2692 2052 diac.
2727 1996 2894 2053 card.
2928 1996 3012 2054 tit.
3042 1999 3101 2056 S.
3127 1998 3446 2058 Theodori.

2112 2085 2233 2152 Ego
2271 2083 2607 2156 Gratianus,
2637 2086 2719 2142 tit.
2750 2086 2853 2143 SS.
2884 2089 3115 2145 Cosmoe
3142 2096 3201 2145 et
3232 2090 3518 2147 Damiani
3547 2089 3702 2149 diac.

273 2178 723 2247 expugnaverat
736 2172 965 2229 collatae
980 2172 1769 2239 noscuntur,monasterium
1783 2187 1930 2244 quo-
2038 2172 2205 2228 card.

268 2265 461 2338 quein
484 2263 803 2332 Groninga,
831 2261 1338 2317 etmonasterium
1365 2261 1423 2317 in
1453 2260 1765 2317 Keminata
1779 2276 1931 2317 nun-

2114 2263 2234 2334 Ego
2272 2261 2598 2329 soffredus,
2641 2263 2731 2321 tit.
2778 2263 2841 2321 S.
2890 2266 3083 2323 Marias
3132 2266 3331 2325 invia
3369 2270 3519 2328 Lata
3545 2269 3699 2328 diac.

268 2368 457 2427 quam
480 2352 559 2408 ab
579 2351 791 2407 eodem
813 2349 1151 2405 Corbeiensi
1168 2349 1500 2405 alienentur
1516 2348 1931 2415 coenobio‚sed
2040 2350 2208 2407 card.

270 2457 378 2516 per
415 2442 603 2513 ipsius
631 2439 743 2495 loci
766 2438 1047 2495 abbatem
1076 2453 1314 2508 semper
1342 2443 1650 2511 regantur,
1671 2442 1727 2494 et
1767 2439 1934 2495 salu-

269 2531 453 2589 briter
474 2529 587 2584 sub
609 2529 948 2584 monasticae
964 2527 1299 2598 disciplinoe
1318 2526 1540 2600 Regula
1554 2528 1910 2584 ordinentur

2111 2441 2233 2509 Ego
2269 2439 2537 2511 Albinus,
2587 2441 2673 2498 tit.
2709 2444 2767 2500 S.
2790 2443 2993 2502 Mariae
3024 2445 3367 2504 Novaediac.
3392 2447 3570 2505 card.

2112 2529 2325 2586 Datum
2344 2530 2609 2598 Veronoe,
2638 2546 2745 2602 per
2766 2548 3017 2590 manum
3042 2534 3311 2605 lingonis
3341 2543 3578 2595 sancto
3597 2541 3701 2596 Ro·

186 2694 197 2701 .
269 2635 380 2677 nec
414 2618 591 2674 alicui
636 2615 885 2673 facultas
912 2618 986 2671 sit
1015 2616 1350 2688 quidquam
1380 2617 1457 2673 de
1486 2615 1660 2672 bonis
1686 2631 1929 2672 eorum·
2037 2634 2235 2674 manas
2266 2619 2537 2676 Ecclesiae
2567 2621 2800 2692 notarii,
2844 2639 2900 2678 iv
2940 2622 3068 2680 Kal.
3108 2624 3430 2692 Novemb„
3469 2626 3694 2695 indict..

268 2710 411 2767 dem
440 2709 618 2763 trium
649 2706 1147 2763 monasteriorum
1184 2705 1260 2761 ad
1294 2721 1438 2761 usus
1464 2705 1924 2778 etpraebendam
2032 2721 2112 2772 ιιι.
2181 2707 2614 2765 Incarnationis
2666 2710 2997 2768 Dominicae
3049 2728 3211 2770 anno
3287 2714 3450 2785 ¹¹84,
3507 2717 3695 2788 ponti-

269 2798 525 2856 Domino
557 2796 702 2853 inibi
729 2795 1149 2851 tamulantium
1188 2794 1623 2867 pertinentibus
1654 2810 1926 2851 commu·

265 2894 411 2954 tare,
443 2888 503 2944 in
543 2884 903 2943 beneficium
947 2882 1273 2940 concedere
1323 2881 1416 2938 vel
1460 2881 1741 2950 alienare,
1790 2883 1921 2940 sine

2027 2793 2241 2853 ficatus
2269 2811 2412 2853 vero
2431 2796 2642 2854 domni
2666 2798 2830 2855 Lucii
2854 2815 3027 2873 papoe
3046 2800 3119 2857 111
3142 2816 3306 2862 anno
3323 2818 3409 2861 iv.

2754 2888 2952 2946 CLXX.

266 2992 517 3035 assensu
537 2975 788 3032 fratrum
817 2973 880 3029 in
917 2972 1146 3029 eisdem
1185 2971 1474 3029 coenobiis
1517 2972 1915 3043 manentium,
1950 3010 1993 3068 C
2067 2974 2458 3047 Priviteyium
2483 2990 2596 3047 pro
2620 2977 2867 3035 ecclesia
2892 2977 2958 3036 S.
2993 2979 3245 3039 Martini
3280 2981 3662 3043 Turonensis.

259 3066 465 3124 favore
495 3063 869 3122 Corbeiensis
893 3061 1460 3134 capituli.Volumus
1481 3062 1662 3118 etiam
1677 3066 1743 3117 ut
1769 3077 1918 3134 prae-

260 3155 533 3230 positura
551 3152 903 3209 clericorum
922 3149 1186 3208 ecclesiae
1209 3151 1407 3208 Sancti
1440 3150 1620 3217 Pauli,
1648 3167 1786 3224 quas
1815 3167 1917 3208 vo—

260 3247 429 3301 catur
449 3246 614 3299 Nova
631 3240 1023 3304 ecclesia‚sub
1043 3239 1319 3311 ejusdem
1337 3239 1710 3296 corbeiensis
1729 3240 1915 3298 abba·

259 3334 333 3391 tis
345 3332 743 3401 ordinatione,
767 3330 915 3386 sicut
933 3329 1244 3397 hactenus,
1268 3343 1506 3401 semper
1521 3333 1779 3398 constet,
1802 3345 1911 3387 nec

256 3421 464 3479 abbati
483 3419 572 3477 vel
588 3419 911 3493 proeposito
925 3416 1537 3475 liceatcanonicorum
1555 3418 1912 3489 praebendas

255 3511 486 3583 absque
510 3509 864 3566 clericorum
883 3508 1261 3564 conniventia
1290 3508 1352 3563 in
1392 3506 1751 3563 beneficium
1770 3523 1911 3564 con·

255 3601 427 3671 terre,
458 3617 563 3657 seu
593 3604 964 3656 commutare
1017 3603 1196 3670 atque
1231 3595 1582 3653 distrahere.
1616 3597 1909 3655 Praeterea

252 3691 676 3748 constituimus
708 3693 772 3744 ut
796 3688 950 3744 intra
969 3687 1267 3744 ambitum
1300 3686 1454 3742 muri
1488 3700 1649 3757 saepe
1677 3701 1908 3743 memo-

250 3780 366 3837 rati
414 3777 785 3837 corbeiensis
828 3775 1176 3832 monasterii
1215 3790 1394 3831 nemo
1430 3774 1780 3831 clericorum
1812 3776 1907 3832 vel

247 3867 678 3939 laicorumJure
706 3864 1085 3940 proprietatis
1116 3864 1202 3920 vel
1218 3863 1490 3921 beneficii
1525 3863 1904 3921 mansionem

248 3958 511 4030 aliquam
542 3957 662 4013 ullo
693 3962 961 4029 tempore
980 3953 1223 4020 habeat,
1254 3953 1361 4011 sed
1388 3958 1545 4009 totus
1568 3953 1759 4026 ipsius
1787 3953 1904 4011 loci

246 4047 513 4105 ambitus
543 4045 799 4113 abbatis,
825 4043 1263 4100 monachorum
1289 4047 1347 4098 et
1377 4044 1632 4099 aliarum
1665 4042 1904 4113 religio-

248 4152 449 4193 sarum
464 4150 859 4209 personarum
886 4132 1098 4188 usibus
1123 4131 1666 4189 ethabitationibus
1678 4136 1899 4204 pateat.

246 4225 637 4282 Prohibemus
662 4229 863 4279 autem
898 4229 960 4279 ut
995 4222 1056 4277 in
1096 4221 1307 4277 eodem
1336 4220 1698 4277 monasterio
1755 4219 1900 4278 nulli

2562 3067 2855 3136 (Veronae,
2880 3069 3007 3126 Oct.
3034 3071 3152 3139 30.)

2032 3152 2307 3224 [Defense
2342 3153 2418 3211 de
2438 3154 2661 3226 l’eqlise
2682 3156 2758 3213 dc
2781 3155 3200 3215 Scine-Martia
3227 3159 3304 3216 de
3337 3161 3557 3230 Tem-s,
3582 3160 3692 3237 25.]

2097 3241 2302 3299 Lucius
2348 3242 2688 3315 episcopus,
2734 3259 2938 3301 servus
2985 3261 3301 3304 servorum
3346 3250 3478 3317 Dei,
3525 3267 3692 3308 vene·

2022 3329 2195 3387 rabili
2253 3329 2420 3388 fratri
2491 3332 2848 3408 W[11.1.s1.uo]
2903 3336 3184 3392 Remensi
3232 3337 3690 3412 archiepiscopo

2025 3418 2255 3476 Sanctae
2277 3420 2513 3477 Sabinas
2543 3422 2858 3488 cardinali,
2891 3423 3239 3496 apostolicae
3269 3426 3436 3483 sedis
3462 3426 3685 3500 legato,

2020 3512 2078 3563 et
2104 3507 2316 3565 dilecto
2339 3508 2485 3566 filio.
2528 3551 2543 3564 .
2587 3548 2602 3561 .
2648 3552 2663 3568 .
2703 3510 2909 3568 abbati
2936 3512 3565 3585 majoris-nonasterii,
3596 3534 3683 3575 sa-

2018 3596 2201 3653 lutem
2233 3602 2290 3654 et
2312 3597 2703 3670 apostolicam
2734 3599 3234 3660 benedictionem.

2088 3688 2236 3744 Cum
2295 3686 2439 3744 olim
2486 3688 2563 3745 ad
2622 3688 2987 3747 audientiam
3056 3698 3330 3750 nostram
3402 3695 3681 3754 Ecclesiae

2017 3776 2180 3832 Beati
2219 3776 2443 3834 Martini
2475 3779 2835 3835 Turonensis
2880 3781 3263 3854 querimonia
3307 3787 3681 3856 pervenisset

2015 3880 2197 3937 super
2224 3864 2656 3937 conjuratione,
2688 3883 2874 3942 quam
2918 3870 3031 3926 sub
3067 3870 3477 3943 appellatione
3513 3890 3680 3932 eom·

2016 3956 2238 4010 munim
2265 3954 2361 4011 vel
2393 3958 2734 4012 communis
2765 3959 3132 4016 sacramenti
3176 3975 3214 4017 a
3258 3959 3678 4035 burgensibus

2016 4042 2342 4099 castrinovi
2372 4043 2594 4101 factam
2619 4044 2832 4102 eadem
2861 4046 3123 4105 Ecclesia
3151 4051 3571 4123 proponebat,
3595 4053 3680 4111 di·

2009 4130 2178 4189 lectis
2197 4132 2335 4189 filiis
2371 4133 2588 4190 uostris
2616 4136 2924 4192 canonicis
2954 4137 3228 4209 ejusdem
3286 4138 3581 4199 Ecclesia
3613 4142 3678 4197 li·

2008 4221 2221 4278 beram
2249 4222 2530 4278 dedimus
2561 4223 2911 4282 auctoritate
2941 4225 3274 4298 apostolica
3298 4227 3676 4303 facultatem,

247 4314 688 4386 episcoporum,
716 4318 928 4382 praeter
956 4314 1294 4366 Romanum
1321 4310 1686 4382 pontificem,
1728 4309 1903 4366 liceat
1935 4352 1976 4407 D
2011 4315 2077 4368 ut
2107 4311 2156 4367 si
2191 4311 2296 4385 qui
2327 4311 2401 4368 de
2434 4312 2743 4369 actoribus
2772 4312 2963 4386 ipsius
2988 4316 3427 4389 conjurationis
3460 4321 3679 4378 existe-

246 4402 580 4477 quamlibet
612 4400 1093 4473 jurisdictionem
1124 4398 1365 4465 habere,
1417 4398 1500 4455 ita
1548 4404 1612 4454 ut
1663 4399 1775 4455 nisi
1818 4399 1900 4456 ab
2008 4403 2141 4457 rent
2177 4400 2280 4474 qui
2310 4415 2445 4456 eam
2476 4400 2756 4473 abjurare
2787 4404 3139 4461 commoniti
3162 4414 3548 4477 recusarent,
3575 4425 3677 4468 eos

246 4492 467 4551 abbate
481 4491 636 4547 illius
669 4489 1015 4547 monasterii
1037 4488 1213 4545 fuerit
1231 4489 1539 4559 invitatus,
1555 4503 1666 4544 nec
1684 4489 1899 4546 missa-

244 4598 378 4639 rum
394 4581 686 4638 solemnia
700 4581 922 4637 ibidem
936 4579 1236 4636 celebrare
1249 4582 1599 4649 proesumat.
1615 4578 1686 4634 Ut
1715 4576 1899 4648 igitur

240 4673 370 4730 haec
390 4673 596 4728 omnia
612 4686 745 4743 quae
769 4685 953 4741 supra
971 4668 1234 4724 diximus
1257 4667 1495 4739 plenum
1513 4667 1574 4722 in
1597 4671 1893 4739 posterum

238 4761 425 4820 robur
450 4761 775 4822 obtineant,
817 4759 970 4815 sicut
992 4758 1054 4814 in
1105 4756 1457 4814 authenticis
1494 4755 1897 4828 praedecesso·

236 4866 374 4908 rum
422 4856 765 4907 nostrorum
816 4846 1139 4921 privilegiis
1189 4846 1587 4912 continentur,
1628 4850 1754 4903 tam
1788 4846 1893 4905 tibi

236 4956 424 5016 quam
453 4939 908 4996 successoribus
941 4936 1056 4992 tuis
1095 4952 1167 4992 ea
1210 4935 1430 4992 favoris
1470 4935 1657 4992 nostri
1690 4940 1893 4993 aucto·

232 5031 405 5089 ritate
431 5029 886 5086 confirmamus.

308 5121 688 5178 Decernimus
704 5132 844 5189 ergo
875 5113 1360 5173 utnulliomnino
1384 5113 1888 5173 hominumliceat

233 5211 546 5286 praefatum
579 5206 1009 5265 monasterium
1026 5211 1244 5261 temere
1259 5203 1732 5276 perturbare.aut
1753 5203 1884 5276 ejus

228 5299 641 5372 possessiones
659 5297 891 5352 auferre
903 5296 997 5351 vel
1019 5293 1292 5352 abblatas
1312 5293 1881 5362 retinereminuere,

233 5402 343 5443 seu
370 5387 739 5460 quibuslibet
768 5384 1183 5443 vexationibus
1215 5383 1488 5455 fatigare,
1517 5382 1625 5439 sed
1655 5381 1882 5441 illibata
1993 5382 2120 5440 lum
2176 5398 2306 5457 pro.
2353 5422 2368 5439 .
2414 5422 2427 5438 .

2009 4504 2147 4545 cum
2177 4487 2513 4545 fautoribus
2536 4489 2683 4559 suis,
2714 4490 3118 4564 appellatione
3142 4500 3400 4563 mmuh,
3425 4496 3674 4558 vincalo

2006 4578 2407 4636 anathematis
2433 4579 2813 4637 innodarent.
2846 4580 2935 4638 Illi
2965 4597 3108 4639 vero
3133 4582 3288 4641 sicut
3327 4585 3674 4659 burgenses

2005 4672 2300 4735 asserunt,
2336 4667 2485 4726 flues
2513 4669 2697 4741 hujus
2721 4669 3112 4743 indulgentias
3140 4675 3590 4749 praetergressi,
3613 4679 3673 4736 in

2004 4755 2249 4815 eosdem
2281 4758 2486 4815 minus
2515 4760 2804 4817 canonice
2843 4760 3272 4830 commonitos,
3299 4767 3670 4826 sententiam

2001 4845 2279 4904 dicuntur
2290 4847 2688 4905 anathematis
2711 4849 3130 4922 promulgasse
3143 4867 3160 4917 ;
3175 4866 3316 4908 cum
3328 4852 3671 4930 burgenses

2000 4934 2194 5008 parati
2241 4941 2461 5006 essent,
2510 4935 2667 4993 sicut
2720 4937 2921 4995 adhuc
2965 4937 3210 4996 existere
3240 4941 3667 5014 perhibentur,

1999 5024 2398 5097 apostolicum
2442 5024 2763 5084 observare
2804 5027 3205 5097 mandatum3
3240 5033 3545 5103 quamvis
3579 5051 3670 5094 ea-

1998 5112 2203 5170 nonici
2231 5129 2264 5170 e
2319 5116 2621 5172 contrario
2644 5123 2984 5175 asseverent
3007 5134 3073 5175 se
3098 5117 3177 5174 ad
3205 5116 3382 5177 illam
3423 5129 3668 5183 muten-

1999 5203 2165 5271 tiam,
2181 5208 2419 5260 servato
2442 5209 2643 5262 tenore
2665 5205 3075 5277 indulgentiae,
3088 5209 3491 5283 processisse,
3511 5215 3669 5272 unde

1995 5306 2071 5349 ne
2101 5291 2399 5351 absolutio
2429 5293 2491 5350 in
2516 5310 2725 5352 eorum
2750 5296 2857 5369 qui
2889 5295 3054 5368 ligati
3100 5295 3398 5356 dicuntur
3428 5303 3668 5376 pericu·

2476 5426 2490 5441 .
2529 5383 2830 5454 volumus,
2867 5385 3241 5461 firmiterque
3285 5390 3668 5456 mandun-

230 5473 439 5533 omnia
456 5481 514 5532 et
539 5477 772 5549 integra
789 5477 1218 5533 conserventur
1240 5487 1470 5543 eorum,
1488 5486 1598 5546 pro
1615 5487 1878 5548 quorum
1989 5477 2311 5548 quatenus,
2358 5479 2597 5550 recepta
2644 5474 2724 5534 ab
2757 5475 2845 5534 eis
2891 5475 2999 5550 qui
3040 5479 3568 5543 excommunicati
3593 5497 3666 5554 ω.
