<?xml version="1.0" encoding="UTF-8"?>
<!DOCTYPE html PUBLIC "-//W3C//DTD XHTML 1.0 Transitional//EN"
    "http://www.w3.org/TR/xhtml1/DTD/xhtml1-transitional.dtd">
<html xmlns="http://www.w3.org/1999/xhtml" xml:lang="en" lang="en">
 <head>
  <title>
</title>
<meta http-equiv="Content-Type" content="text/html;charset=utf-8" />
  <meta name='ocr-system' content='tesseract 3.04.00' />
  <meta name='ocr-capabilities' content='ocr_page ocr_carea ocr_par ocr_line ocrx_word'/>
</head>
<body>
  <div class='ocr_page' id='page_1' title='image "./patrologiaecurs32goog_0409.png"; bbox 0 0 3784 6000; ppageno 0'>
   <div class='ocr_carea' id='block_1_1' title="bbox 115 106 234 163">
    <p class='ocr_par' dir='ltr' id='par_1_1' title="bbox 115 106 234 163">
     <span class='ocr_line' id='line_1_1' title="bbox 115 106 234 163; baseline 0.017 -1"><span class='ocrx_word' id='word_1_1' title='bbox 115 106 234 163; x_wconf 82' lang='lat'><strong>809</strong></span> 
     </span>
    </p>
   </div>
   <div class='ocr_carea' id='block_1_2' title="bbox 738 104 2931 181">
    <p class='ocr_par' dir='ltr' id='par_1_2' title="bbox 738 104 2931 181">
     <span class='ocr_line' id='line_1_2' title="bbox 738 104 2931 181; baseline 0.008 -18"><span class='ocrx_word' id='word_1_2' title='bbox 738 104 931 167; x_wconf 86' lang='lat' dir='ltr'><strong>HIST.</strong></span> <span class='ocrx_word' id='word_1_3' title='bbox 980 106 1244 167; x_wconf 76' lang='lat' dir='ltr'>RERUM</span> <span class='ocrx_word' id='word_1_4' title='bbox 1284 109 1779 168; x_wconf 77' lang='lat' dir='ltr'><strong>TRANSMARIN.</strong></span> <span class='ocrx_word' id='word_1_5' title='bbox 1815 140 1887 156; x_wconf 91' lang='lat'>-</span> <span class='ocrx_word' id='word_1_6' title='bbox 1926 112 2071 171; x_wconf 85' lang='lat' dir='ltr'><strong>LIB.</strong></span> <span class='ocrx_word' id='word_1_7' title='bbox 2117 112 2248 176; x_wconf 88' lang='lat' dir='ltr'><strong>XX.</strong></span> <span class='ocrx_word' id='word_1_8' title='bbox 2294 115 2713 177; x_wconf 80' lang='lat' dir='ltr'><strong>AMALRICUS</strong></span> <span class='ocrx_word' id='word_1_9' title='bbox 2757 118 2931 181; x_wconf 85' lang='lat' dir='ltr'><strong>REX.</strong></span> 
     </span>
    </p>
   </div>
   <div class='ocr_carea' id='block_1_3' title="bbox 3438 124 3547 185">
    <p class='ocr_par' dir='ltr' id='par_1_3' title="bbox 3438 124 3547 185">
     <span class='ocr_line' id='line_1_3' title="bbox 3438 124 3547 185; baseline 0.009 -1"><span class='ocrx_word' id='word_1_10' title='bbox 3438 124 3547 185; x_wconf 81' lang='lat'><strong>810</strong></span> 
     </span>
    </p>
   </div>
   <div class='ocr_carea' id='block_1_4' title="bbox 112 227 3546 318">
    <p class='ocr_par' dir='ltr' id='par_1_4' title="bbox 112 227 3546 318">
     <span class='ocr_line' id='line_1_4' title="bbox 112 227 3546 318; baseline 0.008 -35"><span class='ocrx_word' id='word_1_11' title='bbox 112 227 295 285; x_wconf 87' lang='lat' dir='ltr'><strong>rexin</strong></span> <span class='ocrx_word' id='word_1_12' title='bbox 314 236 818 303; x_wconf 78' lang='lat' dir='ltr'><strong>regnum,praeter</strong></span> <span class='ocrx_word' id='word_1_13' title='bbox 835 247 1029 305; x_wconf 89' lang='lat' dir='ltr'><strong>spem,</strong></span> <span class='ocrx_word' id='word_1_14' title='bbox 1047 233 1413 291; x_wconf 82' lang='lat' dir='ltr'><strong>votistamen</strong></span> <span class='ocrx_word' id='word_1_15' title='bbox 1425 249 1777 300; x_wconf 86' lang='lat' dir='ltr'><strong>consonam,</strong></span> <span class='ocrx_word' id='word_1_16' title='bbox 1811 236 1861 292; x_wconf 72' lang='lat' dir='ltr'>A</span> <span class='ocrx_word' id='word_1_17' title='bbox 1888 234 2195 306; x_wconf 90' lang='lat' dir='ltr'><strong>ingressus</strong></span> <span class='ocrx_word' id='word_1_18' title='bbox 2224 238 2630 309; x_wconf 76' lang='lat' dir='ltr'><strong>solitudinem,</strong></span> <span class='ocrx_word' id='word_1_19' title='bbox 2664 247 2725 299; x_wconf 91' lang='lat' dir='ltr'><strong>ut</strong></span> <span class='ocrx_word' id='word_1_20' title='bbox 2753 245 2950 316; x_wconf 84' lang='lat' dir='ltr'><strong>magis</strong></span> <span class='ocrx_word' id='word_1_21' title='bbox 2979 245 3249 305; x_wconf 88' lang='lat' dir='ltr'><strong>occultus</strong></span> <span class='ocrx_word' id='word_1_22' title='bbox 3279 251 3546 318; x_wconf 75' lang='lat' dir='ltr'>accedat,</span> 
     </span>
    </p>
   </div>
   <div class='ocr_carea' id='block_1_5' title="bbox 112 316 1198 486">
    <p class='ocr_par' dir='ltr' id='par_1_5' title="bbox 112 316 1198 486">
     <span class='ocr_line' id='line_1_5' title="bbox 112 316 893 390; baseline 0.005 -18"><span class='ocrx_word' id='word_1_23' title='bbox 112 316 346 374; x_wconf 82' lang='lat' dir='ltr'><strong>invenit</strong></span> <span class='ocrx_word' id='word_1_24' title='bbox 377 318 893 390; x_wconf 73' lang='lat' dir='ltr'><strong>tranquillitatem.</strong></span> 
     </span>
     <span class='ocr_line' id='line_1_6' title="bbox 763 427 1198 486; baseline 0 -2"><span class='ocrx_word' id='word_1_25' title='bbox 763 427 996 484; x_wconf 78' lang='lat' dir='ltr'>CAPUT</span> <span class='ocrx_word' id='word_1_26' title='bbox 1025 431 1198 486; x_wconf 78' lang='lat' dir='ltr'><strong>xxix.</strong></span> 
     </span>
    </p>
   </div>
   <div class='ocr_carea' id='block_1_6' title="bbox 109 530 1780 1566">
    <p class='ocr_par' dir='ltr' id='par_1_6' title="bbox 109 530 1780 743">
     <span class='ocr_line' id='line_1_7' title="bbox 109 530 1780 600; baseline 0.004 -12"><span class='ocrx_word' id='word_1_27' title='bbox 109 530 531 588; x_wconf 77' lang='lat' dir='ltr'><strong>Salahadinus</strong></span> <span class='ocrx_word' id='word_1_28' title='bbox 561 539 733 589; x_wconf 81' lang='lat' dir='ltr'><strong>trans</strong></span> <span class='ocrx_word' id='word_1_29' title='bbox 760 534 1074 590; x_wconf 72' lang='lat' dir='ltr'><strong>Iordanem</strong></span> <span class='ocrx_word' id='word_1_30' title='bbox 1106 543 1391 600; x_wconf 74' lang='lat' dir='ltr'><strong>castrum,</strong></span> <span class='ocrx_word' id='word_1_31' title='bbox 1423 536 1522 593; x_wconf 79' lang='lat' dir='ltr'><strong>cui</strong></span> <span class='ocrx_word' id='word_1_32' title='bbox 1570 551 1780 594; x_wconf 85' lang='lat' dir='ltr'><strong>nomen</strong></span> 
     </span>
     <span class='ocr_line' id='line_1_8' title="bbox 185 605 1778 678; baseline 0.005 -21"><span class='ocrx_word' id='word_1_33' title='bbox 185 618 354 658; x_wconf 87' lang='lat' dir='ltr'><strong>mons</strong></span> <span class='ocrx_word' id='word_1_34' title='bbox 394 605 628 673; x_wconf 72' lang='lat' dir='ltr'><strong>Reqalis</strong></span> <span class='ocrx_word' id='word_1_35' title='bbox 657 612 762 666; x_wconf 85' lang='lat' dir='ltr'><strong>est.</strong></span> <span class='ocrx_word' id='word_1_36' title='bbox 793 606 1055 671; x_wconf 57' lang='lat' dir='ltr'><strong>obsidem</strong></span> <span class='ocrx_word' id='word_1_37' title='bbox 1088 607 1192 663; x_wconf 84' lang='lat' dir='ltr'><strong>sed</strong></span> <span class='ocrx_word' id='word_1_38' title='bbox 1236 607 1392 663; x_wconf 78' lang='lat' dir='ltr'><strong>nihil</strong></span> <span class='ocrx_word' id='word_1_39' title='bbox 1440 609 1778 678; x_wconf 76' lang='lat' dir='ltr'><strong>proficiens,</strong></span> 
     </span>
     <span class='ocr_line' id='line_1_9' title="bbox 186 675 921 743; baseline 0.004 -13"><span class='ocrx_word' id='word_1_40' title='bbox 186 675 271 730; x_wconf 83' lang='lat' dir='ltr'><strong>ad</strong></span> <span class='ocrx_word' id='word_1_41' title='bbox 292 675 547 743; x_wconf 81' lang='lat' dir='ltr'><strong>propria</strong></span> <span class='ocrx_word' id='word_1_42' title='bbox 574 677 921 733; x_wconf 75' lang='lat' dir='ltr'><strong>revertitur.</strong></span> 
     </span>
    </p>

    <p class='ocr_par' dir='ltr' id='par_1_7' title="bbox 111 781 1779 1566">
     <span class='ocr_line' id='line_1_10' title="bbox 185 781 1779 856; baseline 0.005 -22"><span class='ocrx_word' id='word_1_43' title='bbox 185 781 356 837; x_wconf 84' lang='lat' dir='ltr'><strong>Anno</strong></span> <span class='ocrx_word' id='word_1_44' title='bbox 383 782 677 853; x_wconf 77' lang='lat' dir='ltr'><strong>sequenti,</strong></span> <span class='ocrx_word' id='word_1_45' title='bbox 712 783 1113 840; x_wconf 78' lang='lat' dir='ltr'><strong>salahadinus</strong></span> <span class='ocrx_word' id='word_1_46' title='bbox 1144 800 1282 841; x_wconf 90' lang='lat' dir='ltr'><strong>cum</strong></span> <span class='ocrx_word' id='word_1_47' title='bbox 1306 784 1648 856; x_wconf 75' lang='lat' dir='ltr'><strong>ingentibus</strong></span> <span class='ocrx_word' id='word_1_48' title='bbox 1673 801 1779 842; x_wconf 90' lang='lat' dir='ltr'><strong>co-</strong></span> 
     </span>
     <span class='ocr_line' id='line_1_11' title="bbox 115 868 1777 942; baseline 0.004 -18"><span class='ocrx_word' id='word_1_49' title='bbox 115 868 226 941; x_wconf 89' lang='lat' dir='ltr'><strong>piis</strong></span> <span class='ocrx_word' id='word_1_50' title='bbox 255 869 567 926; x_wconf 85' lang='lat' dir='ltr'><strong>etinflnito</strong></span> <span class='ocrx_word' id='word_1_51' title='bbox 595 873 863 942; x_wconf 89' lang='lat' dir='ltr'><strong>equitatu</strong></span> <span class='ocrx_word' id='word_1_52' title='bbox 900 872 1057 930; x_wconf 90' lang='lat' dir='ltr'><strong>circa</strong></span> <span class='ocrx_word' id='word_1_53' title='bbox 1111 874 1345 931; x_wconf 88' lang='lat' dir='ltr'><strong>initium</strong></span> <span class='ocrx_word' id='word_1_54' title='bbox 1392 874 1686 940; x_wconf 89' lang='lat' dir='ltr'><strong>autumni,</strong></span> <span class='ocrx_word' id='word_1_55' title='bbox 1715 875 1777 932; x_wconf 93' lang='lat' dir='ltr'><strong>in</strong></span> 
     </span>
     <span class='ocr_line' id='line_1_12' title="bbox 111 958 1776 1037; baseline 0.005 -25"><span class='ocrx_word' id='word_1_56' title='bbox 111 958 389 1030; x_wconf 79' lang='lat' dir='ltr'><strong>regiones</strong></span> <span class='ocrx_word' id='word_1_57' title='bbox 411 965 646 1016; x_wconf 88' lang='lat' dir='ltr'><strong>nostras</strong></span> <span class='ocrx_word' id='word_1_58' title='bbox 672 960 975 1017; x_wconf 91' lang='lat' dir='ltr'><strong>introitum</strong></span> <span class='ocrx_word' id='word_1_59' title='bbox 1000 968 1189 1034; x_wconf 88' lang='lat' dir='ltr'><strong>parat,</strong></span> <span class='ocrx_word' id='word_1_60' title='bbox 1217 979 1286 1018; x_wconf 84' lang='lat' dir='ltr'><strong>ex</strong></span> <span class='ocrx_word' id='word_1_61' title='bbox 1313 964 1476 1020; x_wconf 93' lang='lat' dir='ltr'><strong>omni</strong></span> <span class='ocrx_word' id='word_1_62' title='bbox 1520 967 1776 1037; x_wconf 83' lang='lat' dir='ltr'><strong>AEgypto</strong></span> 
     </span>
     <span class='ocr_line' id='line_1_13' title="bbox 115 1047 1777 1126; baseline 0.003 -23"><span class='ocrx_word' id='word_1_63' title='bbox 115 1047 323 1119; x_wconf 91' lang='lat' dir='ltr'><strong>copias</strong></span> <span class='ocrx_word' id='word_1_64' title='bbox 353 1047 618 1104; x_wconf 90' lang='lat' dir='ltr'><strong>educens</strong></span> <span class='ocrx_word' id='word_1_65' title='bbox 641 1049 1107 1107; x_wconf 87' lang='lat' dir='ltr'><strong>innumerabiles</strong></span> <span class='ocrx_word' id='word_1_66' title='bbox 1126 1070 1140 1119; x_wconf 90' lang='lat'><em>;</em></span> <span class='ocrx_word' id='word_1_67' title='bbox 1161 1055 1622 1126; x_wconf 83' lang='lat' dir='ltr'><strong>transcursaque</strong></span> <span class='ocrx_word' id='word_1_68' title='bbox 1645 1051 1777 1108; x_wconf 91' lang='lat' dir='ltr'><strong>soli-</strong></span> 
     </span>
     <span class='ocr_line' id='line_1_14' title="bbox 115 1136 1776 1213; baseline 0.004 -21"><span class='ocrx_word' id='word_1_69' title='bbox 115 1136 345 1202; x_wconf 88' lang='lat' dir='ltr'><strong>tudine,</strong></span> <span class='ocrx_word' id='word_1_70' title='bbox 364 1137 441 1193; x_wconf 91' lang='lat' dir='ltr'><strong>ad</strong></span> <span class='ocrx_word' id='word_1_71' title='bbox 462 1153 602 1194; x_wconf 89' lang='lat' dir='ltr'><strong>eum</strong></span> <span class='ocrx_word' id='word_1_72' title='bbox 628 1138 829 1194; x_wconf 91' lang='lat' dir='ltr'><strong>locum</strong></span> <span class='ocrx_word' id='word_1_73' title='bbox 851 1144 1226 1212; x_wconf 88' lang='lat' dir='ltr'><strong>pervenerat,</strong></span> <span class='ocrx_word' id='word_1_74' title='bbox 1253 1143 1358 1213; x_wconf 90' lang='lat' dir='ltr'><strong>qui</strong></span> <span class='ocrx_word' id='word_1_75' title='bbox 1379 1141 1596 1197; x_wconf 90' lang='lat' dir='ltr'><strong>dicitur</strong></span> <span class='ocrx_word' id='word_1_76' title='bbox 1625 1140 1776 1198; x_wconf 88' lang='lat' dir='ltr'><strong>Can·</strong></span> 
     </span>
     <span class='ocr_line' id='line_1_15' title="bbox 113 1228 1771 1302; baseline 0.004 -22"><span class='ocrx_word' id='word_1_77' title='bbox 113 1230 325 1282; x_wconf 90' lang='lat' dir='ltr'><strong>netum</strong></span> <span class='ocrx_word' id='word_1_78' title='bbox 355 1228 699 1283; x_wconf 86' lang='lat' dir='ltr'><strong>Turcorum.</strong></span> <span class='ocrx_word' id='word_1_79' title='bbox 725 1230 843 1283; x_wconf 82' lang='lat' dir='ltr'><strong>Rex</strong></span> <span class='ocrx_word' id='word_1_80' title='bbox 871 1235 1068 1285; x_wconf 90' lang='lat' dir='ltr'><strong>autem</strong></span> <span class='ocrx_word' id='word_1_81' title='bbox 1089 1230 1220 1300; x_wconf 87' lang='lat' dir='ltr'><strong>ejus</strong></span> <span class='ocrx_word' id='word_1_82' title='bbox 1250 1228 1572 1287; x_wconf 85' lang='lat' dir='ltr'><strong>adventum</strong></span> <span class='ocrx_word' id='word_1_83' title='bbox 1611 1244 1771 1302; x_wconf 80' lang='lat' dir='ltr'><strong>proe-</strong></span> 
     </span>
     <span class='ocr_line' id='line_1_16' title="bbox 118 1315 1773 1390; baseline 0.004 -20"><span class='ocrx_word' id='word_1_84' title='bbox 118 1315 401 1382; x_wconf 90' lang='lat' dir='ltr'><strong>sentiens,</strong></span> <span class='ocrx_word' id='word_1_85' title='bbox 429 1317 724 1372; x_wconf 88' lang='lat' dir='ltr'><strong>exercitus</strong></span> <span class='ocrx_word' id='word_1_86' title='bbox 766 1332 911 1373; x_wconf 90' lang='lat' dir='ltr'><strong>suos</strong></span> <span class='ocrx_word' id='word_1_87' title='bbox 954 1317 1310 1387; x_wconf 86' lang='lat' dir='ltr'><strong>collegerat;</strong></span> <span class='ocrx_word' id='word_1_88' title='bbox 1354 1323 1411 1374; x_wconf 94' lang='lat' dir='ltr'><strong>et</strong></span> <span class='ocrx_word' id='word_1_89' title='bbox 1455 1323 1773 1390; x_wconf 89' lang='lat' dir='ltr'><strong>assumpto</strong></span> 
     </span>
     <span class='ocr_line' id='line_1_17' title="bbox 118 1403 1773 1477; baseline 0.003 -20"><span class='ocrx_word' id='word_1_90' title='bbox 118 1403 234 1458; x_wconf 90' lang='lat' dir='ltr'><strong>sibi</strong></span> <span class='ocrx_word' id='word_1_91' title='bbox 263 1403 515 1460; x_wconf 92' lang='lat' dir='ltr'><strong>domino</strong></span> <span class='ocrx_word' id='word_1_92' title='bbox 545 1405 903 1477; x_wconf 84' lang='lat' dir='ltr'><strong>patriarcha,</strong></span> <span class='ocrx_word' id='word_1_93' title='bbox 930 1421 1070 1463; x_wconf 91' lang='lat' dir='ltr'><strong>cum</strong></span> <span class='ocrx_word' id='word_1_94' title='bbox 1112 1406 1350 1464; x_wconf 83' lang='lat' dir='ltr'><strong>vivifico</strong></span> <span class='ocrx_word' id='word_1_95' title='bbox 1379 1411 1436 1464; x_wconf 94' lang='lat' dir='ltr'><strong>et</strong></span> <span class='ocrx_word' id='word_1_96' title='bbox 1451 1407 1773 1463; x_wconf 82' lang='lat' dir='ltr'><strong>venerabili</strong></span> 
     </span>
     <span class='ocr_line' id='line_1_18' title="bbox 119 1491 1776 1566; baseline 0.004 -19"><span class='ocrx_word' id='word_1_97' title='bbox 119 1491 446 1549; x_wconf 82' lang='lat' dir='ltr'><strong>Dominicae</strong></span> <span class='ocrx_word' id='word_1_98' title='bbox 470 1493 662 1550; x_wconf 91' lang='lat' dir='ltr'><strong>crucis</strong></span> <span class='ocrx_word' id='word_1_99' title='bbox 682 1493 864 1566; x_wconf 89' lang='lat' dir='ltr'><strong>ligno,</strong></span> <span class='ocrx_word' id='word_1_100' title='bbox 896 1495 1053 1552; x_wconf 90' lang='lat' dir='ltr'><strong>circa</strong></span> <span class='ocrx_word' id='word_1_101' title='bbox 1080 1494 1364 1553; x_wconf 82' lang='lat' dir='ltr'><strong>Bersabee</strong></span> <span class='ocrx_word' id='word_1_102' title='bbox 1393 1501 1593 1553; x_wconf 87' lang='lat' dir='ltr'><strong>castra</strong></span> <span class='ocrx_word' id='word_1_103' title='bbox 1618 1497 1776 1554; x_wconf 89' lang='lat' dir='ltr'><strong>loca-</strong></span> 
     </span>
    </p>
   </div>
   <div class='ocr_carea' id='block_1_7' title="bbox 1883 329 3549 1556">
    <p class='ocr_par' dir='ltr' id='par_1_8' title="bbox 1883 329 3549 1556">
     <span class='ocr_line' id='line_1_19' title="bbox 1891 329 3546 408; baseline 0.01 -28"><span class='ocrx_word' id='word_1_104' title='bbox 1891 329 2179 400; x_wconf 89' lang='lat' dir='ltr'><strong>tantoque</strong></span> <span class='ocrx_word' id='word_1_105' title='bbox 2211 330 2505 400; x_wconf 87' lang='lat' dir='ltr'><strong>majorem</strong></span> <span class='ocrx_word' id='word_1_106' title='bbox 2542 332 2798 389; x_wconf 89' lang='lat' dir='ltr'><strong>nocendi</strong></span> <span class='ocrx_word' id='word_1_107' title='bbox 2839 333 3112 393; x_wconf 82' lang='lat' dir='ltr'><strong>inveniat</strong></span> <span class='ocrx_word' id='word_1_108' title='bbox 3151 336 3546 408; x_wconf 83' lang='lat' dir='ltr'><strong>habilitatem,</strong></span> 
     </span>
     <span class='ocr_line' id='line_1_20' title="bbox 1889 415 3547 500; baseline 0.01 -31"><span class='ocrx_word' id='word_1_109' title='bbox 1889 415 2170 472; x_wconf 88' lang='lat' dir='ltr'><strong>camdem</strong></span> <span class='ocrx_word' id='word_1_110' title='bbox 2183 417 2508 488; x_wconf 80' lang='lat' dir='ltr'><strong>regionem,</strong></span> <span class='ocrx_word' id='word_1_111' title='bbox 2525 419 2583 476; x_wconf 92' lang='lat' dir='ltr'><strong>in</strong></span> <span class='ocrx_word' id='word_1_112' title='bbox 2597 436 2782 494; x_wconf 90' lang='lat' dir='ltr'><strong>quam</strong></span> <span class='ocrx_word' id='word_1_113' title='bbox 2793 437 2955 479; x_wconf 91' lang='lat' dir='ltr'><strong>anno</strong></span> <span class='ocrx_word' id='word_1_114' title='bbox 2967 425 3239 496; x_wconf 89' lang='lat' dir='ltr'><strong>proxime</strong></span> <span class='ocrx_word' id='word_1_115' title='bbox 3250 428 3547 500; x_wconf 61' lang='lat' dir='ltr'><strong>praeterito</strong></span> 
     </span>
     <span class='ocr_line' id='line_1_21' title="bbox 1890 504 3549 584; baseline 0.01 -26"><span class='ocrx_word' id='word_1_116' title='bbox 1890 504 2241 562; x_wconf 81' lang='lat' dir='ltr'><strong>ascenderat</strong></span> <span class='ocrx_word' id='word_1_117' title='bbox 2264 522 2402 563; x_wconf 90' lang='lat' dir='ltr'><strong>cum</strong></span> <span class='ocrx_word' id='word_1_118' title='bbox 2434 509 2558 564; x_wconf 88' lang='lat' dir='ltr'><strong>suis</strong></span> <span class='ocrx_word' id='word_1_119' title='bbox 2592 511 2966 578; x_wconf 78' lang='lat' dir='ltr'><strong>exercitibus,</strong></span> <span class='ocrx_word' id='word_1_120' title='bbox 3007 529 3214 571; x_wconf 88' lang='lat' dir='ltr'><strong>mense</strong></span> <span class='ocrx_word' id='word_1_121' title='bbox 3243 516 3416 584; x_wconf 74' lang='lat' dir='ltr'><strong>lulio,</strong></span> <span class='ocrx_word' id='word_1_122' title='bbox 3458 517 3549 574; x_wconf 90' lang='lat' dir='ltr'><strong>in·</strong></span> 
     </span>
     <span class='ocr_line' id='line_1_22' title="bbox 1889 598 3542 676; baseline 0.011 -30"><span class='ocrx_word' id='word_1_123' title='bbox 1889 606 2133 661; x_wconf 87' lang='lat' dir='ltr'><strong>gressus</strong></span> <span class='ocrx_word' id='word_1_124' title='bbox 2162 600 2269 652; x_wconf 88' lang='lat' dir='ltr'><strong>est.</strong></span> <span class='ocrx_word' id='word_1_125' title='bbox 2303 598 2417 653; x_wconf 84' lang='lat' dir='ltr'><strong>Rex</strong></span> <span class='ocrx_word' id='word_1_126' title='bbox 2445 602 2669 665; x_wconf 89' lang='lat' dir='ltr'><strong>autem,</strong></span> <span class='ocrx_word' id='word_1_127' title='bbox 2701 598 2830 670; x_wconf 88' lang='lat' dir='ltr'><strong>ejus</strong></span> <span class='ocrx_word' id='word_1_128' title='bbox 2860 599 3122 658; x_wconf 88' lang='lat' dir='ltr'><strong>adventu</strong></span> <span class='ocrx_word' id='word_1_129' title='bbox 3153 607 3542 676; x_wconf 74' lang='lat' dir='ltr'><strong>praecognito.</strong></span> 
     </span>
     <span class='ocr_line' id='line_1_23' title="bbox 1889 682 3546 760; baseline 0.01 -24"><span class='ocrx_word' id='word_1_130' title='bbox 1889 682 2180 739; x_wconf 70' lang='lat' dir='ltr'><strong>universae</strong></span> <span class='ocrx_word' id='word_1_131' title='bbox 2232 685 2399 755; x_wconf 89' lang='lat' dir='ltr'><strong>regni</strong></span> <span class='ocrx_word' id='word_1_132' title='bbox 2437 686 2657 742; x_wconf 70' lang='lat' dir='ltr'><strong>milities</strong></span> <span class='ocrx_word' id='word_1_133' title='bbox 2697 688 2880 744; x_wconf 90' lang='lat' dir='ltr'><strong>robur</strong></span> <span class='ocrx_word' id='word_1_134' title='bbox 2918 705 3125 747; x_wconf 92' lang='lat' dir='ltr'><strong>secum</strong></span> <span class='ocrx_word' id='word_1_135' title='bbox 3156 693 3422 760; x_wconf 90' lang='lat' dir='ltr'><strong>trahens,</strong></span> <span class='ocrx_word' id='word_1_136' title='bbox 3460 694 3546 752; x_wconf 88' lang='lat' dir='ltr'><strong>illi</strong></span> 
     </span>
     <span class='ocr_line' id='line_1_24' title="bbox 1887 771 3543 848; baseline 0.009 -23"><span class='ocrx_word' id='word_1_137' title='bbox 1887 771 2153 843; x_wconf 90' lang='lat' dir='ltr'><strong>usquein</strong></span> <span class='ocrx_word' id='word_1_138' title='bbox 2167 773 2548 830; x_wconf 89' lang='lat' dir='ltr'><strong>solitudinem</strong></span> <span class='ocrx_word' id='word_1_139' title='bbox 2563 777 2846 848; x_wconf 84' lang='lat' dir='ltr'><strong>occurrit;</strong></span> <span class='ocrx_word' id='word_1_140' title='bbox 2862 777 2964 834; x_wconf 90' lang='lat' dir='ltr'><strong>ubi</strong></span> <span class='ocrx_word' id='word_1_141' title='bbox 2977 795 3113 835; x_wconf 90' lang='lat' dir='ltr'><strong>cum</strong></span> <span class='ocrx_word' id='word_1_142' title='bbox 3136 780 3189 836; x_wconf 93' lang='lat' dir='ltr'><strong>ei</strong></span> <span class='ocrx_word' id='word_1_143' title='bbox 3202 782 3543 840; x_wconf 88' lang='lat' dir='ltr'><strong>nuntiatum</strong></span> 
     </span>
     <span class='ocr_line' id='line_1_25' title="bbox 1887 862 3541 943; baseline 0.008 -29"><span class='ocrx_word' id='word_1_144' title='bbox 1887 865 2064 925; x_wconf 88' lang='lat' dir='ltr'><strong>esset,</strong></span> <span class='ocrx_word' id='word_1_145' title='bbox 2096 862 2261 934; x_wconf 90' lang='lat' dir='ltr'><strong>quod</strong></span> <span class='ocrx_word' id='word_1_146' title='bbox 2289 862 2345 918; x_wconf 94' lang='lat' dir='ltr'><strong>in</strong></span> <span class='ocrx_word' id='word_1_147' title='bbox 2375 865 2606 935; x_wconf 81' lang='lat' dir='ltr'><strong>Syriam</strong></span> <span class='ocrx_word' id='word_1_148' title='bbox 2638 864 2838 931; x_wconf 91' lang='lat' dir='ltr'><strong>Sobal,</strong></span> <span class='ocrx_word' id='word_1_149' title='bbox 2870 865 3024 924; x_wconf 90' lang='lat' dir='ltr'><strong>sicut</strong></span> <span class='ocrx_word' id='word_1_150' title='bbox 3052 884 3214 926; x_wconf 91' lang='lat' dir='ltr'><strong>anno</strong></span> <span class='ocrx_word' id='word_1_151' title='bbox 3232 871 3541 943; x_wconf 65' lang='lat' dir='ltr'><strong>praedicto,</strong></span> 
     </span>
     <span class='ocr_line' id='line_1_26' title="bbox 1885 947 3543 1031; baseline 0.008 -28"><span class='ocrx_word' id='word_1_152' title='bbox 1885 947 2260 1016; x_wconf 83' lang='lat' dir='ltr'><strong>declinasset,</strong></span> <span class='ocrx_word' id='word_1_153' title='bbox 2296 951 2508 1009; x_wconf 92' lang='lat' dir='ltr'><strong>timens</strong></span> <span class='ocrx_word' id='word_1_154' title='bbox 2536 953 2825 1010; x_wconf 89' lang='lat' dir='ltr'><strong>eumilluc</strong></span> <span class='ocrx_word' id='word_1_155' title='bbox 2858 956 3051 1029; x_wconf 89' lang='lat' dir='ltr'><strong>sequi,</strong></span> <span class='ocrx_word' id='word_1_156' title='bbox 3085 972 3159 1014; x_wconf 90' lang='lat' dir='ltr'><strong>ne</strong></span> <span class='ocrx_word' id='word_1_157' title='bbox 3180 957 3543 1031; x_wconf 83' lang='lat' dir='ltr'><strong>forteregem</strong></span> 
     </span>
     <span class='ocr_line' id='line_1_27' title="bbox 1885 1037 3545 1119; baseline 0.008 -28"><span class='ocrx_word' id='word_1_158' title='bbox 1885 1037 2138 1093; x_wconf 89' lang='lat' dir='ltr'><strong>audiens</strong></span> <span class='ocrx_word' id='word_1_159' title='bbox 2175 1044 2311 1110; x_wconf 90' lang='lat' dir='ltr'><strong>post</strong></span> <span class='ocrx_word' id='word_1_160' title='bbox 2338 1056 2402 1096; x_wconf 89' lang='lat' dir='ltr'><strong>se</strong></span> <span class='ocrx_word' id='word_1_161' title='bbox 2442 1042 2799 1108; x_wconf 84' lang='lat' dir='ltr'><strong>venientem,</strong></span> <span class='ocrx_word' id='word_1_162' title='bbox 2840 1060 2914 1100; x_wconf 87' lang='lat' dir='ltr'><strong>ex</strong></span> <span class='ocrx_word' id='word_1_163' title='bbox 2942 1046 3217 1118; x_wconf 88' lang='lat' dir='ltr'><strong>opposita</strong></span> <span class='ocrx_word' id='word_1_164' title='bbox 3255 1052 3423 1119; x_wconf 90' lang='lat' dir='ltr'><strong>parte</strong></span> <span class='ocrx_word' id='word_1_165' title='bbox 3452 1063 3545 1104; x_wconf 87' lang='lat' dir='ltr'><strong>re-</strong></span> 
     </span>
     <span class='ocr_line' id='line_1_28' title="bbox 1884 1126 3545 1201; baseline 0.008 -21"><span class='ocrx_word' id='word_1_166' title='bbox 1884 1140 2071 1197; x_wconf 93' lang='lat' dir='ltr'><strong>gnum</strong></span> <span class='ocrx_word' id='word_1_167' title='bbox 2085 1126 2560 1201; x_wconf 85' lang='lat' dir='ltr'><strong>depopulaturus</strong></span> <span class='ocrx_word' id='word_1_168' title='bbox 2574 1131 3001 1201; x_wconf 89' lang='lat' dir='ltr'><strong>ingrederetur,</strong></span> <span class='ocrx_word' id='word_1_169' title='bbox 3018 1134 3283 1190; x_wconf 89' lang='lat' dir='ltr'><strong>ascendit</strong></span> <span class='ocrx_word' id='word_1_170' title='bbox 3298 1136 3360 1191; x_wconf 93' lang='lat' dir='ltr'><strong>in</strong></span> <span class='ocrx_word' id='word_1_171' title='bbox 3376 1151 3545 1193; x_wconf 89' lang='lat' dir='ltr'><strong>mon·</strong></span> 
     </span>
     <span class='ocr_line' id='line_1_29' title="bbox 1884 1214 3539 1292; baseline 0.006 -23"><span class='ocrx_word' id='word_1_172' title='bbox 1884 1217 2003 1269; x_wconf 90' lang='lat' dir='ltr'><strong>tem</strong></span> <span class='ocrx_word' id='word_1_173' title='bbox 2035 1219 2090 1270; x_wconf 94' lang='lat' dir='ltr'><strong>et</strong></span> <span class='ocrx_word' id='word_1_174' title='bbox 2111 1214 2314 1272; x_wconf 90' lang='lat' dir='ltr'><strong>locum</strong></span> <span class='ocrx_word' id='word_1_175' title='bbox 2327 1216 2720 1290; x_wconf 86' lang='lat' dir='ltr'><strong>sibideligens</strong></span> <span class='ocrx_word' id='word_1_176' title='bbox 2743 1219 2820 1275; x_wconf 94' lang='lat' dir='ltr'><strong>ad</strong></span> <span class='ocrx_word' id='word_1_177' title='bbox 2834 1220 3155 1277; x_wconf 90' lang='lat' dir='ltr'><strong>stationem</strong></span> <span class='ocrx_word' id='word_1_178' title='bbox 3181 1237 3539 1292; x_wconf 89' lang='lat' dir='ltr'><strong>congruum,</strong></span> 
     </span>
     <span class='ocr_line' id='line_1_30' title="bbox 1883 1303 3542 1368; baseline 0.007 -11"><span class='ocrx_word' id='word_1_179' title='bbox 1883 1303 2129 1359; x_wconf 83' lang='lat' dir='ltr'><strong>secessit</strong></span> <span class='ocrx_word' id='word_1_180' title='bbox 2151 1304 2211 1359; x_wconf 91' lang='lat' dir='ltr'><strong>in</strong></span> <span class='ocrx_word' id='word_1_181' title='bbox 2243 1305 2607 1364; x_wconf 87' lang='lat' dir='ltr'><strong>Carmelum.</strong></span> <span class='ocrx_word' id='word_1_182' title='bbox 2630 1309 2732 1364; x_wconf 84' lang='lat' dir='ltr'><strong>Est</strong></span> <span class='ocrx_word' id='word_1_183' title='bbox 2753 1311 2954 1365; x_wconf 91' lang='lat' dir='ltr'><strong>autem</strong></span> <span class='ocrx_word' id='word_1_184' title='bbox 2976 1309 3071 1365; x_wconf 91' lang='lat' dir='ltr'><strong>hic</strong></span> <span class='ocrx_word' id='word_1_185' title='bbox 3084 1310 3388 1367; x_wconf 90' lang='lat' dir='ltr'><strong>Carmelus</strong></span> <span class='ocrx_word' id='word_1_186' title='bbox 3418 1326 3542 1368; x_wconf 94' lang='lat' dir='ltr'><strong>non</strong></span> 
     </span>
     <span class='ocr_line' id='line_1_31' title="bbox 1883 1391 3539 1465; baseline 0.007 -19"><span class='ocrx_word' id='word_1_187' title='bbox 1883 1391 1980 1447; x_wconf 90' lang='lat' dir='ltr'><strong>ille</strong></span> <span class='ocrx_word' id='word_1_188' title='bbox 2009 1407 2206 1458; x_wconf 92' lang='lat' dir='ltr'><strong>mons,</strong></span> <span class='ocrx_word' id='word_1_189' title='bbox 2247 1394 2349 1465; x_wconf 91' lang='lat' dir='ltr'><strong>qui</strong></span> <span class='ocrx_word' id='word_1_190' title='bbox 2403 1393 2463 1450; x_wconf 92' lang='lat' dir='ltr'><strong>in</strong></span> <span class='ocrx_word' id='word_1_191' title='bbox 2504 1396 2819 1452; x_wconf 89' lang='lat' dir='ltr'><strong>maritimis</strong></span> <span class='ocrx_word' id='word_1_192' title='bbox 2867 1397 3019 1453; x_wconf 81' lang='lat' dir='ltr'><strong>situs</strong></span> <span class='ocrx_word' id='word_1_193' title='bbox 3050 1402 3161 1464; x_wconf 89' lang='lat' dir='ltr'><strong>est,</strong></span> <span class='ocrx_word' id='word_1_194' title='bbox 3195 1398 3331 1455; x_wconf 72' lang='lat' dir='ltr'><strong>Elim</strong></span> <span class='ocrx_word' id='word_1_195' title='bbox 3361 1399 3539 1457; x_wconf 76' lang='lat' dir='ltr'><strong>iami-</strong></span> 
     </span>
     <span class='ocr_line' id='line_1_32' title="bbox 1884 1480 3537 1556; baseline 0.007 -21"><span class='ocrx_word' id='word_1_196' title='bbox 1884 1480 2045 1538; x_wconf 89' lang='lat' dir='ltr'><strong>liaris</strong></span> <span class='ocrx_word' id='word_1_197' title='bbox 2072 1499 2091 1552; x_wconf 87' lang='lat'>;</span> <span class='ocrx_word' id='word_1_198' title='bbox 2122 1481 2228 1539; x_wconf 90' lang='lat' dir='ltr'><strong>sed</strong></span> <span class='ocrx_word' id='word_1_199' title='bbox 2257 1483 2490 1539; x_wconf 83' lang='lat' dir='ltr'><strong>viculus</strong></span> <span class='ocrx_word' id='word_1_200' title='bbox 2536 1484 2809 1556; x_wconf 89' lang='lat' dir='ltr'><strong>quidam,</strong></span> <span class='ocrx_word' id='word_1_201' title='bbox 2843 1484 2949 1542; x_wconf 90' lang='lat' dir='ltr'><strong>ubi</strong></span> <span class='ocrx_word' id='word_1_202' title='bbox 2974 1485 3122 1543; x_wconf 91' lang='lat' dir='ltr'><strong>olim</strong></span> <span class='ocrx_word' id='word_1_203' title='bbox 3152 1486 3312 1543; x_wconf 91' lang='lat' dir='ltr'><strong>stulti</strong></span> <span class='ocrx_word' id='word_1_204' title='bbox 3343 1486 3537 1546; x_wconf 84' lang='lat' dir='ltr'><strong>Nabal</strong></span> 
     </span>
    </p>
   </div>
   <div class='ocr_carea' id='block_1_8' title="bbox 116 1571 3533 1646">
    <p class='ocr_par' dir='ltr' id='par_1_9' title="bbox 116 1571 3533 1646">
     <span class='ocr_line' id='line_1_33' title="bbox 116 1571 3533 1646; baseline 0.004 -10"><span class='ocrx_word' id='word_1_205' title='bbox 116 1585 305 1646; x_wconf 84' lang='lat' dir='ltr'><strong>verat,</strong></span> <span class='ocrx_word' id='word_1_206' title='bbox 335 1581 483 1638; x_wconf 89' lang='lat' dir='ltr'><strong>utde</strong></span> <span class='ocrx_word' id='word_1_207' title='bbox 503 1582 699 1638; x_wconf 82' lang='lat' dir='ltr'><strong>vicino</strong></span> <span class='ocrx_word' id='word_1_208' title='bbox 718 1583 1178 1641; x_wconf 84' lang='lat' dir='ltr'><strong>advenientibus</strong></span> <span class='ocrx_word' id='word_1_209' title='bbox 1201 1584 1477 1641; x_wconf 88' lang='lat' dir='ltr'><strong>hostibus</strong></span> <span class='ocrx_word' id='word_1_210' title='bbox 1504 1600 1772 1641; x_wconf 90' lang='lat' dir='ltr'><strong>commo·</strong></span> <span class='ocrx_word' id='word_1_211' title='bbox 1806 1591 1850 1645; x_wconf 85' lang='grc' dir='ltr'><strong>Β</strong></span> <span class='ocrx_word' id='word_1_212' title='bbox 1882 1571 2256 1629; x_wconf 67' lang='grc' dir='ltr'><strong>(Ῐθῑῦῑθῦἰῦῑῦ</strong></span> <span class='ocrx_word' id='word_1_213' title='bbox 2285 1571 2501 1643; x_wconf 68' lang='grc' dir='ltr'><strong>Ῑθὸῑῑῦῐ·</strong></span> <span class='ocrx_word' id='word_1_214' title='bbox 2549 1572 2752 1631; x_wconf 65' lang='lat' dir='ltr'><strong>fuisse·</strong></span> <span class='ocrx_word' id='word_1_215' title='bbox 2794 1577 2961 1632; x_wconf 66' lang='lat' dir='ltr'><strong>Hunc</strong></span> <span class='ocrx_word' id='word_1_216' title='bbox 2992 1591 3135 1646; x_wconf 73' lang='lat'>01’80</span> <span class='ocrx_word' id='word_1_217' title='bbox 3180 1576 3379 1633; x_wconf 69' lang='lat' dir='ltr'><strong>100⁰OE</strong></span> <span class='ocrx_word' id='word_1_218' title='bbox 3418 1577 3533 1635; x_wconf 69' lang='lat' dir='ltr'><strong>Sibi</strong></span> 
     </span>
    </p>
   </div>
   <div class='ocr_carea' id='block_1_9' title="bbox 114 1669 1776 2901">
    <p class='ocr_par' dir='ltr' id='par_1_10' title="bbox 114 1669 1776 2901">
     <span class='ocr_line' id='line_1_34' title="bbox 116 1669 1775 1742; baseline 0.004 -18"><span class='ocrx_word' id='word_1_219' title='bbox 116 1669 254 1725; x_wconf 90' lang='lat' dir='ltr'><strong>dius</strong></span> <span class='ocrx_word' id='word_1_220' title='bbox 284 1674 484 1741; x_wconf 81' lang='lat' dir='ltr'><strong>posset</strong></span> <span class='ocrx_word' id='word_1_221' title='bbox 518 1686 848 1728; x_wconf 88' lang='lat' dir='ltr'><strong>occurrere.</strong></span> <span class='ocrx_word' id='word_1_222' title='bbox 906 1673 1170 1730; x_wconf 89' lang='lat' dir='ltr'><strong>Distabat</strong></span> <span class='ocrx_word' id='word_1_223' title='bbox 1198 1678 1397 1730; x_wconf 88' lang='lat' dir='ltr'><strong>aulem</strong></span> <span class='ocrx_word' id='word_1_224' title='bbox 1449 1672 1635 1742; x_wconf 89' lang='lat' dir='ltr'><strong>locus,</strong></span> <span class='ocrx_word' id='word_1_225' title='bbox 1668 1673 1775 1730; x_wconf 91' lang='lat' dir='ltr'><strong>ubi</strong></span> 
     </span>
     <span class='ocr_line' id='line_1_35' title="bbox 114 1757 1775 1832; baseline 0.005 -19"><span class='ocrx_word' id='word_1_226' title='bbox 114 1757 215 1814; x_wconf 89' lang='lat' dir='ltr'><strong>ille</strong></span> <span class='ocrx_word' id='word_1_227' title='bbox 243 1774 381 1814; x_wconf 92' lang='lat' dir='ltr'><strong>cum</strong></span> <span class='ocrx_word' id='word_1_228' title='bbox 415 1759 539 1814; x_wconf 90' lang='lat' dir='ltr'><strong>suis</strong></span> <span class='ocrx_word' id='word_1_229' title='bbox 564 1760 1044 1832; x_wconf 87' lang='lat' dir='ltr'><strong>expeditionibus</strong></span> <span class='ocrx_word' id='word_1_230' title='bbox 1072 1762 1391 1819; x_wconf 85' lang='lat' dir='ltr'><strong>dicebatur</strong></span> <span class='ocrx_word' id='word_1_231' title='bbox 1430 1778 1580 1828; x_wconf 88' lang='lat' dir='ltr'><strong>esse,</strong></span> <span class='ocrx_word' id='word_1_232' title='bbox 1614 1780 1651 1821; x_wconf 92' lang='lat' dir='ltr'><strong>a</strong></span> <span class='ocrx_word' id='word_1_233' title='bbox 1680 1779 1775 1821; x_wconf 91' lang='lat' dir='ltr'><strong>ca-</strong></span> 
     </span>
     <span class='ocr_line' id='line_1_36' title="bbox 118 1847 1772 1919; baseline 0.004 -16"><span class='ocrx_word' id='word_1_234' title='bbox 118 1847 258 1904; x_wconf 84' lang='lat' dir='ltr'><strong>stris</strong></span> <span class='ocrx_word' id='word_1_235' title='bbox 276 1848 451 1919; x_wconf 89' lang='lat' dir='ltr'><strong>regiis</strong></span> <span class='ocrx_word' id='word_1_236' title='bbox 463 1849 554 1905; x_wconf 82' lang='lat' dir='ltr'><strong>vix</strong></span> <span class='ocrx_word' id='word_1_237' title='bbox 571 1848 924 1907; x_wconf 80' lang='lat' dir='ltr'><strong>milliaribus</strong></span> <span class='ocrx_word' id='word_1_238' title='bbox 937 1852 1239 1908; x_wconf 84' lang='lat' dir='ltr'><strong>sexdecim</strong></span> <span class='ocrx_word' id='word_1_239' title='bbox 1255 1869 1270 1917; x_wconf 88' lang='lat'>;</span> <span class='ocrx_word' id='word_1_240' title='bbox 1286 1851 1556 1908; x_wconf 91' lang='lat' dir='ltr'><strong>nondum</strong></span> <span class='ocrx_word' id='word_1_241' title='bbox 1571 1857 1772 1909; x_wconf 85' lang='lat' dir='ltr'><strong>tamen</strong></span> 
     </span>
     <span class='ocr_line' id='line_1_37' title="bbox 115 1936 1771 2012; baseline 0.002 -18"><span class='ocrx_word' id='word_1_242' title='bbox 115 1936 282 2009; x_wconf 90' lang='lat' dir='ltr'><strong>apud</strong></span> <span class='ocrx_word' id='word_1_243' title='bbox 311 1937 625 1993; x_wconf 92' lang='lat' dir='ltr'><strong>dominum</strong></span> <span class='ocrx_word' id='word_1_244' title='bbox 671 1954 875 2009; x_wconf 89' lang='lat' dir='ltr'><strong>regem</strong></span> <span class='ocrx_word' id='word_1_245' title='bbox 919 1955 1030 2012; x_wconf 89' lang='lat' dir='ltr'><strong>pro</strong></span> <span class='ocrx_word' id='word_1_246' title='bbox 1075 1939 1371 1998; x_wconf 86' lang='lat' dir='ltr'><strong>constanti</strong></span> <span class='ocrx_word' id='word_1_247' title='bbox 1414 1940 1771 2008; x_wconf 86' lang='lat' dir='ltr'><strong>habebatur,</strong></span> 
     </span>
     <span class='ocr_line' id='line_1_38' title="bbox 114 2025 1771 2100; baseline 0.002 -19"><span class='ocrx_word' id='word_1_248' title='bbox 114 2025 282 2099; x_wconf 90' lang='lat' dir='ltr'><strong>quod</strong></span> <span class='ocrx_word' id='word_1_249' title='bbox 297 2025 373 2082; x_wconf 89' lang='lat' dir='ltr'><strong>ad</strong></span> <span class='ocrx_word' id='word_1_250' title='bbox 388 2025 550 2082; x_wconf 91' lang='lat' dir='ltr'><strong>illum</strong></span> <span class='ocrx_word' id='word_1_251' title='bbox 565 2028 1165 2100; x_wconf 87' lang='lat' dir='ltr'><strong>pervenissetlocum.</strong></span> <span class='ocrx_word' id='word_1_252' title='bbox 1189 2030 1610 2087; x_wconf 87' lang='lat' dir='ltr'><strong>Verumtamen</strong></span> <span class='ocrx_word' id='word_1_253' title='bbox 1625 2034 1771 2096; x_wconf 87' lang='lat' dir='ltr'><strong>erat,</strong></span> 
     </span>
     <span class='ocr_line' id='line_1_39' title="bbox 115 2114 1776 2187; baseline 0.004 -18"><span class='ocrx_word' id='word_1_254' title='bbox 115 2114 283 2187; x_wconf 91' lang='lat' dir='ltr'><strong>quod</strong></span> <span class='ocrx_word' id='word_1_255' title='bbox 313 2130 610 2187; x_wconf 88' lang='lat' dir='ltr'><strong>aquarum</strong></span> <span class='ocrx_word' id='word_1_256' title='bbox 637 2117 1127 2175; x_wconf 87' lang='lat' dir='ltr'><strong>commoditatem</strong></span> <span class='ocrx_word' id='word_1_257' title='bbox 1158 2123 1420 2184; x_wconf 87' lang='lat' dir='ltr'><strong>secutus,</strong></span> <span class='ocrx_word' id='word_1_258' title='bbox 1447 2118 1527 2175; x_wconf 89' lang='lat' dir='ltr'><strong>ibi</strong></span> <span class='ocrx_word' id='word_1_259' title='bbox 1557 2125 1776 2177; x_wconf 91' lang='lat' dir='ltr'><strong>castra·</strong></span> 
     </span>
     <span class='ocr_line' id='line_1_40' title="bbox 116 2203 1776 2279; baseline 0.003 -22"><span class='ocrx_word' id='word_1_260' title='bbox 116 2208 373 2258; x_wconf 84' lang='lat' dir='ltr'><strong>metatus</strong></span> <span class='ocrx_word' id='word_1_261' title='bbox 401 2208 546 2261; x_wconf 87' lang='lat' dir='ltr'><strong>erat.</strong></span> <span class='ocrx_word' id='word_1_262' title='bbox 582 2203 979 2273; x_wconf 84' lang='lat' dir='ltr'><strong>Habitaigitur</strong></span> <span class='ocrx_word' id='word_1_263' title='bbox 998 2206 1424 2263; x_wconf 86' lang='lat' dir='ltr'><strong>deliberatione</strong></span> <span class='ocrx_word' id='word_1_264' title='bbox 1454 2222 1592 2262; x_wconf 92' lang='lat' dir='ltr'><strong>cum</strong></span> <span class='ocrx_word' id='word_1_265' title='bbox 1617 2206 1776 2279; x_wconf 89' lang='lat' dir='ltr'><strong>prin-</strong></span> 
     </span>
     <span class='ocr_line' id='line_1_41' title="bbox 116 2291 1774 2366; baseline 0.004 -21"><span class='ocrx_word' id='word_1_266' title='bbox 116 2291 353 2364; x_wconf 90' lang='lat' dir='ltr'><strong>cipibus</strong></span> <span class='ocrx_word' id='word_1_267' title='bbox 398 2293 543 2358; x_wconf 90' lang='lat' dir='ltr'><strong>suis,</strong></span> <span class='ocrx_word' id='word_1_268' title='bbox 598 2293 777 2364; x_wconf 86' lang='lat' dir='ltr'><strong>quasi</strong></span> <span class='ocrx_word' id='word_1_269' title='bbox 816 2293 891 2350; x_wconf 92' lang='lat' dir='ltr'><strong>de</strong></span> <span class='ocrx_word' id='word_1_270' title='bbox 928 2293 1222 2351; x_wconf 88' lang='lat' dir='ltr'><strong>industria</strong></span> <span class='ocrx_word' id='word_1_271' title='bbox 1270 2295 1402 2366; x_wconf 86' lang='lat' dir='ltr'><strong>ejus</strong></span> <span class='ocrx_word' id='word_1_272' title='bbox 1454 2310 1774 2352; x_wconf 89' lang='lat' dir='ltr'><strong>occursum</strong></span> 
     </span>
     <span class='ocr_line' id='line_1_42' title="bbox 117 2379 1775 2454; baseline 0.003 -19"><span class='ocrx_word' id='word_1_273' title='bbox 117 2379 504 2446; x_wconf 86' lang='lat' dir='ltr'><strong>declinarent,</strong></span> <span class='ocrx_word' id='word_1_274' title='bbox 516 2381 790 2438; x_wconf 86' lang='lat' dir='ltr'><strong>diversas</strong></span> <span class='ocrx_word' id='word_1_275' title='bbox 803 2383 1068 2439; x_wconf 89' lang='lat' dir='ltr'><strong>studiose</strong></span> <span class='ocrx_word' id='word_1_276' title='bbox 1081 2383 1494 2454; x_wconf 89' lang='lat' dir='ltr'><strong>ingrediuntur</strong></span> <span class='ocrx_word' id='word_1_277' title='bbox 1505 2385 1653 2441; x_wconf 82' lang='lat' dir='ltr'><strong>vias.</strong></span> <span class='ocrx_word' id='word_1_278' title='bbox 1669 2387 1775 2440; x_wconf 84' lang='lat' dir='ltr'><strong>Ex-</strong></span> 
     </span>
     <span class='ocr_line' id='line_1_43' title="bbox 118 2469 1775 2545; baseline 0.003 -21"><span class='ocrx_word' id='word_1_279' title='bbox 118 2469 451 2542; x_wconf 79' lang='lat' dir='ltr'><strong>peditiones</strong></span> <span class='ocrx_word' id='word_1_280' title='bbox 463 2469 658 2539; x_wconf 89' lang='lat' dir='ltr'><strong>igitur,</strong></span> <span class='ocrx_word' id='word_1_281' title='bbox 673 2476 982 2528; x_wconf 90' lang='lat' dir='ltr'><strong>etomnem</strong></span> <span class='ocrx_word' id='word_1_282' title='bbox 997 2474 1287 2545; x_wconf 91' lang='lat' dir='ltr'><strong>populum</strong></span> <span class='ocrx_word' id='word_1_283' title='bbox 1303 2489 1512 2530; x_wconf 82' lang='lat' dir='ltr'><strong>versus</strong></span> <span class='ocrx_word' id='word_1_284' title='bbox 1525 2472 1775 2530; x_wconf 76' lang='lat' dir='ltr'><strong>Ascalo-</strong></span> 
     </span>
     <span class='ocr_line' id='line_1_44' title="bbox 116 2557 1772 2636; baseline 0.002 -23"><span class='ocrx_word' id='word_1_285' title='bbox 116 2573 260 2613; x_wconf 89' lang='lat' dir='ltr'><strong>nam</strong></span> <span class='ocrx_word' id='word_1_286' title='bbox 274 2557 616 2632; x_wconf 86' lang='lat' dir='ltr'><strong>dirigunt,ej</strong></span> <span class='ocrx_word' id='word_1_287' title='bbox 628 2575 696 2614; x_wconf 88' lang='lat' dir='ltr'><strong>us</strong></span> <span class='ocrx_word' id='word_1_288' title='bbox 707 2574 1026 2616; x_wconf 90' lang='lat' dir='ltr'><strong>occursum</strong></span> <span class='ocrx_word' id='word_1_289' title='bbox 1041 2563 1223 2618; x_wconf 89' lang='lat' dir='ltr'><strong>verbo</strong></span> <span class='ocrx_word' id='word_1_290' title='bbox 1233 2567 1582 2636; x_wconf 75' lang='lat' dir='ltr'><strong>quaerentes,</strong></span> <span class='ocrx_word' id='word_1_291' title='bbox 1597 2576 1772 2634; x_wconf 88' lang='lat' dir='ltr'><strong>quem</strong></span> 
     </span>
     <span class='ocr_line' id='line_1_45' title="bbox 115 2646 1774 2718; baseline 0.001 -15"><span class='ocrx_word' id='word_1_292' title='bbox 115 2648 181 2703; x_wconf 89' lang='lat' dir='ltr'><strong>in</strong></span> <span class='ocrx_word' id='word_1_293' title='bbox 192 2646 470 2717; x_wconf 88' lang='lat' dir='ltr'><strong>proximo</strong></span> <span class='ocrx_word' id='word_1_294' title='bbox 493 2647 751 2718; x_wconf 88' lang='lat' dir='ltr'><strong>positum</strong></span> <span class='ocrx_word' id='word_1_295' title='bbox 766 2648 1210 2706; x_wconf 84' lang='lat' dir='ltr'><strong>declinaverant</strong></span> <span class='ocrx_word' id='word_1_296' title='bbox 1239 2650 1525 2706; x_wconf 89' lang='lat' dir='ltr'><strong>studiose.</strong></span> <span class='ocrx_word' id='word_1_297' title='bbox 1551 2650 1774 2706; x_wconf 89' lang='lat' dir='ltr'><strong>Deinde</strong></span> 
     </span>
     <span class='ocr_line' id='line_1_46' title="bbox 118 2736 1775 2810; baseline 0.002 -19"><span class='ocrx_word' id='word_1_298' title='bbox 118 2738 344 2791; x_wconf 88' lang='lat' dir='ltr'><strong>Darum</strong></span> <span class='ocrx_word' id='word_1_299' title='bbox 359 2736 673 2802; x_wconf 83' lang='lat' dir='ltr'><strong>venientes,</strong></span> <span class='ocrx_word' id='word_1_300' title='bbox 690 2736 951 2810; x_wconf 89' lang='lat' dir='ltr'><strong>indeque</strong></span> <span class='ocrx_word' id='word_1_301' title='bbox 967 2737 1044 2793; x_wconf 90' lang='lat' dir='ltr'><strong>ad</strong></span> <span class='ocrx_word' id='word_1_302' title='bbox 1060 2738 1261 2795; x_wconf 91' lang='lat' dir='ltr'><strong>locum</strong></span> <span class='ocrx_word' id='word_1_303' title='bbox 1294 2753 1479 2810; x_wconf 90' lang='lat' dir='ltr'><strong>supra</strong></span> <span class='ocrx_word' id='word_1_304' title='bbox 1495 2739 1775 2794; x_wconf 91' lang='lat' dir='ltr'><strong>nomina-</strong></span> 
     </span>
     <span class='ocr_line' id='line_1_47' title="bbox 119 2823 1773 2901; baseline 0.001 -21"><span class='ocrx_word' id='word_1_305' title='bbox 119 2829 247 2880; x_wconf 89' lang='lat' dir='ltr'><strong>tum</strong></span> <span class='ocrx_word' id='word_1_306' title='bbox 277 2823 628 2880; x_wconf 88' lang='lat' dir='ltr'><strong>reducentes</strong></span> <span class='ocrx_word' id='word_1_307' title='bbox 675 2827 1021 2894; x_wconf 87' lang='lat' dir='ltr'><strong>exercitum,</strong></span> <span class='ocrx_word' id='word_1_308' title='bbox 1069 2827 1347 2885; x_wconf 88' lang='lat' dir='ltr'><strong>inutiliter</strong></span> <span class='ocrx_word' id='word_1_309' title='bbox 1372 2827 1681 2901; x_wconf 88' lang='lat' dir='ltr'><strong>impensas</strong></span> <span class='ocrx_word' id='word_1_310' title='bbox 1717 2832 1773 2883; x_wconf 91' lang='lat' dir='ltr'><strong>et</strong></span> 
     </span>
    </p>
   </div>
   <div class='ocr_carea' id='block_1_10' title="bbox 1883 1659 3542 2889">
    <p class='ocr_par' dir='ltr' id='par_1_11' title="bbox 1883 1659 3542 2889">
     <span class='ocr_line' id='line_1_48' title="bbox 1884 1659 3538 1735; baseline 0.005 -20"><span class='ocrx_word' id='word_1_311' title='bbox 1884 1659 3007 1735; x_wconf 84' lang='lat' dir='ltr'><strong>prudenterdelegit,propteraquarum</strong></span> <span class='ocrx_word' id='word_1_312' title='bbox 3019 1665 3511 1723; x_wconf 88' lang='lat' dir='ltr'><strong>commoditatem</strong></span> <span class='ocrx_word' id='word_1_313' title='bbox 3521 1682 3538 1734; x_wconf 89' lang='grc'><strong>;</strong></span> 
     </span>
     <span class='ocr_line' id='line_1_49' title="bbox 1883 1748 3532 1826; baseline 0.005 -21"><span class='ocrx_word' id='word_1_314' title='bbox 1883 1753 2011 1806; x_wconf 89' lang='lat' dir='ltr'><strong>erat</strong></span> <span class='ocrx_word' id='word_1_315' title='bbox 2032 1749 2196 1806; x_wconf 90' lang='lat' dir='ltr'><strong>enim</strong></span> <span class='ocrx_word' id='word_1_316' title='bbox 2211 1748 2291 1805; x_wconf 91' lang='lat' dir='ltr'><strong>ibi</strong></span> <span class='ocrx_word' id='word_1_317' title='bbox 2304 1753 2473 1805; x_wconf 82' lang='lat' dir='ltr'><strong>vetus</strong></span> <span class='ocrx_word' id='word_1_318' title='bbox 2486 1750 2810 1819; x_wconf 78' lang='lat' dir='ltr'><strong>etingentis</strong></span> <span class='ocrx_word' id='word_1_319' title='bbox 2825 1753 3258 1824; x_wconf 89' lang='lat' dir='ltr'><strong>magnitudinis</strong></span> <span class='ocrx_word' id='word_1_320' title='bbox 3280 1754 3532 1826; x_wconf 86' lang='lat' dir='ltr'><strong>piscina,</strong></span> 
     </span>
     <span class='ocr_line' id='line_1_50' title="bbox 1884 1838 3537 1915; baseline 0.004 -21"><span class='ocrx_word' id='word_1_321' title='bbox 1884 1854 2020 1910; x_wconf 79' lang='lat' dir='ltr'><strong>quoe</strong></span> <span class='ocrx_word' id='word_1_322' title='bbox 2049 1838 2126 1895; x_wconf 92' lang='lat' dir='ltr'><strong>ad</strong></span> <span class='ocrx_word' id='word_1_323' title='bbox 2139 1854 2319 1894; x_wconf 90' lang='lat' dir='ltr'><strong>usum</strong></span> <span class='ocrx_word' id='word_1_324' title='bbox 2340 1838 2601 1896; x_wconf 81' lang='lat' dir='ltr'><strong>universi</strong></span> <span class='ocrx_word' id='word_1_325' title='bbox 2616 1840 2908 1896; x_wconf 89' lang='lat' dir='ltr'><strong>exercitus</strong></span> <span class='ocrx_word' id='word_1_326' title='bbox 2919 1857 3218 1915; x_wconf 87' lang='lat' dir='ltr'><strong>aquarum</strong></span> <span class='ocrx_word' id='word_1_327' title='bbox 3239 1842 3537 1901; x_wconf 89' lang='lat' dir='ltr'><strong>ministra·</strong></span> 
     </span>
     <span class='ocr_line' id='line_1_51' title="bbox 1883 1926 3539 2003; baseline 0.003 -20"><span class='ocrx_word' id='word_1_328' title='bbox 1883 1926 1991 1984; x_wconf 94' lang='lat' dir='ltr'><strong>bat</strong></span> <span class='ocrx_word' id='word_1_329' title='bbox 2011 1926 2239 1999; x_wconf 90' lang='lat' dir='ltr'><strong>copias.</strong></span> <span class='ocrx_word' id='word_1_330' title='bbox 2272 1927 2385 1983; x_wconf 89' lang='lat' dir='ltr'><strong>Sed</strong></span> <span class='ocrx_word' id='word_1_331' title='bbox 2417 1931 2474 1983; x_wconf 90' lang='lat' dir='ltr'><strong>et</strong></span> <span class='ocrx_word' id='word_1_332' title='bbox 2501 1926 2736 1983; x_wconf 84' lang='lat' dir='ltr'><strong>vicinus</strong></span> <span class='ocrx_word' id='word_1_333' title='bbox 2770 1930 2967 1985; x_wconf 89' lang='lat' dir='ltr'><strong>eratei</strong></span> <span class='ocrx_word' id='word_1_334' title='bbox 2992 1929 3225 1999; x_wconf 88' lang='lat' dir='ltr'><strong>regioni</strong></span> <span class='ocrx_word' id='word_1_335' title='bbox 3263 1945 3401 2003; x_wconf 78' lang='lat' dir='ltr'><strong>quae</strong></span> <span class='ocrx_word' id='word_1_336' title='bbox 3447 1935 3539 1989; x_wconf 88' lang='lat' dir='ltr'><strong>est</strong></span> 
     </span>
     <span class='ocr_line' id='line_1_52' title="bbox 1885 2014 3531 2088; baseline 0.004 -17"><span class='ocrx_word' id='word_1_337' title='bbox 1885 2019 2050 2072; x_wconf 92' lang='lat' dir='ltr'><strong>trans</strong></span> <span class='ocrx_word' id='word_1_338' title='bbox 2077 2015 2107 2072; x_wconf 91' lang='lat' dir='ltr'>J</span> <span class='ocrx_word' id='word_1_339' title='bbox 2113 2016 2424 2082; x_wconf 90' lang='lat' dir='ltr'><strong>ordanem,</strong></span> <span class='ocrx_word' id='word_1_340' title='bbox 2451 2014 2618 2072; x_wconf 89' lang='lat' dir='ltr'><strong>locus</strong></span> <span class='ocrx_word' id='word_1_341' title='bbox 2638 2017 2980 2088; x_wconf 79' lang='lat' dir='ltr'><strong>proedictue‚</strong></span> <span class='ocrx_word' id='word_1_342' title='bbox 3003 2018 3087 2075; x_wconf 91' lang='lat' dir='ltr'><strong>ita</strong></span> <span class='ocrx_word' id='word_1_343' title='bbox 3111 2022 3174 2075; x_wconf 92' lang='lat' dir='ltr'><strong>ut</strong></span> <span class='ocrx_word' id='word_1_344' title='bbox 3202 2018 3333 2076; x_wconf 92' lang='lat' dir='ltr'><strong>sola</strong></span> <span class='ocrx_word' id='word_1_345' title='bbox 3356 2019 3531 2078; x_wconf 81' lang='lat' dir='ltr'><strong>vallis</strong></span> 
     </span>
     <span class='ocr_line' id='line_1_53' title="bbox 1888 2104 3541 2177; baseline 0.004 -17"><span class='ocrx_word' id='word_1_346' title='bbox 1888 2104 2153 2175; x_wconf 79' lang='lat' dir='ltr'><strong>illustris,</strong></span> <span class='ocrx_word' id='word_1_347' title='bbox 2182 2104 2241 2161; x_wconf 90' lang='lat' dir='ltr'><strong>in</strong></span> <span class='ocrx_word' id='word_1_348' title='bbox 2260 2119 2382 2177; x_wconf 89' lang='lat' dir='ltr'><strong>qua</strong></span> <span class='ocrx_word' id='word_1_349' title='bbox 2411 2119 2575 2161; x_wconf 88' lang='lat' dir='ltr'><strong>mare</strong></span> <span class='ocrx_word' id='word_1_350' title='bbox 2591 2105 3081 2177; x_wconf 79' lang='lat' dir='ltr'><strong>jacetMortuum,</strong></span> <span class='ocrx_word' id='word_1_351' title='bbox 3095 2107 3299 2165; x_wconf 89' lang='lat' dir='ltr'><strong>media</strong></span> <span class='ocrx_word' id='word_1_352' title='bbox 3318 2113 3541 2167; x_wconf 87' lang='lat' dir='ltr'><strong>utram·</strong></span> 
     </span>
     <span class='ocr_line' id='line_1_54' title="bbox 1885 2193 3539 2267; baseline 0.004 -19"><span class='ocrx_word' id='word_1_353' title='bbox 1885 2208 2005 2266; x_wconf 88' lang='lat' dir='ltr'><strong>que</strong></span> <span class='ocrx_word' id='word_1_354' title='bbox 2034 2193 2404 2250; x_wconf 87' lang='lat' dir='ltr'><strong>disterminet</strong></span> <span class='ocrx_word' id='word_1_355' title='bbox 2422 2194 3011 2263; x_wconf 81' lang='lat' dir='ltr'><strong>regionem.Faeilius</strong></span> <span class='ocrx_word' id='word_1_356' title='bbox 3033 2210 3177 2267; x_wconf 89' lang='lat' dir='ltr'><strong>ergo</strong></span> <span class='ocrx_word' id='word_1_357' title='bbox 3189 2201 3248 2253; x_wconf 96' lang='lat' dir='ltr'><strong>et</strong></span> <span class='ocrx_word' id='word_1_358' title='bbox 3271 2196 3539 2255; x_wconf 89' lang='lat' dir='ltr'><strong>crebrius</strong></span> 
     </span>
     <span class='ocr_line' id='line_1_55' title="bbox 1886 2281 3541 2353; baseline 0.003 -15"><span class='ocrx_word' id='word_1_359' title='bbox 1886 2288 2013 2339; x_wconf 90' lang='lat' dir='ltr'><strong>erat</strong></span> <span class='ocrx_word' id='word_1_360' title='bbox 2038 2283 2278 2347; x_wconf 88' lang='lat' dir='ltr'><strong>nostris,</strong></span> <span class='ocrx_word' id='word_1_361' title='bbox 2310 2281 2385 2338; x_wconf 92' lang='lat' dir='ltr'><strong>de</strong></span> <span class='ocrx_word' id='word_1_362' title='bbox 2405 2281 2576 2339; x_wconf 84' lang='lat' dir='ltr'><strong>factis</strong></span> <span class='ocrx_word' id='word_1_363' title='bbox 2606 2282 2869 2339; x_wconf 91' lang='lat' dir='ltr'><strong>hostium</strong></span> <span class='ocrx_word' id='word_1_364' title='bbox 2897 2283 3108 2342; x_wconf 90' lang='lat' dir='ltr'><strong>audire</strong></span> <span class='ocrx_word' id='word_1_365' title='bbox 3134 2300 3311 2353; x_wconf 82' lang='lat' dir='ltr'><strong>nova,</strong></span> <span class='ocrx_word' id='word_1_366' title='bbox 3337 2291 3396 2342; x_wconf 92' lang='lat' dir='ltr'><strong>et</strong></span> <span class='ocrx_word' id='word_1_367' title='bbox 3442 2301 3541 2344; x_wconf 93' lang='lat' dir='ltr'><strong>eo-</strong></span> 
     </span>
     <span class='ocr_line' id='line_1_56' title="bbox 1886 2372 3540 2442; baseline 0.004 -17"><span class='ocrx_word' id='word_1_368' title='bbox 1886 2385 2022 2426; x_wconf 92' lang='lat' dir='ltr'><strong>rum</strong></span> <span class='ocrx_word' id='word_1_369' title='bbox 2051 2374 2274 2427; x_wconf 90' lang='lat' dir='ltr'><strong>statum</strong></span> <span class='ocrx_word' id='word_1_370' title='bbox 2300 2385 2676 2442; x_wconf 84' lang='lat' dir='ltr'><strong>cognoscere.</strong></span> <span class='ocrx_word' id='word_1_371' title='bbox 2694 2374 2924 2429; x_wconf 89' lang='lat' dir='ltr'><strong>lnterea</strong></span> <span class='ocrx_word' id='word_1_372' title='bbox 2954 2372 3540 2442; x_wconf 89' lang='lat' dir='ltr'><strong>Salahadinus,dum</strong></span> 
     </span>
     <span class='ocr_line' id='line_1_57' title="bbox 1886 2458 3539 2535; baseline 0.003 -21"><span class='ocrx_word' id='word_1_373' title='bbox 1886 2474 1991 2514; x_wconf 83' lang='lat' dir='ltr'><strong>rex</strong></span> <span class='ocrx_word' id='word_1_374' title='bbox 2003 2463 2245 2530; x_wconf 91' lang='lat' dir='ltr'><strong>propter</strong></span> <span class='ocrx_word' id='word_1_375' title='bbox 2256 2458 2605 2530; x_wconf 78' lang='lat' dir='ltr'><strong>praedictam</strong></span> <span class='ocrx_word' id='word_1_376' title='bbox 2629 2475 2878 2516; x_wconf 89' lang='lat' dir='ltr'><strong>causam</strong></span> <span class='ocrx_word' id='word_1_377' title='bbox 2907 2461 2988 2517; x_wconf 90' lang='lat' dir='ltr'><strong>ad</strong></span> <span class='ocrx_word' id='word_1_378' title='bbox 3001 2462 3318 2529; x_wconf 76' lang='lat' dir='ltr'><strong>praedictas</strong></span> <span class='ocrx_word' id='word_1_379' title='bbox 3339 2466 3539 2535; x_wconf 84' lang='lat' dir='ltr'><strong>partes</strong></span> 
     </span>
     <span class='ocr_line' id='line_1_58' title="bbox 1886 2546 3537 2624; baseline 0.002 -19"><span class='ocrx_word' id='word_1_380' title='bbox 1886 2547 2123 2605; x_wconf 90' lang='lat' dir='ltr'><strong>dubitat</strong></span> <span class='ocrx_word' id='word_1_381' title='bbox 2152 2546 2456 2613; x_wconf 80' lang='lat' dir='ltr'><strong>accedere,</strong></span> <span class='ocrx_word' id='word_1_382' title='bbox 2487 2547 2784 2621; x_wconf 89' lang='lat' dir='ltr'><strong>quidquid</strong></span> <span class='ocrx_word' id='word_1_383' title='bbox 2812 2554 2980 2607; x_wconf 84' lang='lat' dir='ltr'><strong>extra</strong></span> <span class='ocrx_word' id='word_1_384' title='bbox 2994 2550 3279 2622; x_wconf 80' lang='lat' dir='ltr'><strong>praesidia</strong></span> <span class='ocrx_word' id='word_1_385' title='bbox 3301 2550 3537 2624; x_wconf 89' lang='lat' dir='ltr'><strong>reperit,</strong></span> 
     </span>
     <span class='ocr_line' id='line_1_59' title="bbox 1888 2635 3538 2706; baseline 0.002 -13"><span class='ocrx_word' id='word_1_386' title='bbox 1888 2637 2131 2694; x_wconf 89' lang='lat' dir='ltr'><strong>tradens</strong></span> <span class='ocrx_word' id='word_1_387' title='bbox 2173 2635 2487 2702; x_wconf 88' lang='lat' dir='ltr'><strong>incendiis,</strong></span> <span class='ocrx_word' id='word_1_388' title='bbox 2542 2636 2790 2694; x_wconf 89' lang='lat' dir='ltr'><strong>arbusta</strong></span> <span class='ocrx_word' id='word_1_389' title='bbox 2836 2638 3153 2695; x_wconf 81' lang='lat' dir='ltr'><strong>succidens</strong></span> <span class='ocrx_word' id='word_1_390' title='bbox 3200 2644 3256 2696; x_wconf 88' lang='lat' dir='ltr'><strong>et</strong></span> <span class='ocrx_word' id='word_1_391' title='bbox 3310 2639 3538 2706; x_wconf 77' lang='lat' dir='ltr'><strong>vineas,</strong></span> 
     </span>
     <span class='ocr_line' id='line_1_60' title="bbox 1886 2723 3542 2800; baseline 0.003 -18"><span class='ocrx_word' id='word_1_392' title='bbox 1886 2723 2652 2794; x_wconf 80' lang='lat' dir='ltr'><strong>suburbanaconl&#39;ringens,</strong></span> <span class='ocrx_word' id='word_1_393' title='bbox 2666 2725 2725 2781; x_wconf 92' lang='lat' dir='ltr'><strong>in</strong></span> <span class='ocrx_word' id='word_1_394' title='bbox 2739 2726 3046 2796; x_wconf 88' lang='lat' dir='ltr'><strong>regionem</strong></span> <span class='ocrx_word' id='word_1_395' title='bbox 3063 2732 3247 2785; x_wconf 89' lang='lat' dir='ltr'><strong>totam</strong></span> <span class='ocrx_word' id='word_1_396' title='bbox 3263 2743 3373 2800; x_wconf 90' lang='lat' dir='ltr'><strong>pro</strong></span> <span class='ocrx_word' id='word_1_397' title='bbox 3383 2728 3542 2787; x_wconf 89' lang='lat' dir='ltr'><strong>arbi-</strong></span> 
     </span>
     <span class='ocr_line' id='line_1_61' title="bbox 1887 2813 3537 2889; baseline 0.001 -18"><span class='ocrx_word' id='word_1_398' title='bbox 1887 2814 2000 2871; x_wconf 85' lang='lat' dir='ltr'><strong>trio</strong></span> <span class='ocrx_word' id='word_1_399' title='bbox 2030 2813 2300 2871; x_wconf 76' lang='lat' dir='ltr'><strong>desaevit.</strong></span> <span class='ocrx_word' id='word_1_400' title='bbox 2338 2813 2605 2869; x_wconf 86' lang='lat' dir='ltr'><strong>Tandem</strong></span> <span class='ocrx_word' id='word_1_401' title='bbox 2634 2828 2745 2886; x_wconf 86' lang='lat' dir='ltr'><strong>pro</strong></span> <span class='ocrx_word' id='word_1_402' title='bbox 2775 2815 2929 2872; x_wconf 83' lang='lat' dir='ltr'><strong>votis</strong></span> <span class='ocrx_word' id='word_1_403' title='bbox 2957 2815 3269 2888; x_wconf 78' lang='lat' dir='ltr'><strong>tyrannide</strong></span> <span class='ocrx_word' id='word_1_404' title='bbox 3286 2816 3537 2889; x_wconf 84' lang='lat' dir='ltr'><strong>potitus,</strong></span> 
     </span>
    </p>
   </div>
   <div class='ocr_carea' id='block_1_11' title="bbox 115 2901 3532 2989">
    <p class='ocr_par' dir='ltr' id='par_1_12' title="bbox 115 2901 3532 2989">
     <span class='ocr_line' id='line_1_62' title="bbox 115 2901 3532 2989; baseline 0.003 -21"><span class='ocrx_word' id='word_1_405' title='bbox 115 2927 361 2986; x_wconf 87' lang='lat' dir='ltr'><strong>operam</strong></span> <span class='ocrx_word' id='word_1_406' title='bbox 386 2921 908 2986; x_wconf 86' lang='lat' dir='ltr'><strong>consumpserunt.</strong></span> <span class='ocrx_word' id='word_1_407' title='bbox 938 2916 1033 2972; x_wconf 91' lang='lat' dir='ltr'><strong>llle</strong></span> <span class='ocrx_word' id='word_1_408' title='bbox 1048 2916 1208 2973; x_wconf 90' lang='lat' dir='ltr'><strong>enim</strong></span> <span class='ocrx_word' id='word_1_409' title='bbox 1232 2917 1512 2974; x_wconf 73' lang='lat' dir='ltr'><strong>Idummae</strong></span> <span class='ocrx_word' id='word_1_410' title='bbox 1537 2931 1776 2989; x_wconf 89' lang='lat' dir='ltr'><strong>campe-</strong></span> <span class='ocrx_word' id='word_1_411' title='bbox 1815 2918 1857 2977; x_wconf 92' lang='lat' dir='ltr'>C</span> <span class='ocrx_word' id='word_1_412' title='bbox 1887 2902 1948 2958; x_wconf 68' lang='lat'><strong>5¹¹</strong></span> <span class='ocrx_word' id='word_1_413' title='bbox 1969 2904 2292 2975; x_wconf 59' lang='lat' dir='ltr'><strong>AEssyptum</strong></span> <span class='ocrx_word' id='word_1_414' title='bbox 2313 2901 2471 2959; x_wconf 64' lang='lat' dir='ltr'>05¹0st</span> <span class='ocrx_word' id='word_1_415' title='bbox 2498 2901 2682 2957; x_wconf 66' lang='lat' dir='ltr'><strong>finem</strong></span> <span class='ocrx_word' id='word_1_416' title='bbox 2719 2902 3086 2975; x_wconf 61' lang='lat' dir='ltr'><strong>Seplembriss</strong></span> <span class='ocrx_word' id='word_1_417' title='bbox 3114 2919 3388 2961; x_wconf 82' lang='lat' dir='ltr'><strong>reversus</strong></span> <span class='ocrx_word' id='word_1_418' title='bbox 3415 2909 3532 2965; x_wconf 56' lang='lat'><strong>0⁸3·</strong></span> 
     </span>
    </p>
   </div>
   <div class='ocr_carea' id='block_1_12' title="bbox 112 3002 1779 4233">
    <p class='ocr_par' dir='ltr' id='par_1_13' title="bbox 112 3002 1779 4233">
     <span class='ocr_line' id='line_1_63' title="bbox 117 3002 1776 3073; baseline 0.001 -15"><span class='ocrx_word' id='word_1_419' title='bbox 117 3002 263 3060; x_wconf 86' lang='lat' dir='ltr'><strong>stria</strong></span> <span class='ocrx_word' id='word_1_420' title='bbox 290 3006 549 3069; x_wconf 80' lang='lat' dir='ltr'><strong>secutus,</strong></span> <span class='ocrx_word' id='word_1_421' title='bbox 581 3004 641 3058; x_wconf 93' lang='lat' dir='ltr'><strong>in</strong></span> <span class='ocrx_word' id='word_1_422' title='bbox 666 3004 901 3073; x_wconf 85' lang='lat' dir='ltr'><strong>Syriam</strong></span> <span class='ocrx_word' id='word_1_423' title='bbox 921 3006 1099 3063; x_wconf 90' lang='lat' dir='ltr'><strong>Sobal</strong></span> <span class='ocrx_word' id='word_1_424' title='bbox 1122 3022 1259 3063; x_wconf 93' lang='lat' dir='ltr'><strong>cum</strong></span> <span class='ocrx_word' id='word_1_425' title='bbox 1282 3006 1401 3062; x_wconf 89' lang='lat' dir='ltr'><strong>suis</strong></span> <span class='ocrx_word' id='word_1_426' title='bbox 1429 3005 1776 3063; x_wconf 90' lang='lat' dir='ltr'><strong>cohortibus</strong></span> 
     </span>
     <span class='ocr_line' id='line_1_64' title="bbox 116 3091 1777 3167; baseline 0.001 -20"><span class='ocrx_word' id='word_1_427' title='bbox 116 3091 476 3157; x_wconf 86' lang='lat' dir='ltr'><strong>ascendens,</strong></span> <span class='ocrx_word' id='word_1_428' title='bbox 496 3097 781 3160; x_wconf 90' lang='lat' dir='ltr'><strong>castrum,</strong></span> <span class='ocrx_word' id='word_1_429' title='bbox 811 3095 976 3166; x_wconf 91' lang='lat' dir='ltr'><strong>quod</strong></span> <span class='ocrx_word' id='word_1_430' title='bbox 997 3096 1288 3152; x_wconf 69' lang='lat' dir='ltr'><strong>universae</strong></span> <span class='ocrx_word' id='word_1_431' title='bbox 1308 3096 1570 3167; x_wconf 88' lang='lat' dir='ltr'><strong>regionis</strong></span> <span class='ocrx_word' id='word_1_432' title='bbox 1593 3098 1777 3167; x_wconf 90' lang='lat' dir='ltr'><strong>caput</strong></span> 
     </span>
     <span class='ocr_line' id='line_1_65' title="bbox 117 3180 1776 3259; baseline 0.001 -22"><span class='ocrx_word' id='word_1_433' title='bbox 117 3185 224 3247; x_wconf 89' lang='lat' dir='ltr'><strong>est,</strong></span> <span class='ocrx_word' id='word_1_434' title='bbox 258 3185 314 3236; x_wconf 89' lang='lat' dir='ltr'><strong>et</strong></span> <span class='ocrx_word' id='word_1_435' title='bbox 344 3180 648 3251; x_wconf 87' lang='lat' dir='ltr'><strong>singulare</strong></span> <span class='ocrx_word' id='word_1_436' title='bbox 675 3182 1044 3253; x_wconf 73' lang='lat' dir='ltr'><strong>praesidium,</strong></span> <span class='ocrx_word' id='word_1_437' title='bbox 1085 3183 1323 3259; x_wconf 64' lang='lat' dir='ltr'><strong>obsidet</strong></span> <span class='ocrx_word' id='word_1_438' title='bbox 1351 3202 1367 3253; x_wconf 89' lang='lat'><strong>;</strong></span> <span class='ocrx_word' id='word_1_439' title='bbox 1396 3190 1453 3241; x_wconf 93' lang='lat' dir='ltr'><strong>et</strong></span> <span class='ocrx_word' id='word_1_440' title='bbox 1478 3188 1776 3257; x_wconf 90' lang='lat' dir='ltr'><strong>quantum</strong></span> 
     </span>
     <span class='ocr_line' id='line_1_66' title="bbox 118 3268 1776 3345; baseline 0.001 -21"><span class='ocrx_word' id='word_1_441' title='bbox 118 3269 231 3325; x_wconf 90' lang='lat' dir='ltr'><strong>loci</strong></span> <span class='ocrx_word' id='word_1_442' title='bbox 252 3268 924 3341; x_wconf 77' lang='lat' dir='ltr'><strong>patitui-opportunitas,</strong></span> <span class='ocrx_word' id='word_1_443' title='bbox 949 3272 1164 3329; x_wconf 90' lang='lat' dir='ltr'><strong>studiis</strong></span> <span class='ocrx_word' id='word_1_444' title='bbox 1186 3273 1502 3345; x_wconf 91' lang='lat' dir='ltr'><strong>impugnat</strong></span> <span class='ocrx_word' id='word_1_445' title='bbox 1521 3271 1776 3329; x_wconf 87' lang='lat' dir='ltr'><strong>ardenti-</strong></span> 
     </span>
     <span class='ocr_line' id='line_1_67' title="bbox 115 3356 1771 3432; baseline 0.001 -18"><span class='ocrx_word' id='word_1_446' title='bbox 115 3356 252 3414; x_wconf 88' lang='lat' dir='ltr'><strong>bus.</strong></span> <span class='ocrx_word' id='word_1_447' title='bbox 284 3356 419 3414; x_wconf 84' lang='lat' dir='ltr'><strong>Erat</strong></span> <span class='ocrx_word' id='word_1_448' title='bbox 447 3363 649 3414; x_wconf 89' lang='lat' dir='ltr'><strong>autem</strong></span> <span class='ocrx_word' id='word_1_449' title='bbox 679 3360 1076 3432; x_wconf 89' lang='lat' dir='ltr'><strong>municipium</strong></span> <span class='ocrx_word' id='word_1_450' title='bbox 1111 3361 1172 3418; x_wconf 90' lang='lat' dir='ltr'><strong>in</strong></span> <span class='ocrx_word' id='word_1_451' title='bbox 1203 3361 1352 3419; x_wconf 91' lang='lat' dir='ltr'><strong>colle</strong></span> <span class='ocrx_word' id='word_1_452' title='bbox 1375 3363 1559 3419; x_wconf 91' lang='lat' dir='ltr'><strong>situm</strong></span> <span class='ocrx_word' id='word_1_453' title='bbox 1589 3360 1771 3426; x_wconf 79' lang='lat' dir='ltr'><strong>edito,</strong></span> 
     </span>
     <span class='ocr_line' id='line_1_68' title="bbox 115 3445 1772 3524; baseline 0.004 -21"><span class='ocrx_word' id='word_1_454' title='bbox 115 3445 402 3513; x_wconf 88' lang='lat' dir='ltr'><strong>turribus,</strong></span> <span class='ocrx_word' id='word_1_455' title='bbox 419 3446 605 3503; x_wconf 89' lang='lat' dir='ltr'><strong>muris</strong></span> <span class='ocrx_word' id='word_1_456' title='bbox 620 3449 1164 3506; x_wconf 84' lang='lat' dir='ltr'><strong>etantemuralibus</strong></span> <span class='ocrx_word' id='word_1_457' title='bbox 1178 3452 1413 3524; x_wconf 84' lang='lat' dir='ltr'><strong>egregie</strong></span> <span class='ocrx_word' id='word_1_458' title='bbox 1428 3451 1729 3509; x_wconf 87' lang='lat' dir='ltr'><strong>munitum</strong></span> <span class='ocrx_word' id='word_1_459' title='bbox 1758 3466 1772 3516; x_wconf 89' lang='lat'>;</span> 
     </span>
     <span class='ocr_line' id='line_1_69' title="bbox 115 3535 1776 3612; baseline 0.005 -21"><span class='ocrx_word' id='word_1_460' title='bbox 115 3541 365 3608; x_wconf 88' lang='lat' dir='ltr'><strong>eratque</strong></span> <span class='ocrx_word' id='word_1_461' title='bbox 376 3535 427 3592; x_wconf 90' lang='lat' dir='ltr'><strong>ei</strong></span> <span class='ocrx_word' id='word_1_462' title='bbox 457 3535 815 3593; x_wconf 90' lang='lat' dir='ltr'><strong>suburbium</strong></span> <span class='ocrx_word' id='word_1_463' title='bbox 837 3543 1004 3596; x_wconf 85' lang='lat' dir='ltr'><strong>extra</strong></span> <span class='ocrx_word' id='word_1_464' title='bbox 1016 3540 1359 3612; x_wconf 65' lang='lat' dir='ltr'><strong>praesidium</strong></span> <span class='ocrx_word' id='word_1_465' title='bbox 1383 3540 1564 3599; x_wconf 90' lang='lat' dir='ltr'><strong>situm</strong></span> <span class='ocrx_word' id='word_1_466' title='bbox 1589 3542 1649 3599; x_wconf 93' lang='lat' dir='ltr'><strong>in</strong></span> <span class='ocrx_word' id='word_1_467' title='bbox 1675 3544 1776 3599; x_wconf 89' lang='lat' dir='ltr'><strong>de·</strong></span> 
     </span>
     <span class='ocr_line' id='line_1_70' title="bbox 115 3623 1771 3700; baseline 0.005 -20"><span class='ocrx_word' id='word_1_468' title='bbox 115 3624 273 3681; x_wconf 82' lang='lat' dir='ltr'><strong>clivo</strong></span> <span class='ocrx_word' id='word_1_469' title='bbox 301 3623 490 3691; x_wconf 90' lang='lat' dir='ltr'><strong>collis,</strong></span> <span class='ocrx_word' id='word_1_470' title='bbox 518 3625 576 3681; x_wconf 92' lang='lat' dir='ltr'><strong>in</strong></span> <span class='ocrx_word' id='word_1_471' title='bbox 605 3624 740 3682; x_wconf 91' lang='lat' dir='ltr'><strong>loco</strong></span> <span class='ocrx_word' id='word_1_472' title='bbox 769 3630 971 3683; x_wconf 89' lang='lat' dir='ltr'><strong>tamen</strong></span> <span class='ocrx_word' id='word_1_473' title='bbox 1001 3628 1155 3685; x_wconf 90' lang='lat' dir='ltr'><strong>adeo</strong></span> <span class='ocrx_word' id='word_1_474' title='bbox 1203 3628 1442 3687; x_wconf 85' lang='lat' dir='ltr'><strong>sublimi</strong></span> <span class='ocrx_word' id='word_1_475' title='bbox 1489 3636 1544 3687; x_wconf 90' lang='lat' dir='ltr'><strong>et</strong></span> <span class='ocrx_word' id='word_1_476' title='bbox 1563 3632 1771 3700; x_wconf 89' lang='lat' dir='ltr'><strong>arduo,</strong></span> 
     </span>
     <span class='ocr_line' id='line_1_71' title="bbox 115 3702 1775 3787; baseline 0.005 -19"><span class='ocrx_word' id='word_1_477' title='bbox 115 3712 199 3769; x_wconf 85' lang='lat' dir='ltr'><strong>ita</strong></span> <span class='ocrx_word' id='word_1_478' title='bbox 230 3702 293 3768; x_wconf 89' lang='lat' dir='ltr'><strong>ut</strong></span> <span class='ocrx_word' id='word_1_479' title='bbox 319 3728 515 3785; x_wconf 89' lang='lat' dir='ltr'><strong>neque</strong></span> <span class='ocrx_word' id='word_1_480' title='bbox 544 3713 826 3781; x_wconf 86' lang='lat' dir='ltr'><strong>assultus,</strong></span> <span class='ocrx_word' id='word_1_481' title='bbox 858 3730 1053 3787; x_wconf 88' lang='lat' dir='ltr'><strong>neque</strong></span> <span class='ocrx_word' id='word_1_482' title='bbox 1082 3732 1331 3774; x_wconf 86' lang='lat' dir='ltr'><strong>arcuum</strong></span> <span class='ocrx_word' id='word_1_483' title='bbox 1361 3717 1454 3775; x_wconf 82' lang='lat' dir='ltr'><strong>vel</strong></span> <span class='ocrx_word' id='word_1_484' title='bbox 1472 3720 1775 3777; x_wconf 89' lang='lat' dir='ltr'><strong>machina·</strong></span> 
     </span>
     <span class='ocr_line' id='line_1_72' title="bbox 117 3800 1772 3876; baseline 0.005 -18"><span class='ocrx_word' id='word_1_485' title='bbox 117 3816 254 3858; x_wconf 91' lang='lat' dir='ltr'><strong>rum</strong></span> <span class='ocrx_word' id='word_1_486' title='bbox 286 3800 678 3858; x_wconf 77' lang='lat' dir='ltr'><strong>formidarent</strong></span> <span class='ocrx_word' id='word_1_487' title='bbox 701 3802 853 3859; x_wconf 90' lang='lat' dir='ltr'><strong>ictus</strong></span> <span class='ocrx_word' id='word_1_488' title='bbox 880 3820 894 3870; x_wconf 92' lang='lat'>;</span> <span class='ocrx_word' id='word_1_489' title='bbox 918 3809 1201 3876; x_wconf 87' lang='lat' dir='ltr'><strong>erantque</strong></span> <span class='ocrx_word' id='word_1_490' title='bbox 1216 3806 1330 3861; x_wconf 90' lang='lat' dir='ltr'><strong>loci</strong></span> <span class='ocrx_word' id='word_1_491' title='bbox 1357 3806 1515 3862; x_wconf 90' lang='lat' dir='ltr'><strong>illius</strong></span> <span class='ocrx_word' id='word_1_492' title='bbox 1537 3807 1772 3867; x_wconf 89' lang='lat' dir='ltr'><strong>habita-</strong></span> 
     </span>
     <span class='ocr_line' id='line_1_73' title="bbox 118 3889 1774 3965; baseline 0.004 -18"><span class='ocrx_word' id='word_1_493' title='bbox 118 3894 276 3947; x_wconf 87' lang='lat' dir='ltr'><strong>tores</strong></span> <span class='ocrx_word' id='word_1_494' title='bbox 302 3889 509 3946; x_wconf 84' lang='lat' dir='ltr'><strong>fideles</strong></span> <span class='ocrx_word' id='word_1_495' title='bbox 529 3891 788 3948; x_wconf 84' lang='lat' dir='ltr'><strong>universi</strong></span> <span class='ocrx_word' id='word_1_496' title='bbox 819 3906 835 3958; x_wconf 89' lang='lat'>;</span> <span class='ocrx_word' id='word_1_497' title='bbox 860 3908 981 3965; x_wconf 91' lang='lat' dir='ltr'><strong>quo</strong></span> <span class='ocrx_word' id='word_1_498' title='bbox 1002 3893 1258 3965; x_wconf 90' lang='lat' dir='ltr'><strong>amplior</strong></span> <span class='ocrx_word' id='word_1_499' title='bbox 1277 3894 1361 3950; x_wconf 90' lang='lat' dir='ltr'><strong>eis</strong></span> <span class='ocrx_word' id='word_1_500' title='bbox 1385 3894 1536 3952; x_wconf 85' lang='lat' dir='ltr'><strong>fides</strong></span> <span class='ocrx_word' id='word_1_501' title='bbox 1565 3896 1774 3954; x_wconf 91' lang='lat' dir='ltr'><strong>haberi</strong></span> 
     </span>
     <span class='ocr_line' id='line_1_74' title="bbox 118 3980 1775 4057; baseline 0.004 -22"><span class='ocrx_word' id='word_1_502' title='bbox 118 3982 370 4051; x_wconf 85' lang='lat' dir='ltr'><strong>poterat.</strong></span> <span class='ocrx_word' id='word_1_503' title='bbox 402 3981 690 4036; x_wconf 78' lang='lat' dir='ltr'><strong>Praeterea</strong></span> <span class='ocrx_word' id='word_1_504' title='bbox 713 3980 897 4036; x_wconf 89' lang='lat' dir='ltr'><strong>armis</strong></span> <span class='ocrx_word' id='word_1_505' title='bbox 920 3986 977 4035; x_wconf 89' lang='lat' dir='ltr'><strong>et</strong></span> <span class='ocrx_word' id='word_1_506' title='bbox 988 3980 1166 4047; x_wconf 90' lang='lat' dir='ltr'><strong>victu,</strong></span> <span class='ocrx_word' id='word_1_507' title='bbox 1197 3986 1257 4038; x_wconf 89' lang='lat' dir='ltr'><strong>et</strong></span> <span class='ocrx_word' id='word_1_508' title='bbox 1283 3982 1442 4047; x_wconf 90' lang='lat' dir='ltr'><strong>viris,</strong></span> <span class='ocrx_word' id='word_1_509' title='bbox 1470 3998 1580 4055; x_wconf 90' lang='lat' dir='ltr'><strong>pro</strong></span> <span class='ocrx_word' id='word_1_510' title='bbox 1591 3990 1775 4057; x_wconf 87' lang='lat' dir='ltr'><strong>captu</strong></span> 
     </span>
     <span class='ocr_line' id='line_1_75' title="bbox 112 4063 1772 4140; baseline 0.004 -17"><span class='ocrx_word' id='word_1_511' title='bbox 112 4063 235 4123; x_wconf 87' lang='lat' dir='ltr'><strong>loci</strong></span> <span class='ocrx_word' id='word_1_512' title='bbox 265 4065 716 4136; x_wconf 82' lang='lat' dir='ltr'><strong>sufficientibus,</strong></span> <span class='ocrx_word' id='word_1_513' title='bbox 742 4068 1057 4140; x_wconf 85' lang='lat' dir='ltr'><strong>diligenter</strong></span> <span class='ocrx_word' id='word_1_514' title='bbox 1079 4069 1220 4127; x_wconf 89' lang='lat' dir='ltr'><strong>satis</strong></span> <span class='ocrx_word' id='word_1_515' title='bbox 1242 4075 1369 4127; x_wconf 91' lang='lat' dir='ltr'><strong>erat</strong></span> <span class='ocrx_word' id='word_1_516' title='bbox 1395 4070 1772 4130; x_wconf 90' lang='lat' dir='ltr'><strong>instructum.</strong></span> 
     </span>
     <span class='ocr_line' id='line_1_76' title="bbox 118 4154 1779 4233; baseline 0.004 -21"><span class='ocrx_word' id='word_1_517' title='bbox 118 4154 231 4212; x_wconf 91' lang='lat' dir='ltr'><strong>Ubi</strong></span> <span class='ocrx_word' id='word_1_518' title='bbox 260 4169 398 4211; x_wconf 92' lang='lat' dir='ltr'><strong>cum</strong></span> <span class='ocrx_word' id='word_1_519' title='bbox 428 4170 535 4227; x_wconf 89' lang='lat' dir='ltr'><strong>per</strong></span> <span class='ocrx_word' id='word_1_520' title='bbox 563 4156 693 4213; x_wconf 90' lang='lat' dir='ltr'><strong>dies</strong></span> <span class='ocrx_word' id='word_1_521' title='bbox 722 4156 954 4230; x_wconf 90' lang='lat' dir='ltr'><strong>aliquot</strong></span> <span class='ocrx_word' id='word_1_522' title='bbox 977 4158 1257 4215; x_wconf 90' lang='lat' dir='ltr'><strong>inutiliter</strong></span> <span class='ocrx_word' id='word_1_523' title='bbox 1300 4159 1779 4233; x_wconf 84' lang='lat' dir='ltr'><strong>consumpsisset</strong></span> 
     </span>
    </p>
   </div>
   <div class='ocr_carea' id='block_1_13' title="bbox 116 4244 2709 4360">
    <p class='ocr_par' dir='ltr' id='par_1_14' title="bbox 116 4244 2709 4360">
     <span class='ocr_line' id='line_1_77' title="bbox 116 4244 2709 4360; baseline 0.005 -59"><span class='ocrx_word' id='word_1_524' title='bbox 116 4258 391 4317; x_wconf 88' lang='lat' dir='ltr'><strong>operam,</strong></span> <span class='ocrx_word' id='word_1_525' title='bbox 418 4244 633 4300; x_wconf 81' lang='lat' dir='ltr'><strong>videns</strong></span> <span class='ocrx_word' id='word_1_526' title='bbox 659 4245 824 4318; x_wconf 89' lang='lat' dir='ltr'><strong>quod</strong></span> <span class='ocrx_word' id='word_1_527' title='bbox 854 4261 976 4302; x_wconf 93' lang='lat' dir='ltr'><strong>non</strong></span> <span class='ocrx_word' id='word_1_528' title='bbox 1034 4247 1370 4320; x_wconf 86' lang='lat' dir='ltr'><strong>proficeret.</strong></span> <span class='ocrx_word' id='word_1_529' title='bbox 1401 4248 1624 4307; x_wconf 90' lang='lat' dir='ltr'><strong>indicto</strong></span> <span class='ocrx_word' id='word_1_530' title='bbox 1654 4250 1778 4308; x_wconf 87' lang='lat' dir='ltr'><strong>suis</strong></span> <span class='ocrx_word' id='word_1_531' title='bbox 1807 4268 1854 4324; x_wconf 81' lang='lat'><strong>1)</strong></span> <span class='ocrx_word' id='word_1_532' title='bbox 1884 4302 2259 4360; x_wconf 57' lang='lat' dir='ltr'><strong><em>Describitur</em></strong></span> <span class='ocrx_word' id='word_1_533' title='bbox 2275 4301 2709 4357; x_wconf 40' lang='lat' dir='ltr'><strong><em>Ani-”morum</em></strong></span> 
     </span>
    </p>
   </div>
   <div class='ocr_carea' id='block_1_14' title="bbox 115 4332 1784 5551">
    <p class='ocr_par' dir='ltr' id='par_1_15' title="bbox 115 4332 1782 4893">
     <span class='ocr_line' id='line_1_78' title="bbox 115 4332 1779 4411; baseline 0.004 -22"><span class='ocrx_word' id='word_1_534' title='bbox 115 4332 335 4398; x_wconf 90' lang='lat' dir='ltr'><strong>reditu,</strong></span> <span class='ocrx_word' id='word_1_535' title='bbox 362 4332 518 4390; x_wconf 80' lang='lat' dir='ltr'><strong>viam</strong></span> <span class='ocrx_word' id='word_1_536' title='bbox 548 4332 886 4391; x_wconf 88' lang='lat' dir='ltr'><strong>solitudinis</strong></span> <span class='ocrx_word' id='word_1_537' title='bbox 907 4336 1239 4408; x_wconf 86' lang='lat' dir='ltr'><strong>ingressus,</strong></span> <span class='ocrx_word' id='word_1_538' title='bbox 1263 4337 1323 4393; x_wconf 92' lang='lat' dir='ltr'><strong>in</strong></span> <span class='ocrx_word' id='word_1_539' title='bbox 1342 4336 1662 4411; x_wconf 79' lang='lat' dir='ltr'><strong>AEgyptum</strong></span> <span class='ocrx_word' id='word_1_540' title='bbox 1689 4355 1779 4396; x_wconf 89' lang='lat' dir='ltr'><strong>re·</strong></span> 
     </span>
     <span class='ocr_line' id='line_1_79' title="bbox 117 4427 454 4479; baseline 0.003 -2"><span class='ocrx_word' id='word_1_541' title='bbox 117 4437 330 4478; x_wconf 81' lang='lat' dir='ltr'><strong>versus</strong></span> <span class='ocrx_word' id='word_1_542' title='bbox 346 4427 454 4479; x_wconf 88' lang='lat' dir='ltr'><strong>est.</strong></span> 
     </span>
     <span class='ocr_line' id='line_1_80' title="bbox 695 4511 1086 4571; baseline 0 -4"><span class='ocrx_word' id='word_1_543' title='bbox 695 4511 920 4571; x_wconf 75' lang='lat' dir='ltr'>CAPUT</span> <span class='ocrx_word' id='word_1_544' title='bbox 938 4516 1086 4571; x_wconf 81' lang='lat' dir='ltr'><strong>XXX.</strong></span> 
     </span>
     <span class='ocr_line' id='line_1_81' title="bbox 118 4618 1782 4682; baseline 0.004 -6"><span class='ocrx_word' id='word_1_545' title='bbox 118 4618 529 4677; x_wconf 77' lang='lat' dir='ltr'><strong>salahadinus</strong></span> <span class='ocrx_word' id='word_1_546' title='bbox 557 4627 776 4677; x_wconf 78' lang='lat' dir='ltr'><strong>terram</strong></span> <span class='ocrx_word' id='word_1_547' title='bbox 792 4628 962 4679; x_wconf 84' lang='lat' dir='ltr'><strong>trans</strong></span> <span class='ocrx_word' id='word_1_548' title='bbox 985 4622 1302 4681; x_wconf 80' lang='lat' dir='ltr'><strong>Iordanem</strong></span> <span class='ocrx_word' id='word_1_549' title='bbox 1324 4623 1662 4682; x_wconf 80' lang='lat' dir='ltr'><strong>universam</strong></span> <span class='ocrx_word' id='word_1_550' title='bbox 1678 4625 1782 4682; x_wconf 84' lang='lat' dir='ltr'><strong>de-</strong></span> 
     </span>
     <span class='ocr_line' id='line_1_82' title="bbox 191 4692 1782 4763; baseline 0.004 -16"><span class='ocrx_word' id='word_1_551' title='bbox 191 4692 543 4761; x_wconf 76' lang='lat' dir='ltr'><strong>populatur.</strong></span> <span class='ocrx_word' id='word_1_552' title='bbox 558 4693 687 4749; x_wconf 76' lang='lat' dir='ltr'><strong>Rex</strong></span> <span class='ocrx_word' id='word_1_553' title='bbox 697 4692 761 4748; x_wconf 86' lang='lat' dir='ltr'><strong>in</strong></span> <span class='ocrx_word' id='word_1_554' title='bbox 775 4694 901 4751; x_wconf 82' lang='lat' dir='ltr'><strong>loco</strong></span> <span class='ocrx_word' id='word_1_555' title='bbox 914 4694 1012 4750; x_wconf 79' lang='lat' dir='ltr'><strong>cui</strong></span> <span class='ocrx_word' id='word_1_556' title='bbox 1034 4709 1248 4752; x_wconf 86' lang='lat' dir='ltr'><strong>nomen</strong></span> <span class='ocrx_word' id='word_1_557' title='bbox 1265 4694 1600 4763; x_wconf 79' lang='lat' dir='ltr'><strong>Carmelus,</strong></span> <span class='ocrx_word' id='word_1_558' title='bbox 1614 4711 1782 4753; x_wconf 70' lang='lat' dir='ltr'><strong>exet·-</strong></span> 
     </span>
     <span class='ocr_line' id='line_1_83' title="bbox 195 4763 1782 4847; baseline 0.005 -30"><span class='ocrx_word' id='word_1_559' title='bbox 195 4764 377 4818; x_wconf 80' lang='lat' dir='ltr'><strong>eitum</strong></span> <span class='ocrx_word' id='word_1_560' title='bbox 416 4763 658 4820; x_wconf 80' lang='lat' dir='ltr'><strong>detinet.</strong></span> <span class='ocrx_word' id='word_1_561' title='bbox 675 4766 877 4847; x_wconf 58' lang='lat' dir='ltr'><strong>Comes</strong></span> <span class='ocrx_word' id='word_1_562' title='bbox 899 4765 1273 4827; x_wconf 77' lang='lat' dir='ltr'><strong>Raimundus</strong></span> <span class='ocrx_word' id='word_1_563' title='bbox 1292 4766 1696 4839; x_wconf 70' lang='lat' dir='ltr'><strong>Tripolitanae</strong></span> <span class='ocrx_word' id='word_1_564' title='bbox 1707 4768 1782 4826; x_wconf 81' lang='lat' dir='ltr'><strong>de</strong></span> 
     </span>
     <span class='ocr_line' id='line_1_84' title="bbox 198 4842 811 4893; baseline 0.005 -5"><span class='ocrx_word' id='word_1_565' title='bbox 198 4846 439 4891; x_wconf 79' lang='lat' dir='ltr'><strong>earcere</strong></span> <span class='ocrx_word' id='word_1_566' title='bbox 466 4842 811 4893; x_wconf 70' lang='lat' dir='ltr'><strong>revertitur.</strong></span> 
     </span>
    </p>

    <p class='ocr_par' dir='ltr' id='par_1_16' title="bbox 119 4939 1784 5463">
     <span class='ocr_line' id='line_1_85' title="bbox 198 4939 1782 5016; baseline 0.006 -22"><span class='ocrx_word' id='word_1_567' title='bbox 198 4939 476 5011; x_wconf 89' lang='lat' dir='ltr'><strong>Sequenti</strong></span> <span class='ocrx_word' id='word_1_568' title='bbox 519 4956 702 5008; x_wconf 88' lang='lat' dir='ltr'><strong>anno,</strong></span> <span class='ocrx_word' id='word_1_569' title='bbox 743 4942 846 5015; x_wconf 89' lang='lat' dir='ltr'><strong>qui</strong></span> <span class='ocrx_word' id='word_1_570' title='bbox 877 4946 1004 5000; x_wconf 90' lang='lat' dir='ltr'><strong>erat</strong></span> <span class='ocrx_word' id='word_1_571' title='bbox 1030 4945 1198 5016; x_wconf 90' lang='lat' dir='ltr'><strong>regni</strong></span> <span class='ocrx_word' id='word_1_572' title='bbox 1234 4945 1461 5004; x_wconf 89' lang='lat' dir='ltr'><strong>domini</strong></span> <span class='ocrx_word' id='word_1_573' title='bbox 1502 4945 1782 5004; x_wconf 76' lang='lat' dir='ltr'><strong>Amalrici</strong></span> 
     </span>
     <span class='ocr_line' id='line_1_86' title="bbox 121 5026 1784 5109; baseline 0.004 -25"><span class='ocrx_word' id='word_1_574' title='bbox 121 5026 418 5095; x_wconf 88' lang='lat' dir='ltr'><strong>decimus,</strong></span> <span class='ocrx_word' id='word_1_575' title='bbox 437 5029 649 5087; x_wconf 83' lang='lat' dir='ltr'><strong>videns</strong></span> <span class='ocrx_word' id='word_1_576' title='bbox 663 5030 820 5087; x_wconf 92' lang='lat' dir='ltr'><strong>idem</strong></span> <span class='ocrx_word' id='word_1_577' title='bbox 835 5030 1230 5089; x_wconf 88' lang='lat' dir='ltr'><strong>Salahadinus</strong></span> <span class='ocrx_word' id='word_1_578' title='bbox 1247 5034 1414 5107; x_wconf 90' lang='lat' dir='ltr'><strong>quod</strong></span> <span class='ocrx_word' id='word_1_579' title='bbox 1443 5049 1607 5093; x_wconf 89' lang='lat' dir='ltr'><strong>anno</strong></span> <span class='ocrx_word' id='word_1_580' title='bbox 1634 5049 1784 5109; x_wconf 77' lang='lat' dir='ltr'><strong>proe·</strong></span> 
     </span>
     <span class='ocr_line' id='line_1_87' title="bbox 122 5117 1783 5195; baseline 0.005 -23"><span class='ocrx_word' id='word_1_581' title='bbox 122 5117 370 5174; x_wconf 90' lang='lat' dir='ltr'><strong>cedente</strong></span> <span class='ocrx_word' id='word_1_582' title='bbox 396 5126 605 5176; x_wconf 89' lang='lat' dir='ltr'><strong>contra</strong></span> <span class='ocrx_word' id='word_1_583' title='bbox 617 5124 853 5177; x_wconf 86' lang='lat' dir='ltr'><strong>nostros</strong></span> <span class='ocrx_word' id='word_1_584' title='bbox 872 5136 994 5177; x_wconf 93' lang='lat' dir='ltr'><strong>non</strong></span> <span class='ocrx_word' id='word_1_585' title='bbox 1023 5122 1279 5179; x_wconf 89' lang='lat' dir='ltr'><strong>multum</strong></span> <span class='ocrx_word' id='word_1_586' title='bbox 1301 5122 1652 5195; x_wconf 80' lang='lat' dir='ltr'><strong>proiecerat,</strong></span> <span class='ocrx_word' id='word_1_587' title='bbox 1674 5139 1783 5182; x_wconf 82' lang='lat' dir='ltr'><strong>vo-</strong></span> 
     </span>
     <span class='ocr_line' id='line_1_88' title="bbox 119 5205 1782 5285; baseline 0.005 -22"><span class='ocrx_word' id='word_1_588' title='bbox 119 5205 255 5263; x_wconf 90' lang='lat' dir='ltr'><strong>lens</strong></span> <span class='ocrx_word' id='word_1_589' title='bbox 286 5208 615 5280; x_wconf 64' lang='lat' dir='ltr'><strong>praeteritos</strong></span> <span class='ocrx_word' id='word_1_590' title='bbox 652 5209 939 5266; x_wconf 85' lang='lat' dir='ltr'><strong>redimere</strong></span> <span class='ocrx_word' id='word_1_591' title='bbox 976 5210 1261 5277; x_wconf 79' lang='lat' dir='ltr'><strong>delectus,</strong></span> <span class='ocrx_word' id='word_1_592' title='bbox 1297 5215 1663 5285; x_wconf 84' lang='lat' dir='ltr'><strong>congregata</strong></span> <span class='ocrx_word' id='word_1_593' title='bbox 1713 5228 1782 5271; x_wconf 82' lang='lat' dir='ltr'><strong>ex</strong></span> 
     </span>
     <span class='ocr_line' id='line_1_89' title="bbox 124 5296 1783 5372; baseline 0.004 -19"><span class='ocrx_word' id='word_1_594' title='bbox 124 5296 422 5353; x_wconf 83' lang='lat' dir='ltr'><strong>universis</strong></span> <span class='ocrx_word' id='word_1_595' title='bbox 454 5297 690 5371; x_wconf 83' lang='lat' dir='ltr'><strong>AEgypti</strong></span> <span class='ocrx_word' id='word_1_596' title='bbox 717 5297 941 5356; x_wconf 89' lang='lat' dir='ltr'><strong>finibus</strong></span> <span class='ocrx_word' id='word_1_597' title='bbox 980 5299 1219 5357; x_wconf 84' lang='lat' dir='ltr'><strong>infinita</strong></span> <span class='ocrx_word' id='word_1_598' title='bbox 1251 5299 1460 5359; x_wconf 87' lang='lat' dir='ltr'><strong>militia</strong></span> <span class='ocrx_word' id='word_1_599' title='bbox 1483 5303 1542 5358; x_wconf 90' lang='lat' dir='ltr'><strong>et</strong></span> <span class='ocrx_word' id='word_1_600' title='bbox 1577 5300 1783 5372; x_wconf 92' lang='lat' dir='ltr'><strong>ingen·</strong></span> 
     </span>
     <span class='ocr_line' id='line_1_90' title="bbox 123 5384 1784 5463; baseline 0.007 -26"><span class='ocrx_word' id='word_1_601' title='bbox 123 5384 289 5443; x_wconf 90' lang='lat' dir='ltr'><strong>tibus</strong></span> <span class='ocrx_word' id='word_1_602' title='bbox 308 5385 520 5459; x_wconf 89' lang='lat' dir='ltr'><strong>copiis,</strong></span> <span class='ocrx_word' id='word_1_603' title='bbox 536 5386 598 5443; x_wconf 92' lang='lat' dir='ltr'><strong>in</strong></span> <span class='ocrx_word' id='word_1_604' title='bbox 612 5402 869 5460; x_wconf 87' lang='lat' dir='ltr'><strong>regnum</strong></span> <span class='ocrx_word' id='word_1_605' title='bbox 898 5388 1112 5448; x_wconf 89' lang='lat' dir='ltr'><strong>iterum</strong></span> <span class='ocrx_word' id='word_1_606' title='bbox 1137 5388 1382 5449; x_wconf 85' lang='lat' dir='ltr'><strong>introire</strong></span> <span class='ocrx_word' id='word_1_607' title='bbox 1407 5388 1691 5463; x_wconf 80' lang='lat' dir='ltr'><strong>disponit.</strong></span> <span class='ocrx_word' id='word_1_608' title='bbox 1716 5391 1784 5449; x_wconf 83' lang='lat' dir='ltr'><strong>Et</strong></span> 
     </span>
    </p>

    <p class='ocr_par' dir='ltr' id='par_1_17' title="bbox 416 5489 833 5551">
     <span class='ocr_line' id='line_1_91' title="bbox 416 5489 833 5551; baseline 0.014 -6"><span class='ocrx_word' id='word_1_609' title='bbox 416 5489 658 5548; x_wconf 63' lang='lat' dir='ltr'><strong>Parnoi..</strong></span> <span class='ocrx_word' id='word_1_610' title='bbox 696 5489 833 5551; x_wconf 82' lang='lat' dir='ltr'><strong>ccl.</strong></span> 
     </span>
    </p>
   </div>
   <div class='ocr_carea' id='block_1_15' title="bbox 1880 2989 3543 4129">
    <p class='ocr_par' dir='ltr' id='par_1_18' title="bbox 1880 2989 3543 4129">
     <span class='ocr_line' id='line_1_92' title="bbox 1959 2989 3538 3067; baseline 0.002 -18"><span class='ocrx_word' id='word_1_611' title='bbox 1959 2995 2065 3049; x_wconf 87' lang='lat' dir='ltr'><strong>Per</strong></span> <span class='ocrx_word' id='word_1_612' title='bbox 2092 2991 2254 3048; x_wconf 92' lang='lat' dir='ltr'><strong>idem</strong></span> <span class='ocrx_word' id='word_1_613' title='bbox 2283 2994 2546 3064; x_wconf 90' lang='lat' dir='ltr'><strong>tempus,</strong></span> <span class='ocrx_word' id='word_1_614' title='bbox 2594 2989 2878 3048; x_wconf 89' lang='lat' dir='ltr'><strong>dominus</strong></span> <span class='ocrx_word' id='word_1_615' title='bbox 2917 2993 3292 3050; x_wconf 86' lang='lat' dir='ltr'><strong>Raimundus</strong></span> <span class='ocrx_word' id='word_1_616' title='bbox 3313 2993 3538 3067; x_wconf 83' lang='lat' dir='ltr'><strong>junior,</strong></span> 
     </span>
     <span class='ocr_line' id='line_1_93' title="bbox 1884 3079 3539 3155; baseline 0.001 -17"><span class='ocrx_word' id='word_1_617' title='bbox 1884 3080 2206 3138; x_wconf 86' lang='lat' dir='ltr'><strong>Raimundi</strong></span> <span class='ocrx_word' id='word_1_618' title='bbox 2226 3079 2477 3137; x_wconf 87' lang='lat' dir='ltr'><strong>senioris</strong></span> <span class='ocrx_word' id='word_1_619' title='bbox 2503 3079 2885 3149; x_wconf 86' lang='lat' dir='ltr'><strong>filius,comes</strong></span> <span class='ocrx_word' id='word_1_620' title='bbox 2896 3082 3539 3155; x_wconf 78' lang='lat' dir='ltr'><strong>Tripolitanus,octavo</strong></span> 
     </span>
     <span class='ocr_line' id='line_1_94' title="bbox 1886 3168 3539 3242; baseline 0.001 -15"><span class='ocrx_word' id='word_1_621' title='bbox 1886 3186 2049 3227; x_wconf 89' lang='lat' dir='ltr'><strong>anno</strong></span> <span class='ocrx_word' id='word_1_622' title='bbox 2077 3168 2432 3242; x_wconf 79' lang='lat' dir='ltr'><strong>captivitatis</strong></span> <span class='ocrx_word' id='word_1_623' title='bbox 2444 3185 2590 3234; x_wconf 73' lang='lat' dir='ltr'><strong>suae,</strong></span> <span class='ocrx_word' id='word_1_624' title='bbox 2604 3168 2829 3241; x_wconf 90' lang='lat' dir='ltr'><strong>quibus</strong></span> <span class='ocrx_word' id='word_1_625' title='bbox 2843 3171 2902 3226; x_wconf 91' lang='lat' dir='ltr'><strong>in</strong></span> <span class='ocrx_word' id='word_1_626' title='bbox 2918 3171 3299 3228; x_wconf 89' lang='lat' dir='ltr'><strong>mendicitate</strong></span> <span class='ocrx_word' id='word_1_627' title='bbox 3310 3176 3370 3229; x_wconf 94' lang='lat' dir='ltr'><strong>et</strong></span> <span class='ocrx_word' id='word_1_628' title='bbox 3385 3171 3539 3228; x_wconf 80' lang='lat' dir='ltr'><strong>ferro</strong></span> 
     </span>
     <span class='ocr_line' id='line_1_95' title="bbox 1885 3256 3538 3332; baseline 0.001 -16"><span class='ocrx_word' id='word_1_629' title='bbox 1885 3258 2051 3332; x_wconf 89' lang='lat' dir='ltr'><strong>apud</strong></span> <span class='ocrx_word' id='word_1_630' title='bbox 2072 3259 2278 3315; x_wconf 88' lang='lat' dir='ltr'><strong>hostes</strong></span> <span class='ocrx_word' id='word_1_631' title='bbox 2293 3257 2567 3314; x_wconf 90' lang='lat' dir='ltr'><strong>detentus</strong></span> <span class='ocrx_word' id='word_1_632' title='bbox 2584 3256 2790 3323; x_wconf 78' lang='lat' dir='ltr'><strong>fuerat,</strong></span> <span class='ocrx_word' id='word_1_633' title='bbox 2821 3258 2977 3315; x_wconf 87' lang='lat' dir='ltr'><strong>datis</strong></span> <span class='ocrx_word' id='word_1_634' title='bbox 2993 3275 3102 3332; x_wconf 92' lang='lat' dir='ltr'><strong>pro</strong></span> <span class='ocrx_word' id='word_1_635' title='bbox 3126 3276 3193 3315; x_wconf 82' lang='lat' dir='ltr'><strong>se</strong></span> <span class='ocrx_word' id='word_1_636' title='bbox 3216 3276 3538 3318; x_wconf 87' lang='lat' dir='ltr'><strong>aureorum</strong></span> 
     </span>
     <span class='ocr_line' id='line_1_96' title="bbox 1886 3346 3538 3419; baseline 0.002 -15"><span class='ocrx_word' id='word_1_637' title='bbox 1886 3348 2149 3405; x_wconf 90' lang='lat' dir='ltr'><strong>millibus</strong></span> <span class='ocrx_word' id='word_1_638' title='bbox 2192 3346 2517 3416; x_wconf 89' lang='lat' dir='ltr'><strong>octoginta,</strong></span> <span class='ocrx_word' id='word_1_639' title='bbox 2562 3347 2826 3418; x_wconf 63' lang='lat' dir='ltr'><strong>pristinae</strong></span> <span class='ocrx_word' id='word_1_640' title='bbox 2860 3363 2923 3403; x_wconf 88' lang='lat' dir='ltr'><strong>se</strong></span> <span class='ocrx_word' id='word_1_641' title='bbox 2979 3349 3231 3405; x_wconf 86' lang='lat' dir='ltr'><strong>restituit</strong></span> <span class='ocrx_word' id='word_1_642' title='bbox 3259 3348 3538 3419; x_wconf 88' lang='lat' dir='ltr'><strong>libertati,</strong></span> 
     </span>
     <span class='ocr_line' id='line_1_97' title="bbox 1884 3434 3539 3508; baseline 0.001 -15"><span class='ocrx_word' id='word_1_643' title='bbox 1884 3436 1963 3494; x_wconf 89' lang='lat' dir='ltr'><strong>ad</strong></span> <span class='ocrx_word' id='word_1_644' title='bbox 1983 3437 2211 3493; x_wconf 82' lang='lat' dir='ltr'><strong>avitum</strong></span> <span class='ocrx_word' id='word_1_645' title='bbox 2234 3434 2472 3490; x_wconf 88' lang='lat' dir='ltr'><strong>rediens</strong></span> <span class='ocrx_word' id='word_1_646' title='bbox 2502 3435 2850 3491; x_wconf 88' lang='lat' dir='ltr'><strong>comitatum</strong></span> <span class='ocrx_word' id='word_1_647' title='bbox 2880 3452 2895 3502; x_wconf 92' lang='lat'>;</span> <span class='ocrx_word' id='word_1_648' title='bbox 2919 3452 3102 3508; x_wconf 90' lang='lat' dir='ltr'><strong>quem</strong></span> <span class='ocrx_word' id='word_1_649' title='bbox 3129 3437 3415 3494; x_wconf 88' lang='lat' dir='ltr'><strong>dominus</strong></span> <span class='ocrx_word' id='word_1_650' title='bbox 3435 3453 3539 3495; x_wconf 87' lang='lat' dir='ltr'><strong>rex</strong></span> 
     </span>
     <span class='ocr_line' id='line_1_98' title="bbox 1884 3521 3538 3598; baseline 0 -16"><span class='ocrx_word' id='word_1_651' title='bbox 1884 3526 2141 3596; x_wconf 90' lang='lat' dir='ltr'><strong>benigne</strong></span> <span class='ocrx_word' id='word_1_652' title='bbox 2156 3521 2419 3594; x_wconf 90' lang='lat' dir='ltr'><strong>suscepit</strong></span> <span class='ocrx_word' id='word_1_653' title='bbox 2430 3522 2781 3579; x_wconf 87' lang='lat' dir='ltr'><strong>redeuntem</strong></span> <span class='ocrx_word' id='word_1_654' title='bbox 2791 3541 2810 3594; x_wconf 65' lang='grc' dir='ltr'><strong><em>ς</em></strong></span> <span class='ocrx_word' id='word_1_655' title='bbox 2824 3529 2881 3579; x_wconf 90' lang='lat' dir='ltr'><strong>et</strong></span> <span class='ocrx_word' id='word_1_656' title='bbox 2893 3529 3113 3580; x_wconf 87' lang='lat' dir='ltr'><strong>terram</strong></span> <span class='ocrx_word' id='word_1_657' title='bbox 3134 3541 3331 3593; x_wconf 91' lang='lat' dir='ltr'><strong>suam,</strong></span> <span class='ocrx_word' id='word_1_658' title='bbox 3348 3541 3538 3598; x_wconf 90' lang='lat' dir='ltr'><strong>quam</strong></span> 
     </span>
     <span class='ocr_line' id='line_1_99' title="bbox 1884 3612 3541 3683; baseline 0.001 -13"><span class='ocrx_word' id='word_1_659' title='bbox 1884 3613 2084 3670; x_wconf 92' lang='lat' dir='ltr'><strong>medio</strong></span> <span class='ocrx_word' id='word_1_660' title='bbox 2096 3616 2852 3683; x_wconf 82' lang='lat' dir='ltr'><strong>conservaverattempore,</strong></span> <span class='ocrx_word' id='word_1_661' title='bbox 2872 3612 2999 3668; x_wconf 89' lang='lat' dir='ltr'><strong>sine</strong></span> <span class='ocrx_word' id='word_1_662' title='bbox 3015 3612 3358 3670; x_wconf 81' lang='lat' dir='ltr'><strong>difficultate</strong></span> <span class='ocrx_word' id='word_1_663' title='bbox 3379 3613 3541 3671; x_wconf 87' lang='lat' dir='ltr'><strong>resti·</strong></span> 
     </span>
     <span class='ocr_line' id='line_1_100' title="bbox 1883 3699 3542 3776; baseline 0 -17"><span class='ocrx_word' id='word_1_664' title='bbox 1883 3702 2013 3760; x_wconf 92' lang='lat' dir='ltr'><strong>tuit.</strong></span> <span class='ocrx_word' id='word_1_665' title='bbox 2033 3702 2284 3773; x_wconf 90' lang='lat' dir='ltr'><strong>Insuper</strong></span> <span class='ocrx_word' id='word_1_666' title='bbox 2295 3700 2493 3767; x_wconf 90' lang='lat' dir='ltr'><strong>etiam,</strong></span> <span class='ocrx_word' id='word_1_667' title='bbox 2520 3704 2581 3757; x_wconf 90' lang='lat' dir='ltr'><strong>ut</strong></span> <span class='ocrx_word' id='word_1_668' title='bbox 2599 3699 2678 3757; x_wconf 90' lang='lat' dir='ltr'><strong>ad</strong></span> <span class='ocrx_word' id='word_1_669' title='bbox 2701 3699 3161 3772; x_wconf 83' lang='lat' dir='ltr'><strong>persolvendum</strong></span> <span class='ocrx_word' id='word_1_670' title='bbox 3183 3702 3542 3776; x_wconf 90' lang='lat' dir='ltr'><strong>redemptio·</strong></span> 
     </span>
     <span class='ocr_line' id='line_1_101' title="bbox 1883 3789 3541 3862; baseline 0 -14"><span class='ocrx_word' id='word_1_671' title='bbox 1883 3792 1979 3847; x_wconf 93' lang='lat' dir='ltr'><strong>nis</strong></span> <span class='ocrx_word' id='word_1_672' title='bbox 2006 3807 2133 3848; x_wconf 78' lang='lat' dir='ltr'><strong>suae</strong></span> <span class='ocrx_word' id='word_1_673' title='bbox 2163 3789 2420 3862; x_wconf 89' lang='lat' dir='ltr'><strong>pretium</strong></span> <span class='ocrx_word' id='word_1_674' title='bbox 2447 3793 2603 3846; x_wconf 89' lang='lat' dir='ltr'><strong>esset</strong></span> <span class='ocrx_word' id='word_1_675' title='bbox 2626 3789 2899 3855; x_wconf 91' lang='lat' dir='ltr'><strong>idoneus,</strong></span> <span class='ocrx_word' id='word_1_676' title='bbox 2918 3789 3084 3861; x_wconf 89' lang='lat' dir='ltr'><strong>regia</strong></span> <span class='ocrx_word' id='word_1_677' title='bbox 3108 3790 3459 3849; x_wconf 85' lang='lat' dir='ltr'><strong>liberalitate</strong></span> <span class='ocrx_word' id='word_1_678' title='bbox 3479 3791 3541 3848; x_wconf 91' lang='lat' dir='ltr'><strong>in</strong></span> 
     </span>
     <span class='ocr_line' id='line_1_102' title="bbox 1880 3877 3543 3953; baseline -0.001 -16"><span class='ocrx_word' id='word_1_679' title='bbox 1880 3896 2022 3937; x_wconf 91' lang='lat' dir='ltr'><strong>eum</strong></span> <span class='ocrx_word' id='word_1_680' title='bbox 2053 3878 2313 3953; x_wconf 90' lang='lat' dir='ltr'><strong>plurima</strong></span> <span class='ocrx_word' id='word_1_681' title='bbox 2334 3877 2602 3935; x_wconf 88' lang='lat' dir='ltr'><strong>contulit.</strong></span> <span class='ocrx_word' id='word_1_682' title='bbox 2635 3877 2750 3934; x_wconf 88' lang='lat' dir='ltr'><strong>Sed</strong></span> <span class='ocrx_word' id='word_1_683' title='bbox 2780 3882 2838 3934; x_wconf 92' lang='lat' dir='ltr'><strong>et</strong></span> <span class='ocrx_word' id='word_1_684' title='bbox 2866 3878 3165 3950; x_wconf 89' lang='lat' dir='ltr'><strong>principes</strong></span> <span class='ocrx_word' id='word_1_685' title='bbox 3187 3894 3330 3935; x_wconf 90' lang='lat' dir='ltr'><strong>suos</strong></span> <span class='ocrx_word' id='word_1_686' title='bbox 3357 3885 3413 3935; x_wconf 90' lang='lat' dir='ltr'><strong>et</strong></span> <span class='ocrx_word' id='word_1_687' title='bbox 3441 3879 3543 3937; x_wconf 88' lang='lat' dir='ltr'><strong>Ec-</strong></span> 
     </span>
     <span class='ocr_line' id='line_1_103' title="bbox 1883 3966 3542 4040; baseline 0 -14"><span class='ocrx_word' id='word_1_688' title='bbox 1883 3969 2201 4027; x_wconf 88' lang='lat' dir='ltr'><strong>clesiarum</strong></span> <span class='ocrx_word' id='word_1_689' title='bbox 2260 3966 2558 4040; x_wconf 74' lang='lat' dir='ltr'><strong>praelatos,</strong></span> <span class='ocrx_word' id='word_1_690' title='bbox 2599 3966 2876 4040; x_wconf 88' lang='lat' dir='ltr'><strong>exemplo</strong></span> <span class='ocrx_word' id='word_1_691' title='bbox 2926 3966 3018 4024; x_wconf 91' lang='lat' dir='ltr'><strong>sui</strong></span> <span class='ocrx_word' id='word_1_692' title='bbox 3061 3968 3266 4024; x_wconf 90' lang='lat' dir='ltr'><strong>itidem</strong></span> <span class='ocrx_word' id='word_1_693' title='bbox 3325 3967 3542 4037; x_wconf 78' lang='lat' dir='ltr'><strong>tacere,</strong></span> 
     </span>
     <span class='ocr_line' id='line_1_104' title="bbox 1883 4056 2619 4129; baseline -0.001 -15"><span class='ocrx_word' id='word_1_694' title='bbox 1883 4073 2024 4114; x_wconf 92' lang='lat' dir='ltr'><strong>cum</strong></span> <span class='ocrx_word' id='word_1_695' title='bbox 2054 4056 2267 4113; x_wconf 86' lang='lat' dir='ltr'><strong>effectu</strong></span> <span class='ocrx_word' id='word_1_696' title='bbox 2298 4056 2619 4129; x_wconf 89' lang='lat' dir='ltr'><strong>persuasit.</strong></span> 
     </span>
    </p>
   </div>
   <div class='ocr_carea' id='block_1_16' title="bbox 2500 4178 2927 4236">
    <p class='ocr_par' dir='ltr' id='par_1_19' title="bbox 2500 4178 2927 4236">
     <span class='ocr_line' id='line_1_105' title="bbox 2500 4178 2927 4236; baseline -0.007 0"><span class='ocrx_word' id='word_1_697' title='bbox 2500 4178 2723 4236; x_wconf 79' lang='lat' dir='ltr'><strong>CAPUT</strong></span> <span class='ocrx_word' id='word_1_698' title='bbox 2755 4179 2927 4236; x_wconf 82' lang='lat' dir='ltr'><strong>xxxl.</strong></span> 
     </span>
    </p>
   </div>
   <div class='ocr_carea' id='block_1_17' title="bbox 2298 4302 3547 4445">
    <p class='ocr_par' dir='ltr' id='par_1_20' title="bbox 2298 4302 3547 4445">
     <span class='ocr_line' id='line_1_106' title="bbox 2740 4302 3547 4376; baseline 0.005 -18"><span class='ocrx_word' id='word_1_699' title='bbox 2740 4308 2919 4366; x_wconf 82' lang='lat' dir='ltr'><strong>secta,</strong></span> <span class='ocrx_word' id='word_1_700' title='bbox 2951 4308 3007 4359; x_wconf 81' lang='lat' dir='ltr'><strong>et</strong></span> <span class='ocrx_word' id='word_1_701' title='bbox 3036 4302 3233 4361; x_wconf 79' lang='lat' dir='ltr'><strong>missio</strong></span> <span class='ocrx_word' id='word_1_702' title='bbox 3258 4304 3442 4376; x_wconf 75' lang='lat' dir='ltr'><strong>leqati</strong></span> <span class='ocrx_word' id='word_1_703' title='bbox 3458 4319 3547 4363; x_wconf 85' lang='lat' dir='ltr'><strong>eo·</strong></span> 
     </span>
     <span class='ocr_line' id='line_1_107' title="bbox 2298 4373 3124 4445; baseline 0.001 -16"><span class='ocrx_word' id='word_1_704' title='bbox 2298 4388 2434 4429; x_wconf 78' lang='lat' dir='ltr'><strong>rum</strong></span> <span class='ocrx_word' id='word_1_705' title='bbox 2463 4373 2545 4430; x_wconf 84' lang='lat' dir='ltr'><strong>ad</strong></span> <span class='ocrx_word' id='word_1_706' title='bbox 2572 4373 2879 4430; x_wconf 81' lang='lat' dir='ltr'><strong>dominum</strong></span> <span class='ocrx_word' id='word_1_707' title='bbox 2909 4388 3124 4445; x_wconf 71' lang='lat' dir='ltr'><strong>reqem.</strong></span> 
     </span>
    </p>
   </div>
   <div class='ocr_carea' id='block_1_18' title="bbox 1888 4496 3557 5464">
    <p class='ocr_par' dir='ltr' id='par_1_21' title="bbox 1888 4496 3557 5464">
     <span class='ocr_line' id='line_1_108' title="bbox 1960 4496 3549 4570; baseline 0 -15"><span class='ocrx_word' id='word_1_708' title='bbox 1960 4497 2185 4555; x_wconf 77' lang='lat' dir='ltr'><strong>Accidit</strong></span> <span class='ocrx_word' id='word_1_709' title='bbox 2213 4496 2443 4555; x_wconf 92' lang='lat' dir='ltr'><strong>eisdem</strong></span> <span class='ocrx_word' id='word_1_710' title='bbox 2480 4496 2698 4553; x_wconf 90' lang='lat' dir='ltr'><strong>diebus</strong></span> <span class='ocrx_word' id='word_1_711' title='bbox 2740 4497 2906 4570; x_wconf 87' lang='lat' dir='ltr'><strong>apud</strong></span> <span class='ocrx_word' id='word_1_712' title='bbox 2935 4513 3047 4554; x_wconf 90' lang='lat' dir='ltr'><strong>nos</strong></span> <span class='ocrx_word' id='word_1_713' title='bbox 3084 4511 3177 4553; x_wconf 88' lang='lat' dir='ltr'><strong>res</strong></span> <span class='ocrx_word' id='word_1_714' title='bbox 3207 4497 3549 4570; x_wconf 86' lang='lat' dir='ltr'><strong>periculosa</strong></span> 
     </span>
     <span class='ocr_line' id='line_1_109' title="bbox 1888 4585 3548 4657; baseline -0.001 -12"><span class='ocrx_word' id='word_1_715' title='bbox 1888 4588 2089 4656; x_wconf 89' lang='lat' dir='ltr'><strong>nimis,</strong></span> <span class='ocrx_word' id='word_1_716' title='bbox 2120 4591 2179 4645; x_wconf 94' lang='lat' dir='ltr'><strong>et</strong></span> <span class='ocrx_word' id='word_1_717' title='bbox 2205 4585 2590 4652; x_wconf 89' lang='lat' dir='ltr'><strong>detestabilis,</strong></span> <span class='ocrx_word' id='word_1_718' title='bbox 2623 4600 2809 4657; x_wconf 93' lang='lat' dir='ltr'><strong>regno</strong></span> <span class='ocrx_word' id='word_1_719' title='bbox 2846 4589 2905 4641; x_wconf 93' lang='lat' dir='ltr'><strong>et</strong></span> <span class='ocrx_word' id='word_1_720' title='bbox 2935 4585 3225 4651; x_wconf 80' lang='lat' dir='ltr'><strong>Ecclesiae,</strong></span> <span class='ocrx_word' id='word_1_721' title='bbox 3268 4602 3457 4654; x_wconf 80' lang='lat' dir='ltr'><strong>usque</strong></span> <span class='ocrx_word' id='word_1_722' title='bbox 3486 4586 3548 4644; x_wconf 92' lang='lat' dir='ltr'><strong>in</strong></span> 
     </span>
     <span class='ocr_line' id='line_1_110' title="bbox 1890 4672 3545 4750; baseline -0.001 -17"><span class='ocrx_word' id='word_1_723' title='bbox 1890 4692 2139 4750; x_wconf 88' lang='lat' dir='ltr'><strong>presens</strong></span> <span class='ocrx_word' id='word_1_724' title='bbox 2166 4681 2427 4748; x_wconf 89' lang='lat' dir='ltr'><strong>tempus,</strong></span> <span class='ocrx_word' id='word_1_725' title='bbox 2447 4682 2503 4731; x_wconf 91' lang='lat' dir='ltr'><strong>et</strong></span> <span class='ocrx_word' id='word_1_726' title='bbox 2523 4673 2773 4731; x_wconf 80' lang='lat' dir='ltr'><strong>fortasse</strong></span> <span class='ocrx_word' id='word_1_727' title='bbox 2793 4674 2854 4730; x_wconf 93' lang='lat' dir='ltr'><strong>in</strong></span> <span class='ocrx_word' id='word_1_728' title='bbox 2880 4678 3235 4746; x_wconf 90' lang='lat' dir='ltr'><strong>perpetuum</strong></span> <span class='ocrx_word' id='word_1_729' title='bbox 3258 4672 3545 4746; x_wconf 88' lang='lat' dir='ltr'><strong>lugenda.</strong></span> 
     </span>
     <span class='ocr_line' id='line_1_111' title="bbox 1891 4761 3549 4837; baseline -0.001 -15"><span class='ocrx_word' id='word_1_730' title='bbox 1891 4766 2064 4833; x_wconf 84' lang='lat' dir='ltr'><strong>Quod</strong></span> <span class='ocrx_word' id='word_1_731' title='bbox 2097 4770 2158 4821; x_wconf 91' lang='lat' dir='ltr'><strong>ut</strong></span> <span class='ocrx_word' id='word_1_732' title='bbox 2186 4764 2419 4837; x_wconf 89' lang='lat' dir='ltr'><strong>plenius</strong></span> <span class='ocrx_word' id='word_1_733' title='bbox 2460 4763 2818 4829; x_wconf 86' lang='lat' dir='ltr'><strong>innotescat,</strong></span> <span class='ocrx_word' id='word_1_734' title='bbox 2851 4761 3217 4819; x_wconf 89' lang='lat' dir='ltr'><strong>sumendum</strong></span> <span class='ocrx_word' id='word_1_735' title='bbox 3246 4768 3334 4818; x_wconf 91' lang='lat' dir='ltr'><strong>est</strong></span> <span class='ocrx_word' id='word_1_736' title='bbox 3370 4762 3549 4820; x_wconf 84' lang='lat' dir='ltr'><strong>altius</strong></span> 
     </span>
     <span class='ocr_line' id='line_1_112' title="bbox 1889 4850 3549 4926; baseline -0.002 -14"><span class='ocrx_word' id='word_1_737' title='bbox 1889 4852 2252 4912; x_wconf 87' lang='lat' dir='ltr'><strong>narrationis</strong></span> <span class='ocrx_word' id='word_1_738' title='bbox 2294 4851 2628 4908; x_wconf 89' lang='lat' dir='ltr'><strong>exordium.</strong></span> <span class='ocrx_word' id='word_1_739' title='bbox 2658 4850 2723 4907; x_wconf 90' lang='lat' dir='ltr'><strong>In</strong></span> <span class='ocrx_word' id='word_1_740' title='bbox 2764 4850 3073 4924; x_wconf 88' lang='lat' dir='ltr'><strong>provincia</strong></span> <span class='ocrx_word' id='word_1_741' title='bbox 3116 4851 3381 4924; x_wconf 83' lang='lat' dir='ltr'><strong>Tyrensi,</strong></span> <span class='ocrx_word' id='word_1_742' title='bbox 3411 4866 3549 4926; x_wconf 77' lang='lat' dir='ltr'><strong>quoe</strong></span> 
     </span>
     <span class='ocr_line' id='line_1_113' title="bbox 1890 4940 3549 5013; baseline -0.001 -14"><span class='ocrx_word' id='word_1_743' title='bbox 1890 4942 2188 4999; x_wconf 87' lang='lat' dir='ltr'><strong>Phoenicis</strong></span> <span class='ocrx_word' id='word_1_744' title='bbox 2200 4940 2436 5007; x_wconf 91' lang='lat' dir='ltr'><strong>dicitur,</strong></span> <span class='ocrx_word' id='word_1_745' title='bbox 2451 4940 2609 4997; x_wconf 87' lang='lat' dir='ltr'><strong>circa</strong></span> <span class='ocrx_word' id='word_1_746' title='bbox 2622 4940 3037 5013; x_wconf 88' lang='lat' dir='ltr'><strong>episcopatum</strong></span> <span class='ocrx_word' id='word_1_747' title='bbox 3052 4940 3549 5007; x_wconf 65' lang='lat' dir='ltr'><strong>antaradensem,</strong></span> 
     </span>
     <span class='ocr_line' id='line_1_114' title="bbox 1890 5028 3549 5105; baseline -0.002 -16"><span class='ocrx_word' id='word_1_748' title='bbox 1890 5038 1980 5090; x_wconf 87' lang='lat' dir='ltr'><strong>est</strong></span> <span class='ocrx_word' id='word_1_749' title='bbox 2006 5030 2256 5105; x_wconf 89' lang='lat' dir='ltr'><strong>quidam</strong></span> <span class='ocrx_word' id='word_1_750' title='bbox 2309 5028 2590 5103; x_wconf 90' lang='lat' dir='ltr'><strong>populus,</strong></span> <span class='ocrx_word' id='word_1_751' title='bbox 2622 5028 2868 5087; x_wconf 88' lang='lat' dir='ltr'><strong>castella</strong></span> <span class='ocrx_word' id='word_1_752' title='bbox 2894 5029 3103 5086; x_wconf 92' lang='lat' dir='ltr'><strong>decem</strong></span> <span class='ocrx_word' id='word_1_753' title='bbox 3145 5028 3379 5086; x_wconf 88' lang='lat' dir='ltr'><strong>habens</strong></span> <span class='ocrx_word' id='word_1_754' title='bbox 3405 5045 3549 5087; x_wconf 90' lang='lat' dir='ltr'><strong>cum</strong></span> 
     </span>
     <span class='ocr_line' id='line_1_115' title="bbox 1890 5116 3551 5191; baseline -0.002 -12"><span class='ocrx_word' id='word_1_755' title='bbox 1890 5120 2258 5179; x_wconf 88' lang='lat' dir='ltr'><strong>suburbanis</strong></span> <span class='ocrx_word' id='word_1_756' title='bbox 2274 5118 2399 5176; x_wconf 90' lang='lat' dir='ltr'><strong>suis</strong></span> <span class='ocrx_word' id='word_1_757' title='bbox 2423 5135 2439 5185; x_wconf 86' lang='grc'><strong>;</strong></span> <span class='ocrx_word' id='word_1_758' title='bbox 2461 5124 2673 5191; x_wconf 87' lang='lat' dir='ltr'><strong>estque</strong></span> <span class='ocrx_word' id='word_1_759' title='bbox 2697 5133 2984 5174; x_wconf 89' lang='lat' dir='ltr'><strong>numerus</strong></span> <span class='ocrx_word' id='word_1_760' title='bbox 2996 5134 3227 5184; x_wconf 88' lang='lat' dir='ltr'><strong>eorum,</strong></span> <span class='ocrx_word' id='word_1_761' title='bbox 3247 5123 3312 5173; x_wconf 88' lang='lat' dir='ltr'><strong>ut</strong></span> <span class='ocrx_word' id='word_1_762' title='bbox 3328 5116 3551 5190; x_wconf 60' lang='lat' dir='ltr'><strong>saepius</strong></span> 
     </span>
     <span class='ocr_line' id='line_1_116' title="bbox 1891 5204 3548 5281; baseline -0.004 -12"><span class='ocrx_word' id='word_1_763' title='bbox 1891 5209 2263 5276; x_wconf 84' lang='lat' dir='ltr'><strong>audivimus,</strong></span> <span class='ocrx_word' id='word_1_764' title='bbox 2285 5205 2458 5281; x_wconf 90' lang='lat' dir='ltr'><strong>quasi</strong></span> <span class='ocrx_word' id='word_1_765' title='bbox 2482 5206 2560 5264; x_wconf 87' lang='lat' dir='ltr'><strong>ad</strong></span> <span class='ocrx_word' id='word_1_766' title='bbox 2582 5206 2897 5277; x_wconf 84' lang='lat' dir='ltr'><strong>sexaginta</strong></span> <span class='ocrx_word' id='word_1_767' title='bbox 2922 5206 3127 5276; x_wconf 89' lang='lat' dir='ltr'><strong>millia,</strong></span> <span class='ocrx_word' id='word_1_768' title='bbox 3147 5204 3239 5262; x_wconf 84' lang='lat' dir='ltr'><strong>vel</strong></span> <span class='ocrx_word' id='word_1_769' title='bbox 3266 5204 3548 5278; x_wconf 87' lang='lat' dir='ltr'><strong>amplior.</strong></span> 
     </span>
     <span class='ocr_line' id='line_1_117' title="bbox 1891 5294 3552 5361; baseline -0.004 -4"><span class='ocrx_word' id='word_1_770' title='bbox 1891 5298 1959 5357; x_wconf 82' lang='lat' dir='ltr'><strong>ui</strong></span> <span class='ocrx_word' id='word_1_771' title='bbox 2007 5313 2130 5356; x_wconf 93' lang='lat' dir='ltr'><strong>non</strong></span> <span class='ocrx_word' id='word_1_772' title='bbox 2180 5295 2560 5354; x_wconf 66' lang='lat' dir='ltr'><strong>haereditaria</strong></span> <span class='ocrx_word' id='word_1_773' title='bbox 2609 5295 3010 5361; x_wconf 87' lang='lat' dir='ltr'><strong>successione,</strong></span> <span class='ocrx_word' id='word_1_774' title='bbox 3051 5294 3158 5350; x_wconf 91' lang='lat' dir='ltr'><strong>sed</strong></span> <span class='ocrx_word' id='word_1_775' title='bbox 3202 5294 3552 5352; x_wconf 88' lang='lat' dir='ltr'><strong>meritorum</strong></span> 
     </span>
     <span class='ocr_line' id='line_1_118' title="bbox 1888 5382 3557 5464; baseline -0.003 -17"><span class='ocrx_word' id='word_1_776' title='bbox 1888 5385 2293 5464; x_wconf 74' lang='lat' dir='ltr'><strong>praerogativa</strong></span> <span class='ocrx_word' id='word_1_777' title='bbox 2317 5384 2671 5457; x_wconf 87' lang='lat' dir='ltr'><strong>magistrum</strong></span> <span class='ocrx_word' id='word_1_778' title='bbox 2693 5382 2887 5441; x_wconf 81' lang='lat' dir='ltr'><strong>solent</strong></span> <span class='ocrx_word' id='word_1_779' title='bbox 2908 5382 3024 5441; x_wconf 89' lang='lat' dir='ltr'><strong>sibi</strong></span> <span class='ocrx_word' id='word_1_780' title='bbox 3047 5382 3352 5456; x_wconf 74' lang='lat' dir='ltr'><strong>praeficere</strong></span> <span class='ocrx_word' id='word_1_781' title='bbox 3380 5386 3439 5442; x_wconf 87' lang='lat' dir='ltr'><strong>et</strong></span> <span class='ocrx_word' id='word_1_782' title='bbox 3454 5382 3557 5442; x_wconf 86' lang='lat' dir='ltr'><strong>eli-</strong></span> 
     </span>
    </p>
   </div>
   <div class='ocr_carea' id='block_1_19' title="bbox 3198 5489 3270 5547">
    <p class='ocr_par' dir='ltr' id='par_1_22' title="bbox 3198 5489 3270 5547">
     <span class='ocr_line' id='line_1_119' title="bbox 3198 5489 3270 5547; baseline 0 0"><span class='ocrx_word' id='word_1_783' title='bbox 3198 5489 3270 5547; x_wconf 80' lang='lat'><strong>26</strong></span> 
     </span>
    </p>
   </div>
  </div>
 </body>
</html>
