3784 6000
163 261 283 326 '16¹1

1233 258 1658 322 GUILLELMI
1707 260 2090 323 TYRENSIS
2131 254 2500 321 ARCHIEP.

3479 254 3594 317 '108

168 413 349 471 quam
381 411 700 471 regnorum
743 409 984 454 suorum
1015 393 1199 451 voluit
1215 410 1345 453 esse
1365 400 1542 470 caput
1569 401 1629 456 et
1648 414 1819 470 supe·
1850 399 1905 467 Α
1935 402 2216 458 etumest.
2237 397 2348 455 Sed
2364 399 2676 472 postquam
2691 396 2930 453 domino
2958 393 3373 469 regiinnotuit,
3399 392 3597 453 hostes

172 488 553 544 ruminantem
576 484 967 556 metropolim.
1000 483 1125 553 Hic,
1149 482 1336 542 classe
1366 486 1652 552 ordinata,
1676 486 1827 560 cepit

62 606 67 611 ·
166 576 454 644 Siciliam,
486 578 544 631 et
574 574 861 646 quasdem
886 572 1064 630 ltaliae
1087 578 1281 646 partes
1300 575 1688 650 depopulatus
1707 581 1818 635 est.

168 665 275 725 Hic
306 664 532 737 primus
564 661 831 719 omnium
865 669 991 734 post
1020 661 1404 720 Haliatavum
1423 681 1615 733 suum,
1640 682 1822 723 ausus

166 758 257 813 est
285 755 472 811 dicere
503 757 643 810 etse
673 752 977 809 nominare
1007 751 1337 827 calipham3
1369 771 1485 812 non
1517 755 1672 827 quod
1703 756 1822 812 Me-

167 844 404 902 hemeth
420 860 485 901 se
497 844 716 901 diceret
730 859 1155 915 successorem,
1174 862 1347 916 quem
1366 847 1777 905 exsecrabatur
1805 866 1819 917 ;

168 932 272 990 sed
304 932 540 989 maximi
571 935 629 989 et
661 931 857 989 eximii
890 932 1188 1004 prophetae
1204 933 1350 1005 Hali,
1373 935 1443 991 de
1461 937 1624 1006 cuius
1644 936 1823 1009 stirpe

170 1019 575 1090 descenderat,
596 1025 661 1079 ut
685 1022 1093 1095 praemisimus.
1118 1025 1311 1080 Ausus
1332 1028 1422 1080 est
1441 1025 1616 1082 etiam
1639 1026 1823 1086 nihilo

170 1110 373 1168 minus
404 1111 461 1167 in
510 1110 838 1169 uehemeth
881 1120 934 1169 et
982 1126 1263 1184 sequaces
1313 1114 1463 1185 ejus,
1515 1114 1826 1174 maledicta

170 1199 403 1275 publice
424 1191 701 1271 Jacu'lari‚
732 1205 791 1258 et
818 1201 1002 1259 alium
1036 1202 1240 1273 ritum,
1262 1202 1563 1276 aliumque
1585 1207 1824 1263 modum

170 1288 743 1350 orandi.tradidisse.
778 1291 968 1363 Hujus
1007 1291 1264 1363 abnepos
1302 1292 1676 1365 Ebuthemin,
1728 1312 1822 1351 co-

170 1382 494 1452 gnomento
556 1378 1038 1450 Elmebedinalla,
1074 1382 1393 1454 subjugata
1419 1383 1532 1440 sibi
1561 1385 1823 1457 AEgypto,

177 1482 282 1538 per
322 1467 505 1525 Johsr
550 1468 877 1542 principem
926 1469 1148 1527 militiae
1193 1488 1334 1540 sure,
1386 1476 1829 1545 constructoque

176 1555 419 1626 Cehere,
450 1558 608 1631 quod
632 1558 1045 1632 interpretatur
1065 1561 1307 1630 vincens,
1338 1576 1405 1617 eo
1427 1563 1582 1634 quod
1604 1563 1825 1619 domini

172 1658 380 1707 sorum
411 1644 686 1718 praecipui
718 1651 774 1703 et
804 1647 1025 1704 summi
1055 1647 1336 1721 principis
1366 1651 1561 1707 omnia
1590 1650 1826 1707 vincen-

172 1733 276 1802 tis,
309 1732 576 1791 futurum
610 1737 736 1793 erat
763 1735 1126 1793 domicilium
1152 1755 1167 1807 ;
1199 1754 1468 1810 egressus
1499 1740 1569 1796 de
1610 1743 1828 1811 Caroea,

179 1836 307 1895 quai
336 1825 426 1880 est
463 1821 522 1878 in
574 1823 808 1881 dioecesi
837 1823 1124 1892 Africana,
1158 1826 1217 1882 in
1250 1842 1365 1898 qua
1395 1829 1831 1901 predecessores

178 1910 310 1983 ejus
340 1916 590 1983 quatuor
631 1911 1050 1983 habitaverant,
1083 1917 1385 1973 descendit
1414 1918 1473 1974 in
1520 1923 1831 1992 AEgyptum

180 2006 237 2057 et
266 2001 608 2071 predictum
633 2002 821 2059 locum
846 2004 1145 2062 constituit
1175 2006 1335 2077 regni
1357 2006 1590 2063 solium.
1625 2009 1708 2065 Ab
1731 2009 1833 2066 illa

178 2087 358 2162 igitur
382 2090 476 2145 die
508 2107 694 2163 usque
751 2092 812 2149 in
861 2110 1139 2165 praesens,
1185 2111 1304 2153 non
1354 2096 1542 2154 defuit
1589 2097 1830 2171 caliphae

182 2177 488 2249 Orientali,
521 2181 625 2253 qui
644 2185 724 2239 tot
744 2183 915 2238 aunis
936 2184 1124 2240 ruerat
1146 2185 1481 2255 monarcha,
1506 2186 1753 2244 remulus
1770 2187 1829 2244 in

176 2268 413 2341 AEgypto
442 2285 720 2342 regnans,
745 2287 879 2327 cum
925 2288 990 2329 eo
1040 2272 1111 2330 de
1162 2275 1406 2345 paritate
1451 2276 1826 2348 contendens,

182 2357 304 2417 imo
332 2359 508 2416 etiam
538 2375 601 2416 se
632 2361 960 2431 praeferens.
994 2362 1126 2419 Haec
1156 2363 1202 2420 si
1235 2364 1368 2436 quis
1409 2364 1635 2437 plenius
1679 2367 1829 2424 scire

184 2446 455 2517 voluerit,
489 2446 652 2504 iilam
685 2449 837 2521 legat
867 2450 1196 2523 historiam,
1229 2469 1404 2526 quam
1425 2455 1496 2511 de
1510 2455 1827 2513 Orientali-

183 2535 296 2594 bus
342 2536 704 2609 principibus
746 2542 805 2594 et
846 2556 1049 2598 eorum
1098 2541 1348 2612 actibus,
1391 2561 1424 2599 a
1473 2546 1829 2617 temporibus

179 2624 445 2700 praedicti
475 2625 801 2682 seductoris
831 2627 1141 2699 Mehemet,
1184 2631 1448 2689 videlicet
1493 2649 1596 2705 per
1643 2651 1827 2692 annos

185 2713 538 2786 quingentos
567 2717 943 2790 septuaginta
972 2726 1218 2792 septem,
1252 2737 1439 2794 usque
1470 2723 1526 2778 in
1577 2740 1826 2795 praesen-

181 2807 298 2860 tem
330 2802 509 2874 diem,
540 2805 640 2877 qui
666 2811 753 2862 est
783 2823 973 2864 annus
1025 2809 1098 2864 ab
1145 2811 1546 2867 incarnatione
1593 2813 1828 2872 Domini

182 2892 340 2963 ¹182,
370 2910 502 2951 cum
536 2900 724 2952 muita
754 2897 1102 2970 scripsimus
1128 2899 1454 2972 diligentia,
1486 2901 1738 2959 instante
1768 2908 1827 2962 et

175 2989 417 3055 rogante
445 2983 682 3040 domino
716 2986 1003 3043 amalrico
1041 2986 1267 3062 inclyto
1299 2990 1596 3048 memorias
1622 2998 1675 3048 et
1718 3008 1825 3049 ex-

180 3071 466 3145 emplaria
501 3074 748 3131 Arabica
779 3075 1171 3134 ministrante.
1653 3062 1656 3065 ’

807 3185 1042 3242 CAPUT
1070 3186 1221 3243 xxi.

186 3271 302 3328 Rex
329 3285 495 3343 super
520 3271 712 3329 Nilum
740 3285 958 3344 pomam
992 3275 1248 3345 adificat.
1298 3276 1596 3334 siraconus
1643 3277 1705 3334 in
1750 3280 1840 3334 In·

431 3343 611 3399 sulam
640 3344 916 3403 descendit
942 3365 962 3404 :
989 3363 1091 3403 rex
1117 3363 1244 3404 eum
1274 3347 1606 3423 insequitur.

257 3428 453 3488 Pastis
484 3431 679 3504 igitur,
713 3439 777 3489 ut
796 3436 1201 3507 prediximus,
1229 3439 1541 3508 renovatis,
1574 3446 1628 3495 et
1656 3438 1841 3496 utrin-

184 3535 299 3595 que
326 3521 395 3576 ad
426 3525 870 3580 consonantiam
904 3526 1177 3594 redactis,
1210 3527 1284 3584 ad
1308 3543 1456 3600 opus
1496 3534 1839 3600 conceptum

184 3610 545 3668 unanimiter
572 3628 635 3669 se
665 3614 1001 3687 accingunt,
1033 3615 1218 3688 parati
1246 3616 1473 3674 hostem
1504 3617 1752 3689 insequi,
1785 3624 1841 3676 et

183 3698 257 3758 de
286 3717 462 3776 regno
490 3703 779 3777 expellere
811 3707 1099 3764 universo.
1134 3711 1254 3764 Nox
1301 3708 1535 3766 interim
1584 3709 1836 3786 irruens,

182 3806 421 3849 causam
456 3799 789 3862 porrexerat
820 3793 1073 3868 quietis;
1108 3812 1279 3855 mane
1310 3797 1460 3855 sacto
1503 3815 1698 3857 rerum
1745 3800 1839 3857 in-

177 3880 420 3938 veniunt
448 3880 708 3954 aliquam
741 3886 1146 3943 mutationem.
1181 3887 1324 3944 Nam
1373 3888 1688 3946 Siraconus
1735 3888 1839 3947 iila

178 3973 346 4026 nocte
409 3972 673 4044 veniens,
733 3990 916 4045 supra
970 3976 1153 4047 ripam
1242 3976 1500 4033 fluminis
1572 3980 1836 4050 ejusdem

181 4056 535 4127 oppositam,
570 4063 627 4114 te
652 4059 889 4132 regione
930 4062 1112 4118 nostri
1160 4065 1446 4121 exercitus
1496 4071 1686 4123 castra
1736 4082 1837 4140 po-

175 4149 396 4202 suerat.
431 4147 835 4219 comportatis
865 4148 1043 4219 igitur
1072 4152 1319 4209 navibus
1345 4160 1399 4209 et
1429 4154 1695 4210 trabibus
1720 4154 1838 4227 pal·

190 4235 429 4298 maceis,
471 4235 674 4306 quales
703 4234 805 4290 illa
818 4237 973 4309 regio
986 4241 1287 4296 consuevit
1317 4240 1547 4313 habere,
1566 4244 1836 4301 dominus

185 4337 284 4378 rex
313 4329 545 4392 pontem
579 4324 839 4396 praecipit
877 4327 1173 4399 ordinari;
1216 4331 1622 4402 jungebantur
1663 4351 1837 4392 naves

183 4409 359 4476 binis,
394 4410 717 4485 defixisque
768 4413 1064 4484 anchoris,
1115 4418 1503 4476 reddebantur
1553 4423 1835 4493 stabiles;

182 4499 549 4573 desuperque
578 4501 844 4558 trabibus
863 4504 1147 4563 ordinatis
1172 4510 1321 4563 terra
1351 4511 1825 4582 supponebatur;
1860 4519 1915 4586 D

1937 489 2000 547 in
2031 488 2281 546 insulam
2303 486 2695 557 descendisse,
2727 486 2885 543 misit
2935 486 3077 543 illuc
3126 485 3443 544 dominum
3491 483 3600 541 ui-

1939 577 2132 635 lonem
2162 578 2234 633 de
2274 576 2491 642 Planci,
2539 583 2595 631 et
2641 574 2875 633 Cbemel
2925 573 3153 632 soldani
3199 573 3418 635 fllium,
3465 588 3596 631 cum

1941 672 2106 740 parte
2136 665 2398 737 militiae;
2431 665 2530 737 qui
2553 666 2624 722 ad
2652 663 2907 722 insulam
2932 664 3170 721 tandem
3193 662 3598 737 pervenientes

1939 756 2163 813 'l’urcos
2193 755 2252 811 in
2284 771 2353 811 ea
2377 758 2698 829 reperiunt,
2744 753 2807 810 in
2854 751 2968 811 loci
3024 751 3184 810 illius
3232 752 3596 810 habitatores

1939 843 2372 901 immanissime
2402 843 2744 911 saevientes;
2777 841 2991 915 quibus
3030 842 3264 899 tandem
3295 840 3444 899 tacti
3489 839 3591 897 ob—

1938 933 2113 1002 viam,
2146 934 2460 992 commisso
2490 932 2641 990 inter
2658 947 2756 989 eos
2776 930 2997 1005 praelio,
3018 930 3268 988 viriliter
3293 928 3588 988 hincinde

1936 1027 2264 1096 pugnatum
2299 1026 2404 1080 est.
2438 1022 2551 1079 Sed
2584 1020 2819 1078 tandem
2838 1019 3298 1091 nostri,juvante
3319 1018 3583 1089 Domino,

1936 1112 2267 1182 superiores
2295 1112 2451 1180 sacti,
2482 1111 2887 1181 compulerunt
2923 1126 3022 1168 eos
3055 1109 3116 1166 in
3147 1113 3374 1167 numen
3403 1108 3585 1181 prosi·

1938 1216 2101 1257 mum
2123 1216 2182 1257 se
2204 1202 2342 1258 dare
2375 1201 2698 1273 praecipites
2722 1218 2737 1270 ;
2763 1199 2860 1256 ubi
2883 1199 2984 1272 qui
3007 1198 3233 1272 gladios
3263 1204 3582 1268 evaserant,

1936 1289 2229 1346 submersi
2262 1296 2401 1347 suut
2438 1291 2497 1347 in
2549 1291 2721 1362 aquis
2771 1288 3234 1346 vehementibus.
3291 1287 3584 1344 Perierunt

1940 1394 2080 1452 ergo
2112 1394 2180 1435 ex
2208 1378 2293 1435 eis
2325 1377 2425 1434 illa
2450 1377 2544 1434 die
2564 1378 2742 1434 variis
2762 1377 2991 1434 casibus
3012 1376 3244 1450 equites
3263 1374 3584 1450 quingenti.

1938 1468 2102 1533 Quod
2137 1473 2450 1541 postquam
2482 1468 2756 1524 Siracono
2787 1467 3114 1524 nuntiatum
3146 1470 3259 1535 est,
3299 1465 3482 1539 coepit
3521 1465 3586 1521 de

1941 1558 2240 1630 proposito
2272 1557 2528 1629 amplius
2558 1557 2846 1627 diffidere,
2878 1558 3074 1614 animo
3107 1554 3434 1628 plurimum
3459 1570 3589 1611 con-

1939 1650 2256 1703 sternatus.
2288 1647 2390 1703 His
2420 1647 2504 1703 ita
2532 1662 2596 1703 se
2624 1645 3002 1713 habentibus,
3024 1643 3268 1717 quidam
3298 1643 3378 1700 de
3415 1642 3587 1700 nostri

1943 1735 2103 1808 regni
2139 1733 2523 1808 principibus,
2556 1733 2885 1791 Hensredus
2916 1733 3186 1791 videlicet
3225 1733 3300 1790 de
3346 1732 3590 1800 Torone,

1939 1825 2134 1897 regius
2165 1823 2652 1892 constabularius,
2686 1823 2825 1880 item
2857 1822 3163 1896 Philippus
3210 1821 3284 1879 de
3333 1818 3590 1894 Neapoli.

1939 1913 2041 1985 qui
2073 1930 2205 1970 cum
2238 1914 2474 1971 domiuo
2503 1929 2639 1986 rege
2666 1929 2739 1970 ex
2766 1912 2965 1970 causis
2996 1911 3419 1982 familiaribus,
3460 1927 3590 1967 mo-

1941 2018 2065 2060 ram
2121 2002 2281 2060 domi
2339 2002 2641 2071 facientes,
2697 2001 2920 2075 egressi
2977 2016 3093 2058 non
3139 2000 3404 2067 fueraut,
3459 2014 3593 2057 cum

1941 2092 2128 2149 multa
2156 2091 2456 2149 velocitate
2495 2092 2811 2147 exercitum
2859 2090 3064 2159 secuti,
3119 2089 3331 2146 castris
3378 2087 3589 2145 nostris

1938 2197 2001 2238 se
2031 2181 2326 2254 applicant
2354 2198 2370 2251 3
2401 2196 2649 2254 quorum
2680 2181 2993 2237 adventum
3022 2193 3157 2237 cum
3183 2177 3375 2236 multa
3391 2176 3589 2234 hilari-

1937 2273 2057 2327 tate
2087 2274 2143 2326 et
2170 2270 2383 2347 plausu
2418 2274 2627 2327 nostrai
2658 2274 3043 2341 susceperunt
3070 2267 3360 2325 cohortes.
3413 2265 3589 2322 Erant

1938 2359 2092 2417 enim
2124 2358 2229 2416 viri
2261 2360 2438 2417 fortes
2468 2364 2525 2416 et
2555 2358 2617 2415 in
2645 2358 2825 2417 armis
2853 2357 3103 2427 strenui,
3141 2356 3204 2413 in
3251 2371 3318 2413 re
3356 2370 3590 2429 quoque

1937 2448 2188 2507 militare
2218 2467 2251 2505 a
2281 2449 2489 2522 primis
2519 2447 2692 2506 annis
2722 2447 3043 2521 plurimum
3073 2445 3396 2504 exercitati.
3439 2443 3585 2502 Inito

1935 2554 2072 2611 ergo
2102 2538 2368 2607 consilio,
2401 2536 2723 2595 deliberant
2755 2536 2898 2609 quid
2930 2536 3078 2593 iacto
3101 2535 3174 2592 sit
3211 2549 3402 2608 opus;
3453 2536 3585 2589 tan·

1934 2629 2187 2701 demque
2215 2627 2512 2685 communi
2543 2630 2671 2682 voto
2701 2626 3040 2692 decernunt,
3070 2623 3324 2680 classem
3354 2621 3585 2679 univer·

1933 2734 2056 2775 sam
2093 2719 2450 2792 intempestae
2479 2716 2668 2773 noctis
2707 2713 2961 2784 silentio,
3006 2714 3157 2770 clam
3203 2711 3484 2771 hostibus
3531 2711 3590 2767 in

1930 2805 2207 2868 insulam,
2238 2823 2366 2880 quaa
2413 2805 2659 2862 inferius
2682 2809 2828 2874 erat,
2858 2804 2951 2860 vix
2974 2805 3103 2859 octo
3136 2800 3496 2858 milliaribus
3523 2801 3592 2857 ab

1931 2911 1998 2954 eo
2029 2895 2174 2966 loco,
2206 2896 2268 2951 in
2298 2911 2413 2968 quo
2435 2902 2625 2952 cestra
2652 2894 3104 2962 erant,remota,
3135 2890 3470 2960 deducet-03
3503 2904 3592 2946 ex·

1932 2985 2292 3059 ercitumque
2323 3000 2578 3054 omnem,
2611 2983 2768 3041 circa
2806 2981 3057 3056 primam
3090 2980 3282 3038 noctis
3311 2978 3593 3053 vigiliam,

1930 3077 2075 3134 illuc
2108 3078 2517 3145 transfretar03
2548 3090 2618 3132 eo
2642 3074 2910 3132 videlicet
2939 3072 3177 3141 intuitu,
3218 3078 3284 3128 ut
3329 3070 3596 3128 hostibus

1865 3159 1913 3223 C
1950 3166 2378 3239 ignorantibus,
2410 3164 2652 3221 flumine
2670 3162 2939 3232 transito,
2970 3161 3044 3218 de
3072 3163 3240 3218 nocte
3307 3173 3494 3233 super
3539 3158 3596 3215 in

1949 3260 2153 3313 cautos
2183 3256 2489 3325 irruerent,
2511 3254 2723 3309 damna
2744 3258 2961 3325 quanta
2992 3255 3228 3324 possent
3258 3248 3594 3320 irrogaturi.

1949 3345 2259 3402 Mandatur
2288 3360 2425 3417 ergo
2477 3341 2836 3400 exsecutioni
2883 3339 3215 3409 consilium,
3265 3340 3330 3395 et
3369 3336 3598 3408 elassis,

1950 3433 2355 3491 nescientibus
2385 3431 2755 3498 adversariis,
2788 3431 2860 3488 ed
2891 3429 3372 3504 predestinatum
3403 3427 3596 3485 locum

1947 3524 2261 3583 descendit.
2293 3523 2593 3581 Exercitus
2622 3538 2755 3580 vero
2780 3537 2914 3580 cum
2946 3535 3178 3578 summo
3223 3519 3466 3577 silentio
3511 3535 3598 3577 se-

1948 3630 2159 3687 quens,
2192 3621 2246 3671 et
2276 3614 2522 3670 navibus
2551 3609 3602 3680 subitotransvectus,insulamoccu·

1946 3712 2044 3777 pat
2067 3724 2083 3774 3
2106 3708 2163 3761 et
2182 3703 2325 3760 dum
2354 3702 2598 3759 alteram
2623 3701 2885 3759 fluminis
2905 3704 3147 3773 partem,
3169 3698 3374 3756 eodem
3401 3699 3594 3766 modo,

1939 3794 2109 3867 Juxta
2124 3793 2458 3850 condictum
2476 3807 2823 3863 exsuperare
2834 3791 3123 3857 nituntur,
3137 3792 3339 3845 exorto
3355 3792 3598 3862 repente

1947 3888 2256 3940 ventorum
2287 3881 2541 3951 turbine,
2589 3897 2738 3953 opus
2795 3879 3040 3953 implere
3085 3876 3366 3952 prohibiti
3435 3881 3596 3945 suut,

1949 3973 2104 4029 unde
2132 3977 2191 4029 et
2219 3973 2278 4029 in
2310 3987 2378 4028 ea
2407 3974 2589 4043 parte,
2621 3987 2749 4043 quie
2772 3968 3104 4026 ulteriorem
3125 3966 3318 4040 ripam
3339 3968 3597 4041 respicit,

1947 4062 2350 4119 castrametari
2401 4060 2585 4118 coacti
2631 4062 2793 4117 sunt.
2835 4059 3218 4131 Reliquorunt
3275 4060 3482 4114 tamen
3529 4059 3600 4115 de

1948 4152 2185 4222 nostris,
2216 4151 2318 4224 qui
2351 4156 2586 4223 pontem
2616 4148 2890 4221 coepitum
2939 4145 3259 4218 perficiant,
3307 4149 3367 4202 et
3415 4145 3600 4218 perie-

1947 4248 2108 4298 ctum
2120 4244 2412 4308 tueantur;
2429 4239 2627 4310 eisque
2641 4235 3283 4309 preficiuntdominum
3297 4235 3602 4308 nugonem

1948 4333 2019 4389 de
2049 4331 2278 4400 Ibelim,
2308 4332 2499 4386 virum
2543 4328 2920 4401 magnificum
2949 4329 3007 4382 et
3035 4329 3328 4397 potentem
3359 4325 3492 4397 qui,
3538 4329 3600 4382 ut

1949 4421 2345 4496 praediximus,
2379 4421 2645 4478 relictam
2665 4418 2887 4477 domini
2906 4417 3057 4490 regis
3073 4430 3312 4473 uxorem
3327 4416 3596 4474 duxerat.

2550 4524 2783 4583 CAPUT
2811 4524 2982 4582 xxn.

184 4587 407 4644 denum
439 4587 705 4646 turribus
736 4588 969 4663 ligneis,
998 4593 1289 4651 machinis
1318 4598 1724 4669 supererectis,
1745 4616 1840 4654 ar-
1948 4620 2286 4677 mwrffiffflr
2314 4613 2527 4684 imula,
2556 4625 2606 4672 ει
2641 4620 2772 4688 quot
2799 4617 2852 4671 et
2880 4612 3076 4685 quibus
3102 4611 3262 4668 ostiis
3305 4627 3470 4670 mare
3511 4612 3592 4670 in·

188 4677 526 4735 mabantur.
555 4678 767 4751 sicque
797 4695 898 4753 per
945 4682 1071 4739 dies
1117 4684 1359 4757 aliquot,
1410 4702 1597 4758 usque
1645 4688 1839 4746 amnis

186 4769 470 4840 medium,
502 4771 852 4842 productum
872 4780 958 4829 est
987 4789 1134 4846 opus
1156 4794 1172 4846 ;
1199 4791 1334 4831 nam
1357 4777 1648 4849 reliquum
1668 4795 1829 4837 exse·

177 4857 300 4930 qui,
331 4862 390 4916 et
440 4859 510 4915 ad
559 4860 897 4918 ulteriorem
946 4864 1133 4937 ripam
1182 4865 1514 4937 procedere,
1568 4867 1831 4925 hostium

180 4946 430 5004 formido
474 4948 720 5006 vetabat.
757 4952 861 5008 Hic
883 4953 1007 5024 jam
1025 4970 1127 5026 per
1150 4971 1410 5013 mensem
1432 4961 1566 5016 eteo
1580 4957 1832 5025 amplius

182 5038 379 5093 omnis
409 5035 547 5094 belli
578 5046 845 5109 eventuS,
878 5058 1205 5115 suspensus
1235 5047 1564 5116 tenebatur,
1617 5047 1832 5104 nostris

187 5141 304 5183 non
316 5126 651 5185 valentibus
664 5145 894 5188 amnem
912 5134 1191 5204 transirc3
1207 5135 1479 5195 hostibus
1495 5155 1609 5194 non
1622 5139 1836 5196 auden·

187 5217 366 5288 tibus,
399 5234 470 5276 ne
503 5223 688 5278 nostri
721 5239 754 5278 a
783 5227 942 5297 tergo
973 5224 1281 5296 irruerent,
1316 5229 1563 5288 ulterius
1583 5229 1832 5303 evagari.

185 5306 337 5365 Dum
368 5308 486 5366 haic
509 5310 664 5368 circa
679 5312 898 5371 Cahere
912 5320 1188 5388 aguntur,
1211 5318 1836 5394 misitSiraconuspar-

191 5395 308 5449 tem
337 5395 407 5449 de
438 5396 562 5453 suis
592 5399 691 5470 qui
722 5398 1003 5470 insulam,
1032 5419 1158 5474 quae
1179 5404 1370 5462 vicina
1389 5411 1533 5475 erat,
1557 5408 1835 5465 omnibus

188 5481 399 5539 reierta
426 5486 683 5558 capii-,si
716 5495 956 5561 possent
983 5499 1358 5566 occuparent,
1388 5500 1442 5553 et
1473 5500 1705 5555 nostros
1732 5495 1840 5555 ali-

193 5577 432 5652 quando
458 5577 600 5637 iiiuc
630 5582 1008 5644 descensuros
1035 5589 1460 5667 prevenirent,
1488 5591 1646 5666 quod
1674 5595 1736 5653 et
1750 5591 1837 5653 ra-

2019 4691 2306 4765 qrediutur
2351 4691 2532 4746 Nilus.
2589 4686 2774 4744 Nostri
2825 4684 3016 4768 ejectis
3063 4685 3310 4741 hostibus
3349 4685 3590 4742 insulam

2013 4767 2320 4832 vocamini,-
2349 4763 2492 4831 luqit
2521 4760 2816 4816 siraconus
2843 4773 2907 4813 m
2934 4755 3304 4814 solitudinem.

2012 4866 2209 4925 Insula
2240 4867 2380 4933 haec,
2413 4866 2566 4922 unde
2597 4864 2766 4922 nobis
2795 4878 2987 4920 sermo
3015 4865 3128 4931 est,
3158 4861 3315 4933 apud
3335 4877 3442 4920 eos
3472 4863 3592 4920 Ma·

1940 4959 2134 5018 beleth
2165 4958 2401 5026 dicitur,
2434 4956 2605 5014 bonis
2640 4955 2914 5013 omnibus
2961 4953 3268 5028 copiosior,
3317 4958 3380 5011 et
3425 4954 3588 5026 gleba

1942 5048 2435 5116 uberilaetissima,
2466 5061 2533 5102 ex
2556 5044 2841 5102 divisione
2865 5044 3217 5101 fluentorum
3237 5041 3353 5100 Nili
3375 5043 3448 5100 iit
3469 5061 3488 5112 ς
3513 5042 3590 5099 ibi

1943 5142 2101 5198 enim
2133 5137 2414 5195 dividitur
2444 5135 2683 5204 fluvius,
2715 5137 2932 5207 partes,
2963 5148 3110 5206 quae
3133 5132 3207 5189 ab
3227 5133 3486 5191 invicem
3511 5149 3594 5192 se·

1941 5233 2126 5303 parat,
2162 5243 2348 5299 usque
2370 5227 2441 5282 ad
2475 5240 2636 5282 mare
2663 5224 2876 5280 iterum
2908 5237 3025 5280 uon
3055 5226 3446 5294 recepturus;
3495 5223 3594 5280 sed

1940 5324 2139 5378 tamen
2171 5318 2383 5374 iterum
2415 5332 2530 5374 non
2574 5314 2950 5385 conveniens,
2981 5317 3240 5386 quatuor
3265 5311 3442 5372 ostiis
3474 5328 3587 5370 ma·

1943 5409 1992 5465 ri
2023 5425 2082 5466 se
2112 5408 2422 5466 immiscet.
2457 5404 2651 5462 Prima
2691 5419 2829 5477 pars
2876 5418 3003 5476 qun
3052 5405 3317 5460 nostram
3367 5401 3594 5474 Syriam

1945 5498 2200 5573 respicit,
2232 5498 2384 5555 inter
2410 5497 2557 5554 duas
2586 5493 3035 5568 antiquissimas
3063 5491 3238 5550 nrbes
3266 5490 3596 5550 maritimas

1947 5605 2108 5652 mare
2136 5587 2480 5664 ingreditur,
2511 5585 2664 5647 inter
2691 5583 2926 5646 Tarnim
2953 5585 3012 5646 et
3045 5579 3470 5656 Phanmiamg
3501 5581 3596 5640 sed
