3784 6000
314 196 453 255 ¹¹55

1749 192 1938 251 LUCll
1979 192 2054 250 111
2097 195 2304 253 PAPAE

3595 200 3736 262 ¹156

307 321 722 394 possessiones
736 317 989 387 auferre,
1016 318 1104 376 vel
1123 318 1361 376 ablatas
1377 316 1646 384 retinere,
1668 317 1958 383 minuere,
1994 320 2036 372 A
2071 320 2336 378 ecclesiae
2364 323 2742 380 continentur
2763 323 2982 396 scripta
3025 340 3040 391 ;
3065 321 3163 380 tali
3187 328 3365 397 pacto
3386 326 3573 398 atque
3595 338 3740 383 con·

311 426 418 467 seu
447 410 813 484 quibuslibet
841 409 1256 465 vexatiouibus
1303 408 1574 479 fatigare,
1604 406 1708 463 sed
1749 406 1960 463 omnia

308 498 542 571 integra
570 504 995 556 conserventur
1020 512 1229 553 eorum
1251 511 1361 570 pro
1380 511 1642 570 quorum
1669 496 1963 567 guberna-

308 588 472 645 tione
489 603 560 646 ac
591 585 1022 642 sustentatione
1049 601 1336 643 concessa
1356 589 1516 651 sunt,
1542 584 1747 640 usibus
1771 584 1962 640 omni-

307 675 424 733 bus
448 675 775 749 profutura,
800 674 962 731 salva
985 677 1142 731 sedis
1159 675 1505 747 apostolicae
1532 673 1883 730 auctoritate
1906 677 1963 730 et

307 763 577 837 episcopi
609 764 786 820 vestri
814 764 1018 821 debita
1064 763 1412 819 reverentia.
1442 762 1501 818 Si
1530 779 1652 834 qua
1680 761 1858 832 igitur
1900 763 1960 817 in

305 852 573 910 futurum
614 852 1023 913 ecclesiastica
1050 852 1428 909 saecularisve
1481 866 1754 924 persona,
1804 850 1960 907 hanc

306 944 525 998 nostras
546 941 983 998 constitutionis
1012 942 1301 1014 paginam
1328 942 1546 1006 sciens,
1589 946 1798 997 contra
1822 955 1958 996 eam

304 1034 526 1087 temere
555 1031 758 1087 venire
787 1031 1114 1096 tentaverit,
1143 1035 1253 1091 etc.

375 1119 590 1176 Datum
634 1119 862 1176 Velletri
901 1135 1007 1192 per
1035 1134 1286 1176 manum
1318 1118 1573 1177 Alberici
1604 1124 1825 1176 sanctae
1850 1120 1954 1174 Ro·

304 1223 503 1264 manae
523 1208 794 1265 Ecclesiae
812 1208 1148 1281 presbyteri
1173 1207 1496 1265 cardinalis
1516 1213 1575 1266 ct
1592 1206 1953 1274 cancellarii,

304 1297 569 1353 secundo
592 1296 765 1354 Kal.J
776 1297 898 1364 ulii,
918 1298 1123 1354 indict.
1157 1313 1230 1353 xv
1262 1314 1278 1365 ;
1306 1299 1602 1354 incarnat.
1631 1295 1958 1355 Dominicu

302 1400 464 1443 anno
518 1387 672 1453 its-2,
710 1386 1092 1459 pontificatus
1134 1402 1277 1444 vero
1315 1386 1544 1443 domini
1584 1386 1747 1443 Lucii
1778 1400 1956 1459 papo

302 1475 372 1530 111
411 1490 574 1532 anno
599 1478 815 1549 prim0.

382 1565 643 1622 Collatia
669 1566 842 1635 facta
882 1573 965 1622 est
996 1580 1128 1621 cum
1175 1565 1481 1636 oriqinali,
1523 1564 1618 1622 die
1651 1567 1722 1621 24
1749 1565 1950 1635 April.

312 1652 471 1723 1336,
510 1660 642 1724 post
672 1652 932 1711 Pascha.

1034 1723 1218 1780 LXlll.

302 1813 502 1879 Petro,
530 1813 737 1871 abbati
760 1812 1085 1882 casinensi,
1117 1814 1326 1869 asserit
1348 1814 1657 1870 ecclesiam
1686 1814 1751 1872 S.
1780 1814 1953 1871 Nico·

373 1885 458 1940 lai
480 1885 553 1942 de
577 1886 800 1956 Gurqo,
824 1899 861 1941 a
886 1885 1213 1951 Barasone,
1234 1885 1447 1956 judice
1467 1885 1816 1953 Arbor-ensi,
1835 1885 1954 1941 col-

374 1955 582 2013 latam.

831 2024 1099 2098 (velletri,
1121 2028 1149 2082 J
1158 2043 1258 2091 un,
1290 2027 1410 2098 30.)

468 2113 896 2188 [Mona-raucos,
926 2114 1202 2171 Dim-ium
1234 2116 1530 2183 Italicum,
1565 2130 1619 2185 p.
1652 2113 1804 2188 327]

368 2204 570 2259 Lucius
598 2203 936 2275 episcopus.
981 2218 1187 2259 servus
1217 2218 1521 2259 servorum
1570 2201 1693 2271 Dei,
1734 2201 1950 2259 dilecto

294 2290 418 2347 filio
448 2293 630 2347 Psrno
660 2290 966 2347 Casinensi
996 2289 1220 2357 abbati,
1269 2290 1520 2347 salutem
1568 2295 1626 2346 et
1665 2288 1950 2363 apostoli-

296 2395 430 2438 cam
461 2379 965 2438 benedictionem.

366 2470 510 2536 Quoe
540 2469 685 2526 locis
714 2469 1003 2540 religiosis
1028 2468 1261 2542 pietatis
1287 2469 1504 2526 intuitu
1536 2468 1942 2536 conferuntur,

293 2557 469 2614 firma
489 2558 765 2614 volumus
785 2562 845 2614 et
862 2557 1085 2614 illibata
1101 2558 1433 2629 persistere,
1453 2564 1508 2614 et
1526 2572 1602 2614 ne
1620 2572 1945 2629 pravorum

294 2645 563 2718 nequitia
574 2646 1012 2717 perturbentur,
1033 2645 1364 2718 apostolico
1379 2645 1664 2719 praesidio
1677 2661 1947 2703 commu-

292 2735 443 2792 nire.
463 2737 581 2791 Hac
605 2734 808 2806 itaque
833 2734 1311 2791 consideratione
1341 2734 1588 2790 rationis
1619 2734 1867 2799 inducti,
1890 2741 1948 2793 et

292 2823 411 2881 tuis
435 2823 826 2879 nihilominus
855 2822 1134 2895 precibus
1153 2822 1436 2888 inclinati,
1465 2822 1778 2880 ecclesiam
1801 2826 1945 2882 San-

294 2911 606 2970 ctiNicolai
627 2912 699 2968 de
727 2912 920 2982 Gurgo
937 2928 1073 2968 cum
1095 2912 1382 2968 omnibus
1404 2912 1772 2983 pertinentiis
1795 2914 1940 2986 suis,

290 3018 476 3077 quam
501 3018 608 3075 per
636 3000 918 3057 dilectum
941 3000 1129 3058 fllium
1151 3007 1424 3058 nostrum
1458 3000 1721 3058 nobilem
1747 3003 1939 3059 virum
1980 3029 2021 3086 C

289 3091 552 3148 Barason
565 3089 962 3148 Arborensem
974 3090 1629 3163 judicem,dioecesanis
1643 3091 1943 3164 episcopis

293 3195 608 3238 assensum
666 3179 1093 3252 praebentibus,
1149 3180 1539 3236 commissum
1595 3183 1709 3237 tuoe
1760 3196 1941 3251 curas,

290 3268 635 3327 coenobium
660 3274 749 3324 est
776 3269 1064 3325 canonice
1091 3274 1500 3334 consecutum,
1530 3267 1685 3325 sicut
1712 3268 1773 3324 in
1804 3269 1945 3325 scri·

290 3364 395 3430 pto
433 3358 565 3430 ejus
612 3357 951 3414 authentico
996 3358 1349 3423 continetur,
1394 3363 1452 3414 et
1480 3372 1616 3413 eam
1661 3360 1824 3428 juste
1872 3373 1942 3414 ac

288 3446 416 3504 sine
443 3448 849 3503 controversia
878 3447 1172 3519 possides,
1202 3446 1305 3503 tibi
1334 3451 1390 3502 et
1420 3461 1526 3518 per
1553 3449 1610 3502 te
1643 3451 1943 3503 monaste·

287 3535 377 3593 rio
391 3541 516 3602 tuo,
531 3535 881 3593 auctoritate
899 3536 1231 3608 apostolica
1247 3534 1705 3601 confirmamus,
1719 3540 1777 3591 et
1794 3551 1944 3607 proe·

289 3625 472 3682 sentis
483 3625 682 3697 scripti
702 3625 1035 3697 patrocinio
1052 3624 1526 3681 communimus.
1541 3623 1628 3680 Ad
1646 3624 1940 3697 majorem

289 3717 488 3771 autem
514 3714 694 3785 hujus
724 3713 864 3770 facti
893 3714 1160 3770 notitiam
1190 3713 1351 3770 idem
1383 3713 1668 3786 scriptum
1696 3713 1942 3769 inferius

286 3802 569 3859 duximus
595 3802 1032 3859 adnotandum.
1057 3825 1077 3852 ι
1111 3802 1175 3858 ln
1197 3803 1440 3859 nomine
1465 3802 1681 3869 PatriS,
1710 3806 1770 3858 et
1791 3802 1938 3868 Filii,

286 3894 342 3947 et
365 3891 584 3963 Spiritu
607 3891 817 3947 sancti.
848 3897 1059 3948 Amen.
1092 3891 1473 3948 Peccatorum
1505 3890 1770 3963 pondere
1793 3907 1942 3963 proe·

284 3980 548 4051 gravatis
577 3979 905 4053 principale
921 3981 1210 4053 reperitur
1236 3980 1593 4046 remedium,
1625 3984 1688 4036 ut
1710 3984 1941 4052 tempo-

283 4069 469 4126 ralem
511 4068 911 4126 substantiam
944 4068 1162 4126 Christi
1184 4068 1554 4142 pauperibus
1582 4082 1831 4138 erogare
1862 4068 1940 4124 fe-

284 4158 522 4224 stinent,
553 4158 807 4214 Domino
836 4158 968 4230 ipso
999 4159 1229 4215 dicente
1259 4177 1273 4214 2
1299 4159 1454 4215 Date
1481 4159 1936 4228 eleemosynam,

282 4251 337 4302 et
355 4261 485 4304 ecce
509 4249 705 4304 omnia
727 4247 952 4304 munda
973 4255 1112 4303 sunt
1144 4247 1303 4304 vobis
1321 4267 1341 4304 .·
1370 4252 1426 4303 et
1458 4247 1669 4303 iterum
1695 4265 1707 4306 :
1736 4246 1941 4304 Facite

282 4334 447 4392 vobis
466 4336 686 4392 amicos
700 4336 1121 4394 demammona
1148 4336 1507 4409 iniquitatis,
1536 4341 1599 4391 ut
1617 4351 1749 4392 cum
1777 4336 1938 4405 defe-

283 4423 478 4480 ceritis
496 4424 790 4495 recipiant
812 4440 908 4482 vos
919 4426 981 4482 in
999 4432 1224 4483 aeterna
1240 4425 1654 4482 tabernacula.
1677 4424 1937 4498 ldeoque

279 4511 438 4571 hanc
469 4529 678 4571 vocem
709 4513 961 4572 audiens
982 4530 1094 4586 ego
1118 4517 1382 4571 Bai-ason
1408 4529 1510 4569 rex
1533 4517 1588 4570 et
1611 4514 1817 4585 iudex,
1842 4515 1933 4570 avi

279 4607 336 4662 et
356 4604 540 4676 patris
573 4605 687 4661 mei
729 4620 984 4677 sequens
1016 4620 1126 4676 pro
1158 4619 1338 4677 posse
1364 4604 1463 4676 pia
1496 4602 1766 4672 vestigia,
1795 4618 1936 4660 con-

280 4693 571 4750 sentiente
592 4709 775 4751 uxore
806 4709 943 4750 mea
970 4694 1179 4765 regina
1218 4692 1585 4763 Algaburga,
1620 4706 1855 4748 necnon
1875 4697 1937 4748 et

279 4783 579 4856 episcopis
608 4784 831 4841 nostris
860 4783 1187 4840 Mariniano
1213 4782 1459 4840 zorachi
1483 4781 1557 4839 de
1577 4784 1754 4839 Terra
1768 4782 1931 4854 alba,

277 4877 336 4929 et
354 4872 655 4930 comitano
696 4873 830 4930 Pais
858 4873 932 4930 de
967 4876 1090 4939 Ala,
1123 4889 1230 4946 pro
1264 4871 1674 4945 redemptione
1706 4872 1934 4929 anima-

277 4977 411 5019 rum
443 4968 783 5020 nostrarum
803 4966 861 5020 et
888 4968 1204 5036 parentum
1225 4967 1591 5031 nostrorum,
1614 4963 1928 5030 tradimus,

275 5050 578 5109 donamus
617 5057 796 5125 atque
826 5053 1212 5110 concedimus
1241 5052 1502 5108 ecclesiae
1536 5052 1592 5109 S.
1636 5051 1931 5110 Benedicti

277 5140 352 5199 de
382 5145 572 5198 Monte
603 5141 843 5213 Casino,
874 5141 1137 5200 ecclesiae
1186 5142 1260 5199 de
1287 5141 1345 5197 S.
1381 5140 1599 5198 Nicolai
1625 5141 1700 5197 de
1732 5144 1931 5212 Gurgo

275 5247 414 5289 cum
436 5232 720 5289 omnibus
746 5231 1118 5305 pertinentiis
1147 5232 1297 5297 suis,
1317 5247 1453 5288 cum
1479 5231 1662 5288 servis
1683 5230 1933 5288 etancil-

274 5316 370 5387 lis,
403 5321 592 5390 terris,
626 5321 838 5389 vineis,
869 5322 1041 5379 cultis
1071 5326 1129 5378 et
1155 5320 1394 5379 incultis
1424 5319 1677 5377 saltibus
1714 5325 1771 5377 et
1795 5335 1931 5393 pra-

275 5404 373 5472 tis,
388 5413 446 5465 et
469 5409 652 5476 silvis,
674 5417 853 5483 atque
878 5410 1331 5482 piscationibus,
1346 5425 1457 5466 nec
1479 5424 1600 5467 non
1628 5415 1684 5467 et
1703 5409 1931 5467 anima-

278 5489 456 5561 tibus,
486 5501 708 5557 etcum
739 5497 1025 5556 omnibus
1063 5514 1202 5574 quoe
1230 5499 1291 5556 in
1337 5496 1613 5555 chartula
1654 5497 1930 5572 ejusdem

2070 410 2368 478 ventione,
2392 417 2451 468 ut
2481 410 2803 468 duodecim
2831 411 3053 468 ibidem
3078 411 3156 468 ad
3175 412 3297 469 Deo
3319 413 3734 483 serviendum,

2071 498 2120 567 si
2147 503 2343 556 tamen
2373 500 2720 572 supradicta
2749 501 3005 559 ecclesia
3029 501 3141 558 hos
3166 503 3458 559 sustinere
3485 503 3618 560 sine
3644 505 3738 561 sui

2070 586 2428 645 detrimento
2454 588 2729 660 potuerit,
2761 589 2980 661 dirigat
3010 590 3366 657 monachos,
3400 608 3476 648 ex
3504 592 3733 666 quibus

2071 679 2187 733 tres
2217 678 2306 733 vel
2330 684 2590 751 quatuor
2615 679 2696 735 ita
2713 680 2832 736 sint
2858 679 3114 749 litterati,
3145 684 3208 737 ut
3230 681 3282 736 si
3315 683 3733 740 necessarium

2069 764 2324 822 fueritin
2351 766 2834 840 archiepiscopos
2861 774 2917 824 et
2941 768 3263 842 episcopos
3295 771 3541 844 possint
3569 770 3731 843 eligi,

2068 859 2126 911 et
2149 854 2325 913 etiam
2355 856 2523 926 regni
2548 858 2731 913 nostri
2764 857 3002 927 negotia
3025 858 3150 914 sive
3171 859 3230 915 in
3258 862 3537 917 Romana
3563 860 3732 919 curia

2067 942 2159 1000 vel
2185 943 2246 1000 in
2266 945 2430 1001 curia
2447 945 2843 1017 imperatoris,
2863 955 2920 1002 et
2942 945 3162 1020 ubique
3184 947 3425 1005 valeant
3446 953 3729 1007 tractare.

2069 1033 2125 1089 Si
2164 1050 2305 1090 vero
2337 1039 2531 1091 tantos
2555 1036 2850 1092 sustinere
2878 1051 2998 1092 non
3031 1038 3286 1109 potuerit
3313 1039 3613 1111 praedicta
3641 1056 3728 1096 ec·

2065 1121 2265 1188 clesia,
2297 1129 2550 1195 septem,
2596 1123 2686 1179 vel
2732 1130 2994 1197 quantos
3024 1126 3359 1183 secundum
3403 1128 3726 1186 consilium

2064 1216 2335 1267 nostrum
2366 1212 2562 1268 visum
2584 1212 2776 1279 fuerit,
2808 1213 3190 1281 transmittat,
3214 1214 3289 1271 de
3314 1231 3440 1289 qua
3473 1216 3726 1276 ecclesia

2063 1301 2266 1372 viginti
2295 1300 2629 1373 byzantios,
2657 1305 2715 1359 et
2762 1317 2883 1358 non
2913 1301 3071 1374 plus,
3105 1305 3416 1361 annuatim
3470 1306 3726 1379 accipiat

2064 1390 2314 1449 ecclesia
2341 1390 2397 1446 S.
2433 1388 2736 1446 Benedicti
2777 1391 2990 1448 Montis
3031 1392 3244 1460 Casini,
3275 1394 3392 1450 nisi
3419 1394 3581 1452 forte
3621 1395 3724 1454 ali·

2062 1479 2212 1553 quid
2244 1479 2623 1537 intcrvenerit
2648 1479 2841 1536 eidem
2887 1479 3152 1537 ecclesiae
3194 1482 3717 1557 impedimentum,

2064 1569 2153 1625 vel
2183 1584 2294 1641 pro
2306 1568 2474 1627 curia
2497 1570 2789 1635 Romana,
2813 1569 2901 1625 vel
2926 1585 3033 1641 pro
3050 1586 3285 1639 guerra,
3310 1572 3401 1628 vel
3433 1578 3596 1630 certe
3617 1589 3718 1648 pro

1983 1671 2028 1726 Β
2062 1657 2228 1728 regni
2259 1658 2348 1713 sui
2377 1657 2639 1729 negotio,
2669 1657 2759 1714 vel
2780 1657 2962 1714 etiam
2989 1674 3099 1731 pro
3125 1661 3592 1732 comparatione
3626 1663 3719 1720 aii-

2062 1747 2233 1818 cujus
2256 1753 2443 1803 terrae.
2476 1745 2614 1803 nihi
2637 1749 2862 1813 aut-sm,
2882 1746 2974 1803 vel
3001 1747 3179 1804 alicui
3210 1748 3375 1806 alteri
3409 1751 3720 1812 nonliceat

2061 1835 2262 1909 aliquo
2295 1835 2476 1891 modo
2524 1836 2940 1908 supradictam
2971 1837 3029 1892 S.
3062 1836 3283 1894 Nicolai
3327 1844 3604 1912 repetere
3635 1840 3720 1899 vel

2059 1924 2388 1998 inquietare
2418 1923 2757 1991 ecclesiam,
2789 1925 2839 1980 si
2868 1925 3276 1999 supradictam
3304 1932 3512 1985 tenere
3529 1932 3720 1988 volne-

2060 2013 2176 2070 rint
2191 2014 2667 2070 conventionem.
2687 2016 2886 2070 Testes
2908 2015 3204 2073 Marianus
3225 2016 3474 2075 zorraki
3499 2020 3719 2089 episco-

2060 2118 2173 2176 pus
2202 2102 2497 2169 Terralbe,
2520 2108 2576 2159 et
2601 2104 2948 2160 Comitanus
2975 2104 3128 2170 Pais,
3148 2107 3482 2181 episcopus
3500 2107 3646 2178 Alae,
3667 2112 3724 2166 et

2059 2193 2319 2249 Ponthus
2348 2198 2585 2249 curator
2609 2193 2683 2249 de
2705 2192 3039 2261 Bonorzuli,
3072 2200 3128 2250 et
3158 2195 3522 2255 comitanus
3543 2198 3724 2257 Fron-

2058 2288 2258 2338 sacute
2288 2285 2525 2338 curator
2557 2281 2631 2338 de
2675 2283 3095 2354 campitanno,
3126 2288 3183 2341 et
3232 2282 3603 2345 Comitanus
3649 2288 3724 2349 d·

2056 2371 2254 2427 Lacon
2287 2371 2470 2444 pedes
2500 2376 2738 2428 curator
2774 2371 2850 2427 de
2892 2372 3165 2438 valensa,
3198 2379 3257 2430 et
3281 2374 3720 2437 Constantinus

2057 2462 2294 2533 Spanus
2322 2465 2563 2516 curator
2590 2461 2665 2516 de
2697 2460 3055 2518 Frodoriane
3079 2462 3286 2534 judex,
3340 2466 3618 2523 parason
3645 2467 3714 2525 de

2056 2549 2267 2607 Gallun
2320 2555 2550 2605 curator
2579 2548 2654 2605 de
2697 2549 2857 2614 Miili,
2890 2550 3152 2608 Orzocho
3191 2549 3267 2609 de
3296 2551 3536 2621 Lacon,
3569 2554 3718 2613 filius
3781 2590 3784 2595 -

2057 2654 2243 2703 meus,
2273 2643 2511 2695 curator
2534 2638 2609 2694 de
2632 2638 2891 2704 Giltiber,
2916 2639 3169 2696 Orzocor
3192 2640 3269 2697 de
3301 2642 3514 2700 Lacon
3545 2644 3718 2703 Arbo-

2053 2726 2289 2785 rikesus
2319 2735 2555 2785 curator
2585 2729 2658 2784 de
2694 2728 2980 2785 Barbaria
3009 2731 3085 2785 de
3116 2732 3350 2799 Meana,
3385 2734 3716 2793 Constanti·
3781 2782 3784 2807 ⁴

2055 2834 2168 2873 nus
2213 2819 2419 2874 Manca
2445 2823 2682 2874 curator
2715 2818 2789 2874 de
2836 2817 3068 2875 Mantra
3094 2818 3305 2886 olisai,
3355 2822 3720 2882 Joannesde

2054 2906 2237 2963 Vinea
2282 2905 2710 2978 Bujakesorum
2746 2908 2939 2977 major
2983 2922 3120 2964 cum
3163 2909 3300 2965 totis
3345 2911 3480 2967 suis
3527 2914 3720 2973 sociis·

2054 2996 2259 3052 Petrus
2289 2994 2592 3069 Paganus,
2629 2996 2911 3069 quamvis
2951 2996 3262 3069 indignus.
3294 3000 3604 3061 sacerdos
3630 3003 3722 3079 qui

2053 3087 2179 3144 hoec
2200 3088 2402 3143 omnia
2421 3087 2680 3159 scripsit.
2711 3088 2768 3143 Si
2798 3087 2937 3161 quis
2956 3093 3156 3145 autem
3188 3098 3412 3148 contra
3439 3092 3613 3152 hanc
3627 3111 3723 3153 no-

2051 3180 2187 3232 strae
2216 3175 2557 3232 donationis
2586 3175 2918 3233 chartulam
2952 3176 3179 3250 aliquid
3206 3179 3418 3237 moliri
3449 3182 3722 3252 voluerit,

2051 3264 2475 3337 omnipotentis
2502 3265 2597 3320 Dei
2628 3264 2840 3331 Patris,
2873 3271 2929 3321 et
2953 3264 3099 3335 Filii,
3134 3272 3190 3322 et
3213 3267 3490 3339 Spiritus
3520 3274 3721 3339 sancti,

2051 3367 2161 3409 nec
2187 3369 2309 3409 non
2329 3357 2385 3409 et
2402 3353 2591 3410 beatoe
2614 3369 2852 3426 semper
2872 3355 3123 3425 Virginis
3143 3356 3242 3413 Dei
3277 3359 3613 3428 genitricis
3627 3365 3722 3421 Ια-

2051 3441 2174 3508 rioe,
2197 3445 2254 3497 et
2277 3442 2550 3499 omnium
2572 3441 2902 3500 coelestium
2933 3443 3245 3510 virtutum,
3277 3451 3341 3503 et
3367 3458 3720 3508 sanctorum

2053 3531 2612 3604 patriarcharum,et
2629 3531 3718 3606 prophetarum,apostolorum,evan·

2052 3620 2417 3690 gelistarum,
2433 3619 2888 3693 discipulorum,
2903 3622 3347 3690 innocentium,
3359 3633 3716 3703 martyrum,

2052 3708 2459 3766 confessorum
2478 3713 2656 3782 atque
2682 3711 3002 3781 virginum,
3023 3717 3082 3768 et
3100 3714 3392 3771 omnium
3417 3716 3718 3777 incurrant

2053 3798 2532 3855 maledictionem
2563 3798 2907 3856 electorum.
2935 3800 3147 3857 Amen.
3189 3802 3312 3868 Qui
3340 3810 3566 3866 autem
3601 3809 3716 3866 huie

2050 3887 2332 3944 chartulae
2378 3888 2809 3954 consenserint,
2847 3895 2904 3945 et
2935 3904 3070 3945 eam
3117 3891 3712 3968 confirmaverinm!

2051 3993 2254 4034 veram
2272 3992 2404 4034 esse
2420 3977 2798 4045 crediderint,
2821 3978 3616 4045 habeantbenedictionem
3635 3987 3707 4044 na·

2048 4065 2475 4140 omnipotentis
2526 4068 2731 4139 Patris,
2791 4073 2848 4124 et
2903 4066 3049 4135 Filii,
3093 4074 3152 4125 et
3189 4069 3474 4144 Spiritus
3527 4075 3704 4140 uncti

2048 4172 2159 4212 nec
2177 4172 2295 4213 non
2318 4162 2375 4213 et
2401 4155 2589 4213 beatoe
2611 4172 2849 4228 semper
2870 4157 3123 4228 Virginis
3149 4159 3251 4215 Dei
3276 4164 3600 4231 genitricis
3617 4163 3706 4222 Ha·

2048 4246 2169 4312 riae,
2192 4251 2249 4302 et
2277 4245 2550 4302 omnium
2579 4245 2913 4302 coelestium
2942 4247 3253 4320 virtutum,
3289 4255 3355 4307 et
3377 4259 3698 4312 sanctorum

2048 4333 2527 4407 patriarcharum
2538 4339 2594 4390 et
2607 4334 3059 4407 prophetarum,
3076 4337 3698 4408 apostolorum,evu·

2047 4424 2417 4494 gelistarum,
2435 4422 3344 4494 discipulorum,innocentium,
3359 4439 3694 4507 martyrum,

2046 4512 2461 4569 confessorum
2502 4517 2681 4585 atque
2714 4513 3036 4584 virginum,
3076 4519 3135 4571 et
3169 4518 3476 4578 omnium
3521 4521 3690 4580 electo·
3783 4520 3784 4557 ³

2046 4618 2199 4659 rum.
2254 4602 2464 4658 Amen.
2525 4604 2659 4659 llaec
2709 4603 2918 4660 omnia
2954 4608 3095 4660 sunt
3152 4604 3484 4677 ordinata,
3533 4616 3586 4668 et
3619 4609 3688 4666 fir·
3775 4611 3784 4653 ¹

2046 4696 2208 4749 mata
2238 4706 2400 4749 anno
2434 4690 2755 4748 millesimo
2803 4692 3129 4750 centesimo
3167 4699 3606 4771 octuagesimo
3627 4711 3686 4754 n-
3773 4688 3784 4744 ¹

2043 4781 2327 4838 cundo.»

2116 4871 2502 4928 Decernimus
2534 4886 2678 4942 ergo
2727 4876 2789 4927 ut
2829 4870 2978 4928 nulli
3008 4872 3265 4931 omnino
3299 4874 3684 4937 hominumi-

2041 4959 2333 5017 ceathanc
2346 4960 2630 5034 paginam
2644 4965 2865 5017 nostrae
2878 4959 3680 5040 confirmationisinfringsoe,

2042 5050 2130 5106 vel
2161 5049 2212 5105 ei
2235 5065 2388 5107 ausu
2419 5049 2734 5106 temerario
2755 5049 3067 5107 contraire.
3100 5049 3158 5106 Si
3187 5053 3339 5126 quis
3372 5061 3582 5114 autem
3603 5055 3680 5114 bt

2040 5144 2328 5197 attentare
2376 5139 2847 5213 praesumpserit,
2899 5139 3400 5211 indignationem
3448 5145 3680 5218 omnip

2040 5231 2214 5287 tentis
2250 5229 2369 5296 Dei,
2398 5235 2455 5286 et
2484 5231 2797 5286 beatorum
2829 5229 2978 5286 Petri
3002 5234 3060 5286 et
3092 5229 3262 5289 l’auli
3291 5235 3676 5310 apostoloru-

2038 5320 2170 5393 eJ’us
2205 5335 2269 5377 se
2295 5319 2527 5376 noverit
2554 5318 2960 5376 incursurum.

2108 5409 2325 5468 Datum
2355 5408 2587 5467 velletri
2617 5408 2885 5467 secundo
2913 5407 3214 5467 Kalendas
3255 5413 3434 5474 sulit.

2107 5499 2308 5572 (Adest
2323 5498 2592 5572 siqillum
2601 5499 2942 5571 plumbeum
2964 5499 3262 5571 pendens,
3287 5518 3376 5564 ex
3399 5505 3668 5582 unam
