3784 6000
110 160 254 220 mr
983 160 1375 220 vamonuu
1422 161 1518 219 An
1555 157 1833 221 Lucmu
1871 159 1949 216 111
1988 155 2236 215 PAPAM
2275 154 2651 215 Ενιετοωε
3275 188 3280 192 -
3383 156 3524 225 ms

1110 448 1495 571 LUClI
1560 449 1743 568 ΙΙΙ
1827 445 2531 574 DECRETA.

908 852 954 909 1.
1801 851 1847 905 A
1878 852 2171 920 tanquam
2200 845 2607 904 innocentium
2637 847 2965 904 ministeria
2991 852 3361 920 reputantur.
3393 847 3532 906 sine

114 939 214 997 Aa
239 938 594 1011 manistram
621 946 675 997 et
702 941 930 1010 fratres
967 940 1193 997 militiae
1222 940 1283 998 S.
1317 940 1547 999 Jacobi.
1590 971 1655 982 --
1687 941 1770 997 De
1877 936 2252 994 dubitatione
2276 938 2477 1009 itaque
2508 936 2775 1004 teneatiS,
2799 936 2967 1010 quod
2991 953 3028 994 a
3051 936 3303 1002 clericis,
3322 942 3379 995 et
3403 951 3534 1012 pre-

292 1011 731 1068 fflkabilsslione
766 1011 1119 1069 clericorum
1158 1018 1214 1070 οἱ
1243 1012 1586 1071 mulierum·
1875 1025 2149 1100 sbyteris.
2174 1040 2525 1100 quanquam
2550 1026 2900 1091 fornicariis,
2925 1026 3199 1099 quandiu
3219 1026 3419 1084 adhuc
3442 1041 3532 1083 ce·

186 1119 389 1176 Vestra
403 1118 573 1175 duxit
586 1117 826 1176 devotio
848 1118 1279 1192 inquirendum
1301 1125 1362 1176 ut
1376 1119 1767 1177 consulamus

109 1204 398 1266 tratribus
425 1207 634 1263 vestris
662 1205 1037 1281 parochiales
1065 1207 1346 1266 ecclesias
1382 1206 1765 1272 adeuntibus,

109 1309 375 1370 quorum
411 1295 610 1354 clerici
647 1295 1019 1353 concubinas
1057 1296 1303 1363 babent,
1342 1296 1419 1353 de
1458 1296 1575 1355 hoc
1602 1296 1764 1353 enim

110 1384 366 1443 diversoe
419 1384 695 1442 videntur
740 1401 1047 1444 sacrorum
1102 1402 1411 1444 canonum
1459 1386 1764 1443 sententiaa

110 1488 429 1532 emanasse
452 1473 705 1541 ;alicubi
726 1476 887 1532 enim
907 1474 1121 1533 dicitur
1138 1492 1152 1532 ε
1172 1474 1379 1533 Nullus
1400 1474 1609 1534 audiat
1627 1476 1765 1532 mis-

112 1578 247 1619 sam
258 1563 1144 1638 presbyteri,quiindubitanter
1156 1564 1762 1631 concubinamhabet;

109 1650 255 1710 alibi
280 1667 402 1710 non
428 1659 623 1725 potest
645 1653 889 1726 aliquis,
910 1661 1449 1727 quantumcunque
1481 1653 1763 1726 pollutus,

110 1743 217 1799 Dei
237 1747 616 1799 sacramento
637 1742 921 1816 polluere,
939 1760 1075 1816 quas
1097 1743 1445 1816 purgatoria
1463 1748 1605 1800 sunt
1624 1758 1764 1800 cun·

110 1835 348 1890 etatum
358 1830 815 1903 cogitationum,
828 1838 938 1889 etc.
956 1833 1106 1899 Quia
1119 1832 1327 1889 omnia
1343 1833 1402 1889 in
1418 1831 1539 1888 fide
1552 1831 1765 1890 Christi

110 1926 466 1995 purgantur.
485 1923 776 1979 Caeterum
793 1921 955 1978 aliud
980 1927 1067 1980 est
1081 1921 1330 1995 quando
1350 1920 1576 1979 crimen
1597 1928 1766 1979 noto-

112 2011 272 2068 rium
300 2024 424 2067 non
452 2008 735 2067 diffitetur
756 2011 1086 2084 presbyter,
1113 2010 1295 2067 velde
1323 2009 1454 2083 ipso
1474 2013 1766 2068 canonice

111 2103 203 2157 est
220 2098 658 2157 condemnatus
685 2118 703 2168 ς
731 2098 893 2157 aliud
925 2105 1014 2155 est
1035 2116 1173 2156 cum
1198 2100 1438 2173 penitus
1465 2106 1552 2156 est
1572 2099 1768 2157 occul·

1874 1112 2095 1182 lantur,
2122 1130 2232 1171 nec
2246 1130 2401 1187 opus
2425 1113 2784 1171 evidentiam
2810 1114 3009 1185 habet,
3029 1112 3187 1171 licite
3207 1115 3534 1174 audiantur

1873 1205 2080 1262 divina
2099 1203 2319 1270 officia,
2346 1208 2407 1259 et
2428 1203 2554 1261 alia
2581 1202 2982 1275 suscipiantur
3005 1203 3414 1263 ecclesiastiea
3437 1219 3532 1263 sa·

1873 1299 2205 1351 eramenta.

2238 1470 2337 1527 Aa
2362 1469 2782 1528 Nor-vicensem
2811 1470 3172 1542 episcopum.

1946 1561 2272 1628 Quaesitum
2297 1566 2386 1617 est
2412 1575 2449 1617 a
2477 1559 2651 1617 nobis
2678 1575 2752 1616 ex
2783 1564 2949 1632 parte
2974 1565 3098 1626 tua,
3133 1561 3180 1617 si
3209 1560 3399 1633 judex
3425 1575 3528 1619 or-

1872 1650 2163 1716 dinarius,
2196 1649 2287 1706 vel
2327 1648 2504 1714 alius,
2543 1649 2636 1705 cui
2657 1648 2846 1721 Judex
2877 1648 3186 1723 delegatus
3219 1650 3535 1709 mandavit

1876 1747 2074 1815 partes
2084 1738 2252 1795 citari
2275 1737 2368 1794 vel
2392 1742 2456 1793 ut
2477 1744 2841 1810 exsequatur
2852 1743 3235 1807 sententiam,
3250 1738 3530 1812 delegato

1867 1828 2060 1903 judici
2095 1834 2365 1886 teneatur
2400 1826 2664 1883 obedire.
2697 1827 2845 1885 Cum
2877 1833 3077 1886 autem
3110 1843 3232 1886 non
3262 1844 3394 1897 sua,
3420 1828 3529 1887 sed

1872 1918 2203 1989 delegantis
2231 1917 2354 1973 vice
2379 1916 2727 1988 iungantur,
2757 1920 2816 1972 et
2841 1932 2981 1974 cum
3004 1916 3347 1991 jurisdictio
3375 1915 3535 1975 dele·

1874 2013 2067 2080 gatur,
2083 2006 2289 2063 omnia
2299 2003 2558 2075 delegari
2572 2020 2708 2077 quae
2724 2004 2830 2074 adj
2841 2005 3290 2065 urisdictionem
3301 2005 3535 2064 faciunt

1873 2097 2209 2163 videantur,
2224 2094 2435 2152 merito
2454 2093 2765 2165 delegatus
2782 2099 2975 2167 potest
2987 2100 3112 2153 tam
3132 2096 3532 2164 ordinarium,

111 2194 266 2257 tum,
285 2187 382 2244 vel
408 2188 608 2244 adhuc
626 2188 706 2245 ab
726 2187 982 2246 Ecclesia
1001 2187 1305 2246 toleratur.
1332 2191 1473 2244 item
1492 2204 1528 2246 a
1557 2188 1765 2246 talium
1798 2202 1844 2259 B
1874 2201 2060 2260 quam
2078 2183 2265 2242 alium
2286 2183 2382 2241 cui
2406 2183 2787 2240 mandaverit
2807 2199 3019 2257 cogere
3040 2185 3120 2242 ad
3134 2184 3530 2243 efficiundum

110 2274 324 2335 officiis
339 2276 638 2334 abstinere
657 2283 720 2333 ut
741 2276 1030 2349 peccandi
1042 2277 1283 2335 lieentia
1297 2277 1427 2335 aliis
1440 2276 1764 2348 auferatur,

110 2371 170 2424 et
179 2365 258 2424 ad
268 2365 469 2437 dignoe
481 2366 840 2439 pmnitentiae
853 2366 1109 2424 (ructum
1123 2364 1701 2425 attrahantur.Aliud
1714 2365 1764 2423 si

1872 2275 2039 2349 quod
2088 2272 2453 2347 praecipitur,
2498 2277 2556 2328 et
2583 2272 2633 2328 ei
2665 2271 2769 2346 qui
2816 2272 3061 2331 obedire
3101 2273 3532 2349 contempserit

1877 2379 2123 2439 poenam
2152 2362 2419 2436 infligere
2448 2367 2907 2435 competentem.

581 2731 1339 2856 VARIORUM
1423 2731 1626 2852 AD
1702 2728 2240 2854 LUClUM
2310 2727 2483 2850 ΙΙΙ
2563 2729 3051 2852 ΡΑΡΑΜ

1458 2988 2243 3117 EPISTOLAE.

1802 3388 1846 3446 C
1877 3388 2046 3461 apud
2061 3388 2367 3446 ecclesiam
2376 3390 2570 3447 Beatoe
2582 3390 2774 3448 Uarine
2785 3389 2860 3446 de
2873 3390 3249 3465 Rotbomago
3259 3390 3537 3451 nomina·

109 3477 446 3536 Bertrandi
469 3477 729 3549 episcopi
744 3476 1212 3546 Aqennensisad
1232 3475 1771 3545 Lucium-Quod
1879 3481 2001 3535 tam
2033 3478 2406 3551 sepulturam
2430 3478 2628 3550 elegit.
2658 3479 2873 3535 Verum
2905 3495 3045 3535 cum
3089 3496 3201 3536 nos
3228 3486 3286 3538 et
3319 3496 3536 3554 quam·

182 3549 483 3607 Hem-icus
521 3564 632 3606 rex
660 3548 900 3619 Anuli&
916 3547 1135 3619 junior
1170 3550 1546 3620 sepulturam
1591 3549 1769 3621 elegit

179 3620 246 3677 in
266 3620 515 3679 ecclesia
553 3619 1030 3691 Rothomaoensi.

608 3709 798 3781 (Circa
823 3723 1053 3764 annum
1087 3708 1268 3781 ¹182.)

397 3793 695 3871 [marem.
717 3798 921 3867 Ampe.
953 3797 1223 3868 collect„
1245 3798 1299 3865 1,
1330 3798 1479 3871 951]

184 3885 532 3944 Beatissimo
569 3885 819 3943 domino
857 3893 916 3943 et
952 3886 1107 3944 Patri
1155 3903 1265 3945 suo
1294 3888 1487 3955 Lucio,
1518 3903 1627 3962 per
1664 3890 1766 3946 Dei

109 3975 366 4048 gratiam
398 3974 752 4032 universalis
781 3976 1052 4033 Ecclesiae
1079 3992 1320 4033 summo
1351 3976 1638 4050 pontifici,
1679 3979 1764 4047 8.,

113 4064 213 4121 Dei
235 4068 294 4119 et
312 4079 424 4120 sua
455 4065 837 4121 miseratione
867 4066 1238 4135 Agennensis
1264 4065 1540 4123 Ecclesiae
1571 4065 1766 4123 humi·

107 4152 184 4210 lis
199 4152 491 4222 minister,
505 4154 756 4211 salutem
771 4160 828 4210 et
839 4158 1184 4227 promptam
1195 4170 1337 4212 cum
1349 4154 1551 4212 debita
1565 4155 1763 4228 subje-

110 4240 307 4300 ctione
326 4242 406 4299 ad
435 4257 808 4316 quaecunque
832 4243 1021 4315 possit
1044 4242 1339 4317 obsequia
1371 4243 1758 4302 voluntatem.

183 4333 266 4388 Ex
296 4331 737 4405 Scripturarum
768 4332 1108 4389 testimonio
1138 4331 1461 4388 didicimus
1493 4339 1551 4390 et
1592 4332 1762 4393 inum

109 4435 217 4495 per
241 4436 425 4494 quem
455 4422 668 4477 veritas
694 4421 1045 4490 occultatur,
1075 4426 1130 4477 et
1162 4436 1266 4494 per
1293 4436 1477 4494 quem
1507 4423 1764 4480 menda-

110 4510 269 4567 cium
299 4510 615 4584 proiertur,
656 4510 849 4566 eidem
901 4525 1096 4583 poenoe
1134 4510 1453 4567 obnoxios.
1492 4512 1636 4569 Hinc
1677 4520 1766 4569 est

111 4598 275 4672 quod
296 4615 408 4656 nos
429 4599 507 4656 ad
525 4597 867 4672 petitionem
885 4599 1230 4655 clericorum
1254 4600 1521 4657 Ecclesiae
1552 4601 1764 4660 Retho-

110 4690 415 4760 magensis
462 4688 536 4745 de
568 4685 873 4760 sepultura
909 4687 1068 4758 regis
1114 4688 1343 4746 Henrici
1375 4689 1655 4761 junioris,
1688 4707 1764 4749 ne

1877 3566 2077 3640 plures
2105 3567 2205 3623 alii
2231 3567 2337 3623 viri
2361 3566 2646 3638 religiosi,
2673 3573 2891 3625 attenta
2914 3566 3262 3625 difficultate
3283 3568 3530 3637 itineris,

1876 3662 1933 3713 et
1951 3656 2066 3714 loci
2087 3658 2417 3714 remotione
2441 3657 2492 3713 ei
2515 3658 2795 3713 attentius
2812 3654 3261 3714 consuleremus
3283 3662 3348 3714 ut
3366 3658 3533 3731 apud

1876 3745 2305 3803 monasterium
2329 3745 2404 3801 de
2427 3744 2858 3802 Grandimonte
2879 3745 3119 3816 eligeret
3138 3746 3530 3820 sepulturam,

1875 3834 2363 3892 nullatenuseum
2384 3851 2420 3891 a
2443 3850 2553 3892 suo
2577 3834 2880 3907 potuimus
2904 3836 3210 3907 proposito
3224 3851 3529 3895 revocare.

1874 3923 2029 3990 Quid
2053 3924 2190 3980 inde
2210 3925 2286 3979 sit
2308 3924 2650 3981 iaciendum
2681 3922 2945 3994 gloriosa
2966 3930 3176 3981 vestrm
3198 3925 3531 3984 sanctitatis

1873 4010 2245 4084 providentia
2269 4013 2627 4069 moderetur.
2656 4014 2970 4069 Conservet
3005 4014 3291 4070 Dominus
3313 4016 3531 4073 saneti-

1873 4103 2054 4157 tatem
2089 4106 2343 4157 vestram
2374 4099 2735 4157 incolumem
2760 4116 2867 4173 per
2897 4100 3086 4158 multa
3117 4108 3415 4175 tempora.

2660 4260 2730 4317 11.

1872 4375 2092 4433 odonis
2121 4374 2291 4432 ducis
2318 4376 2696 4448 Burgundiae
2721 4377 2803 4434 ad
2821 4378 3110 4437 eumdem.
3143 4410 3210 4421 —
3243 4380 3530 4453 Eiusdem

2532 4451 2893 4520 argumenti.

2594 4562 2800 4639 [llud]

1943 4688 2334 4746 sanctissimo
2375 4687 2526 4745 Patri
2573 4693 2631 4745 et
2676 4687 2926 4746 domino
2979 4692 3167 4757 Lucio,
3205 4691 3306 4748 Dei
3337 4691 3532 4764 gratia

112 4793 220 4850 per
247 4785 515 4835 nostram
549 4778 1004 4833 taciturnitatem
1023 4777 1255 4848 justitia
1275 4781 1570 4837 sustineat
1585 4781 1764 4837 detri-
1795 4758 1841 4815 D
1871 4793 2111 4834 summo
2134 4776 2420 4849 pontiflci,
2435 4783 2493 4834 et
2513 4777 2796 4835 omnibus
2810 4778 3087 4836 fidelibus
3108 4781 3185 4838 ad
3202 4796 3355 4855 quos
3377 4796 3527 4855 prae·

107 4873 400 4934 mentum,
416 4863 775 4924 beatitudini
797 4871 1005 4922 vestrae
1032 4866 1343 4924 veritatem
1373 4868 1455 4925 rei
1478 4876 1661 4942 gestae
1683 4872 1757 4927 si·

103 4953 483 5023 gnifleamus.
517 4954 750 5012 Noverit
773 4954 974 5025 itaque
1002 4961 1194 5013 vestra
1217 4956 1547 5028 paternitas
1570 4959 1758 5031 quod,

101 5055 242 5097 cum
263 5042 338 5100 de
366 5045 655 5102 mandato
679 5042 913 5100 domini
939 5043 1096 5114 regis
1126 5045 1312 5116 patris
1338 5046 1430 5102 sui
1454 5048 1518 5103 H.
1538 5047 1757 5105 intuitu

1868 4881 2001 4923 sens
2027 4865 2314 4938 scriptum
2339 4868 2690 4938 pervenerit,
2720 4868 2838 4925 Ono
2856 4867 2979 4924 dux
3013 4869 3391 4940 Burgundiae,
3423 4886 3525 4927 sa-

1866 4955 2052 5013 lutem
2070 4997 2084 5012 .

1936 5044 2026 5101 Ad
2057 5049 2343 5109 vestram,
2377 5047 2544 5101 Pater
2574 5050 2799 5113 sancte,
2829 5046 3225 5121 omniumque
3250 5048 3523 5108 fidelium

97 5130 264 5203 pacis
315 5132 711 5192 reformandas
740 5132 821 5190 ad
845 5131 1047 5205 ipsum
1092 5133 1492 5202 venissemus,
1526 5151 1665 5193 eum
1693 5138 1756 5195 in
1865 5134 2003 5191 volo
2020 5133 2290 5191 notitiam
2312 5132 2667 5205 pertingere,
2695 5151 2790 5191 me
2816 5135 3179 5207 interfuisse,
3203 5144 3260 5195 et
3276 5139 3529 5198 audisse

95 5216 314 5275 lectum
342 5221 709 5291 oegritudinis
746 5220 1206 5281 decumbentem
1239 5222 1608 5281 invenimus.
1643 5226 1755 5293 Qui
1862 5223 2114 5298 quando
2131 5223 2415 5280 Henricus
2435 5237 2559 5290 201,
2577 5225 2805 5281 Henrici
2825 5226 2986 5297 regis
3004 5227 3232 5298 Anglioe
3258 5227 3439 5296 filius,
3461 5229 3524 5288 in

97 5323 239 5364 cum
274 5324 312 5365 a
347 5308 521 5366 nobis
551 5318 882 5369 extremam
912 5312 1255 5369 unctionem
1284 5317 1341 5369 et
1369 5313 1487 5370 alia
1523 5328 1662 5387 quae
1688 5316 1752 5372 in
1859 5312 2143 5371 extremis
2174 5312 2705 5385 agens.elegitsibi
2726 5312 3093 5387 sepulturam
3110 5316 3276 5391 apud
3301 5317 3520 5377 Rotbo·

91 5398 377 5455 extremis
408 5399 725 5469 agentibus
747 5401 1073 5459 ministeria
1090 5400 1587 5471 solentexbiberi,
1608 5419 1748 5462 cum
1858 5416 2135 5474 magum,
2156 5416 2377 5474 rogans
2401 5401 2727 5477 plurimum
2756 5403 2898 5461 utin
2928 5405 3164 5464 civitate
3193 5407 3533 5472 Rotboma·

90 5502 336 5547 summa
355 5487 692 5547 bumilitate
709 5505 782 5549 ac
799 5492 1116 5551 devotione
1141 5492 1482 5566 recepisset,
1501 5493 1743 5551 tandem
1857 5490 2027 5567 gensi
2052 5490 2118 5549 in
2134 5490 2386 5553 ecclesia
2419 5491 2747 5553 cathedrali
2779 5492 3158 5569 sepeliretur,
3193 5503 3311 5559 eto.
