3784 6000
104 216 250 280 18⁴¹

1118 216 1491 278 EPISTOLAE
1530 217 1618 278 ET
1656 212 2103 276 Pfllvluzffla„
2144 243 2213 256 -
2248 211 2366 268 AN.
2414 210 2569 270 ¹¹85.

3388 203 3535 264 18st

101 339 362 398 actionis
378 340 709 413 percipiant
729 341 1309 415 etapuddistrictum
1330 343 1596 417 judicem
1612 355 1762 415 prae·
1788 339 1838 398 Α
1870 339 1980 394 nisi
2019 338 2271 395 honesta
2300 350 2559 408 persona
2591 337 2649 392 et
2676 332 2971 391 beneficio
3020 332 3207 403 digna
3248 328 3532 388 exstiterit

98 428 228 487 mia
254 435 493 486 aeternae
523 430 692 502 pacis
725 432 1283 500 inveniant.Amen,
1316 448 1519 500 amen,
1549 445 1751 489 amen.

171 519 293 590 Ego
324 517 538 575 Lucius
568 520 884 577 catholiam
919 521 1193 580 Ecclesiae
1223 524 1567 594 episcopus.

177 605 522 662 cardinales
554 608 1036 683 subscripserunt
1064 625 1308 677 novem,
1338 609 1559 667 scilicet
1609 607 1761 681 epis·

99 694 241 767 copi
273 699 411 762 tres,
455 696 787 769 presbyteri
814 703 952 765 tres,
993 698 1234 756 diaconi
1266 703 1401 756 tres.

180 782 396 839 Datum
429 785 671 842 Veronae
700 801 807 859 per
859 803 1108 845 manum
1147 787 1392 855 ⁴alberti,
1435 787 1497 844 S.
1551 790 1616 846 R.
1673 789 1759 853 E..

102 871 433 945 presbyteri
447 873 768 932 cardinalis
796 880 855 934 et
880 876 1243 944 cancellarii,
1281 892 1340 935 iv
1369 876 1509 934 idus
1550 875 1760 942 itm-tii,

103 959 308 1017 indict.
360 978 439 1028 ιιι,
469 961 903 1022 incarnationis
959 967 1283 1023 Dominicae
1317 967 1472 1030 1¹84.
1523 965 1764 1040 pontifi·

106 1053 282 1107 catus
310 1066 449 1108 vero
472 1051 705 1111 domini
731 1053 897 1111 Lucii
924 1071 1101 1130 papoe
1137 1057 1209 1114 111
1254 1072 1417 1113 anno
1454 1060 1688 1130 quarto.

829 1178 1051 1238 ccxxt.

111 1288 210 1345 Ad
242 1290 630 1349 Guillelmum
654 1296 990 1366 episcopum
1003 1296 1421 1354 Pictavensem.
1455 1326 1525 1336 -
1542 1297 1626 1353 De
1639 1294 1767 1379 qui·

189 1360 434 1419 busdam
487 1364 767 1423 abusibus
811 1368 877 1424 in
929 1368 1162 1426 dioecesi
1197 1367 1549 1425 Pictavensi
1576 1382 1769 1424 corn-

184 1433 411 1503 aendis,
441 1440 553 1492 etc.

627 1553 920 1622 (veronae,
949 1554 1112 1610 Hert.
1144 1553 1255 1623 ¹3.)

580 1655 881 1733 [Mani-su„
928 1660 1121 1726 Thes..
1159 1660 1305 1733 620]

189 1759 384 1819 Lucius
412 1763 753 1838 episcopus,
781 1782 989 1823 servus
1018 1782 1327 1823 servorum
1361 1766 1483 1837 Dei,
1522 1783 1770 1826 venera-

115 1843 220 1904 bili
251 1848 416 1907 fratri
437 1854 757 1911 ῦυιιιιιιιιο
774 1856 1418 1930 Pictavensiepiscopo‚
1437 1856 1694 1914 salutem
1712 1862 1769 1916 et

118 1938 511 2010 apostolicam
538 1942 1033 2001 benedictionem.

186 2029 334 2084 Cum
363 2031 439 2086 sit
476 2030 536 2089 in
557 2031 942 2089 Lateranensi
980 2034 1234 2091 concilio
1264 2035 1661 2094 constitutum
1687 2035 1769 2094 ad

115 2115 572 2176 immoderatam
588 2122 994 2193 quorumdam
1015 2123 1329 2181 avaritiam
1345 2124 1739 2184 coercendam
1745 2164 1769 2193 ‚

113 2208 172 2260 et
200 2206 529 2265 tollendam
562 2210 871 2267 materiam
897 2212 1257 2284 jurgiorum,
1283 2228 1356 2270 ne
1376 2214 1770 2272 beneficiass-

112 2293 466 2363 clesiastica,
496 2297 688 2355 donec
713 2301 1078 2369 vacaverint,
1117 2302 1559 2375 promittantur,
1589 2319 1770 2375 grave

111 2382 286 2440 nobis
314 2389 405 2441 est
426 2390 484 2442 et
513 2386 831 2445 molestum
856 2389 1102 2462 quodin
1121 2390 1365 2448 dioecesi
1385 2397 1490 2449 tua
1516 2391 1769 2450 abbates

111 2476 168 2537 et
216 2473 445 2545 priores
495 2474 766 2533 instituta
809 2477 1076 2536 salubria
1102 2480 1291 2537 surda
1319 2496 1464 2537 aure
1497 2482 1767 2549 transire,

110 2567 166 2617 et
216 2561 566 2633 hujusmodi
619 2566 1045 2637 promissiones
1094 2567 1326 2626 illicitas
1354 2568 1547 2626 facere
1575 2570 1771 2644 perhi-

109 2653 348 2709 bentur.
374 2653 539 2709 Unde
554 2669 628 2709 ne
646 2653 775 2710 haec
803 2657 1154 2722 enormitas,
1180 2673 1323 2731 quae
1340 2657 1569 2716 salubri
1582 2657 1773 2716 fuerat

111 2740 536 2799 constitutione
565 2742 835 2815 praecisa,
878 2745 1029 2801 vires
1065 2760 1138 2802 ex
1168 2746 1649 2806 dissimulatione
1679 2764 1773 2805 re-

109 2845 377 2893 sumens,
398 2832 735 2902 pernisiosa
755 2831 992 2891 licentia
1007 2834 1208 2892 denuo
1228 2835 1542 2904 inolescat,
1568 2837 1773 2895 trater-

110 2917 277 2975 nitati
292 2924 408 2975 tuae
428 2921 1041 2992 praesentibuslitteris
1059 2923 1444 2997 indulgemus
1460 2930 1542 2993 ut,
1557 2925 1660 2999 huj
1672 2943 1764 2982 us-

111 3009 276 3065 modi
307 3009 808 3081 promissionibus
835 3012 1095 3079 irritatis,
1126 3014 1173 3070 si
1204 3017 1520 3074 occasione
1543 3017 1771 3075 disseu·
1799 3029 1844 3088 c

1869 443 1979 499 pro
2003 426 2360 500 qualitteras
2375 423 2734 497 apostolicas
2753 421 3062 495 contigerit
3079 434 3384 476 emanare.
3409 418 3528 476 Hoc

1868 521 2071 573 autem
2091 521 2335 589 propter
2363 513 2627 571 futuram
2649 511 2915 568 ecclesioe
2966 513 3082 566 tuae
3114 524 3252 581 quai
3290 510 3530 564 vacaret

1871 604 2291 677 proponitur...
2341 603 2538 660 idonei
2571 598 2926 672 assignandi
2973 598 3087 655 tuis
3120 598 3294 653 nobis
3320 595 3529 653 litteris

1870 694 2193 761 intimetur,
2221 708 2294 749 ne
2325 692 2473 750 forte
2495 706 2599 763 per
2622 688 3020 763 ignorantiam
3041 687 3302 743 veritatis
3326 686 3530 741 denuo

1870 783 1971 839 tibi
2005 782 2262 839 scribere
2291 779 2744 854 compellamur.
2787 778 2936 834 Cum
2990 786 3132 831 vero
3187 774 3263 831 de
3297 772 3430 846 jure
3472 777 3533 829 et

1870 872 2303 929 consuetudine
2332 867 2410 927 ad
2438 871 2791 943 episcopum
2837 866 3245 923 Pietavensem
3268 862 3373 935 qui
3424 877 3529 935 pro

1872 966 2139 1035 tempore
2165 959 2341 1017 fuerit
2369 960 2659 1033 pertinere
2680 956 2898 1013 dicitur
2925 955 2985 1012 in
3029 951 3528 1011 conventualibus

1871 1050 2136 1108 ecclesiis
2161 1049 2513 1106 clericorum
2539 1048 2599 1104 in
2627 1046 2869 1104 dimoesi
2901 1042 3251 1107 pictavensi,
3279 1046 3336 1098 et
3360 1039 3533 1097 nihil-

1872 1139 2115 1197 ominus
2157 1138 2219 1195 in
2255 1138 2506 1194 ecclesia
2543 1133 2910 1192 Dauracensi
2941 1147 3130 1189 unum
3173 1129 3532 1187 canonicum

1874 1228 2067 1285 facere
2089 1227 2363 1299 proesenti
2379 1225 2601 1298 pagina
2625 1223 3035 1297 prohibemus,
3070 1235 3146 1275 ne
3158 1220 3315 1292 quis,
3330 1215 3534 1289 appel·

1875 1316 2116 1376 lationis
2145 1320 2450 1389 praetextu,
2482 1314 2647 1387 quod
2677 1311 2784 1370 tibi
2809 1309 3171 1383 competitin
3207 1308 3325 1364 bac
3366 1313 3533 1379 parte

1875 1406 2093 1463 debeat
2121 1404 2428 1478 impedire.
2477 1406 2632 1462 Sane
2657 1417 2796 1459 cum
2826 1400 3082 1473 quidam
3112 1399 3221 1454 viri
3267 1394 3534 1466 religiosi

1878 1496 1981 1570 qui
2011 1494 2088 1553 ad
2119 1512 2304 1552 unum
2333 1494 2663 1568 prioratum
2717 1488 3048 1561 regendum
3078 1488 3179 1544 vix
3207 1485 3530 1550 sufficiunt,

1877 1585 2234 1661 plerumque
2249 1584 2401 1641 duos
2425 1582 2756 1640 ambitione
2784 1576 3115 1636 damnabili
3148 1577 3455 1649 appetant,
3474 1576 3536 1630 et

1799 1681 1846 1737 B
1878 1675 2142 1732 detinere
2172 1677 2539 1747 praesumant
2560 1668 2901 1728 discretioni
2919 1674 3033 1724 tum
3069 1664 3453 1737 principimus
3468 1666 3534 1717 ut

1875 1765 2036 1822 hanc
2065 1763 2596 1836 praesumptionem
2621 1772 2998 1830 compescas,
3044 1759 3100 1811 et
3129 1760 3253 1811 tam
3278 1752 3533 1809 abbates

1875 1847 3035 1926 quamarchipresbyteros,decanosper
3047 1839 3537 1900 tuamdioecesim

1877 1942 2233 2001 constitutos
2250 1940 2328 1998 ad
2347 1936 2804 2010 suscipiendum
2831 1934 3107 1991 ordinem
3130 1928 3467 1994 sacerdotii,
3481 1927 3539 1985 si

1877 2032 2077 2089 idonei
2089 2030 2324 2095 tuerint,
2346 2027 2740 2101 appellatione
2750 2019 3357 2093 remota‚compellas.
3379 2014 3535 2075 Nulli

1875 2136 2021 2192 ergo
2047 2119 2296 2178 omnino
2311 2116 2630 2176 hominum
2644 2114 2819 2171 liceat
2839 2113 2998 2170 hanc
3012 2111 3298 2182 paginam
3312 2110 3535 2164 nostro

1877 2209 2281 2267 concessionis
2308 2213 2366 2264 et
2384 2202 2803 2279 prohibitionis
2821 2201 3166 2270 intringere,
3185 2196 3281 2255 vel
3307 2197 3360 2254 ei
3381 2209 3535 2252 ausu

1881 2300 2196 2357 temerario
2245 2296 2559 2354 contraire.
2597 2294 2654 2353 Si
2685 2294 2822 2365 quis
2859 2294 3061 2347 autem
3100 2289 3216 2344 hoc
3244 2289 3537 2343 attentare

1881 2388 2348 2461 praesumpserit,
2373 2382 2850 2455 indignationem
2878 2376 3306 2451 omnipotentis
3337 2372 3441 2430 Dei
3478 2374 3537 2430 et

1877 2479 2195 2536 beatorum
2225 2475 2371 2533 Petri
2398 2480 2457 2532 et
2475 2472 2672 2530 Paulis
2699 2486 2762 2527 se
2792 2468 3022 2525 noverit
3050 2468 3459 2523 incursurum.

1950 2568 2166 2624 Datum
2183 2567 2459 2631 Veronae,
2490 2578 2551 2620 ιιι
2575 2560 2716 2617 Idus
2742 2558 2949 2617 Uartii.

2584 2684 2833 2743 CCXXll.

1879 2796 2274 2868 Privileqium
2300 2810 2414 2865 pro
2472 2789 2935 2924 ηιοιῖςωρενίξβε
2983 2787 3145 2844 Valle
3190 2783 3245 2841 S.
3290 2780 3540 2841 Ioannis

2627 2880 2787 2923 essen
2820 2879 2861 2918 ι.

2405 2975 2696 3050 (Veronoe,
2726 2974 2887 3030 Hart.
2926 2970 3035 3042 ¹9.)

110 3098 353 3155 sionum
382 3114 518 3172 quae
542 3097 1110 3173 exindelrequenter
1125 3109 1438 3176 emergunt
1453 3104 1773 3177 cuipaillo-
1877 3088 2181 3163 [ΤΗΝ-101,
2235 3082 2668 3155 Ῐ)ῑιῖ)ῑ<)77κῐῑίῐ’”ῑιι
2723 3094 2894 3136 300Υο
2958 3078 3212 3134 ‘1‘1002‘13
3285 3071 3535 3146 SUUM»

106 3203 246 3244 rum
275 3187 379 3259 qui
412 3188 933 3259 praesentationem
980 3190 1204 3248 habere
1229 3198 1580 3260 noscuntur,
1616 3192 1771 3251 ultra

107 3291 217 3332 sex
243 3292 479 3333 menses
504 3277 788 3335 ecclesias
826 3294 1042 3337 vacare
1077 3281 1416 3354 contigerit,
1445 3280 1621 3339 liceat
1664 3282 1768 3339 tibi

105 3365 183 3422 de
197 3366 541 3423 auctoritate
553 3367 898 3439 apostolicas
915 3369 1098 3436 sedis,
1112 3368 1277 3426 omni
1302 3370 1769 3428 contradictione

108 3453 203 3510 vel
228 3453 624 3527 appellatione
656 3460 954 3524 cessante,
985 3456 1060 3514 de
1084 3458 1355 3530 personis
1385 3458 1619 3516 idoneis
1643 3459 1769 3516 sine

108 3542 459 3616 praejudicio
476 3548 673 3601 tamen
698 3546 1050 3602 eorumdem
1072 3546 1131 3602 in
1146 3552 1451 3620 posterum
1464 3546 1766 3605 ordinare.

112 3630 402 3689 Nolumus
431 3637 630 3690 autem
661 3638 721 3689 ut
771 3649 842 3690 ex
876 3634 991 3691 hoc
1019 3636 1347 3709 majoribus
1380 3635 1644 3693 ecclesiis
1677 3636 1770 3694 vel

113 3720 317 3778 debita
372 3722 696 3779 reverentia
750 3724 1073 3781 minuatur.
1106 3724 1176 3782 Ut
1204 3726 1382 3783 etiam
1428 3725 1768 3797 injunctum

113 3810 223 3867 tibi
241 3808 689 3869 officiumtanto
704 3811 949 3869 liberius
981 3814 1341 3886 exsequaris,
1378 3820 1607 3888 quanto
1628 3831 1772 3887 apo-

113 3898 388 3957 stolicum
408 3899 510 3956 tibi
525 3901 742 3957 videris
754 3902 968 3959 adesse
986 3903 1355 3974 proesidium,
1387 3903 1769 3962 sollicitudini

111 3994 230 4045 tuas
250 3989 521 4059 prasenti
551 3990 900 4048 auctoritate
917 3991 1306 4050 concedimus
1331 3998 1396 4050 ut
1428 3994 1769 4052 abbatissas

108 4083 170 4135 et
193 4078 340 4134 alias
367 4078 646 4136 mulieres
693 4096 829 4154 quae
872 4082 934 4138 in
962 4081 1313 4155 episcopatu
1344 4087 1446 4140 tuo
1487 4083 1770 4141 domibus

109 4167 402 4238 religiosis
434 4184 691 4241 praeesse
718 4175 1069 4240 noscuntur,
1111 4186 1217 4244 per
1244 4187 1504 4244 quarum
1538 4172 1770 4230 insuffi-

111 4257 392 4314 cientiam
405 4263 461 4314 et
480 4258 903 4329 negligentiam
922 4260 1040 4317 Deo
1064 4259 1293 4318 devotas
1307 4260 1546 4319 seminae
1566 4262 1772 4318 obser·

2529 3177 2570 3227 t.
2601 3172 2668 3237 ll,
2700 3184 2759 3241 p.
2780 3168 2895 3240 65]

1950 3281 2152 3338 Lucius
2181 3279 2523 3351 episcopus,
2578 3292 2790 3334 servus
2819 3288 3127 3331 servorum
3160 3270 3285 3334 Dei,
3307 3265 3537 3325 dilectis

1878 3368 2014 3426 tiliis
2038 3368 2362 3426 carthusia,
2392 3365 2671 3422 iratribus
2693 3364 2798 3438 qui
2824 3367 2963 3418 sunt
2992 3363 3054 3417 in
3085 3358 3244 3415 Valle
3275 3358 3333 3415 S.
3357 3358 3537 3412 Joan·

1880 3460 1990 3521 nis.
2014 3455 2270 3513 salutem
2310 3458 2369 3511 et
2398 3453 2795 3526 apostolicam
2818 3447 3319 3506 benedictionem.

1947 3544 1978 3602 J
1986 3545 2127 3602 ustis
2155 3543 2486 3616 petentium
2511 3540 2824 3599 desideriis
2853 3537 3090 3595 facilem
3117 3550 3228 3591 nos
3250 3530 3536 3589 convenit

1881 3635 2144 3708 proeberc
2175 3648 2520 3698 assensum,
2553 3636 2610 3687 et
2639 3635 2776 3687 vota
2795 3644 2933 3701 qum
2965 3642 3002 3684 a
3023 3623 3269 3682 rationis
3298 3619 3535 3677 tramite

1879 3739 2002 3782 non
2030 3720 2400 3787 discordant,
2433 3719 2645 3775 effectu
2663 3721 3057 3791 prosequente
3083 3709 3406 3783 complere.
3432 3710 3536 3765 Ea·

1880 3817 2142 3886 propter,
2165 3809 2437 3867 dilectiin
2458 3807 2713 3867 Domino
2742 3804 2869 3871 lilii,
2894 3803 3107 3862 vestris
3133 3801 3309 3874 justis
3329 3801 3538 3871 postu-

1875 3901 2201 3959 lationibus
2234 3902 2407 3969 grato
2418 3900 2839 3955 concurrentes
2853 3908 3123 3958 assensu.
3151 3888 3445 3963 praedium
3457 3885 3542 3943 de

1878 3989 2192 4048 Gunuwitz
2222 3990 2284 4044 in
2309 3984 2712 4060 patriarchatu
2743 3981 3143 4057 aquilegensi,
3166 3980 3226 4036 in
3252 3992 3375 4050 quo
3396 3977 3541 4031 sunt

1877 4079 2041 4138 celloe
2065 4085 2275 4137 vestrm
2297 4076 2581 4142 tundata,
2611 4089 2752 4130 cum
2781 4072 2986 4128 usibus
3010 4075 3065 4128 et
3096 4063 3470 4140 appendiciis
3499 4078 3540 4121 a

1877 4169 2111 4227 dilectis
2137 4167 2275 4225 filiis
2305 4163 2548 4232 nostris,
2573 4163 2711 4220 viris
2736 4159 3060 4226 nobilibus,
3095 4156 3350 4216 Otacher
3377 4167 3541 4212 mar-

1878 4259 2090 4318 chione
2119 4257 2194 4314 de
2222 4256 2433 4328 Styria.
2465 4251 2792 4310 etOtacher
2807 4250 2983 4316 duce,
3010 4247 3134 4304 filio
3165 4247 3317 4319 ejus,
3340 4243 3539 4301 ordini

112 4346 383 4402 varitiam
429 4345 734 4416 religionis
759 4347 1115 4414 exorbitant,
1147 4364 1284 4405 cum
1316 4348 1564 4408 consilio
1592 4349 1771 4407 dilec·
1802 4383 1848 4439 D
1880 4354 2077 4406 vestro
2105 4359 2478 4409 concessum,
2513 4343 2667 4398 sieut
2684 4340 2830 4396 illud
2848 4339 3006 4411 juste
3036 4342 3095 4393 et
3121 4334 3373 4409 pacifice
3403 4348 3539 4405 pos·

112 4438 314 4491 torum
362 4433 621 4491 fitiorum
670 4441 1007 4494 nostrorum
1062 4437 1255 4496 Sancti
1299 4437 1580 4512 Cypriani
1611 4445 1669 4496 et
1696 4439 1772 4498 de

115 4523 263 4579 Pinu
294 4524 581 4580 abbatum
611 4525 905 4598 corrigere
934 4526 1140 4584 valeas
1161 4545 1179 4598 ;
1205 4531 1264 4582 et
1290 4527 1342 4583 si
1372 4529 1628 4585 inventae
1653 4529 1773 4586 sue-

113 4613 231 4668 rint
255 4619 659 4678 contumaces,
681 4612 1347 4688 absqueappellationis
1379 4616 1627 4688 diffugio
1655 4617 1774 4674 dis-

117 4700 339 4773 ciplina
364 4700 770 4759 ecclesiastica
786 4717 1079 4767 coercere,
1113 4709 1176 4760 ut
1200 4716 1336 4777 quae
1365 4705 1770 4764 remediorum

115 4790 384 4847 fomenta
415 4804 535 4845 non
560 4791 839 4856 sentiunt,
870 4792 1107 4864 putrida
1139 4791 1294 4850 ferro
1344 4793 1591 4852 vulnera
1617 4810 1773 4852 rese-

117 4885 328 4937 centur
346 4896 362 4936 :
385 4879 567 4937 salvis
580 4879 843 4937 ecclesiis
854 4895 991 4954 quas
1009 4880 1174 4938 nullo
1187 4882 1487 4940 mediante
1501 4884 1773 4942 Romano

116 4969 381 5041 pontifici
395 4974 534 5025 sunt
550 4969 943 5041 subjectae.Ad
957 4970 1298 5028 bacautem
1313 4973 1771 5044 propo-ituram

120 5058 392 5115 Ecclesioe
419 5063 533 5115 ture
562 5074 704 5115 cum
738 5067 990 5127 vacaret,
1009 5060 1241 5118 idoneae
1257 5062 1608 5132 assignandi
1638 5078 1775 5136 per-

120 5162 287 5204 sonae
317 5162 457 5205 cum
475 5164 731 5205 assensu
762 5148 1010 5221 majoris
1035 5150 1369 5208 etsanioris
1400 5151 1586 5222 partis
1614 5151 1773 5224 capi-

121 5236 223 5293 tuli
270 5234 524 5293 liberam
581 5237 684 5294 tibi
734 5238 1053 5295 tribuimus
1108 5238 1470 5296 facultatem.
1504 5241 1679 5307 Quod
1721 5241 1774 5298 si

120 5340 302 5398 super
328 5341 416 5386 ea.
436 5324 531 5382 vel
555 5341 738 5398 super
756 5327 877 5386 alio
892 5328 1160 5386 ecclesias
1192 5333 1309 5386 tuse
1342 5329 1631 5387 beneflcio
1651 5331 1779 5388 cui·

118 5414 261 5471 libet
288 5413 651 5472 conferendo
678 5419 795 5473 tuas
817 5416 1120 5474 devotioni
1145 5417 1518 5489 scripsimus,
1555 5418 1776 5476 arctari

122 5509 176 5563 te
201 5502 487 5562 nolumus
501 5503 860 5564 mandatnm
879 5506 1277 5582 apostolicum
1293 5506 1645 5581 adimplere,
1664 5506 1774 5566 sed

1881 4437 2106 4502 sidetis,
2126 4433 2350 4492 auctori
2360 4438 2474 4491 tate
2501 4429 2836 4504 apostolica
2850 4427 3308 4493 confirmamus,
3321 4427 3380 4480 et
3392 4436 3542 4495 pro·

1880 4527 2064 4585 sentis
2081 4523 2285 4596 scripti
2300 4520 2633 4596 patrocinio
2648 4517 3123 4576 communimus.
3135 4514 3323 4585 Huius
3334 4515 3537 4569 autem

1882 4615 2090 4689 {medii
2103 4613 2357 4678 termini,
2372 4611 2526 4667 sieut
2554 4609 2614 4666 in
2634 4607 2907 4679 ejusdem
2935 4603 3303 4661 marchionis
3323 4599 3539 4657 rescri-

1881 4712 1985 4778 pto
2007 4704 2281 4767 habetur,
2314 4699 2666 4770 suntapices
2681 4695 2983 4754 montium
3001 4708 3191 4765 usque
3212 4692 3276 4748 in
3293 4688 3537 4756 vallem,

1880 4798 2040 4853 etex
2083 4794 2270 4851 altera
2318 4795 2486 4862 parte
2534 4785 2831 4861 prandium
2869 4783 3192 4841 Gureensis
3251 4779 3536 4844 ecclesio,

1880 4883 2034 4940 Nulli
2057 4897 2201 4952 ergo
2229 4881 2481 4937 omnino
2508 4875 2829 4933 hominum
2850 4871 3028 4930 liceat
3057 4871 3214 4929 hanc
3241 4869 3541 4942 paginam

1880 4965 2582 5029 nostroecontirmationis
2611 4962 2957 5032 intringere,
2986 4960 3075 5018 vel
3101 4960 3156 5017 ei
3188 4975 3341 5016 ausu
3360 4962 3545 5014 teme·

1881 5060 2043 5120 rario
2078 5056 2394 5122 contraire,
2428 5055 2473 5111 si
2518 5053 2654 5127 quis
2702 5056 2903 5108 autem
2931 5050 3047 5108 hoc
3072 5053 3363 5107 attentare
3391 5060 3543 5119 pro·

1883 5149 2227 5224 sumpserit,
2240 5143 2714 5214 indignationem
2725 5138 3152 5211 omnipotentis
3176 5137 3297 5202 Dei,
3314 5138 3374 5193 et
3402 5134 3545 5192 bea·

1882 5245 2082 5298 torum
2113 5237 2271 5295 Petri
2292 5240 2348 5291 et
2373 5231 2542 5291 Pauli
2568 5248 2737 5305 app„
2759 5229 2892 5302 eius
2921 5244 2987 5287 se
3010 5226 3249 5287 noverit·
3273 5225 3547 5284 incursu·

1882 5345 2173 5477 mglatum
2205 5414 2471 5478 Verona,
2499 5425 2601 5470 xiv
2614 5409 2745 5469 Kal.
2765 5407 3008 5484 Aprilis.
