3784 6000
316 202 461 267 tm

1744 194 1936 256 Lucu
1974 197 2051 256 111
2076 196 2301 256 PAPAE

3601 196 3740 257 ml

318 332 480 397 culti,
512 330 669 389 sieut
714 329 842 401 ipse
874 325 1055 384 tenuit
1080 323 1379 395 capellam
1407 324 1642 381 Sauctae
1671 322 1869 381 Harioe
1899 323 1976 381 de
2011 327 2058 381 Α
2087 325 2204 381 bus
2243 325 2530 382 omnibus
2588 325 2923 398 profutura,
2975 322 3142 382 salva
3185 323 3349 382 sedis
3401 322 3741 397 apostolice

319 423 502 479 Fonte
525 423 743 478 Sereno
760 433 897 473 cum
921 414 1295 487 appendiciis
1318 413 1462 481 suis,
1485 412 1849 485 etquidquid
1874 413 1979 470 ha-

2087 414 2458 481 auctoritate,
2491 415 2815 473 dioecesani
2841 414 3102 487 episcopi
3128 413 3388 486 justitia,
3422 416 3488 470 et.
3515 411 3741 472 Clunia·

318 512 492 577 betis,
530 507 819 567 Nandelu.
848 505 1087 577 Choisy,
1127 509 1184 559 et
1213 506 1368 575 Cury
1407 502 1615 559 decem
1647 501 1872 559 solidos
1902 503 1977 558 de
2086 503 2282 558 censis
2315 505 2662 561 monasterii
2708 504 2913 560 debita
2943 503 3292 560 reverentia.
3327 502 3389 560 Si
3417 518 3552 576 qua
3579 502 3743 572 igitur

322 598 624 657 Bernardo
644 598 718 651 ‹le
739 596 1001 659 Charon,
1026 609 1177 665 quos
1204 592 1489 649 sextarios
1515 590 1795 647 frumenti
1811 592 1977 663 apud
2083 590 2147 648 in
2176 591 2443 649 futurum
2472 593 2874 650 ecclesiastica
2904 593 3281 649 saecularisve
3319 608 3616 664 persona,
3642 598 3739 650 etc.

320 689 538 759 Choisy
553 691 812 758 quatuor
827 682 1121 739 sextarios
1136 680 1324 747 bladi,
1342 681 1401 735 in
1428 679 1669 736 decima
1688 679 1763 735 de
1786 680 1977 736 Canos

312 774 612 850 quidquid
647 772 880 828 habetis
912 769 1077 842 apud
1103 769 1385 843 Lat-iugis,
1420 768 1581 840 apud
1618 768 1861 824 Currem
1885 783 1978 824 ec-

312 864 562 922 clesiam
584 863 779 934 ipsius
805 860 918 916 loci
949 875 1089 915 cum
1126 858 1589 930 praesentatione
1620 856 1976 928 presbyteri,

314 950 618 1028 quidquid
670 949 905 1006 habetis
964 947 1128 1019 apud
1182 947 1438 1013 FreuiOS,
1497 946 1773 1012 Trebure,
1842 946 1980 1002 Cur-

318 1042 515 1112 togiis,
580 1046 842 1097 castrum
922 1036 1288 1102 Theoderici,
1359 1037 1641 1101 varenas,
1726 1035 1974 1101 Panant,

320 1125 877 1197 Crutis,Neustorel,
923 1125 1218 1191 Cardulet,
1272 1124 1596 1190 villarium,
1648 1123 1976 1189 vestulum,

318 1219 529 1284 vuelli,
563 1217 812 1282 selonts,
864 1214 1248 1271 medietatem
1294 1214 1497 1283 magni
1528 1211 1874 1276 molendini,
1919 1227 1980 1271 et

318 1308 615 1382 quidquid
627 1304 866 1363 habetis
885 1309 1045 1360 Buzae
1060 1302 1245 1368 Bivul,
1268 1303 1568 1368 Premant,
1596 1302 1975 1358 medietatem

316 1398 568 1455 decimae
580 1397 654 1451 de
668 1398 943 1460 Damam,
968 1398 1023 1448 et
1042 1391 1339 1464 quidquid
1364 1390 1597 1446 habetis
1618 1392 1780 1462 apud
1795 1390 1970 1462 Lory,

316 1490 559 1552 socom,
592 1490 649 1541 et
673 1483 838 1556 apud
869 1481 1289 1545 villerslevast,
1320 1479 1620 1553 quidquid
1646 1480 1881 1536 habetis
1910 1479 1972 1535 in

320 1575 598 1633 firmitate
627 1571 863 1629 Anculfl
886 1569 1185 1628 etfinibus
1210 1569 1344 1641 ejus
1374 1584 1449 1625 ex
1480 1569 1642 1625 dono
1674 1568 1973 1640 praedictoe

2156 681 2368 738 Datum
2401 685 2645 739 Veronae
2675 698 2782 756 per
2808 698 3060 740 manum
3087 682 3350 751 llugonis
3377 684 3615 738 sanctoe
3650 683 3740 737 llo·

2085 785 2285 827 manre
2317 771 2589 828 Ecclesiae
2618 770 2853 840 notarii,
2903 787 2958 827 vi
2992 769 3292 827 Kalendas
3315 770 3629 835 Octobris,
3666 770 3739 826 iu·

2085 859 2344 915 dictione
2383 876 2465 926 ιιι,
2513 860 2940 918 tncarnationis
2993 860 3316 917 Dominicis
3365 875 3540 918 anno
3597 861 3734 921 ¹18⁴.

2089 947 2469 1018 pontificatus
2499 949 2706 1007 domni
2737 949 2890 1006 Lucii
2921 964 3090 1022 papie
3115 949 3186 1006 ΙΙΙ
3211 965 3377 1008 anno
3407 965 3488 1007 iv.

2799 1039 3025 1097 CLXltt.

2311 1126 2693 1199 Privileqium
2724 1144 2835 1198 pro
2859 1127 3130 1185 Ecclesia
3168 1127 3518 1185 Tarvisium

2633 1217 2923 1289 (Veronae,
2956 1219 3082 1274 Oct.
3108 1217 3188 1289 1.)

2395 1305 2688 1378 [Usuerna
2721 1307 2902 1363 Italia
2937 1321 3136 1372 sacra,
3169 1307 3232 1376 V,
3275 1304 3432 1380 530]

2158 1394 2354 1452 Lucius
2402 1395 2747 1468 episcopus,
2799 1410 3009 1451 servus
3053 1410 3370 1452 servorum
3433 1393 3564 1459 Dei,
3611 1408 3729 1451 ven.

2076 1480 2243 1538 tratri
2270 1481 2532 1540 Commo
2555 1483 2864 1540 Tarvisino
2893 1484 3199 1555 episcopo,
3232 1483 3490 1556 eiusque
3509 1498 3730 1540 succes·

2081 1570 2318 1626 acribus
2347 1572 2636 1628 canonice
2662 1571 3090 1629 substituendis
3115 1572 3176 1629 in
3202 1576 3597 1645 perpetuum.

318 1663 767 1723 vicecomitissoe
807 1660 951 1717 Adai
994 1664 1053 1716 et
1104 1659 1371 1729 Bugonis
1422 1657 1525 1713 filii
1554 1661 1703 1728 ejus,
1734 1658 1885 1713 sicut
1911 1658 1970 1714 in
2000 1679 2045 1735 B
2152 1663 2214 1715 tn
2239 1659 2521 1716 eminenti
2555 1660 2718 1717 sedis
2757 1661 3102 1735 apostoliam
3147 1661 3396 1734 specula
3437 1661 3727 1719 constituti

318 1769 527 1810 eorum
558 1752 777 1822 scripto
799 1748 1141 1805 authentico
1164 1746 1519 1803 continetur.
1548 1746 1970 1802 possessiones

316 1857 459 1900 vero
507 1840 658 1897 alias
690 1854 845 1911 quas
878 1837 1309 1894 monasterium
1350 1840 1613 1891 vestrum
1648 1851 1685 1891 a
1710 1835 1971 1908 quadra-

310 1931 485 2003 ginta
495 1930 669 1985 annis
686 1928 1043 1983 inconcusse
1054 1923 1338 1997 possedit,
1356 1923 1504 1980 etim
1513 1925 1969 1994 proesentiarum

314 2022 444 2076 sine
464 2016 870 2075 controversia
884 2012 1208 2088 possidetis
1230 2013 1397 2069 vobis
1415 2012 1805 2069 nihilomiuus
1830 2027 1968 2069 con-

310 2108 654 2165 firmamus.

391 2197 544 2255 Sane
562 2193 870 2251 novalium
887 2195 1387 2262 vestrorum,quae
1407 2189 1666 2261 propriis
1686 2188 1969 2245 manibus

312 2289 420 2343 aut
445 2285 787 2356 sumptibus
817 2281 1030 2345 colitis,
1064 2280 1190 2336 sive
1232 2278 1307 2335 de
1338 2277 1714 2334 nutrimentis
1735 2278 1971 2334 anima-

306 2374 459 2432 {ium
509 2379 839 2429 vestrorum
884 2369 1082 2425 nultus
1112 2383 1150 2424 a
1196 2367 1365 2423 vobis
1410 2366 1680 2422 decimas
1732 2367 1970 2436 exigere

312 2468 418 2520 aut
444 2468 796 2533 extorquere
824 2461 1170 2531 praesumat,
1200 2456 1492 2529 liceatque
1522 2455 1690 2510 vobis
1718 2454 1968 2511 clericos

312 2551 408 2607 vel
435 2551 619 2607 laicos
647 2565 684 2605 a
715 2548 934 2604 soeculo
977 2546 1291 2615 rugientes,
1324 2545 1543 2600 liberos
1566 2549 1624 2600 et
1658 2543 1970 2600 absolutos

313 2639 393 2697 ad
436 2638 862 2695 conversiones
906 2635 1190 2706 recipere,
1237 2639 1294 2689 et
1336 2648 1438 2690 eos
1469 2633 1702 2705 absque
1737 2639 1972 2689 contra-

312 2727 573 2784 dictione
598 2726 802 2797 aliqua
830 2738 1162 2781 remanere.
1194 2722 1587 2779 Prohibemus
1622 2722 1866 2793 insuper
1893 2738 1970 2778 ne

314 2817 412 2875 cui
436 2816 686 2873 fratrum
718 2818 1051 2870 vestrorum
1086 2817 1222 2883 post
1250 2811 1472 2867 factam
1504 2810 1564 2864 iu
1597 2809 1810 2866 eodem
1833 2810 1970 2868 loco

314 2904 758 2979 professionem
811 2902 902 2960 fas
933 2903 1003 2957 sit
1031 2901 1261 2975 absque
1314 2900 1526 2971 prioris
1572 2900 1666 2955 sui
1711 2899 1966 2966 licentia,

315 2995 431 3053 nisi
483 2992 749 3051 arctioris
797 2989 1101 3061 religionis
1140 2989 1411 3053 obtentu,
1460 2987 1536 3043 de
1579 2988 1793 3046 eodem
1838 2988 1970 3047 loco

315 3084 650 3148 discedere;
686 3080 1120 3144 discedentem,
1146 3078 1376 3149 absque
1409 3079 1825 3134 communium
1845 3078 1970 3136 lite·

315 3188 519 3230 rarum
538 3169 877 3228 testimonio
898 3169 1186 3225 canonice
1213 3166 1411 3223 nullus
1441 3167 1659 3223 audeat
1683 3169 1967 3239 recipere.

314 3264 463 3320 Cum
480 3255 1365 3329 autemgeueraleinterdietum
1384 3262 1549 3312 terras
1574 3255 1769 3321 tuerit,
1798 3256 1973 3314 liceat

316 3350 492 3407 vobis
520 3348 737 3405 clausis
778 3346 1003 3419 januis,
1035 3343 1293 3402 exclusis
1337 3344 1873 3402 excommunicatis
1915 3352 1974 3402 et

317 3438 663 3502 interdictis,
712 3451 830 3493 uon
864 3435 1116 3507 pulsatis
1146 3432 1466 3505 campanis
1498 3449 1792 3506 suspensa
1822 3451 1973 3492 voce

317 3528 524 3586 divina
548 3526 750 3583 officia
778 3523 1100 3582 celebrare.
1137 3522 1486 3578 lubibemus
1517 3524 1700 3579 etiam
1728 3528 1791 3579 ut
1816 3523 1974 3580 intra

316 3619 464 3675 fines
495 3615 918 3690 parochiarum
947 3620 1279 3670 vestrarum
1312 3612 1510 3668 nunus
1538 3612 1855 3668 eeclesiam
1880 3613 1973 3669 vel

314 3707 644 3764 oratorium
676 3704 805 3760 sine
829 3718 1126 3759 consensu
1152 3701 1480 3757 dioecesani
1503 3700 1767 3772 episcopi
1795 3705 1852 3756 et
1879 3716 1974 3757 ve-

318 3801 441 3852 stro
464 3794 763 3852 oedificare
811 3795 1157 3864 prasumat,
1188 3788 1377 3845 salvis
1411 3793 1611 3846 tamen
1652 3789 1974 3861 privilegiis

317 3888 727 3942 Romanorum
755 3879 1100 3953 pontificum
1124 3890 1137 3932 :
1165 3878 1464 3935 libertates
1486 3882 1773 3949 praterea
1793 3884 1851 3935 et
1866 3879 1975 3934 im-

316 3973 640 4028 munitates
668 3973 895 4025 vestras
920 3968 1217 4039 antiquas,
1241 3972 1298 4022 et
1317 3966 1702 4023 rationabiles
1722 3982 1972 4024 consue-

320 4062 556 4119 tudines
600 4058 962 4115 monasterio
994 4062 1186 4112 vestro
1218 4070 1536 4113 concessas
1582 4059 1643 4112 et
1682 4055 1974 4113 hactenus

317 4150 690 4211 observatas,
717 4153 877 4203 ratas
905 4146 1223 4208 habemus,
1247 4150 1305 4200 et
1330 4160 1435 4201 eas
1459 4143 1671 4201 futuris
1696 4145 1973 4218 tempori·

315 4237 433 4294 bus
484 4235 739 4291 illibatas
789 4248 1028 4290 manere
1064 4233 1391 4297 sancimus,
1420 4232 1789 4304 sepulturam
1828 4249 1972 4290 vero

316 4324 478 4381 itlius
507 4322 619 4378 loci
670 4320 915 4377 liberam
964 4337 1093 4377 esse
1122 4320 1503 4376 deceruimus
1534 4326 1828 4378 uteorum
1865 4321 1971 4379 de-

2079 1748 2289 1804 tratres
2318 1756 2555 1807 nostros
2592 1750 2934 1824 episeopos,
2963 1757 3086 1808 tam
3131 1751 3518 1824 propinquos
3561 1765 3728 1824 quiam

2077 1836 2256 1908 louge
2279 1839 2525 1911 positos,
2559 1839 2817 1897 fraterna
2833 1840 3130 1899 debemus
3156 1840 3446 1897 charitate
3471 1839 3727 1910 diligere.

2078 1926 2416 1983 etEcclesiis
2428 1928 2647 2000 quibus
2664 1929 2915 1985 Domino
2932 1935 3176 1985 auctore
3187 1943 3458 2003 preesse
3478 1943 3732 1985 noscun-

2080 2018 2192 2082 tur,
2239 2020 2491 2088 paterna
2535 2017 2932 2074 sollicitudine
2993 2016 3331 2089 providero.
3386 2019 3732 2091 Eaproptcr,

2077 2119 2210 2160 ven.
2242 2105 2303 2159 in
2331 2106 2562 2163 Christo
2586 2106 2762 2163 trater
2789 2106 3058 2163 conrade
3081 2107 3390 2179 episcope,
3421 2106 3548 2165 tuis
3571 2106 3738 2180 justis

2078 2193 2584 2266 postulationibus
2612 2196 2935 2251 clementer
2953 2195 3305 2261 annuimus,
3337 2200 3398 2252 et
3421 2194 3739 2253 ecclesiam

2077 2285 2141 2339 Β.
2174 2285 2318 2339 Petri
2343 2284 2653 2350 Tarvisin.,
2682 2283 2778 2340 cui
2811 2286 2931 2341 Deo
2960 2289 3202 2341 auctore
3231 2298 3502 2356 proeesse
3527 2284 3736 2355 digno·

2079 2373 2282 2438 sceris,
2320 2372 2400 2428 ad
2446 2373 2756 2445 exemplar
2802 2372 2986 2429 felicis
3035 2372 3473 2429 recordationis
3502 2374 3736 2444 Eugenii

2077 2477 2182 2533 pp.
2203 2460 2664 2533 praedecessoris
2681 2463 2866 2519 nostri
2893 2462 3007 2518 sub
3035 2462 3094 2517 B.
3126 2462 3275 2518 l’etri
3297 2465 3359 2518 et
3382 2466 3603 2519 nostra
3621 2477 3739 2535 pro-

2077 2551 2332 2606 tectione
2358 2549 2745 2622 suscipimus,
2776 2556 2832 2606 et
2855 2550 3170 2623 proesentis
3190 2548 3400 2622 scripti
3431 2548 3736 2622 privilegio

2079 2639 2567 2703 communimus;
2616 2644 2940 2695 statuentes
2972 2642 3035 2695 ut
3078 2653 3490 2712 quascunque
3517 2654 3712 2710 posses

2077 2728 2299 2793 aiones,
2331 2742 2714 2801 quascunque
2752 2728 2921 2785 bona
2959 2727 3171 2784 eadem
3197 2726 3462 2784 ecclesia
3507 2727 3568 2783 in
3601 2742 3730 2799 pre·

2078 2816 2405 2872 sentiarum
2431 2818 2593 2888 Juste
2625 2822 2684 2873 et
2711 2816 2998 2873 canonice
3042 2815 3330 2888 possidet,
3363 2820 3476 2873 aut
3501 2815 3568 2873 in
3601 2814 3732 2872 futu-

2077 2920 2213 2961 rum
2243 2906 2627 2961 concessione
2661 2905 3034 2977 pontificum,
3061 2904 3378 2976 largitione
3399 2921 3635 2979 regum,
3657 2903 3732 2959 vel

1999 3035 2043 3094 C
2075 2993 2443 3066 principum,
2457 2994 2762 3052 oblatione
2775 2993 3189 3064 fidelium,sau
3201 2992 3335 3051 aliis
3346 2993 3534 3066 justis
3549 2993 3729 3051 modis

2083 3088 2403 3156 praestante
2416 3084 2670 3141 Domino
2691 3084 3184 3157 poteritadipisci,
3197 3081 3381 3141 firma
3391 3083 3506 3140 tibi
3519 3085 3732 3154 tuisque

2082 3174 2536 3230 successoribus
2549 3172 3274 3246 etillibata-permaneant.
3289 3173 3354 3228 lu
3371 3173 3608 3246 quibus
3623 3173 3733 3229 bne

2082 3262 2339 3333 propriis
2363 3261 2651 3318 duximus
2679 3261 3076 3334 exprimenda
3099 3260 3446 3318 vocabulis.

2154 3350 2481 3407 Ecclesiam
2512 3353 2568 3408 S.
2594 3351 2790 3408 Marias
2819 3351 2895 3407 de
2921 3351 3102 3424 Anyto
3136 3365 3278 3408 cum
3301 3359 3536 3418 castro,
3563 3357 3731 3414 curte,

2081 3442 2138 3496 et
2153 3440 2434 3495 omnibus
2455 3439 2825 3512 pertinentiis
2842 3438 2990 3509 mis,
3009 3439 3451 3497 monasterium
3475 3440 3538 3497 S·
3559 3442 3734 3499 narie

2081 3529 2158 3584 de
2173 3527 2450 3594 Muliano‚
2466 3533 2578 3585 etc.
2594 3528 2834 3585 Omissis
2858 3527 3271 3601 reliquisque
3291 3529 3354 3584 in
3383 3529 3558 3587 bulla
3577 3530 3735 3587 etim

2081 3616 2340 3688 Euymii
2351 3617 2416 3672 ΙΙ
2430 3632 2617 3687 supra
2627 3618 2826 3674 relata
2842 3617 2959 3689 (3¹)
2973 3617 3282 3689 leoninum
3303 3617 3638 3675 Ecclesiam
3650 3618 3736 3676 SS-

2083 3706 2498 3775 Quadraginta
2521 3705 3037 3778 cumpertineutiis
3059 3706 3204 3762 suis.
3225 3706 3546 3780 Hospitate
3577 3710 3635 3766 S.
3653 3706 3736 3762 Ju-

2081 3794 2225 3850 liani
2257 3795 2332 3851 de
2378 3794 2753 3867 Fossapndia
2782 3809 2922 3852 cum
2952 3795 3326 3869 pertinentiis
3355 3796 3510 3852 suis.
3547 3796 3735 3870 Hospi-

2067 3882 2199 3939 ·tale
2227 3882 2303 3939 de
2345 3885 2525 3940 Aeeta
2568 3899 2708 3940 cum
2740 3884 3107 3956 pertinentiis
3137 3884 3284 3940 suis.
3315 3885 3632 3959 Hospitale
3672 3885 3732 3941 de

2081 3972 2350 4044 Hei-gara
2371 3989 2512 4029 cum
2547 3973 2920 4045 pertinentiis
2957 3972 3106 4029 suis.
3127 3972 3600 4034 ordinationem
3627 3990 3732 4032 mo·

2082 4062 2437 4128 nachorum,
2468 4067 2526 4118 et
2565 4062 2916 4120 clericorum
2957 4062 3394 4135 pertinentium
3423 4063 3507 4120 ad
3541 4079 3732 4121 mous·

2082 4150 2327 4206 sterium
2359 4148 2435 4205 de
2475 4151 2760 4217 Narvisia,
2791 4155 2851 4207 et
2866 4149 2944 4207 ad
2967 4149 3406 4208 monasterium
3431 4152 3492 4211 S.
3529 4153 3731 4218 Fusco,

2082 4243 2140 4294 et
2163 4238 2241 4294 ad
2281 4239 2715 4296 monasterium
2743 4241 2799 4297 S.
2833 4239 3084 4306 Martini,
3109 4243 3166 4295 et
3191 4238 3274 4296 ad
3305 4242 3731 4298 monasterium

2084 4328 2140 4385 S.
2163 4328 2403 4398 Fumiae,
2423 4334 2481 4385 et
2505 4328 2588 4385 ad
2621 4328 3040 4386 monasteriem
3073 4327 3150 4384 de
3171 4326 3572 4402 Gripignaga,
3601 4330 3731 4388 etsd

320 4412 545 4469 votioui
592 4414 650 4467 et
695 4415 974 4467 extremae
1020 4409 1338 4479 voluntati,
1369 4409 1474 4482 qui
1504 4426 1565 4466 se
1588 4410 1708 4467 illic
1736 4412 1972 4483 sepeliri
2003 4392 2050 4450 D
2083 4416 2516 4473 monasterium
2563 4418 2620 4474 S.
2672 4417 2864 4474 Elenae
2903 4416 2981 4474 de
3009 4420 3281 4484 Tessara,
3309 4417 3426 4492 qui
3454 4419 3642 4478 debet
3663 4435 3732 4476 re-

318 4500 799 4565 deliberaverint,
822 4498 935 4557 nisi
973 4498 1121 4555 forte
1149 4499 1650 4556 excommunicati
1678 4499 1769 4556 vel
1794 4501 1973 4558 inter·

316 4591 457 4649 dicti
489 4591 626 4657 sint,
654 4589 852 4647 nullus
872 4588 1147 4653 obsistat,
1180 4587 1571 4644 salvatamen
1596 4588 1826 4659 justitia
1848 4589 1972 4648 illa·

318 4697 453 4740 rum
476 4681 887 4746 ecclesiarum,
910 4678 1181 4751 aquibus
1204 4683 1580 4734 mortuorum
1601 4693 1857 4751 corpora
1878 4695 1973 4737 as·

318 4776 659 4830 stimuntur.

388 4860 770 4918 Decernimus
790 4873 933 4929 ergo
982 4863 1046 4914 ut
1068 4856 1211 4913 nulli
1242 4855 1495 4914 omnino
1520 4856 1838 4915 hominum
1879 4858 1972 4916 las

317 4954 391 5009 sit
418 4949 735 5024 praelatum
757 4947 1192 5005 monasterium
1224 4951 1441 5003 temere
1464 4946 1836 5019 perturbare,
1866 4953 1974 5006 aut

312 5043 445 5114 ejus
469 5038 883 5113 possessiones
904 5036 1155 5103 auferre,
1180 5035 1272 5092 vel
1297 5036 1532 5093 ablatas
1568 5036 1840 5106 retinere,
1868 5038 1976 5095 mi-

314 5146 518 5200 nuere,
544 5145 650 5185 seu
678 5126 1049 5201 quibuslibet
1093 5125 1511 5182 vexationibus
1538 5123 1831 5196 fatigat-03
1866 5126 1975 5184 sed

314 5220 519 5276 omnia
559 5218 792 5287 integra
817 5220 1524 5282 conserventureorum,
1555 5229 1667 5288 pro
1714 5230 1976 5288 quorum

312 5309 743 5382 gubernatione
784 5322 856 5364 ac
882 5306 1314 5364 sustentatione
1342 5320 1634 5362 concessa
1674 5311 1834 5379 sunt,
1864 5307 1979 5363 usi·

372 5487 500 5562 ¹(3¹)
526 5485 671 5544 Vide
696 5482 1064 5558 Patroloqiae
1089 5490 1237 5542 tom.
1264 5482 1435 5542 chx
1445 5484 1506 5541 X.

2079 4506 2276 4578 cipere
2303 4505 2678 4563 Tarvisinum
2709 4507 3062 4580 episcopum
3101 4506 3163 4563 in
3188 4505 3288 4564 die
3309 4504 3660 4568 festivitatis
3684 4509 3727 4568 S·

2080 4593 2296 4660 Eleum,
2325 4594 2479 4651 etad
2513 4595 2947 4652 monasterium
2975 4594 3225 4663 de-Piro,
3254 4595 3414 4654 sicut
3447 4597 3727 4656 hactenns

2079 4682 2261 4741 fuisse
2280 4685 2544 4740 noscitur
2561 4684 2966 4750 observatum,
2995 4684 3122 4752 tibi,
3153 4684 3394 4758 tuisque
3423 4701 3722 4746 successo-

2069 4772 2247 4830 -ribus
2272 4773 2622 4830 auctoritate
2659 4773 2999 4846 Apostolica
3043 4772 3518 4834 confirmamus.
3545 4775 3726 4834 clerici

2079 4877 2224 4920 ¹uero
2251 4860 2685 4935 prodictocum
2715 4863 3238 4929 monasteriorum,
3267 4863 3380 4936 qui
3405 4865 3732 4924 minimam

2081 4950 2329 5025 populo.
2375 4951 2662 5008 Tarvisini
2714 4952 3120 5024 episcopatus,
3163 4950 3392 5009 debent
3433 4954 3732 5012 Tarvisino

2081 5040 2366 5113 episcopo
2386 5040 2580 5097 facere
2595 5039 3021 5107 obedientiam,
3036 5043 3096 5097 et
3112 5045 3235 5097 tam
3251 5039 3546 5109 abbates,
3567 5057 3732 5118 quam

2083 5144 2294 5187 eorum
2339 5128 2535 5185 cleriei
2581 5130 2864 5187 interesse
2899 5129 3119 5186 debent
3148 5129 3430 5200 capitulis
3461 5131 3736 5204 generali·

2081 5219 2222 5285 -bus,
2270 5217 2535 5275 decimas
2580 5217 3062 5275 molendinorum
3093 5217 3170 5274 de
3199 5218 3364 5275 Plavi
3395 5235 3438 5276 a
3487 5221 3732 5294 negrisia

2083 5323 2282 5381 usque
2311 5306 2390 5364 ad
2423 5322 2586 5364 mare
2605 5306 2920 5365 ecclesiam
2951 5309 3006 5367 S.
3033 5307 3322 5380 Stephani
3352 5307 3434 5365 de
3459 5310 3732 5372 ‘rat-visio.
