3784 6000
801 232 1008 295 msr.
1057 180 1329 294 aarum
1371 190 1907 291 raANsstAnm.
1953 261 2031 273 -
2072 230 2229 293 Lis.
2275 231 2440 293 xiv.
2490 233 2739 296 Fumo
2784 236 2965 298 nex.

3465 244 3585 307 582

176 370 441 439 sionem3
472 368 567 441 qui
626 366 969 436 compositis
1016 365 1187 423 rebus
1225 368 1280 422 et
1329 365 1597 422 ordinato
1645 363 1831 419 comi·
1862 364 1914 431 Α
1946 362 2274 421 actionibus
2308 364 2583 423 ultimum
2614 368 2757 426 coelo
2787 370 3028 426 tradidit
3058 371 3352 443 spiritum,
3381 376 3581 435 relicto

175 466 325 530 tatu,
358 463 494 518 data
528 458 934 515 benedictione
966 456 1165 513 liberis
1196 457 1340 526 suis,
1379 472 1688 512 assumens
1718 453 1830 509 sibi

174 551 250 608 de
292 550 556 609 honestis
590 548 926 620 proceribus
966 547 1109 616 suis,
1167 547 1277 602 iter
1328 546 1594 602 veniendi
1625 544 1697 602 ad
1729 544 1832 599 do·

176 641 321 698 mini
356 639 513 714 regis
568 638 927 695 vocationem
959 635 1242 706 arripuit;
1277 636 1368 691 cui
1429 640 1735 706 postquam
1772 633 1828 689 in

177 745 429 802 regnum
462 730 762 801 ingressus
821 734 928 792 est,
991 725 1188 781 statim
1225 725 1372 780 infra
1414 740 1627 795 paucos
1682 724 1829 791 dies,

176 819 332 877 sicut.
378 834 448 874 ex
488 821 652 889 pacto
685 817 1009 882 tenebatur,
1044 814 1501 886 primogenitam
1552 829 1744 881 suam,
1776 811 1829 868 ei

176 907 558 966 matrimonio
589 904 902 978 copulavit,
963 905 1266 960 conserens
1316 904 1502 959 eidem
1535 902 1690 958 dotis
1739 918 1832 958 no-

179 998 366 1065 mine,
397 996 542 1051 duas
597 997 858 1052 civitates
901 993 1247 1058 maritimas,
1278 991 1496 1065 Tyrum
1529 996 1587 1048 et
1641 991 1830 1047 Ptole-

176 1086 478 1153 maidam3
512 1100 689 1155 quam
718 1083 888 1155 quasi
920 1081 1171 1138 triennio
1196 1083 1520 1153 possidens,
1555 1079 1830 1136 continuo

172 1192 377 1232 comes
412 1173 563 1230 sicut
591 1178 724 1228 ante
754 1172 925 1243 quasi
959 1170 1296 1227 vocabatur.
1339 1170 1620 1225 Defuncto
1653 1169 1833 1239 igitur

172 1263 418 1321 domino
452 1279 582 1329 rege
609 1279 663 1317 xi
689 1262 815 1316 Kal.
837 1260 1129 1331 Septemb.
1155 1276 1308 1315 anno
1335 1259 1407 1314 ab
1433 1259 1831 1313 incarnatione

173 1351 441 1419 Domini,
502 1353 661 1418 1131,
699 1350 852 1406 idem
903 1364 1099 1405 comes
1130 1363 1261 1402 cum
1300 1347 1572 1419 praedicta
1627 1362 1825 1415 uxore,

173 1457 325 1499 xvm
358 1440 484 1496 Kal.
518 1439 720 1496 Octob.
755 1439 814 1495 in
847 1438 940 1494 die
971 1436 1339 1494 exaltationis
1362 1436 1584 1492 Sanstae
1605 1437 1826 1506 Crucis,

171 1532 235 1588 in
266 1532 528 1588 ecclesiae
560 1529 847 1586 Dominici
869 1529 1155 1601 Sepulcri,
1180 1546 1213 1584 a
1238 1527 1474 1584 domino
1513 1527 1825 1594 Wittetmo,

170 1623 351 1679 bonae
373 1621 664 1679 memoriis
686 1617 1208 1690 Hierosolymorum
1236 1617 1587 1689 patriarcha,
1611 1617 1824 1673 solem·

173 1711 342 1768 niter
372 1715 431 1768 et
458 1727 527 1766 ex
549 1725 709 1766 more
739 1712 1051 1764 coronatus
1081 1715 1135 1762 et
1166 1710 1542 1763 consecratus
1573 1714 1684 1763 est.

819 1814 1052 1870 CAPUT
1092 1814 1188 1870 ΙΙΙ.

167 1906 385 1964 Senior
410 1905 716 1963 lescelinus
774 1904 1074 1960 Ede-tranas
1102 1919 1299 1972 comes,
1327 1917 1476 1975 «τρεῖν
1521 1901 1581 1958 in
1639 1902 1826 1958 lectica

248 1978 501 2035 hostibus
531 1979 796 2039 occurrit,-
815 1981 866 2032 et
888 1976 1103 2032 obtentu
1120 1977 1346 2031 victoria
1372 1990 1538 2031 carne
1555 1976 1790 2031 solvitur
1801 1991 1826 2039 ,-

247 2056 301 2107 et
323 2049 391 2105 de
417 2049 536 2120 filio
563 2049 681 2121 ejus
709 2047 1002 2105 loscelino.

248 2157 363 2212 Per
388 2155 543 2211 idem
602 2160 858 2227 tempus,
917 2153 1188 2210 dominus
1248 2152 1578 2210 Joseelinus
1633 2168 1825 2208 comes

170 2245 537 2314 Edessanus‚
562 2244 730 2317 longa
751 2244 1089 2315 aegritudine
1123 2244 1416 2314 fatigatus,
1451 2242 1596 2298 lecto
1647 2245 1828 2297 decu-

173 2335 356 2401 bans,
388 2336 594 2390 mortis
624 2333 1026 2388 imminentem
1059 2333 1433 2404 exspectabat
1463 2332 1639 2388 diem.
1665 2331 1828 2387 Ceci-

180 2425 357 2481 derat
411 2423 564 2479 enim
625 2439 779 2478 anno
814 2422 1076 2493 proxime
1108 2422 1396 2493 praeterito
1429 2421 1581 2477 circa
1634 2426 1826 2493 partes

177 2512 462 2584 Halapioe,
496 2528 668 2582 super
697 2528 831 2567 eum
865 2509 1039 2566 turris
1059 2525 1128 2566 ex
1148 2511 1342 2565 crudis
1362 2509 1642 2566 lateribus
1664 2525 1824 2565 com·

172 2607 383 2675 pacta3
418 2617 590 2673 quam
624 2617 757 2657 cum
792 2599 1141 2656 hostibusin
1164 2599 1492 2656 eainclusis
1514 2604 1573 2655 ut
1595 2599 1826 2655 facilius

173 2693 435 2762 caperet,
468 2689 677 2746 suffodi
712 2690 946 2756 iecerat3
983 2688 1256 2744 subfossa
1285 2690 1479 2745 subito
1522 2704 1823 2754 corruens,

174 2783 483 2837 Incautum
528 2782 923 2851 oppresserat3
959 2778 1114 2833 unde
1142 2794 1276 2834 eum
1310 2777 1402 2833 sui
1447 2792 1582 2834 cum
1640 2777 1825 2834 multo

176 2868 405 2936 labore,
439 2870 603 2940 quasi
646 2868 937 2939 sepultum
970 2877 1023 2923 et
1081 2866 1345 2923 contritis
1404 2867 1675 2937 artubus,
1733 2868 1824 2923 vix

175 2963 494 3016 eruerunt:
530 2974 645 3031 quo
681 2960 957 3030 languore
977 2956 1154 3014 multo
1183 2961 1443 3029 tempore
1475 2961 1822 3027 maceratus,

174 3049 377 3106 adhuc
396 3048 591 3121 egredi
613 3050 891 3104 nitentem
915 3047 1515 3117 detinebatanimam;
1538 3064 1670 3103 cum
1693 3064 1825 3104 eece

1939 451 2059 509 fllio
2089 458 2384 528 aequivoco
2416 474 2540 522 suc,
2575 459 2678 514 sed
2708 477 2742 515 a
2776 464 3040 528 par-terna
3089 461 3271 531 glori-1
3305 464 3581 533 degenere

1939 543 2283 616 plurimum,
2317 553 2373 604 et
2394 550 2595 604 eodem
2621 551 3023 607 universorum
3048 553 3329 611 bonorum
3354 573 3423 612 cx
3453 574 3580 615 asse

1942 634 2165 692 haerede
2197 637 2480 696 institute.
2520 640 2649 695 Fuit
2691 650 2885 697 autem
2918 641 3071 698 idem
3122 643 3451 703 Joscetinus
3484 649 3580 719 ju-

1940 725 2091 794 nior,
2124 742 2190 782 ex
2235 744 2430 783 sorore
2490 729 2695 785 Leonis
2750 731 3005 799 Armeni,
3068 732 3170 786 viri
3234 735 3382 791 inter
3437 753 3577 793 suos

1940 816 2350 885 potentissimi,
2386 822 2583 885 natus;
2620 820 2870 890 pusillus
2892 826 3138 891 statura,
3162 824 3259 878 sed
3288 827 3569 883 membris

1939 902 2321 973 plenioribus,
2354 908 2628 962 robustus
2670 907 2853 975 valde,
2922 925 3090 964 carne
3139 916 3195 966 et
3222 913 3433 983 capillo
3485 914 3581 969 ni-

1938 1005 2059 1061 gcr,
2096 992 2297 1047 faciem
2354 992 2568 1049 habens
2629 994 2828 1064 latam,
2877 997 2975 1052 sed
3020 999 3230 1068 morbi,
3273 1001 3373 1071 qui
3405 1001 3577 1074 vulgo

1939 1080 2156 1136 variola
2184 1082 2416 1147 dicitur,
2449 1083 2815 1140 cicatricibus
2846 1101 3202 1156 respersam3
3244 1089 3432 1145 oculis
3478 1096 3579 1146 tu-

1940 1171 2258 1239 mentibus,
2291 1188 2433 1226 naso
2482 1173 2881 1244 prominente;
2916 1176 3002 1229 vir
3031 1176 3290 1234 liberalis
3321 1189 3376 1234 et
3425 1179 3580 1235 mili-

1939 1259 2161 1314 taribus
2192 1262 2523 1318 actionibus
2556 1263 2941 1334 conspicuus3
2975 1265 3077 1321 sed
3137 1271 3575 1325 commessatio·

1939 1347 2113 1404 nibus
2144 1366 2319 1421 supra
2364 1353 2604 1406 modum
2636 1353 2889 1421 deditus,
2921 1353 3162 1411 Veneris
3191 1356 3466 1427 operibus
3526 1362 3584 1414 et.

1938 1439 2131 1494 carnis
2160 1440 2493 1496 deserviens
2521 1441 2939 1510 immunditiis,
2992 1461 3176 1515 usque
3207 1447 3278 1501 ad
3331 1447 3580 1505 infamio

1942 1533 2158 1584 notam.
2192 1528 2294 1585 Hie
2325 1529 2578 1586 nobilem
2610 1547 2873 1602 corpore,
2905 1533 3005 1588 sed
3044 1534 3300 1591 moribus
3334 1536 3581 1593 nobilio·

1937 1633 2080 1686 rem,
2115 1617 2391 1674 Willelmi
2421 1620 2492 1675 de
2546 1624 2732 1676 Saena
2762 1621 3021 1687 viduam,
3056 1625 3291 1680 nomine
3361 1625 3581 1682 Beatri-

1938 1721 2088 1772 cem,
2131 1722 2366 1762 uxorem
2402 1709 2591 1776 duxit;
2625 1725 2695 1764 ex
2725 1726 2841 1782 qna
2871 1709 3082 1776 filium,
3114 1712 3351 1768 tertium
3382 1714 3581 1771 Josce·

1934 1793 2119 1850 linum
2144 1796 2432 1866 suscepit;
2456 1801 2513 1851 et
2545 1797 2747 1866 filiam,
2782 1815 2910 1869 quse
2942 1800 3107 1870 prius
3137 1818 3279 1857 uxor
3307 1801 3416 1857 ruit
3449 1804 3581 1860 Rai-

1939 1883 2199 1940 naldide
2227 1884 2439 1952 Mares,
2484 1893 2682 1955 postea
2735 1887 2955 1942 domini
3012 1888 3284 1944 Almarici
3346 1892 3579 1947 comitis

1933 1971 2267 2045 Joppeusis,
2324 1975 2423 2045 qui
2460 1983 2654 2044 postea
2686 1976 2793 2030 fuit
2844 1975 3377 2049 Hierosolymorum
3431 1995 3567 2035 rex:

1938 2063 2091 2118 unde
2130 2068 2304 2119 natus
2365 2067 2455 2118 est
2503 2063 2829 2119 Balduinus
2889 2064 3419 2138 Hierosolymorum
3479 2084 3577 2124 rex

1935 2159 2154 2220 sextus,
2196 2157 2253 2208 et
2308 2152 2510 2209 Sibilla
2568 2170 2733 2209 soror
2790 2155 2939 2224 ejus.
2977 2155 3078 2211 Hic
3134 2161 3348 2226 autem,
3394 2161 3458 2214 ut.
3513 2159 3574 2214 in

1935 2242 2310 2300 interioribus
2349 2245 2590 2313 dicetur,
2629 2244 2879 2317 ignavia,
2931 2250 2988 2301 et
3018 2247 3265 2316 peccatis
3296 2249 3421 2304 suis
3453 2251 3569 2305 exi-

1936 2333 2236 2403 gentibus,
2267 2333 2597 2390 universam
2647 2335 2966 2405 regionem,
2998 2351 3173 2406 quam
3231 2341 3397 2409 pater
3435 2355 3579 2396 suus

1940 2438 2192 2492 congruo
2224 2426 2448 2480 rexerat
2479 2423 2901 2488 moderamine,
2933 2424 3206 2495 perdidit.

2572 2529 2807 2586 CAPUT
2849 2527 2943 2585 1V.

1937 2621 2054 2673 Rex
2091 2621 2314 2675 vocatur
2358 2619 2428 2674 ab
2459 2618 2846 2745 Antioc-luentiu-
2876 2625 2930 2673 et
2968 2619 3183 2675 malicia
3235 2619 3581 2695 principiuae

2616 2705 2784 2760 apert
2812 2706 2900 2744 ur.

2012 2782 2180 2835 Anno
2211 2778 2389 2851 igitur
2421 2779 2603 2850 primo
2636 2778 2799 2850 regni
2847 2778 3068 2834 domini
3104 2779 3391 2853 Falconis,
3444 2800 3578 2841 cum

1937 2877 2090 2924 esset
2138 2872 2254 2923 tam
2303 2868 2533 2935 civitae,
2592 2884 2770 2940 quam
2819 2870 2941 2923 tota
3001 2868 3155 2940 regio
3214 2871 3578 2948 Antiochena

1938 2955 2221 3029 principis
2251 2957 2533 3014 destituta
2588 2956 2827 3025 solatio;
2887 2963 3157 3014 mortuus
3185 2959 3339 3016 enim
3390 2960 3579 3018 fuerat

1937 3053 2072 3102 ante
2101 3047 2410 3103 dominum
2442 3063 2635 3119 regem
2660 3047 2931 3102 dominus
2955 3047 3331 3104 Boamundus
3350 3050 3573 3121 junior,

174 3137 429 3194 nuntius
457 3137 756 3206 advolans,
786 3136 1103 3193 soldanum
1144 3135 1501 3192 lconiensem
1524 3137 1826 3193 obsedisse
1855 3135 1900 3204 C
1937 3136 2109 3190 unica
2142 3134 2260 3190 filia
2291 3135 2517 3191 haerede
2550 3136 2771 3202 relicta,
2792 3137 3064 3193 timentes
3087 3144 3386 3210 magnates
3416 3139 3576 3196 illius

174 3227 475 3299 quoddam
506 3229 634 3297 ejus
664 3232 943 3294 castrum,
976 3227 1068 3282 cui
1105 3243 1314 3281 nomen
1339 3227 1635 3296 Cressum,
1672 3242 1824 3281 nun-

172 3318 309 3374 tiat.
338 3318 462 3383 Quo
491 3317 714 3382 audito,
746 3318 834 3371 vir
876 3316 1298 3388 magnanimus,
1334 3317 1488 3372 sicut
1519 3320 1642 3372 erat
1689 3333 1825 3373 cor-

174 3423 322 3480 pore
369 3406 576 3462 debilis
608 3412 664 3461 et
693 3422 933 3477 prorsus
976 3406 1287 3476 impotens,
1319 3406 1420 3461 sed
1456 3408 1649 3462 mente
1678 3406 1821 3462 vali-

175 3496 317 3561 dus,
351 3495 535 3551 tilium
565 3494 823 3568 proecipit
853 3495 922 3549 ad
955 3511 1018 3550 se
1077 3496 1320 3563 evocari,
1362 3496 1679 3567 injungens
1736 3500 1820 3557 ut,

173 3587 486 3656 assumpta
513 3600 712 3640 secum
766 3585 1036 3639 universa
1089 3584 1342 3654 regionis
1400 3583 1559 3639 illius
1590 3583 1820 3651 militia,

173 3674 334 3730 hosti
356 3690 536 3745 supra
584 3674 883 3730 nominato
933 3672 1172 3728 viriliter
1188 3682 1512 3729 occurreret
1540 3677 1598 3729 et
1625 3672 1819 3730 iocum

178 3763 358 3835 patris
420 3762 718 3835 suppleret
773 3762 1131 3834 impotentis.
1194 3762 1293 3818 Ille
1321 3779 1457 3820 vero
1513 3762 1820 3834 objiciens,

176 3853 332 3925 quod
370 3852 679 3924 praedictus
711 3851 999 3909 Soldanus
1028 3852 1086 3907 in
1119 3858 1276 3925 gravi
1319 3852 1694 3909 multitudine
1726 3853 1820 3908 di-

175 3947 408 4000 ceretur
437 3943 730 4010 advenire,
754 3949 1017 4014 respectu
1044 3948 1338 3998 tantarum
1366 3942 1575 3998 virium
1604 3959 1822 4014 paucos

175 4047 241 4089 se
272 4030 509 4099 habere,
542 4031 714 4104 coepit
744 4048 806 4087 se
831 4047 1140 4101 excusare3
1165 4032 1321 4088 unde
1351 4036 1568 4103 parter,
1584 4041 1825 4103 pensata

176 4120 663 4195 pusillanimitate
696 4120 821 4188 (ilii,
852 4128 909 4178 et
940 4138 1008 4177 ex
1054 4138 1120 4178 eo
1151 4121 1324 4177 verbo
1367 4120 1560 4192 qualis
1593 4121 1826 4177 futurus

176 4216 360 4279 esset,
378 4209 678 4284 colligens,
706 4211 988 4266 militares
1010 4211 1269 4283 praecipit
1289 4209 1822 4283 convocaricopias,

176 4305 239 4358 et
289 4300 569 4373 populum
600 4300 857 4372 regionis
890 4300 1255 4357 universum.
1312 4300 1532 4364 Quibus
1585 4300 1822 4373 paratis,

178 4390 297 4445 sibi
326 4390 513 4462 aptari
544 4389 808 4445 lecticam
844 4389 1111 4456 mandam
1144 4393 1200 4444 et
1236 4388 1295 4445 in
1327 4406 1456 4446 eam
1488 4392 1824 4456 ascendens,

1933 3222 2207 3295 regionis,
2237 3240 2310 3280 ne
2340 3225 2684 3296 protectoris
2714 3226 2939 3280 defectu
2973 3226 3267 3297 provincia
3298 3226 3398 3284 illa
3437 3228 3573 3285 hos·

1935 3315 2082 3368 tium
2117 3317 2331 3384 pateret
2361 3314 2615 3383 insidiis,
2647 3314 2954 3369 dominum
2990 3331 3180 3387 regem
3240 3319 3311 3372 ad
3362 3332 3424 3374 se
3479 3333 3578 3375 vo—

1931 3409 2089 3475 cant,
2115 3414 2177 3461 ut
2212 3407 2469 3478 partium
2521 3406 2750 3462 illarum
2783 3423 2974 3463 curam
3006 3416 3249 3479 gereret,
3283 3413 3342 3465 et
3370 3410 3569 3468 omnia

1933 3493 2004 3549 ad
2037 3509 2199 3549 suam
2232 3495 3017 3552 revocaretsollicitudinem.
3051 3495 3203 3552 Uxor
3218 3498 3376 3553 enim
3407 3499 3571 3570 prin·

1931 3582 2080 3655 cipis
2112 3585 2509 3655 praedel'uncti,
2542 3584 2762 3639 domini
2798 3583 2949 3653 regis
2979 3583 3250 3639 Balduini
3284 3585 3418 3653 filia,
3465 3587 3568 3643 do·

1933 3672 2105 3728 minae
2139 3672 2460 3728 Milisendis
2488 3689 2640 3741 sora,
2665 3671 2867 3727 mulier
2889 3670 3094 3728 callida
3118 3688 3293 3744 supra
3326 3674 3560 3732 modum

1931 3766 1989 3817 et
2019 3760 2310 3817 malitiosa
2336 3761 2534 3828 nimis,
2563 3762 2845 3833 quosdam
2869 3759 3117 3816 habebat
3138 3777 3379 3819 suorum
3407 3779 3569 3820 com·

1934 3856 2261 3906 mentorum
2322 3850 2606 3914 fautores,
2638 3850 2858 3921 quibus
2897 3851 3364 3920 cooperantibus,
3416 3851 3573 3909 cirea

1934 3938 2324 4011 principatum
2359 3938 2664 4009 malignari
2698 3938 2996 4004 studebat;
3030 3938 3226 3995 volens
3277 3940 3387 3995 sibi
3438 3941 3572 3997 uni·

1932 4044 2159 4083 versam
2194 4028 2510 4100 regionem,
2536 4026 2651 4082 fllia
2681 4043 2856 4098 quam
2880 4043 2947 4083 ex
2981 4028 3188 4084 marito
3212 4036 3571 4103 susceperat,
3677 4067 3682 4072 -

1934 4119 2232 4174 exhaerede
2262 4118 2431 4186 facta,
2464 4116 2792 4185 vindicare3
2836 4122 2892 4173 et
2922 4117 3006 4174 sic
3037 4119 3276 4175 demum
3334 4120 3573 4178 obtento

1939 4207 2289 4279 principatu,
2322 4223 2424 4279 pro
2454 4208 2695 4262 arbitrio
2725 4223 2832 4261 suo
2864 4207 2935 4263 ad
2982 4211 3242 4264 secunda
3273 4214 3406 4266 vota
3466 4211 3576 4268 mi-

1935 4313 2119 4370 grare.
2153 4301 2321 4353 Pater
2350 4302 2542 4353 autem
2590 4298 2741 4368 ejus,
2772 4296 2913 4352 dum
2963 4297 3197 4366 viveret,
3252 4300 3450 4358 statim
3482 4302 3578 4359 de-
3609 4329 3620 4334 ·

1936 4387 2135 4442 functo
2165 4386 2394 4452 marite,
2429 4386 2547 4441 hoec
2577 4386 2780 4442 eadem
2825 4386 3256 4443 machinantem
3288 4387 3577 4448 industrie

175 4479 448 4534 hostibus
487 4481 756 4545 occurrit,
813 4478 1030 4535 doloris
1064 4479 1284 4534 oblitus
1341 4485 1399 4535 et
1430 4479 1823 4551 impotentiae3
1859 4509 1906 4576 D
1938 4476 2083 4531 satis
2115 4479 2499 4548 praevenerat;
2527 4479 2585 4531 et
2614 4491 2743 4531 eam
2777 4476 2829 4531 vi
2864 4476 3106 4545 eiectam
3138 4476 3210 4532 ab
3248 4478 3575 4550 Antiochia,

178 4570 240 4625 in
277 4584 393 4641 quo
430 4583 562 4625 eum
594 4568 1021 4640 aliquantulum
1059 4585 1192 4623 cum
1224 4569 1479 4624 exercitu
1540 4568 1824 4641 pocessis-

177 4666 292 4723 set,
325 4658 560 4713 nuntiat
598 4658 648 4713 ei
680 4673 828 4713 unus
860 4659 930 4712 de
966 4658 1340 4729 magnatibus
1369 4657 1624 4729 regionis
1673 4656 1827 4713 Gau·

177 4747 384 4814 fridus,
417 4750 807 4818 cognomento
869 4746 1215 4815 Monaclius,
1247 4745 1568 4802 Soldanum
1622 4746 1824 4803 audito

177 4837 310 4907 ejus
332 4836 605 4903 adventu,
637 4835 1000 4892 obsidionem
1034 4853 1067 4891 a
1097 4847 1284 4891 castro
1331 4834 1647 4892 dimovisse
1678 4853 1826 4909 prae-

182 4926 347 4982 dicto
379 4930 434 4980 et
462 4925 569 4980 iter
597 4925 672 4981 ad
712 4926 958 4981 reditum
993 4933 1329 4982 maturasse.
1389 4927 1511 4991 Quo
1569 4929 1823 4997 cognite,

177 5030 382 5074 eomes
408 5013 664 5071 lecticam
715 5031 830 5085 qua
860 5015 1219 5087 gestabatur,
1273 5017 1340 5072 ad
1374 5024 1580 5073 terram
1612 5016 1825 5088 deponi

169 5104 393 5177 jussit;
426 5110 480 5159 et
508 5103 717 5160 erectis
737 5103 796 5159 in
822 5104 1032 5161 coelum
1067 5105 1338 5161 manibus
1368 5108 1428 5160 et
1454 5106 1664 5162 devoto
1694 5105 1823 5178 spi-

178 5195 323 5261 ritu,
344 5192 595 5249 Domino
617 5209 750 5249 cum
774 5194 1047 5265 suspiriis
1072 5199 1129 5250 et
1177 5191 1316 5250 ssetu
1351 5193 1566 5264 gratias
1620 5210 1823 5266 agens,

177 5282 338 5355 quod
364 5283 420 5338 in
455 5281 793 5338 novissimis
815 5282 1086 5339 suiacum
1109 5282 1397 5355 benignus
1416 5286 1474 5338 et
1495 5282 1824 5340 misericors

174 5371 465 5428 Dominus
494 5374 655 5426 tanta
684 5371 869 5443 gratia
922 5374 1257 5429 visitasset:
1310 5372 1465 5444 quod
1512 5371 1828 5429 seminecis

173 5468 235 5520 et
256 5462 316 5517 in
340 5460 484 5534 ipsis
507 5460 713 5517 mortis
735 5460 1036 5517 vestibulis
1057 5463 1413 5518 constitutus
1433 5461 1623 5518 adbuc
1644 5460 1829 5520 hosti-

173 5554 288 5610 bus
313 5551 395 5609 ch
407 5549 666 5608 ristiann
682 5549 816 5608 fidei
839 5555 989 5609 esset
1013 5550 1419 5620 formidabilis,
1435 5549 1489 5606 in
1504 5551 1826 5623 gratiarum

1930 4572 2190 4639 jusserat
2210 4585 2339 4625 esse
2372 4572 2701 4624 contentam
2731 4584 2797 4623 eo
2828 4569 2982 4640 quod
3045 4569 3290 4624 maritus
3341 4569 3578 4626 nomine

1938 4657 2267 4714 donationis
2300 4665 2533 4730 propter
2563 4657 2794 4726 nuptias
2827 4656 2884 4712 in
2906 4673 3032 4713 eam
3056 4655 3401 4723 contulerat,
3433 4656 3575 4712 dua-

1941 4746 2046 4803 bus
2075 4746 2341 4803 videlicet
2372 4744 2614 4800 urbibus
2647 4744 2979 4811 maritimis,
3030 4741 3254 4800 Gabulo
3284 4748 3341 4799 et
3374 4743 3575 4800 Laodi-

1935 4836 2044 4891 cia.
2078 4835 2184 4890 llla
2233 4850 2426 4906 porro,
2460 4841 2619 4903 patre
2663 4833 2959 4899 defuncto,
3010 4841 3225 4904 putans
3255 4848 3569 4900 congruam

1936 4922 2229 4979 invenisse
2258 4922 2774 4993 opportunitatem,
2809 4922 2878 4976 ad
2916 4920 3078 4987 prius
3100 4926 3441 4992 conceptum
3468 4922 3576 4978 ite-

1938 5029 2066 5070 rum
2101 5012 2392 5083 aspirabat
2424 5011 2806 5084 propositum.
2841 5011 3059 5065 Horum
3098 5014 3291 5066 autem
3350 5012 3576 5068 studio-

1938 5119 2070 5159 rum
2100 5102 2413 5173 complices
2466 5116 2778 5157 munerum
2822 5098 3131 5173 largitione
3157 5105 3216 5155 et
3270 5101 3575 5173 promissis

1938 5190 2524 5264 superamplioribus,
2561 5190 2846 5262 quosdam
2878 5190 3229 5260 potentiores
3286 5189 3575 5260 effecerat,

1940 5280 2302 5337 Willelmum
2329 5276 2597 5334 videlicet
2617 5278 2688 5335 de
2717 5276 3018 5344 Schunna,
3040 5275 3430 5333 Guarentonis
3461 5276 3574 5333 sra-

1942 5380 2085 5428 trem
2118 5378 2172 5426 et
2192 5370 2465 5426 Pontium
2497 5369 2766 5425 comitem
2797 5366 3247 5439 Tripolitanum,
3272 5381 3497 5423 necnon
3520 5375 3575 5424 et

1936 5460 2292 5517 Joscelinum
2309 5459 2603 5531 juniorem
2624 5458 2982 5514 Edessanum
3007 5457 3303 5515 comitem.
3324 5458 3484 5525 Quod
3505 5459 3576 5514 ti-

1939 5554 2166 5607 mentes
2197 5548 2458 5623 regionis
2483 5548 2646 5608 illius
2675 5554 3000 5621 magnates,
3041 5552 3254 5621 quanto
3308 5551 3576 5620 poterant
