3784 6000
940 188 1303 249 EPISTOLAE
1338 188 1423 245 ET
1461 183 1908 245 PRIVILEGlA.
1950 214 2020 229 —
2054 184 2170 242 AN.
2213 186 2373 245 1¹82.
3197 198 3336 255 ΗΜ

141 331 165 372 ει
192 316 253 375 in
282 316 417 387 ipsa
431 315 592 382 villa,
625 316 1061 374 cumomnibus
1085 315 1163 372 ad
1189 315 1383 387 ipsam
1399 311 1573 385 perti·
1602 312 1648 366 A
1680 309 1948 366 ecelesias
1963 314 2206 367 vestrae:
2228 311 2551 370 dimidium
2572 313 2864 387 hospitem
2881 320 3045 390 apud
3067 320 3330 381 chamis·

141 422 228 472 ηε,
251 421 436 478 quam
463 405 537 462 de
560 421 665 461 suo
686 404 927 478 proprio
949 405 1302 477 acquisitam
1330 416 1571 459 venera·
1680 398 1929 465 siacum,
1979 414 2197 457 novem
2231 402 2427 459 minas
2458 403 2652 473 grani,
2683 411 2940 476 quatuor
2967 408 3244 469 denarios
3274 419 3333 471 et

140 500 265 551 ater
305 499 505 550 noster
544 495 825 551 Henricus
857 510 1017 550 nunc
1046 494 1369 566 episcopus
1400 490 1573 547 vobis
1683 503 1872 546 unum
1895 504 2192 561 caponem
2206 491 2381 547 vobis
2399 492 2576 547 annis
2591 492 2840 563 singulis
2854 497 3329 567 persolventem:

141 581 402 641 eralitate
431 582 681 640 donavit
713 599 724 637 :
759 582 1075 640 ecclesiam
1100 582 1174 639 de
1206 586 1370 639 Nova
1400 579 1570 644 Villa,
1682 579 1743 634 in
1776 578 2069 635 territorio
2089 578 2363 650 ejusdem
2392 581 2542 636 villae
2564 587 2752 638 terras
2779 585 3126 655 pensionem
3163 592 3332 650 vobis

140 673 415 730 tmorlaia
435 672 671 739 dicitur,
698 689 833 728 cum
861 672 1107 729 decimis
1130 671 1399 744 ejusdem
1421 668 1571 725 loci:
1684 683 1953 723 annuam
1987 667 2392 741 persolventes
2425 686 2439 725 :
2473 670 2637 742 apud
2673 671 3111 744 baleigniacum
3146 697 3333 740 unum

140 778 379 833 ›urgum
424 760 701 818 clausum
743 762 995 818 civitatis
1028 766 1232 818 vestrae
1282 756 1572 831 hospites,
1684 755 1986 828 hospitem
2016 772 2152 812 cum
2192 757 2422 814 minuta
2453 759 2688 816 decima
2712 760 2984 833 ejusdem
3011 764 3254 836 domus,
3279 776 3338 827 et

140 845 1575 923 etearumJustitiasetconsuetudines,secundum
1687 858 1893 901 annuo
1933 845 2166 902 redditu
2198 862 2378 919 quem
2415 846 2588 905 vobis
2617 848 2844 906 solvere
2875 856 3106 911 tenetur
3136 873 3152 913 ε
3184 873 3340 931 prm-

140 941 493 996 sthactenus
516 938 900 996 observatum
922 945 1117 995 :extra
1135 938 1393 1009 burgum
1412 935 1576 992 clau·
1687 938 1849 991 terea
1888 933 2188 991 decimam
2220 936 2279 990 in
2319 936 2684 1009 quibusdam
2733 942 3032 999 mansuris
3061 952 3118 1002 et
3147 948 3342 1019 terris,

144 1029 264 1086 icut
309 1044 414 1101 per
456 1028 773 1101 antiquum
828 1028 1125 1084 fossatum
1173 1024 1574 1096 distinguitur,
1688 1037 1824 1094 quoe
1856 1021 1917 1078 in
1951 1024 2239 1079 territorio
2271 1024 2540 1095 ejusdem
2573 1025 2729 1084 villas
2759 1027 2885 1085 sitae
2924 1035 3086 1089 sunt.

139 1135 215 1184 es,
247 1119 474 1184 vineas,
517 1122 723 1188 terras,
774 1116 1045 1173 redditus
1076 1120 1133 1172 et
1175 1130 1412 1172 omnem
1454 1113 1579 1168 sine
1760 1110 1848 1167 Ad
1873 1110 2022 1183 hoec,
2057 1112 2209 1169 sicut
2232 1114 2514 1186 Pfaefaffls
2549 1115 2859 1190 episcopt-¹⁸
2885 1122 3212 1191 ΡθῦῑῑῧθᾶῙῘ
3243 1141 3346 1183 VO·

139 1209 329 1264 itione
354 1207 643 1279 justitiam
668 1207 843 1262 totius
875 1211 1043 1263 terrie
1077 1208 1283 1261 vestrae
1312 1220 1325 1257 z
1360 1203 1420 1258 in
1452 1202 1581 1257 vico
1692 1199 1785 1256 bis
1813 1201 2162 1258 auctoritate
2210 1205 2506 1259 concessit
2542 1209 2600 1260 et
2641 1206 2840 1279 scripti
2872 1210 2963 1265 sui
3012 1214 3344 1273 munimine

139 1297 243 1354 insi
269 1295 649 1353 medietatem
679 1293 1003 1351 molendini
1035 1293 1201 1367 quod
1222 1294 1436 1349 dicitur
1453 1306 1580 1347 mo·
1690 1288 2016 1354 roboravit.
2053 1294 2114 1347 ut
2156 1292 2504 1348 vacantibus
2547 1294 2815 1353 ecclesiis
2862 1300 3070 1355 vestris
3099 1318 3234 1373 quae
3281 1304 3343 1361 in

142 1402 240 1441 um
257 1386 488 1441 Sanctae
503 1384 695 1439 Mariae
711 1399 723 1438 :
742 1384 1073 1440 maximam
1088 1389 1313 1452 partem
1330 1381 1583 1437 minuta·
1695 1378 2051 1450 episcopatu
2065 1380 2195 1451 ejus
2206 1380 2402 1437 consis-
2413 1382 2758 1446 tunt,donec
2770 1387 3346 1451 rectoresinstituan-

139 1474 493 1531 lecimarum
544 1473 617 1528 de
666 1472 879 1543 bortis,
920 1472 1075 1530 areis
1123 1477 1181 1528 et
1209 1469 1586 1527 nutrimentis
1697 1469 1792 1523 tur
1820 1467 1878 1522 in
1911 1470 1993 1523 eis
2021 1484 2128 1541 per
2175 1467 2520 1541 capellanos
2551 1472 2850 1529 deservire
2881 1477 3144 1547 possitis,
3178 1480 3256 1537 ita
3288 1485 3347 1539 et

139 1560 1591 1633 ‚liumetanserumcivitatisipsius,sicutecclesia
1697 1571 1812 1611 nos
1849 1561 2057 1613 vestras
2095 1558 2396 1615 devotioni
2443 1559 2623 1631 hujus
2671 1562 2960 1635 privilegii
2998 1570 3348 1628 auctoritate

161 1653 430 1710 noscitur
453 1652 743 1709 hactenus
760 1651 1041 1708 habuisse
1062 1668 1076 1706 t
1099 1655 1325 1723 septem
1358 1649 1590 1706 modios
1628 1673 1666 1727 Β
1699 1644 2035 1701 firmamus.
2061 1645 2344 1703 Praeterea
2369 1648 2520 1704 sicut
2540 1648 2817 1707 homines
2843 1654 3106 1713 ecclesias
3138 1663 3346 1717 vestrae

143 1742 465 1808 nti,decem
494 1742 725 1798 modios
744 1740 883 1806 vini,
902 1741 1346 1813 quinquaginta
1367 1739 1590 1795 solidos
1700 1750 1771 1791 ea
1788 1734 1972 1804 gavisi
2005 1736 2446 1792 suntbactenus
2470 1738 2598 1793 sine
2629 1744 3035 1801 controversia
3055 1746 3348 1821 libertate,

139 1832 296 1888 ensis
327 1835 604 1896 monetas,
624 1845 759 1903 quai
780 1829 855 1887 de
872 1829 1248 1903 eleemosyna
1277 1829 1453 1885 bonoe
1476 1844 1595 1885 me·
1703 1827 1765 1879 ut
1806 1822 1881 1880 de
1920 1824 2099 1880 rebus
2130 1826 2255 1882 suis
2285 1842 2438 1898 quas
2476 1827 2532 1884 in
2572 1828 2806 1887 civitate
2845 1832 3115 1894 vendunt
3143 1839 3231 1895 vel
3271 1837 3349 1897 ad

139 1939 149 1976 ε
179 1919 468 1977 Gnidonis
510 1919 584 1974 de
628 1921 805 1976 Turre
847 1918 1111 1975 ecclesias
1142 1924 1350 1974 ves-trie
1380 1917 1595 1975 collata
1702 1927 1849 1968 usus
1888 1927 2035 1969 suos
2058 1920 2435 1987 comparant,
2479 1916 2820 1975 theloneum
2847 1922 3096 1981 reddere
3122 1928 3348 1985 nemini

138 2007 801 2067 ilariusSilvanectensis
816 2009 1049 2080 velejus
1062 2008 1329 2065 haeredes
1341 2007 1593 2065 seriatim
1703 2006 2034 2069 teneantur,
2065 2008 2121 2059 et
2147 2008 2208 2060 ut
2234 2003 2453 2060 domus
2475 2012 2530 2060 et
2571 2005 2812 2065 familire
2843 2017 3048 2069 vestrae
3074 2018 3352 2089 potestati

139 2101 332 2156 lentes
364 2097 442 2155 ad
466 2098 845 2155 refectionem
878 2096 1128 2154 fratrum
1159 2097 1217 2152 in
1250 2096 1597 2167 Quadi-age·
1704 2106 1825 2147 non
1842 2091 2192 2163 subjaceant
2213 2092 2526 2160 laicali,ita
2546 2094 2848 2165 homines,
2870 2099 3087 2160 domos
3103 2112 3159 2161 et
3179 2105 3354 2163 fami-

141 2190 314 2245 πῶς
347 2187 594 2258 Singulis
628 2185 794 2243 vobis
822 2192 1095 2243 tenentur
1118 2186 1471 2259 persolvere,
1504 2202 1594 2243 se·
1701 2179 1810 2237 lias
1838 2180 1999 2253 ipsas
2029 2181 2235 2238 eadem
2274 2182 2542 2240 libertate
2567 2183 2777 2243 futuris
2802 2190 3180 2251 decernimus
3211 2202 3353 2255 tem-

138 2294 212 2334 ¹m
252 2276 416 2350 quod
452 2276 512 2332 jn
543 2277 753 2333 charta
790 2275 1005 2333 exinde
1045 2274 1200 2331 facta
1235 2274 1473 2348 plenius
1509 2281 1597 2330 est
1705 2269 1954 2342 poribus
1990 2271 2320 2343 gavisuras.
2352 2271 2644 2346 Antiquas
2689 2291 2829 2334 vero
2871 2284 2928 2335 et
2969 2283 3352 2345 rationabiles

137 2382 298 2421 ssum
316 2368 605 2438 :quatuor
620 2365 815 2420 minas
834 2363 973 2420 salis
987 2378 1140 2436 quas
1152 2363 1228 2420 ad
1242 2379 1384 2419 eoru
1395 2362 1594 2419 mdem
1705 2359 2167 2415 consuetudines
2193 2359 2453 2417 eeclesiae
2471 2370 2679 2419 vestrae
2706 2364 2918 2423 bacten
2929 2386 2995 2425 us
3010 2372 3355 2435 observatas

139 2471 194 2510 m
208 2454 585 2510 refectionem
600 2453 919 2526 episcopus
934 2458 1125 2508 vester
1136 2453 1362 2525 quipro
1376 2456 1596 2523 tempo·
1704 2454 1868 2504 ratas
1889 2447 2184 2505 habemus
2203 2455 2259 2505 et
2282 2456 2572 2523 perpetuo
2593 2452 2847 2511 illibatas
2875 2474 3116 2519 manere
3145 2480 3354 2525 cense-

140 2544 230 2614 rit,
266 2542 437 2599 vobis
464 2541 777 2598 annuatim
801 2541 1048 2597 reddere
1079 2546 1312 2598 tenetur
1342 2557 1356 2597 ε
1390 2542 1450 2596 in
1471 2541 1599 2597 vico
1707 2551 1867 2603 mus,
1900 2542 1962 2594 ut
1988 2535 2257 2595 videlicet
2285 2538 2608 2597 decedente
2629 2541 2833 2615 aliquo
2860 2554 3144 2617 vestrum,
3168 2553 3253 2611 vel
3276 2555 3354 2613 ad

138 2649 186 2688 ae
208 2630 523 2688 Genovefae
536 2630 690 2687 duos
723 2629 947 2687 solidos
962 2629 1295 2702 censuales,
1315 2645 1470 2703 quos
1490 2645 1599 2703 pro
1708 2625 2054 2695 religionem
2071 2642 2133 2683 se
2160 2627 2546 2686 transferente
2576 2631 2678 2703 qui
2699 2632 2775 2689 de
2801 2649 2997 2694 messe
3017 2654 3177 2698 nova
3197 2643 3357 2700 illius

137 2737 159 2777 ι
176 2720 360 2793 patris
387 2720 478 2775 sui
496 2719 638 2775 Adae
657 2719 785 2776 Odo
806 2718 880 2775 de
912 2720 1157 2775 Fossato
1175 2718 1344 2775 miles
1366 2720 1426 2775 in
1450 2725 1603 2776 terra
1709 2716 1851 2772 anni
1876 2714 2107 2772 minam
2137 2732 2320 2773 unam
2354 2719 2442 2774 vel
2474 2720 2735 2790 amplius
2757 2722 2826 2779 de
2853 2726 3180 2796 praebenda
3200 2747 3358 2789 rece-

137 2810 283 2866 robis
331 2810 705 2880 assignavit:
741 2811 928 2865 terras
986 2808 1060 2865 de
1117 2809 1365 2879 Longua
1419 2823 1601 2881 aqua,
1712 2804 1883 2879 perit,
1912 2803 2116 2877 aliqua
2147 2821 2286 2878 pars
2314 2808 2529 2863 messis
2554 2824 2690 2865 eum
2723 2814 3072 2885 contingens
3102 2818 3164 2876 in
3195 2821 3360 2878 solu-

137 2898 395 2972 quadam
439 2902 746 2968 camparte
776 2901 833 2953 et
861 2896 1112 2953 decimis
1141 2912 1397 2954 earum:
1438 2897 1604 2970 apud
1714 2894 1937 2951 tionem
1967 2898 2407 2951 contractorum
2449 2896 2665 2953 utiliter
2704 2904 2963 2960 transeat
2993 2905 3354 2977 debitorum,

137 3004 243 3044 em
266 2985 463 3044 locum
488 3002 702 3043 nemus
721 2985 885 3059 quod
913 2985 1128 3043 dicitur
1151 2986 1359 3045 Brocia
1375 2988 1605 3044 Sanctoe
1638 3027 1680 3083 C
1714 2982 1843 3040 vel
1829 2998 1891 3039 m
1921 2981 2071 3039 alios
2105 2999 2246 3040 usus
2276 2984 2606 3043 secundum
2647 2989 2811 3061 quod
2841 2992 3246 3057 ordinaverit
3227 3016 3356 3074 ipse

192 3081 409 3148 ;prata
448 3091 581 3149 quae
613 3075 764 3130 inter
792 3073 914 3130 duo
946 3074 1103 3131 vada
1144 3075 1500 3147 possidetis:
1544 3077 1605 3132 iu
1718 3071 1808 3129 vel
1830 3071 1981 3128 alius
2000 3072 2096 3127 cui
2124 3089 2321 3130 rerum
2347 3091 2594 3132 suarum
2624 3078 3080 3152 dispositionem
3111 3091 3360 3148 commi-

174 3165 453 3221 Percebot
485 3179 667 3220 unam
718 3168 1014 3219 carratam
1068 3163 1157 3218 vel
1188 3162 1343 3220 duas
1374 3163 1608 3235 bigatas
1718 3160 1900 3218 serit:
1933 3160 1984 3217 si
2013 3176 2154 3218 vero
2181 3161 2352 3230 torte,
2396 3167 2562 3237 quod
2586 3167 2744 3225 absit
2787 3169 2802 3226 l
2851 3171 3065 3248 aliquis
3096 3185 3356 3236 vestrum

137 3252 329 3310 sidem
371 3258 637 3324 tempore
662 3267 785 3325 quo
804 3250 1010 3307 fenum
1043 3250 1357 3322 colligitur,
1380 3268 1608 3310 annua·
1717 3250 2029 3308 intestatus
2059 3250 2392 3318 decesserit,
2411 3253 2619 3310 solutis
2634 3256 2845 3315 debitis
2871 3262 3088 3322 utiliter
3117 3275 3360 3326 contra-

137 3341 405 3398 abendas
431 3359 445 3396 ε
474 3340 533 3396 in
558 3345 728 3412 prato
745 3339 1011 3413 episcopi
1031 3339 1203 3411 juxta
1224 3339 1447 3396 fontem
1471 3347 1607 3397 Are·
1720 3342 1829 3397 ctis
1874 3344 1930 3396 et
1957 3342 2235 3412 expensis
2281 3341 2576 3410 deductis,
2621 3348 2782 3418 quod
2815 3349 2890 3408 de
2937 3354 3116 3412 rebus
3167 3357 3361 3430 ipsius

137 3447 201 3497 n,
219 3427 590 3486 tantumdem
611 3428 1027 3484 fenieteodem
1058 3429 1307 3485 termino
1324 3431 1609 3501 recipien·
1718 3427 1979 3484 defuncti
1997 3443 2104 3501 per
2118 3428 2432 3487 ecclesiam
2456 3435 2760 3506 acquisitis
2785 3441 3160 3514 superfuerit,
3181 3447 3360 3520 juxta

137 3536 148 3575 :
173 3520 416 3591 insuper
440 3533 817 3591 quoecunque
847 3517 908 3572 in
937 3517 1227 3574 territorio
1263 3523 1607 3575 memorate
1720 3522 1938 3574 statuta
1967 3517 2237 3574 Laterani
2263 3519 2494 3578 concilii
2522 3523 2600 3579 ad
2628 3525 2938 3588 ecclesiam
2963 3533 3354 3594 devolvatur:

136 3608 216 3664 ‚fis
247 3608 305 3664 in
333 3607 580 3664 decimis
604 3622 707 3664 seu
733 3606 1190 3679 quibuscunque
1226 3607 1611 3679 possessioni·
1719 3606 1797 3664 ad
1824 3604 2106 3663 ecclesias
2145 3613 2342 3664 autem
2370 3616 2598 3668 vestras
2624 3628 2762 3673 cnm
2792 3625 3154 3696 vacaverint,
3177 3625 3360 3682 linem

136 3694 971 3767 zonsuetudinibusetjustitiis
984 3695 1612 3769 rationabiliterpossi-
1720 3694 1893 3752 vobis
1923 3711 2212 3768 personas
2236 3696 2572 3758 dioecesano
2597 3705 2880 3780 episcopo
2909 3721 3292 3784 presentare,
3311 3729 3354 3770 ι

135 3785 498 3841 :decimasin
518 3783 1068 3857 quibusdamterris
1088 3782 1241 3839 villae
1256 3799 1386 3855 quoe
1398 3786 1610 3842 Montis
1721 3800 1844 3858 quo
1868 3783 1918 3840 Si
1939 3782 2174 3842 idoneoe
2191 3785 2426 3854 fuerint
2451 3805 2657 3850 curam
2681 3797 2964 3871 Γθθψῐᾶὓῑ
2987 3803 3350 3862 nimum·

135 3873 302 3931 [latur
336 3890 347 3929 ε
383 3874 543 3945 apud
584 3872 785 3929 locum
826 3872 931 3945 qui
988 3872 1184 3928 viaria
1229 3871 1465 3940 dicitur,
1500 3879 1610 3931 ter·
1722 3875 1805 3931 ita
1832 3873 2053 3931 uteide
2083 3875 2514 3948 spiritualibus,
2543 3883 2706 3942 vobis
2731 3895 2928 3946 autem
2953 3891 3030 3948 de
3052 3901 3346 3968 tempn—

135 3968 488 4036 =ampartem
515 3967 573 4018 et
592 3962 858 4019 decimas
887 3961 1056 4019 vobis
1081 3962 1483 4034 persolventes
1517 3965 1611 4021 :in
1721 3963 1904 4027 libus,
1933 3963 2192 4022 debeant
2237 3970 2620 4042 respondere.
2651 3973 2976 4036 sun-imus
3003 3997 3242 4054 mm
3273 3993 3344 4038 a:

135 4057 314 4125 opatu
337 4051 677 4108 Belvacensi
698 4051 864 4123 apud
887 4052 942 4108 S.
966 4053 1194 4122 Lupum
1213 4051 1369 4107 circa
1384 4049 1614 4110 flumen
1722 4053 2008 4127 episcopo
2022 4059 2238 4124 vestro,
2249 4057 2560 4127 autetiam,
2573 4065 2650 4126 le,
2661 4063 3338 4128 815de

162 4145 324 4198 isara
352 4141 589 4206 dicitur,
611 4145 845 4212 pratum
875 4139 1031 4196 duos
1055 4139 1280 4196 solidos
1305 4140 1615 4199 censuales
1722 4140 1819 4199 vel
1873 4146 2206 4201 vestrorum
2251 4145 2510 4220 quolibet
2555 4165 3202 4224 succuum*
3249 4163 3322 4218 δ

135 4249 144 4286 ι
172 4230 560 4303 persolvens.
605 4229 811 4285 decem
846 4228 1067 4285 solidos
1099 4227 1429 4298 censuales,
1461 4246 1616 4303 quos
1723 4230 1992 4305 qualibet
2025 4231 2426 4307 subreptionis
2441 4239 2658 4298 amrin
2681 4247 3330 4306 fluvida-*-

135 4318 348 4375 baldus
375 4318 450 4374 de
480 4318 740 4389 Crispeio
771 4332 876 4390 per
906 4332 1156 4372 manum
1196 4317 1463 4388 praedicti
1497 4319 1617 4392 epi
1724 4325 1924 4388 natur.
1948 4319 2063 4378 nisi
2089 4337 2273 4396 quem
2301 4338 2406 4382 vos
2427 4335 2728 4388 con-ni
2761 4349 3052 4392 -t
3071 4341 3324 4396 Q*

160 4408 332 4464 vestri
364 4406 569 4463 vobis
557 4421 616 4462 m
637 4405 1082 4479 eleemosynam
1103 4404 1381 4478 reliquit:
1415 4405 1618 4466 villam
1650 4385 1693 4440 Β
1726 4415 1992 4468 vestrum
2019 4411 3306 4484 monatianum-emmaum·-

135 4496 350 4552 dicitur
397 4495 713 4561 olriacum,
757 4511 894 4551 cum
938 4494 1133 4561 terris,
1184 4494 1534 4554 nemoribus
1562 4503 1621 4556 et
1727 4497 2036 4573 anliquam
2061 4503 2528 4580 canonicamque
2563 4509 3306 4572 *m

135 4583 678 4658 pertinentiissuis:
718 4582 830 4636 vit·
826 4583 1010 4636 trium
1042 4600 1282 4656 qunque
1310 4589 1366 4640 et
1398 4585 1622 4644 molen
1730 4591 1935 4648 vestre
1963 4587 3309 4679 duleriffim

135 4691 181 4731 ιι
209 4672 402 4729 eidem
430 4672 574 4728 villffl
594 4672 970 4744 adjacentia:
1002 4680 1182 4728 terras
1206 4688 1358 4744 quas
1386 4672 1625 4732 habetis
1730 4692 1839 4736 sau
1860 4676 2243 4812 quibam
2275 4684 2535 4744 ffl—
2559 4692 2767 4744 -

163 4764 358 4821 villam
394 4780 526 4836 quffl
562 4760 802 4832 Capella
818 4760 1070 4816 dicitnr:
1102 4760 1390 4836 hospitas,
1410 4764 1626 4832 ιιι-ης
2663 4828 2677 4829 ἡ
2842 4784 2856 4785 7

135 4852 434 4908 Jetudiues
462 4856 514 4908 et
538 4852 674 4920 jura
702 4864 838 4924 quffl
870 4848 1034 4924 apud
1066 4852 1406 4908 Eunuchus
1434 4851 1626 4912 habs-
1726 4848 1843 4927 pst,-

134 4942 274 5016 tpud
310 4944 590 4996 Sanctum
622 4940 1114 5012 Christnphnrum
1138 4936 1214 5000 dc
1230 4936 1554 5033 Relatis&
1711 4975 1714 4980 »
1771 4945 1780 4948 “

143 5047 172 5086 s
203 5031 310 5088 dec
322 5032 578 5088 imarum
606 5028 682 5084 dc
726 5028 1153 5113 quibusdam
1139 5064 1140 5067 ,
1165 5053 1258 5101 -J
1366 5028 1389 5063 -ῑ
1430 5056 1434 5068 .
1502 5062 1505 5071 .
1554 5044 1562 5060 =

158 5121 394 5177 teti-ras
422 5125 478 5177 et
502 5117 770 5177 redditus
806 5129 1026 5194 quas
1070 5133 1078 5162 r

3188 4743 3302 4785 Q

2509 4868 2514 4871 ,
3213 4809 3320 4863 d

2591 4881 2597 4883 ,
2796 4953 2802 4955 -
2884 4901 2976 4930 „0
3201 4929 3280 4960 -

1564 5028 1641 5061 ”r

148 5223 264 5282 ;ea
294 5225 430 5281 qum
466 5205 770 5274 habetis-‚-

134 5313 236 5356 osa
254 5293 706 5390 unumhnsgli‘
653 5353 723 5394 ‹-

133 5383 467 5517 santonibus
481 5397 562 5448 ι

136 5473 430 5594 ι.

2463 5008 2872 5048 *-

2510 5086 2869 5140 *⁶-

2500 5281 2840 5328 ν
