3784 6000
304 189 445 249 1219

1736 178 1930 240 Lucu
1971 180 2046 239 ΙΙΙ
2083 172 2294 237 PAPAE

3599 164 3730 237 isto

303 313 827 386 mansos,insuper
841 311 1067 371 vineam
1082 309 1249 369 trium
1261 311 1533 383 jugerum
1544 324 1674 367 cum
1688 307 1958 365 curtibus
1994 310 2041 363 Α
2145 308 2266 376 Ego
2283 305 2590 362 Laborans
2605 298 2919 377 presbyter
2942 294 3266 361 cardinalis
3285 305 3522 363 uncto
3543 304 3728 365 Uaria

304 405 449 472 suis,
469 405 610 461 item
637 403 818 460 aliam
842 403 1102 459 vineam.
1125 405 1185 457 ln
1210 400 1604 456 Bateresbeim
1620 398 1775 455 duos
1797 410 1966 453 man-

303 508 431 551 sos.
462 495 528 549 In
557 493 865 548 Rurcheim
896 490 1213 548 dimidium
1248 505 1555 547 mansum.
1580 491 1642 543 ln
1667 486 1966 544 Berolves·

302 582 464 640 heim
505 597 723 639 novem
765 596 1034 637 mansos.
1068 580 1132 636 ln
1160 576 1649 636 Bliemaresheim
1680 581 1961 649 quartam

302 675 536 745 partem
558 670 776 726 mansi.
799 673 859 725 ln
885 668 1253 726 Stoeesheim
1273 667 1428 724 duos
1448 681 1695 723 mansos
1710 671 1769 722 et
1785 663 1962 722 dimi-

301 759 494 818 dium.
512 760 577 814 ln
603 758 986 815 Hessenheim
1009 758 1327 815 dimidium
1357 772 1663 813 mansum.
1690 757 1751 811 ln
1777 753 1963 810 Amri-

300 846 620 907 ehesvilre
650 847 892 904 vineam
926 863 1130 904 unam.
1168 850 1230 903 ln
1267 844 1672 902 Pfassenheim
1720 843 1961 900 vineam

302 951 517 997 unam.
546 938 611 997 ln
650 936 1030 993 Dubelsheim
1063 935 1219 993 duos
1248 950 1514 991 mansos.
1546 936 1608 989 ln
1643 930 1964 988 Hedolves-

298 1025 461 1083 heim
516 1042 799 1087 mansum
846 1032 903 1083 et
945 1025 1284 1082 dimidium.
1336 1026 1401 1080 Et
1442 1023 1502 1079 in
1552 1020 1962 1079 mochenheim

300 1114 618 1172 dimidium
640 1131 922 1173 mansum
941 1121 1000 1171 et
1017 1113 1312 1186 capellam
1333 1113 1394 1169 in
1420 1112 1764 1169 Ebersbeim
1784 1110 1960 1167 sitam

302 1218 443 1260 cum
471 1204 757 1261 omnibus
783 1203 1155 1276 pertinentiis
1186 1201 1336 1258 suis.

375 1294 531 1349 Sane
556 1292 865 1349 novalium
885 1297 1243 1359 vestrorum,
1256 1305 1393 1362 quae
1406 1289 1664 1363 propriis
1676 1286 1962 1344 manibus

303 1381 764 1454 anisumptibus
778 1380 971 1437 colitis
982 1381 1106 1437 sive
1116 1380 1195 1436 de
1210 1378 1585 1437 nutrimentis
1601 1375 1961 1434 animalium

300 1474 651 1536 vestrorum,
684 1469 884 1526 nullus
914 1485 951 1526 a
969 1470 1145 1526 vobis
1171 1468 1441 1526 decimas
1466 1468 1701 1538 exigere
1726 1470 1831 1524 aut
1858 1481 1964 1522 ex—

306 1564 603 1634 torquere,
635 1563 986 1632 prasumat.
1020 1559 1215 1615 Liceat
1236 1572 1480 1631 quoque
1508 1556 1683 1615 vobis
1710 1555 1959 1613 elericos

2071 397 2260 451 Trans
2287 393 2545 452 Tiberim
2571 391 2720 449 tituli
2752 392 2980 450 calixti.

2145 486 2266 554 Ego
2299 482 2624 540 pandulfus
2658 480 2803 539 tituli
2839 481 3100 539 Basilicoe
3128 482 3460 541 Duodecim
3501 486 3728 557 aposto-

2068 572 2265 629 lorum
2293 571 2608 645 presbyter
2637 570 2802 628 card.

2141 664 2261 732 Ego
2282 660 2540 719 lacobus
2572 660 2865 717 diaconus
2893 659 3215 718 cardinalis
3245 662 3305 719 S.
3337 661 3635 720 Maria...

2141 753 2263 822 Ego
2294 750 2522 806 Arditio
2546 749 2840 806 diaconus
2869 748 3194 807 cardinalis
3217 750 3273 808 S.
3306 750 3632 809 Theodori.

2139 839 2264 911 Ego
2313 839 2630 897 Gratianus
2678 839 2776 896 88.
2827 838 3058 896 Cosmie
3114 843 3172 896 et
3217 839 3496 897 Damiani
3547 839 3728 899 cardi-

2070 928 2254 986 nalis.

2142 1021 2265 1090 Ego
2285 1019 2446 1076 Bobo
2474 1017 3123 1076 diaconus‘cardinalis
3154 1017 3354 1077 Sancti
3386 1018 3626 1092 Angeli.

2141 1112 2262 1181 Ego
2288 1108 2653 1167 Octavianus
2683 1108 2842 1166 diac.
2867 1109 3032 1166 card.
3053 1109 3156 1168 SS.
3185 1110 3376 1181 Sergii
3402 1117 3465 1167 et
3501 1109 3729 1168 Bacchi.

2141 1201 2264 1271 Ego
2295 1197 2612 1256 Goffredus
2641 1198 2875 1256 Sancto
2905 1198 3099 1255 Uariae
3130 1198 3191 1256 in
3217 1198 3327 1258 Via
3355 1201 3508 1258 Lata
3533 1199 3734 1258 diaeo-

2069 1304 2188 1346 nus
2213 1286 2563 1347 cardinalis.

2140 1381 2265 1451 Ego
2295 1376 2548 1434 Albinus
2580 1379 2810 1436 Sanctae
2841 1377 3034 1435 tiariae
3060 1380 3236 1436 Nove
3262 1377 3425 1436 diac.
3453 1377 3630 1436 eard.

2140 1468 2355 1525 Datum
2383 1468 2523 1540 Sig.‚
2557 1482 2664 1540 per
2680 1481 2935 1524 manum
2955 1466 3178 1524 Alberti
3197 1472 3426 1525 sanctoe
3447 1468 3730 1526 Romanu

2068 1557 2338 1614 Ecclesiae
2379 1556 2711 1631 presbyteri
2751 1555 3074 1614 cardinalis
3119 1562 3175 1613 et
3225 1555 3602 1623 cancellarii,
3643 1564 3725 1615 xiv

307 1648 401 1705 vel
429 1648 613 1707 laicos
638 1663 670 1705 e
700 1648 922 1705 saeculo
950 1647 1244 1718 fugientes
1285 1646 1508 1704 liberos
1545 1651 1603 1703 et
1644 1645 1958 1703 absolutos
1983 1664 2042 1727 Β
2067 1647 2314 1706 Kalend.
2348 1647 2622 1718 Augusti,
2667 1645 2993 1704 indictione
3030 1644 3246 1721 prima,
3291 1646 3724 1705 incarnationis

302 1738 377 1796 ad
404 1738 863 1794 conversionem
911 1736 1173 1810 recipere
1207 1741 1264 1793 et
1306 1752 1410 1794 eos
1441 1735 1672 1808 absque
1722 1739 1958 1793 contra·
2065 1734 3149 1808 Dominicieanno1t83,pontificatus
3169 1750 3312 1795 vero
3336 1736 3562 1794 domni
3577 1735 3723 1795 Lucii

300 1826 563 1884 dictione
605 1826 807 1899 aliqua
850 1827 1121 1883 retinere.
1163 1825 1556 1884 prohibemus
1602 1826 1846 1897 insuper
1892 1828 1957 1880 ut

300 1914 447 1971 nulli
468 1914 722 1972 fratrum
740 1920 1093 1981 vestrorum,
1118 1920 1254 1987 post
1274 1913 1496 1972 factam
1514 1914 1575 1969 in
1597 1911 1810 1969 eodem
1823 1912 1956 1970 loco

298 2003 762 2077 professionem,
792 2002 881 2060 fas
921 2002 998 2060 sit
1036 2003 1270 2077 absque
1309 2003 1547 2060 abbatis
1571 2002 1663 2059 sui
1688 2000 1952 2069 licentia,

298 2093 415 2150 nisi
459 2093 734 2151 arctioris
779 2092 1084 2165 religionis
1122 2092 1390 2161 obtentu,
1423 2093 1499 2149 de
1549 2092 1764 2149 eodem
1820 2090 1956 2148 loco

297 2181 643 2254 discedere;
671 2181 1076 2239 discedentem
1101 2197 1260 2248 vero,
1284 2180 1517 2254 absque
1542 2181 1954 2238 communium

295 2269 627 2329 litterarum
657 2272 952 2335 cautione,
1005 2270 1202 2328 nullus
1233 2270 1455 2328 audeat
1502 2271 1771 2327 retinere.
1804 2271 1954 2326 Cum

296 2365 503 2417 autem
516 2359 791 2429 generale
806 2360 1183 2418 interdictum
1204 2365 1374 2417 terrie
1390 2359 1586 2426 fuerit,
1600 2358 1956 2416 liceatvobis

298 2449 519 2507 clausis
553 2449 776 2522 januis,
813 2450 1069 2508 exclusis
1125 2449 1660 2507 excommunicatis
1688 2452 1746 2505 et
1772 2447 1953 2504 inter-

292 2540 482 2607 dictis,
508 2554 633 2597 non
673 2539 922 2612 pulsatis
961 2539 1299 2612 campanis,
1332 2553 1660 2613 suppressa
1698 2553 1845 2594 voce
1864 2536 1956 2593 di-

292 2627 437 2685 vina
461 2627 663 2685 officia
692 2628 1011 2685 celebrare.
1046 2628 1424 2700 Sepulturam
1457 2631 1743 2699 praeterea
1764 2626 1954 2698 ipsius

291 2715 408 2773 loci
438 2716 690 2773 liberam
721 2732 851 2773 esse
877 2717 1278 2782 decernimus,
1308 2722 1371 2773 nt
1410 2731 1618 2773 eorum
1649 2714 1950 2772 devotioni

291 2810 353 2865 et
376 2811 657 2863 extremas
678 2807 989 2873 voluntati,
1019 2807 1120 2878 qui
1156 2822 1217 2861 se
1247 2805 1364 2862 illic
1395 2804 1631 2877 sepeliri
1660 2804 1953 2862 delibera·

291 2894 505 2963 verint,
531 2896 652 2952 nisi
672 2897 820 2953 forte
845 2895 1347 2953 excommunicati
1378 2893 1468 2951 vel
1492 2893 1787 2951 interdicti
1810 2894 1947 2962 sint,

292 2984 497 3044 nullus
520 2985 796 3055 obsistat,
829 2984 997 3042 salva
1024 2989 1221 3043 tamen
1247 2984 1479 3057 justitia
1498 2983 1734 3041 illarum
1764 2983 1952 3041 eccle-
1984 3022 2026 3077 C

293 3074 520 3131 siarum
540 3090 578 3130 a
605 3075 828 3147 quibus
851 3080 1225 3131 mortuorum
1249 3089 1505 3146 corpora
1534 3079 1947 3131 assumuntur.

292 3163 563 3221 obeunte
591 3178 735 3220 vero
766 3167 817 3220 te
837 3178 997 3220 nunc
1026 3165 1077 3235 ej
1088 3163 1296 3220 usdem
1321 3162 1432 3219 loci
1463 3162 1682 3219 abbate
1704 3162 1795 3219 vel
1822 3167 1950 3220 tuo·

287 3267 427 3309 rum
452 3252 719 3325 quolibet
737 3267 1175 3318 successorum,
1199 3251 1401 3308 nullus
1425 3251 1505 3309 ibi
1521 3251 1789 3324 qualibet
1809 3251 1949 3309 sub—

289 3341 578 3415 reptionis
626 3343 844 3401 astutia
896 3357 998 3398 seu
1054 3340 1332 3399 violentia
1383 3346 1792 3413 praeponatur,
1833 3340 1946 3398 nisi

288 3445 470 3502 quem
500 3430 709 3487 fratres
738 3430 1049 3489 communi
1077 3445 1382 3488 consensu
1409 3430 1498 3486 vel
1528 3429 1774 3487 fratrum
1808 3445 1948 3503 pars

288 3518 518 3576 consilii
544 3519 822 3584 sanioris,
856 3518 1194 3576 secundum
1236 3519 1337 3576 Dei
1387 3519 1660 3575 timorem
1702 3524 1760 3576 et
1784 3517 1946 3576 beati

290 3607 585 3665 Benedicti
617 3609 903 3681 Regulam
934 3608 1302 3681 providerint
1327 3607 1692 3678 eligendum.

358 3697 743 3753 Decernimus
773 3711 918 3768 ergo
944 3703 1007 3753 ut
1036 3697 1184 3754 nulli
1224 3695 1476 3753 omnino
1501 3697 1820 3754 hominum
1850 3697 1946 3755 fas

286 3786 362 3842 sit
385 3785 703 3858 prefatum
729 3786 1163 3843 monasterium
1194 3790 1413 3843 temere
1443 3784 1813 3858 perturbare,
1843 3794 1947 3844 aut

286 3874 417 3946 eius
441 3874 855 3948 possessiones
878 3875 1129 3941 auferre,
1161 3874 1247 3931 vel
1280 3873 1515 3931 ablatas
1540 3876 1811 3943 retinere,
1840 3876 1950 3932 mi·

285 3978 492 4030 nuere,
538 3978 644 4020 seu
671 3963 1045 4037 quibuslibet
1086 3963 1505 4020 vexationibus
1538 3962 1805 4035 fatigare,
1838 3965 1946 4021 sed

283 4053 492 4109 omnia
525 4052 757 4123 integra
795 4056 1249 4119 conserventur,
1282 4068 1511 4118 eorum,
1544 4067 1654 4125 pro
1682 4068 1945 4126 quorum

285 4143 719 4214 gubernatione
733 4158 804 4199 ac
818 4142 1245 4199 sustentatione
1258 4157 1544 4199 concessa
1556 4148 1715 4212 sunt,
1736 4142 1945 4199 usibus

284 4231 653 4289 omnimodis
681 4231 1015 4304 profutura,
1030 4231 1195 4288 salva
1209 4232 1368 4288 sedis
1381 4231 1725 4304 apostolicis
1740 4238 1947 4290 aucto-

2067 1840 2242 1901 papae
2276 1826 2426 1883 tertii
2454 1841 2616 1883 anno
2647 1822 2934 1882 secundo.

2802 1932 2981 1989 cxlii.

2063 2020 2418 2081 nonasterii·
2449 2020 2516 2080 S.
2559 2020 2801 2079 Nicolai
2829 2020 3255 2079 Her-meriensis
3291 2022 3718 2093 protectionem

2196 2095 2460 2165 suscipit,
2495 2092 2766 2167 bonaque
2791 2108 2866 2150 ac
2891 2094 3214 2166 privilegia
3242 2094 3596 2166 confirmat.

2607 2181 2868 2254 (Signia.
2894 2180 3010 2239 Jul.
3051 2183 3170 2255 28.)

2104 2270 2306 2346 muco,
2332 2271 2602 2328 Annales
2633 2272 3006 2339 Proemonst„
3045 2274 3088 2328 t.
3121 2271 3165 2339 1,
3199 2268 3408 2340 Proh..
3442 2288 3511 2346 p.
3541 2270 3690 2349 ⁶484

2137 2361 2339 2417 Lucius
2372 2360 2714 2432 episcopus,
2747 2374 2956 2416 servus
2989 2374 3304 2417 servorum
3335 2360 3466 2428 Dei,
3499 2357 3719 2418 dilectis

2063 2449 2199 2507 filiis
2230 2451 2487 2506 Rossaro
2519 2448 2726 2506 abbati
2752 2446 3016 2506 ecclesiae
3047 2450 3103 2508 S.
3135 2446 3366 2509 Nienhi
3387 2448 3720 2509 Hermeria·

2062 2555 2219 2605 rum.
2253 2538 2552 2605 fratribus,
2580 2541 2706 2595 tam
2731 2536 3120 2611 proesentibus
3144 2553 3338 2611 quam
3367 2538 3614 2610 futuris,
3641 2555 3722 2599 re·

2061 2628 2334 2701 gularem
2358 2628 2542 2684 vitam
2570 2626 2879 2700 professis,
2911 2626 2972 2683 in
3003 2630 3392 2701 perpetuum.

2133 2718 2374 2784 Quoties
2398 2716 2544 2774 illud
2584 2733 2622 2775 a
2651 2715 2828 2774 nobis
2858 2716 3075 2790 petitur
3100 2717 3268 2790 quod
3298 2716 3514 2776 virtuti
3547 2718 3724 2779 etho-

2059 2807 2276 2865 nestati
2316 2806 2635 2863 convenire
2677 2804 3070 2877 dignoscitur,
3113 2806 3325 2864 animo
3363 2822 3489 2866 nos
3529 2807 3720 2865 libenti

2057 2899 2228 2953 decet
2256 2895 2580 2953 concedere
2600 2899 2658 2952 et
2684 2894 3013 2968 petentium
3033 2894 3352 2953 desideriis
3385 2912 3720 2970 congruum

2057 2984 2412 3058 suffragium
2445 2984 2752 3058 impertiri.
2777 2982 3124 3058 Eapropter,
3149 2982 3352 3043 dilecti
3375 2985 3444 3044 in
3477 2988 3718 3046 Domino

2056 3075 2180 3142 mii,
2205 3075 2415 3132 vestris
2429 3074 2607 3147 justis
2629 3073 3134 3147 postulationibus
3161 3073 3506 3134 clementer
3521 3077 3720 3136 annni-

2058 3179 2198 3221 mus
2234 3169 2290 3221 et
2314 3161 2628 3236 praefatam
2659 3161 2996 3232 ecclesiam,
3023 3162 3081 3219 in
3112 3178 3239 3236 qua
3261 3163 3484 3224 divino
3505 3167 3720 3224 manci·

2056 3253 2176 3326 pati
2217 3253 2360 3308 estis
2389 3250 2698 3325 obsequio,
2730 3250 2845 3309 sub
2890 3250 3048 3309 beati
3076 3252 3228 3309 Petri
3255 3257 3313 3311 et
3346 3260 3568 3313 nostra
3595 3270 3720 3330 pro-

2058 3341 2306 3399 tectione
2337 3340 2725 3414 suscipimus,
2756 3347 2815 3397 et
2837 3341 3146 3414 praesentis
3173 3342 3395 3417 scripti
3420 3343 3724 3419 privilegio

2055 3427 3136 3503 communimus‚imprimissiquidem
3149 3433 3722 3492 statuentesutordc

2054 3520 2403 3585 canonicus,
2424 3518 2532 3592 qui
2556 3519 2891 3576 secundum
2923 3521 3108 3576 Deum
3126 3523 3186 3577 et
3211 3519 3384 3579 beati
3415 3522 3720 3596 Augustini

2054 3609 2343 3681 Regulam
2369 3608 2428 3664 in
2446 3606 2660 3665 eadem
2682 3607 2932 3666 ecclesia
2949 3608 3258 3667 institutus
3269 3625 3418 3668 esse
3433 3611 3725 3686 dignosci·
3777 3675 3784 3700 ³

2052 3701 2168 3763 tur,
2189 3697 2491 3770 perpetuis
2514 3697 2885 3770 temporibus
2906 3697 3336 3758 inviolabiliter
3349 3700 3716 3760 observetur.

2053 3785 2364 3853 Praeterea,
2399 3800 2797 3860 quascunque
2842 3787 3286 3860 possessiones,
3341 3805 3717 3867 quocunque
3781 3829 3784 3834 -

2050 3875 2218 3935 bona
2245 3874 2463 3932 eadem
2495 3874 2746 3933 ecclesia
2775 3875 3330 3949 impraesentiarum
3351 3877 3530 3950 ,iuste
3552 3885 3612 3937 et
3635 3895 3714 3938 es·
3781 3907 3784 3936 l

2052 3965 2270 4022 nonice
2299 3964 2584 4037 possidet,
2608 3967 2713 4022 aut
2729 3964 2790 4020 in
2814 3964 3083 4023 futurum
3109 3967 3522 4027 concessione
3543 3969 3712 4044 ponti·
3779 3939 3784 3984 ¹

2050 4053 2257 4120 ficum,
2289 4051 2608 4125 largitione
2637 4068 2847 4125 regum
2876 4054 2972 4112 vel
3005 4055 3385 4129 principum,
3421 4058 3708 4117 oblatione

2049 4143 2342 4209 fidelium,
2371 4159 2476 4198 seu
2498 4142 2629 4200 aliis
2645 4143 2824 4215 iustis
2853 4143 3422 4217 modis,proestante
3447 4147 3706 4218 Domino,

2049 4232 2266 4305 poterit
2293 4231 2569 4305 adipisci,
2591 4231 2771 4290 firma
2799 4230 2972 4289 vobis
2994 4233 3342 4308 vestrisque
3363 4236 3710 4296 successori·

284 4320 457 4376 ritate
486 4324 668 4391 atque
689 4319 961 4390 eiusdem
988 4321 1280 4376 canonica
1299 4319 1549 4391 justitia.
1571 4320 1777 4394 Siqua
1796 4335 1943 4392 ergo
1970 4376 2020 4432 D
2049 4321 2167 4378 bus
2196 4327 2254 4378 et
2277 4320 2504 4378 illibata
2522 4327 2935 4395 permaneant.
2958 4325 3021 4378 ln
3046 4321 3280 4397 quibus
3311 4325 3454 4385 haec
3468 4327 3708 4403 propriis

285 4407 347 4464 in
378 4407 643 4464 futurum
675 4407 1082 4465 ecclesiastica
1114 4407 1490 4465 soecularisve
1516 4425 1796 4482 persona,
1825 4415 1938 4468 etc.
2050 4409 2337 4468 duximus
2368 4409 2762 4484 exprimenda
2785 4410 3094 4469 vocabulis
3120 4427 3138 4470 ε

356 4498 483 4568 Ego
508 4496 727 4555 Lucius
749 4495 1057 4554 catholicae
1086 4496 1357 4554 Ecclesiae
1381 4499 1725 4572 episcopus.

354 4588 479 4660 Ego
524 4587 866 4645 Theodinus
908 4586 1247 4644 portuensis
1291 4592 1348 4645 et
1396 4588 1455 4644 S.
1504 4587 1734 4645 Rufinus
1780 4589 1941 4647 sedis

281 4675 627 4749 episcopus.

352 4767 479 4838 Ego
508 4767 793 4824 Henricus
811 4766 1171 4825 Albanensis
1199 4767 1543 4840 episcopus.

352 4854 477 4926 Ego
514 4855 735 4913 Paulus
759 4856 1161 4913 Proenestinus
1189 4855 1535 4930 episcopus.

352 4946 476 5016 Ego
527 4948 728 5002 Petrus
778 4946 1093 5019 presbyter
1147 4945 1469 5003 cardinalis
1514 4944 1664 5001 tituli
1706 4946 1766 5002 S.
1825 4946 1940 5003 Su-

279 5049 510 5091 sannoe.

352 5125 475 5194 Ego
530 5123 813 5181 vivianus
857 5124 1005 5182 tituli
1057 5124 1259 5182 Sancti
1306 5123 1592 5197 Stephani
1639 5123 1701 5181 in
1755 5124 1935 5184 Coelio

280 5214 471 5272 Monte
499 5213 816 5288 presbyter
842 5212 1183 5272 cardinalis.

380 5344 445 5398 ¹0
504 5339 645 5398 Bois
672 5339 756 5398 du
785 5341 897 5400 roi.

382 5415 437 5467 ii
497 5413 667 5484 Laqn
716 5453 731 5469 .

348 5341 1250 5560 managons-&ademun-

2125 4499 2349 4557 Locum
2408 4499 2610 4573 ipsum
2662 4501 2723 4557 in
2785 4516 2909 4573 quo
2959 4499 3208 4574 proefata
3281 4502 3564 4565 ecclesia
3616 4507 3710 4564 sits

2050 4593 2139 4647 est
2176 4604 2314 4646 cum
2352 4589 2542 4654 terris,
2565 4590 2772 4662 pratis,
2799 4595 2858 4648 et
2879 4592 3132 4648 Nemore
3168 4591 3337 4664 regis
3367 4593 3496 4669 (to)
3526 4600 3587 4654 et
3605 4609 3710 4654 om-

2047 4678 2225 4736 nibus
2247 4677 2508 4736 abbatiis
2519 4677 2926 4752 appendiciis;
2948 4694 3162 4737 omnes
3181 4679 3422 4741 domos
3449 4689 3516 4743 et
3531 4684 3711 4744 vinea

2044 4783 2197 4842 quas
2209 4766 3710 4850 apudLatiniacum(1t)habetis,etquidquidapnd

2045 4858 2282 4915 Conche
2307 4857 2423 4931 (¹2)
2455 4863 2577 4914 tam
2598 4857 2658 4914 in
2680 4858 2964 4915 domibus
2981 4873 3169 4931 quam
3195 4856 3263 4916 in
3287 4859 3498 4920 vineis
3516 4869 3578 4922 et
3597 4862 3708 4922 aliis

2043 4945 2396 5003 tenementis
2408 4947 2990 5020 possidetis5curtem
3003 4962 3186 5020 quam
3200 4948 3376 5022 apud
3389 4951 3710 5024 Sariasm)

2043 5036 2299 5105 habetis,
2340 5051 2478 5092 cum
2514 5036 2701 5103 terris,
2737 5038 2923 5110 pratis
2954 5042 3012 5092 et
3039 5050 3294 5094 nemore
3337 5045 3408 5098 et
3435 5042 3712 5101 omnibns

2042 5140 2181 5199 quae
2201 5125 2353 5198 juris
2383 5126 2594 5181 vestris
2623 5129 2761 5182 sunt
2793 5147 2806 5192 ς
2833 5130 2891 5183 et
2917 5125 3220 5199 quidquid
3254 5129 3442 5202 apud
3473 5131 3714 5191 Uedium

2041 5213 2294 5273 meldum
2319 5214 2435 5288 (14)
2465 5219 2587 5272 tam
2615 5216 2676 5271 in
2703 5230 2948 5272 nemore
2971 5228 3155 5289 quam
3184 5214 3248 5273 in
3279 5221 3492 5291 pratis
3519 5219 3716 5298 sequi-

2137 5342 2203 5398 13
2268 5341 2437 5412 Seru.

2109 5341 2231 5487 ἕως
2265 5412 2472 5471 Melam
2498 5414 2606 5469 aut
2634 5409 2879 5470 Heauae.
