3784 6000
472 245 658 305 HIST.
698 243 957 303 RERUM
994 237 1491 302 TRANSMARIN.
1527 264 1599 292 -.
1635 233 1774 294 ΗΒ.
1814 228 1966 288 XXI·
2007 224 2418 287 BALDUINUS
2456 226 2527 287 lv
2567 222 2740 285 REX.

3214 227 3323 289 826

137 373 180 429 le
223 376 596 428 manantem.
651 373 813 427 Hanc
868 368 1170 441 regionem
1217 364 1563 424 existimant
1591 364 1637 417 A
1669 360 1987 415 numerata
2032 354 2309 428 pecunia,
2349 352 2606 410 libertati
2653 352 2975 419 restitutus,
3018 352 3320 426 simulque

136 480 155 518 1
183 462 403 517 dictam
431 458 771 516 fuisseolim
797 457 1259 530 ltuream,cujus
1291 457 1351 512 in
1373 457 1563 510 Evan-

137 567 279 607 .ucae
332 552 474 622 (cap
520 549 600 621 ιιι)
653 548 958 621 Philippus
1008 546 1256 604 llerodis
1309 543 1561 600 senioris

137 639 400 695 strarcha
425 638 659 702 dicitur,
685 638 862 692 simul
884 642 940 692 et
959 633 1349 692 Traconitidis
1372 634 1562 702 regio-

141 729 405 800 ntiquius
448 734 672 794 autem,
723 726 999 783 videlieet
1043 729 1311 798 tempore
1347 736 1560 793 regum

138 818 366 874 Saltum
434 816 635 873 Libani
686 821 1116 888 nuncupatam,
1157 829 1229 869 eo
1275 810 1434 885 quod
1482 809 1562 866 ad

137 925 147 961 ι
197 905 402 962 Libani
439 910 712 976 porrecta
741 904 1099 961 distenditur
1143 901 1319 959 vallis
1357 900 1562 973 opimo

137 996 268 1069 quis
301 994 667 1060 salubribus,
701 992 1064 1066 populorum
1113 991 1561 1054 numerositate,

137 1100 400 1141 »anorum
440 1082 774 1154 frequentia
816 1089 871 1138 et
901 1083 1052 1138 aeris
1077 1086 1249 1151 grata
1278 1079 1565 1151 temperie

137 1173 440 1229 ²indabilis.
477 1177 537 1228 ln
567 1172 748 1242 hujus
776 1170 1046 1244 partibus
1072 1168 1566 1226 submissioribus

165 1260 501 1319 ostenditur
553 1276 745 1331 usque
791 1259 969 1316 hodie
1014 1259 1224 1316 validis
1269 1258 1567 1315 moeuibus

137 1355 339 1423 isepta,
355 1349 543 1405 multa
557 1348 936 1420 praetendens
954 1349 1242 1405 nobilitati
1253 1364 1281 1403 s
1296 1346 1566 1419 pristinis

137 1439 275 1495 liciis
305 1444 678 1508 argumenta,
711 1438 806 1493 cui
844 1452 1066 1494 nomen
1094 1443 1183 1494 est
1206 1436 1568 1492 modernum

137 1544 263 1584 rra.
296 1528 462 1583 Hanc
487 1526 736 1598 quidam
766 1526 1138 1599 antiquitatis
1168 1529 1570 1599 perscrutato-

137 1618 418 1673 aitrantur
429 1631 557 1672 esse
572 1615 966 1688 palmyream,
982 1615 1245 1672 nobilem
1258 1615 1565 1686 quondam

138 1706 270 1762 :nice
293 1705 593 1761 coloniam
607 1705 814 1776 ;cujus
839 1703 1192 1761 memoriam
1211 1702 1352 1760 facit
1369 1703 1570 1772 Ulpia·
1600 1709 1643 1762 B

138 1795 264 1851 rius
294 1795 352 1851 in
392 1796 630 1866 Diqesto
662 1808 811 1850 novo
847 1792 1015 1849 titulo
1046 1792 1133 1856 10,
1171 1794 1257 1849 De
1282 1792 1565 1850 censibus.

137 1882 484 1939 irvenientes
523 1882 730 1949 nostri,
761 1886 1070 1952 coeperunt
1098 1896 1344 1937 omnem
1383 1880 1570 1950 regio-

137 1972 289 2038 bere‚
320 1971 556 2027 nemine
586 1970 1052 2036 contradicente,
1081 1970 1444 2043 perlustrare
1483 1968 1570 2024 in-

143 2076 263 2133 que
302 2066 537 2115 vastare
568 2060 882 2126 universa;
916 2058 1121 2114 incoloe
1148 2063 1348 2114 autem
1379 2057 1571 2128 regio-

137 2154 368 2205 montes
391 2147 806 2218 confugerant,
835 2149 914 2204 ad
935 2164 1090 2220 quos
1109 2163 1232 2204 non
1256 2153 1380 2203 erat
1398 2145 1569 2203 facile

137 2239 269 2294 stris
311 2238 573 2310 pervium
600 2254 615 2303 ;
650 2251 859 2307 greges
890 2253 1034 2293 vero
1060 2241 1115 2293 et
1157 2240 1431 2293 armenta
1462 2249 1570 2308 pro

137 2344 189 2383 ia
219 2328 475 2400 partein
520 2325 870 2399 paludibus,
912 2341 1048 2398 quas
1087 2331 1257 2382 erant
1296 2324 1358 2380 in
1399 2323 1572 2380 vallis

137 2462 141 2475 .
174 2416 275 2472 ubi
309 2431 538 2488 pascua
576 2420 743 2471 erant
787 2416 1110 2480 uberrima,
1153 2414 1417 2471 adventu
1467 2429 1574 2470 no·

138 2522 182 2560 n
208 2505 596 2577 praecognitO,
625 2501 1081 2560 collocaverant.
1116 2504 1342 2559 interea
1369 2518 1572 2559 comes

147 2599 341 2657 tanus,
369 2609 441 2648 ex
480 2593 756 2649 condicto
813 2609 917 2665 per
946 2607 1159 2662 agrum
1190 2591 1570 2658 Bibliensem,

137 2688 392 2738 castrum
423 2682 588 2753 quod
639 2681 976 2737 Manethera
1015 2681 1250 2748 dicitur,
1281 2681 1483 2738 subito
1512 2680 1573 2736 in

137 2769 575 2841 {eliopolitanos
599 2771 927 2838 ingressuS,
947 2769 1004 2824 in
1019 2770 1233 2826 eadem
1248 2768 1572 2838 valle,eum

137 2863 345 2914 cuncta
378 2859 669 2914 incendiis
719 2874 984 2915 cremare
1031 2859 1358 2914 nuntiatur.
1407 2857 1577 2924 Quod

137 2953 238 3004 ntes
270 2949 474 3014 nostri,
490 2948 732 3005 obviam
753 2947 863 3004 illis
894 2952 1301 3021 properantes,
1329 2946 1410 3003 illi
1431 2962 1577 3021 quo-

138 3037 463 3093 hilominus
491 3053 800 3093 occurrere
818 3036 994 3093 nobis
1022 3040 1322 3109 optantes,
1354 3052 1578 3092 conve-

137 3126 335 3199 .quasi
377 3126 436 3182 in
463 3126 631 3182 vallis
659 3127 857 3182 medio
890 3145 901 3182 :
931 3126 1095 3199 quod
1123 3125 1374 3182 audiens
1417 3127 1578 3180 Sem-

137 3233 183 3282 s,
223 3214 569 3271 Salahadini
597 3215 796 3285 frater,
846 3216 947 3287 qui
974 3215 1248 3271 Damasci
1281 3213 1581 3271 residebat

137 3309 299 3373 ·ator,
344 3310 708 3374 congregata
772 3304 999 3371 militia,
1059 3303 1330 3360 locorum
1397 3303 1578 3359 etiam

165 3393 676 3455 convenientibus,
714 3394 984 3449 resistere
1041 3396 1252 3458 tentat,
1303 3392 1462 3449 acies
1495 3392 1583 3447 in-

177 3483 393 3539 nostris
432 3482 673 3540 obviam
715 3483 799 3539 ire
852 3487 1046 3554 parat.
1099 3480 1292 3537 Nostri
1335 3496 1581 3555 quoque

137 3572 218 3628 ‚tis
247 3571 616 3642 agminibus,
653 3571 851 3627 animo
892 3571 1170 3644 proniore
1205 3574 1528 3627 occurrunt
1564 3586 1579 3636 ;

137 3663 266 3716 atur
299 3660 574 3731 utrinque
591 3659 827 3715 viriliter
842 3676 856 3726 ;
880 3659 983 3715 scd
999 3660 1309 3715 Divinitate
1324 3656 1582 3731 propitia

163 3748 504 3816 interfectis,
547 3750 737 3820 captis
763 3748 1114 3815 innumeris,
1168 3746 1357 3804 h'ostis
1405 3747 1462 3803 in
1494 3747 1583 3803 fu·

138 3852 308 3893 'ersus
331 3842 436 3894 est.
472 3837 853 3894 Semsedolus
893 3853 1030 3892 cum
1048 3837 1257 3909 paucis
1287 3835 1578 3901 evadens,

144 3926 258 3982 ntis
288 3927 480 3983 ardua
509 3941 570 3981 se
597 3926 1073 3982 contulit.Nostri
1096 3941 1237 3982 vero
1266 3925 1582 3982 hostilibus

172 4014 398 4088 spoliis,
454 4032 591 4071 cum
637 4014 922 4070 armentis
970 4020 1028 4072 et
1079 4014 1281 4087 proeda
1319 4016 1585 4072 maxima

137 4109 186 4160 1t
216 4122 230 4173 ;
260 4104 467 4176 paucis
491 4109 711 4170 tamen,
743 4103 1175 4177 imprudenter,
1203 4103 1307 4177 qui
1330 4102 1584 4175 paludes

137 4192 241 4249 ,ndi
272 4193 465 4263 gratia
494 4193 731 4248 fuerant
774 4192 1046 4263 ingressi,
1074 4192 1222 4248 dum
1247 4194 1378 4249 vias
1417 4192 1584 4261 igno·

137 4288 172 4339 21
209 4287 552 4339 nostrorum
583 4282 669 4338 ita
696 4280 962 4338 subitum
992 4297 1115 4338 non
1145 4282 1469 4353 opinantur
1492 4295 1583 4337 re-

137 4388 233 4438 im,
267 4372 522 4428 amissis,
566 4374 859 4427 Reversus
880 4385 1023 4440 ergo
1055 4369 1339 4426 dominus
1369 4385 1496 4435 rex,

137 4475 214 4515 im
245 4460 408 4515 omni
439 4461 743 4530 sospitate,
764 4459 1067 4515 trahentes
1094 4458 1282 4514 boum
1310 4463 1587 4516 armenta

137 4573 265 4630 ique
278 4572 486 4628 greges
506 4562 561 4613 et
590 4556 1018 4630 supellectilem
1044 4555 1586 4622 omnimodam,vi·

185 4651 543 4715 argumenta
590 4650 645 4701 et
695 4645 984 4703 felicitatis
1035 4644 1313 4715 insignia,
1364 4645 1587 4716 Tyrum

137 4750 181 4790 ·e
206 4735 457 4790 Domino
475 4740 890 4806 pervenerunt.
906 4733 1118 4791 Comes
1134 4749 1379 4808 quoque
1390 4732 1589 4805 Tripo-

137 4841 179 4890 s,
256 4824 469 4880 eodem
548 4840 671 4897 quo
737 4831 982 4880 venerat
1070 4824 1297 4894 itinere,
1383 4837 1585 4878 secum

178 4914 445 4985 praedam
479 4914 737 4970 referens
787 4914 1186 4980 innumeram,
1222 4912 1301 4969 ad
1347 4911 1591 4985 propria

137 5018 184 5057 ir
207 5019 344 5058 eum
379 5004 502 5059 suis
520 5002 799 5058 omnibus
826 5018 889 5056 se
904 5001 1170 5058 contulit.
1191 5002 1590 5058 Eodemanno

137 5107 227 5146 ius
268 5092 590 5148 Rainaldus
605 5092 678 5146 de
694 5090 1064 5155 castellione,
1081 5091 1182 5163 qui
1203 5090 1451 5146 domino
1466 5089 1594 5145 Rai-

138 5198 174 5237 o
201 5181 455 5254 principi
503 5182 887 5246 AntiochenO.
925 5181 985 5236 in
1012 5180 1221 5236 eodem
1253 5179 1593 5252 principatu

137 5278 329 5336 sserat,
376 5286 622 5327 uxorem
676 5272 826 5342 ejus,
869 5268 1278 5326 Constantiam
1327 5268 1591 5335 nomine,

145 5378 192 5425 s,
228 5366 361 5431 post
391 5360 612 5415 multos
630 5376 824 5416 annos
851 5358 1204 5432 captivitatis
1234 5372 1378 5425 suae,
1406 5371 1595 5430 quam

137 5448 443 5523 Halapiam
462 5449 679 5506 duram
694 5450 872 5505 nimis
887 5464 1100 5521 passus
1116 5447 1327 5512 fuerat,
1347 5445 1598 5502 interve-

137 5538 250 5595 bus
275 5539 486 5596 amicis
518 5540 661 5607 suis,
683 5544 739 5595 et
768 5537 969 5595 multae
1007 5535 1355 5609 quantitatis
1384 5549 1494 5608 pro
1523 5550 1596 5592 eo

1670 463 1809 504 cum
1865 461 1938 502 eo
1986 444 2341 510 loscelinus,
2407 442 2689 498 loscelini
2742 442 2975 498 comitis
3027 442 3319 499 Edessani

1669 534 1848 600 filius,
1890 533 2287 602 dominiregis
2319 530 2678 596 avunculus,
2710 530 2907 587 studio
2940 536 2995 587 et
3025 531 3324 588 industria

1670 625 1912 696 Agnetis
1962 622 2293 686 comitissae,
2352 620 2552 676 uxoris
2610 618 2883 675 ltainaldi
2930 619 3320 692 sidoniensis,

1671 713 1896 770 sororis
1920 728 2069 776 suae,
2101 713 2303 768 matris
2335 709 2603 765 videlicet
2631 709 2809 778 regis,
2840 716 3079 780 ereptus
3124 725 3162 767 a
3191 710 3322 765 vin·

1669 803 1833 869 culis,
1864 802 1924 857 in
1962 800 2277 874 pristinam
2305 798 2637 856 libertatem
2669 814 2730 853 se
2753 799 2993 868 recepit.

1743 890 1967 948 Eodem
1997 904 2177 957 anno,
2208 903 2412 944 mense
2443 887 2608 953 Maio,
2642 885 2908 943 secunda
2941 887 3161 943 mensis
3200 885 3320 951 die,

1672 994 1779 1053 per
1834 982 2104 1035 nostrum
2157 977 2571 1041 ministerium,
2634 975 2695 1030 in
2747 974 2997 1032 ecclesia
3060 975 3322 1047 Tyrensi‚

1671 1083 1897 1125 munus
1926 1065 2389 1122 consecrationis
2430 1070 2838 1136 susceperunt,
2868 1063 3155 1119 dominus
3194 1063 3324 1120 Odo

1677 1159 2048 1217 sidoniensis
2072 1155 2311 1220 electus,
2335 1154 2439 1228 qui
2466 1153 2730 1225 eiusdem
2753 1152 3022 1209 eeclesias
3042 1152 3322 1224 Tyrensis

1675 1247 1868 1304 fuerat
1888 1251 2237 1318 praecentor,
2264 1248 2318 1300 et
2336 1243 2621 1300 dominus
2640 1241 2983 1306 Rainaldus,
3009 1240 3325 1313 Bet-ythen-

1677 1337 1758 1394 sis
1785 1337 2028 1394 electus.

2317 1405 2537 1460 CAPUT
2571 1405 2679 1458 ΧΗ.

1675 1488 1960 1545 Dominus
1971 1486 2302 1555 imperator
2313 1482 3004 1552 constantinopolitanus
3017 1479 3186 1552 apud
3215 1480 3332 1537 lco-

2024 1559 2191 1614 m'um
2223 1557 2608 1627 iquominiose
2645 1555 2983 1622 conficitur.

1749 1647 1967 1706 Eodem
1978 1662 2222 1721 quoque
2255 1652 2516 1716 tempore
2534 1643 2817 1700 dominus
2832 1641 3059 1699 Manuel
3073 1641 3333 1713 impera-

1679 1743 1769 1795 tor
1798 1735 2516 1808 Constantinopolitanus,
2539 1732 2780 1789 illustris
2796 1731 3102 1787 memorias
3118 1736 3174 1786 et
3204 1746 3331 1785 am-

1677 1824 2006 1900 plectendas
2031 1828 2091 1881 in
2123 1824 2353 1881 Christo
2373 1820 2825 1888 recordationiS,
2840 1821 2933 1892 cuj
2945 1836 3014 1877 us
3035 1818 3332 1876 beneficia

1677 1919 1735 1972 et
1774 1914 2189 1972 liberalitatem
2244 1911 2530 1970 eximiam
2572 1911 2887 1966 universus
2950 1924 3103 1981 pene
3151 1905 3328 1963 sentit

1677 2004 1969 2070 mundus,
2000 2002 2146 2060 dum
2190 2006 2399 2059 contra
2426 1998 2932 2056 immanissimam
2998 2000 3328 2054 Turcorum

1678 2099 1939 2166 gentem,
1962 2097 2019 2149 et
2040 2086 2964 2164 impiumeorumducem,lconii
2982 2085 3327 2156 soldanum,

1677 2199 1787 2258 pro
1799 2179 2149 2255 ampliando
2166 2178 2500 2236 Christiano
2511 2176 3333 2246 nomine,pietatiscommen-

1679 2270 1867 2330 dabili
1898 2276 2065 2326 motu
2086 2270 2367 2333 decertat,
2406 2265 2663 2338 peccatis
2694 2265 2910 2320 nostris
2930 2263 3331 2334 exigentibus,

1682 2376 1934 2419 suorum
1956 2365 2214 2430 stragem
2259 2356 2583 2422 infinitam,
2606 2361 2660 2411 et
2712 2353 3023 2426 copiarum
3056 2352 3333 2425 imperia-

1682 2452 1852 2517 lium,
1867 2466 2022 2522 quas
2044 2464 2250 2504 secum
2269 2463 2453 2518 supra
2464 2445 2778 2502 hominum
2791 2442 2971 2499 etiam
2984 2442 3331 2515 opinionem

1683 2540 1979 2603 trahebat,
2001 2537 2271 2593 enormia
2291 2535 2726 2591 circalconium
2751 2548 2967 2604 passus
2993 2531 3332 2601 estdispen·

1682 2629 1815 2685 dia:
1846 2627 1949 2683 ubi
1978 2626 2160 2682 etiam
2177 2629 2251 2681 de
2268 2622 2732 2695 consanguineis
2747 2622 2902 2692 ejus,
2921 2619 3027 2675 viri
3049 2617 3331 2684 illustres,

1684 2723 1743 2775 et
1765 2716 1985 2788 inclyta
2012 2713 2424 2771 recordatione
2448 2712 2637 2781 digni,
2662 2709 2719 2766 in
2735 2709 2859 2766 acie
2889 2707 3333 2772 occubuerunt;

1686 2809 1839 2864 inter
1849 2804 2105 2879 quosetJ
2113 2819 2341 2860 oannes
2356 2802 2795 2863 Protosevasto,
2810 2798 2859 2869 ej
2873 2796 3082 2853 usdem
3096 2794 3335 2852 domini

1682 2894 2062 2969 imperatoris
2079 2891 2309 2949 extr-ate
2337 2907 2549 2962 nepos,
2585 2890 2673 2944 vir
2685 2887 2940 2959 egregiae
2959 2884 3333 2943 liberalitatis

1686 2982 2165 3043 etmemorandae
2189 2978 2669 3052 magnificentias,
2688 2977 2860 3048 cujus
2874 2975 3056 3032 filiam
3089 2972 3338 3031 Mariam

1612 3056 1654 3113 C
1686 3074 1969 3130 dominus
1996 3070 2330 3127 Amalricus
2358 3084 2604 3126 uxorem
2631 3068 2900 3132 duxerat,
2929 3065 3074 3121 dum
3100 3068 3338 3119 strenue

1687 3162 1907 3221 resistit
1934 3159 2445 3226 hostibus,multis
2476 3157 2790 3215 confossus
2818 3154 3167 3211 vulneribus
3194 3152 3340 3207 inte·

1689 3252 1800 3309 riit.
1826 3253 1953 3324 Ipse
1995 3257 2197 3307 tamen
2224 3265 2294 3304 ex
2323 3247 2582 3320 plurima
2611 3249 2777 3318 parte
2803 3243 3057 3316 receptis
3073 3240 3337 3298 exerciti·

1688 3341 1825 3407 bus,
1866 3338 1973 3396 sed
2001 3340 2240 3394 sinistro
2279 3353 2443 3401 casu,
2482 3341 2680 3391 mente
2710 3349 2895 3405 supra
2918 3331 3171 3389 modum
3202 3344 3341 3385 con·

1692 3433 2012 3498 sternatus,
2027 3428 2086 3483 in
2102 3443 2244 3483 suos
2265 3427 2417 3481 fines
2432 3439 2680 3496 corpore
2698 3421 3016 3479 incolumis
3029 3435 3090 3475 se
3104 3419 3339 3490 recepit.

1692 3518 1915 3574 Dicitur
1931 3522 2120 3573 autem
2139 3530 2386 3571 suorum
2403 3513 2627 3569 ducum
2644 3511 2749 3585 qui
2762 3508 3057 3583 praeibant
3072 3507 3340 3577 agmina,

1691 3607 1885 3679 magis
1905 3597 2330 3677 imprudentia,
2365 3617 2551 3675 quam
2572 3600 2839 3657 hostium
2861 3596 3087 3653 viribus
3117 3595 3177 3651 id
3192 3596 3344 3651 acci-

1691 3698 1871 3754 disse.
1893 3696 2068 3764 Nam‚
2086 3697 2509 3765 cumpatentes
2523 3688 2862 3761 amplaeque
2884 3688 3014 3753 viae,
3033 3684 3109 3741 ad
3127 3682 3270 3756 prod
3281 3699 3341 3738 u-

1691 3787 1916 3845 cendas
1943 3785 2119 3850 acies,
2151 3787 2207 3840 et
2235 3780 2608 3837 sarcinarum
2631 3776 2819 3833 moles
2839 3773 3218 3832 commodius
3230 3777 3345 3829 tra·

1688 3877 1848 3935 bend
1856 3892 1945 3941 as,
1958 3880 2012 3933 et
2034 3875 2112 3929 im
2122 3872 2600 3945 pedimentorum
2616 3881 2796 3924 omne
2809 3879 3000 3935 genus
3013 3861 3345 3918 subvehen-

1691 3966 1859 4034 dum,
1873 3963 2042 4039 quod
2065 3968 2123 4019 et
2150 3974 2470 4018 numerum
2483 3956 2768 4014 excedere
2784 3953 3165 4011 dicebaturet
3182 3964 3346 4007 men-

1692 4071 1918 4122 suram,
1942 4068 2066 4110 non
2085 4051 2385 4115 deessent,
2407 4048 2645 4104 incaute
2668 4043 2849 4100 nimis
2872 4043 2931 4098 in
2970 4040 3342 4114 periculosas

1693 4144 1964 4202 locorum
1979 4140 2287 4210 augustias
2318 4134 2652 4210 praecipites
2666 4149 2729 4189 se
2755 4132 3067 4195 dederunt,
3113 4128 3214 4186 ubi
3233 4142 3345 4184 nec

1692 4230 2103 4303 hostibus,qui
2114 4229 2242 4285 loca
2257 4224 2606 4295 eademjam
2618 4216 3347 4294 occupaverant,dabatur

1694 4322 1968 4380 resistere
1991 4332 2015 4391 ;
2042 4334 2151 4376 nec
2168 4313 2461 4374 referendi
2492 4313 2651 4370 vices
2662 4311 2839 4384 copia
2867 4307 3342 4366 ministrabatur.

1530 4372 1587 4426 et
1618 4408 1666 4463 D
1695 4412 1784 4468 Ab
1817 4426 1886 4468 ea
1915 4408 2032 4475 die,
2059 4393 2240 4480 hujus
2261 4410 2386 4462 tam
2416 4402 2640 4459 sinistri
2654 4416 2800 4457 casu
2818 4398 3136 4471 praedictus
3152 4393 3342 4453 domi·

1694 4517 1813 4558 nus
1841 4500 2189 4571 imperator,
2224 4494 2372 4551 adeo
2420 4490 2608 4548 menti
2636 4504 2960 4563 perennem
2990 4486 3205 4541 dicitur
3234 4484 3346 4539 im-

1696 4590 1981 4665 pressisse
2037 4585 2419 4654 memoriam,
2466 4586 2528 4637 ut
2577 4580 2653 4634 de
2721 4581 2938 4634 coetero
3007 4590 3116 4630 nec
3167 4572 3347 4629 solita

1696 4679 1915 4735 mentis
1962 4675 2278 4739 hilaritate,
2318 4687 2441 4747 qua
2490 4667 2864 4740 singulariter
2924 4662 3342 4737 praeminebat,

1695 4767 1981 4825 laetiorem
2004 4780 2067 4820 se
2097 4762 2321 4828 suis,in
2348 4757 2679 4816 admodum
2696 4752 3155 4824 postulantibus,
3179 4747 3345 4805 exhi-

1697 4856 1865 4914 beret
1890 4871 1907 4921 ;
1940 4869 2049 4909 nec
2077 4849 2345 4923 corporis
2366 4846 2653 4920 sospitate
2669 4859 2795 4916 qua
2819 4842 3146 4915 plurimum
3165 4836 3350 4911 polle-

1697 4945 1822 5009 bat,
1854 4957 2047 5015 nsque
2075 4940 2136 4996 in
2167 4951 2517 5011 supremum
2559 4934 2688 4990 vitae
2717 4931 2877 4988 diem
2910 4928 3197 4984 frueretur
3225 4942 3240 4993 ;
3267 4925 3350 4982 ita

1701 5047 1846 5090 sane
1876 5030 2160 5088 continua
2185 5026 2323 5084 facti
2372 5023 2751 5080 refricatione
2805 5017 3108 5083 urebatur,
3145 5020 3209 5072 ut
3237 5030 3348 5072 nec

1702 5121 1912 5180 animo
1935 5118 2132 5193 quies,
2172 5131 2281 5173 nec
2312 5113 2495 5171 menti
2539 5114 2826 5169 consueta
2852 5105 3234 5178 tranquilitas
3263 5104 3351 5160 in-

1702 5210 2067 5282 dulgeretur.

2312 5274 2541 5332 CAPUT
2595 5272 2740 5329 xm.

1703 5370 2060 5430 Guillelmus
2086 5366 2321 5440 junior,
2379 5361 2646 5420 marchio
2682 5361 2755 5416 de
2806 5357 3252 5438 Montefermtq,
3293 5353 3352 5409 in

1774 5441 2007 5513 Syriam
2045 5439 2300 5503 veniens,
2335 5435 2492 5506 reqis
2519 5447 2774 5491 sororem
2803 5443 3048 5486 uxorem
3076 5426 3276 5482 duxit.

1774 5530 1960 5589 Tertio
1971 5527 2425 5601 regniejusdem
2436 5517 2954 5581 dominiBalduini
2980 5530 3165 5584 anno,
3196 5514 3353 5573 circa
