3784 6000
243 164 351 225 131

1289 166 1635 229 ARNULFI
1683 164 2217 229 LExovasls
2258 166 2608 232 EPISOOPI

3535 174 3655 236 132

245 302 626 373 cedere,dum
649 303 796 361 mihi
819 303 1034 360 intuitu
1051 301 1284 376 pietatis
1308 301 1532 359 modica
1555 300 1628 357 ad
1657 305 1892 357 susten·
1921 309 1974 374 Α
2005 299 2241 373 quidem
2291 303 2642 373 conditione,
2693 321 2870 375 quam
2931 303 3104 375 petii3
3147 306 3247 361 sed
3301 321 3406 376 ego
3455 314 3652 363 tamen

245 391 526 450 tationem
557 392 744 466 portio
791 397 1137 451 reservetur.
1186 389 1247 448 Si
1275 407 1409 448 vero
1465 390 1535 447 ad
1563 391 1671 446 hoc
1698 395 1891 447 vestra

247 497 363 538 non
395 481 606 554 poterit
625 481 959 539 sublimitas
979 480 1270 542 inclinari.
1295 479 1593 536 sustinebo
1613 495 1800 550 usque
1816 479 1889 535 ad

248 570 467 629 exitum
498 571 630 628 vitae
668 588 830 637 meas,
862 569 1140 642 quidquid
1181 569 1377 626 divina
1417 567 1564 624 mihi
1589 568 1891 625 dictaverit

242 661 553 732 prudentia
582 659 1016 716 sustinendum.
1049 658 1164 715 Nec
1180 659 1334 714 enim
1361 659 1487 714 sine
1516 655 1771 729 periculo
1793 673 1886 713 sa-

244 748 384 805 lutis
416 765 556 804 mels
590 764 818 818 possem
851 747 1145 804 dimittere
1161 746 1649 814 destitutam,sed
1674 762 1888 802 secun-

239 836 381 894 dum
430 837 580 894 vires
613 853 772 895 meas
802 853 935 894 cum
964 836 1150 909 gratia
1168 835 1269 893 Dei
1301 835 1526 892 virilius
1543 836 1886 906 exspectabo

238 924 299 981 in
351 925 509 981 omni
539 925 834 998 siquidem
881 925 1212 983 humilitate
1269 933 1320 980 et
1371 924 1670 997 patientia,
1703 925 1887 980 donec

237 1017 432 1072 vestra
459 1014 535 1072 ad
558 1030 660 1071 cor
685 1015 970 1086 sapientia
990 1018 1330 1072 revertatur.
1354 1013 1503 1070 Sane
1525 1013 1684 1069 nulla
1713 1030 1748 1069 a
1771 1028 1882 1084 me,

233 1104 408 1161 etiam
440 1105 492 1160 si
539 1120 790 1176 possem,
820 1109 1023 1161 contra
1068 1104 1449 1161 reverentiam
1476 1107 1727 1160 vestram
1761 1103 1885 1158 rixa

230 1196 590 1264 prorumpet.
624 1193 727 1249 sed
748 1193 1121 1250 excedentem
1149 1192 1463 1264 potentiam
1495 1196 1750 1247 vestram
1782 1191 1885 1247 hu·

234 1281 456 1340 militas
479 1282 853 1356 expugnabit,
884 1283 1023 1356 quia
1061 1282 1216 1340 sicut
1245 1282 1464 1339 viribus
1516 1280 1717 1354 repelli
1763 1297 1880 1338 non

230 1374 441 1443 potest,
477 1372 557 1427 ita
613 1389 716 1444 per
745 1389 808 1429 se
860 1371 1042 1445 ipsam
1089 1371 1451 1445 benignitate
1483 1370 1718 1444 propria
1739 1386 1878 1426 con-

231 1459 514 1532 quiescet.
548 1463 763 1517 Verum
819 1461 964 1517 nihil
1022 1461 1344 1531 expostulo,
1396 1461 1551 1533 quod
1611 1459 1875 1517 omnium

227 1548 694 1606 Christianorum
747 1567 922 1624 regna
982 1568 1095 1607 non
1144 1549 1497 1619 habeant,et
1526 1549 1678 1621 quod
1709 1554 1873 1604 ante·

228 1653 490 1696 cessores
544 1639 658 1695 mei
706 1643 963 1712 tempore
1016 1648 1342 1696 vestrorum
1374 1642 1432 1694 et
1461 1654 1565 1710 ego
1597 1641 1792 1694 vestro
1817 1640 1877 1692 et

229 1715 419 1785 Patris
466 1727 636 1783 vestri
677 1728 919 1800 triginta
973 1728 1141 1784 annis
1188 1732 1246 1784 et
1282 1742 1351 1783 eo
1393 1726 1649 1799 amplius
1678 1725 1877 1782 incon-

225 1831 400 1873 cusse
456 1817 713 1888 possedi.
736 1816 935 1873 Valeat
981 1816 1254 1874 dominus
1286 1832 1471 1887 meus,
1506 1830 1873 1890 regnumque

226 1903 411 1976 ipsius
428 1921 683 1977 praesens
695 1905 957 1978 perpetui
973 1906 1127 1977 regni
1151 1905 1522 1962 successione
1541 1904 1867 1963 confirmet.

221 1993 626 2059 Querimonias
683 1993 985 2067 sigillatim
1035 1995 1234 2052 censui
1264 2011 1426 2052 meas
1455 1995 1622 2051 vobis
1651 1998 1710 2051 et
1737 1994 1870 2050 bre·

224 2082 374 2140 viter
400 2084 786 2149 adnotandas,
821 2100 894 2141 ne
927 2086 1163 2143 taedium
1194 2085 1343 2143 torte
1355 2084 1634 2159 prolixior
1680 2083 1867 2141 oratio

225 2178 550 2245 generaret.

965 2262 1103 2321 CIX.

514 2367 587 2405 Αυ
625 2366 901 2407 Domuum
941 2367 1133 2406 parm
1171 2367 1577 2408 ssaxmnaum.

234 2468 247 2477 -
286 2438 677 2508 Estquitldam
694 2439 848 2510 quod
869 2439 1019 2495 inter
1039 2440 1233 2495 omnia
1255 2455 1347 2496 me
1365 2438 1521 2495 laedit
1541 2438 1860 2511 indignius,

213 2525 634 2598 archiepiscopi
666 2525 885 2585 scilicet
919 2531 1031 2584 mei
1055 2529 1111 2584 in
1134 2528 1294 2584 omni
1328 2529 1672 2586 necessitate
1703 2528 1860 2585 dete·

214 2619 362 2686 ctus,
394 2632 567 2687 quem
603 2616 717 2671 fere
739 2616 1035 2689 sepultum
1068 2622 1297 2674 constat
1325 2618 1525 2674 animo
1558 2616 1745 2689 magis
1767 2633 1858 2674 se-

214 2704 417 2762 nuisse
438 2721 608 2777 quam
639 2721 903 2776 corpore,
930 2706 1222 2779 regiisque
1237 2708 1601 2764 exactoribus
1635 2706 1856 2763 manci-

213 2798 384 2865 patus
413 2793 651 2851 omnino
684 2810 916 2868 semper
945 2797 1145 2868 quoda
1169 2812 1262 2853 me
1282 2796 1341 2852 in
1371 2796 1704 2869 episcopatu
1729 2812 1858 2852 mec

205 2882 614 2954 episcopaliter
633 2887 1016 2941 constitutum
1048 2890 1135 2942 est
1167 2902 1404 2958 prorsus
1435 2889 1693 2955 evacuat,
1727 2884 1856 2941 nul·

201 2968 440 3046 lamque
470 2973 614 3030 mihi
675 2974 952 3047 permittit
985 2975 1364 3033 reverentiam
1403 2973 1684 3044 exbiberi,
1715 2973 1852 3047 quia

198 3059 261 3118 in
291 3061 454 3118 omni
485 3062 708 3119 malitia
736 3080 797 3119 se
828 3068 1099 3136 reputant
1136 3065 1299 3137 juste
1335 3063 1592 3138 qualibet
1613 3064 1849 3122 archie-

202 3149 431 3222 piscopi
461 3153 750 3208 sententia
777 3152 1029 3210 liberari.
1054 3154 1310 3211 Absolvit
1341 3155 1520 3226 igitur
1540 3159 1662 3210 tam
1685 3153 1853 3211 cleri·

202 3252 303 3294 cos
322 3253 501 3310 quam
526 3238 729 3307 laicos,
754 3242 853 3313 qui
875 3241 1266 3301 ecclesiastico
1287 3247 1426 3299 sunt
1452 3260 1484 3299 a
1517 3243 1686 3299 nobis
1716 3259 1855 3300 ana-

197 3324 462 3383 themate
489 3329 1135 3403 condemnati,suisqne
1164 3331 1359 3388 reddit
1380 3331 1687 3401 altaribus,
1719 3333 1848 3404 qui·

196 3415 314 3473 bus
335 3416 611 3473 canonice
630 3417 929 3476 fuerantin
951 3425 1298 3493 perpetuum
1313 3420 1848 3493 spoliati,ipsosque

191 3503 590 3577 parochialem
617 3507 814 3579 populi
847 3524 1044 3565 curam
1069 3525 1268 3582 gerere
1291 3511 1428 3566 etin
1456 3509 1584 3582 ipsa
1613 3525 1845 3569 excom·

197 3592 594 3653 municatione
650 3604 1019 3654 sacramenta
1066 3598 1348 3655 conficere
1392 3597 1677 3671 praecipit,
1709 3614 1843 3655 cum

193 3682 333 3741 facti
373 3684 491 3742 mei
519 3685 743 3743 nullam
787 3702 1024 3758 prorsus
1062 3688 1397 3759 cognoverit
1425 3692 1527 3744 aut
1556 3687 1847 3760 quaesierit

197 3774 504 3833 rationem.
536 3777 699 3843 Quod
758 3793 898 3833 sane
949 3793 1083 3835 eum
1132 3777 1320 3836 facere
1378 3783 1600 3834 certum
1649 3781 1758 3845 est,
1781 3782 1847 3835 ut

195 3862 311 3920 sibi
334 3865 487 3938 regis
515 3863 768 3937 gratiam
804 3883 933 3923 mea
960 3865 1330 3925 infestatione
1350 3868 1678 3940 conquirat,
1703 3868 1844 3939 quia

194 3950 379 4023 ipsius
438 3953 498 4009 in
555 3955 714 4010 omni
767 3972 874 4011 sua
902 3957 1277 4028 perversitate
1306 3956 1576 4014 minister
1604 3960 1714 4026 est,
1737 3972 1843 4015 nec

193 4039 646 4098 ecclesiasticam
678 4042 928 4099 attendit
960 4045 1016 4100 in
1040 4045 1235 4118 aliquo
1263 4046 1631 4118 dignitatem.
1653 4046 1842 4117 Super

188 4127 408 4199 quibus
432 4129 709 4186 omnibus
754 4146 889 4187 cum
940 4138 1140 4189 vestrm
1172 4135 1491 4192 innotuerit
1522 4136 1836 4208 majestati,

1908 1682 1955 1748 B

2005 389 2195 447 adhuc
2225 391 2551 463 demigrare
2583 410 2699 449 non
2732 407 2996 466 possum,
3020 397 3087 450 ut
3116 394 3256 465 lupo
3284 395 3556 453 venientu
3578 395 3654 452 vi·

2001 479 2142 535 dear
2178 479 2479 553 aufugisse
2509 487 2566 539 et
2613 482 2916 538 ecclesiam
2949 483 3116 555 quasi
3145 484 3205 538 in
3237 500 3519 556 suprema
3547 487 3651 542 tri·

1999 566 2294 624 bulaticne
2309 567 2633 642 relinquere
2648 572 3053 628 constitutam.
3076 571 3380 644 Siquidem
3403 574 3477 629 ab
3501 575 3649 633 anti.

1998 671 2113 728 quo
2128 657 2282 712 sicut
2299 658 2571 727 audistis,
2586 661 2866 716 adversus
2887 676 3011 717 eam
3035 660 3348 717 vehemens
3368 662 3649 734 principis

1999 745 2181 801 nostri
2214 750 2405 803 motus
2438 749 2672 818 exarsit,
2698 764 2804 805 nec
2826 749 3017 805 adhuc
3046 748 3135 805 vel
3163 749 3400 807 afflictio
3430 756 3645 821 cessat,

1997 833 2084 889 vel
2115 834 2440 907 indignatio
2456 837 2836 910 conquiescit.
2866 840 3123 910 Augetur
3150 839 3304 896 enim
3335 840 3408 895 de
3437 841 3646 898 diebus

1994 921 2054 979 in
2086 923 2212 980 dies
2261 929 2317 980 et
2366 926 2591 997 majora
2649 927 2913 983 timendas
2954 926 3284 985 severitatis
3307 936 3646 988 commenta

1993 1014 2349 1082 procedunt;
2384 1014 2525 1070 adeo
2581 1019 2645 1070 ut
2685 1015 2974 1071 ministris
3020 1015 3169 1082 suis,
3200 1017 3354 1072 sicut
3383 1017 3644 1090 episcopi

1996 1101 2307 1160 manifeste
2364 1107 2782 1176 protestantur,
2811 1103 3086 1160 indixerit
3125 1107 3281 1178 quod
3334 1122 3425 1163 me
3454 1105 3643 1165 modis

1991 1189 2266 1248 omnibus
2319 1190 2644 1264 inquietent
2694 1196 2752 1249 et
2808 1207 2902 1248 me
2932 1200 2988 1251 et
3027 1209 3183 1251 meos
3203 1194 3641 1253 miserabilibus

1990 1279 2353 1336 detrimentis
2382 1279 2662 1352 affligant.
2695 1281 2857 1346 Quod
2883 1281 2998 1353 jam
3020 1298 3087 1339 eo
3119 1299 3306 1355 usque
3329 1285 3637 1356 processit,

1991 1372 2055 1425 ut
2086 1370 2273 1439 major
2285 1374 2627 1442 procurator
2646 1369 2856 1442 ipsius,
2878 1369 3216 1428 Willelmus
3243 1372 3472 1429 scilicet
3484 1373 3638 1431 fitius

1989 1457 2253 1526 Radulfl,
2289 1474 2474 1531 nuper
2531 1473 2622 1514 me
2680 1461 2958 1517 omnibus
2987 1461 3274 1518 reditibus
3304 1463 3474 1534 meis,
3507 1464 3638 1536 ipsa

1984 1548 2163 1603 etiam
2187 1547 2417 1603 civitate
2448 1553 2504 1605 et
2525 1548 2842 1621 episcopali
2882 1550 3041 1618 sede,
3066 1549 3396 1622 privaverit,
3421 1569 3489 1608 ea
3519 1554 3637 1611 sci-

1985 1635 2122 1694 licet
2171 1641 2396 1692 tantum
2445 1637 2768 1705 occasione,
2830 1638 2985 1710 quod
3044 1639 3289 1696 militem
3332 1642 3632 1711 quondam

1987 1744 2297 1801 pauperem
2330 1744 2504 1801 quem
2527 1729 2652 1799 ipse
2700 1745 2802 1802 pro
2832 1729 3232 1787 ecclesiastica
3253 1747 3433 1788 causa
3463 1747 3634 1788 voca-

1979 1817 2156 1873 batin
2190 1818 2435 1880 curiam,
2467 1833 2679 1890 meque
2699 1835 2801 1889 pro
2822 1835 2888 1876 eo
2920 1820 3281 1891 fidejussisse
3304 1822 3632 1879 mentieba-

1981 1910 2098 1976 tur,
2127 1907 2397 1964 exhibere
2440 1924 2555 1963 non
2625 1909 2808 1980 potui.
2839 1911 3023 1975 Quem
3056 1909 3255 1976 etiam,
3277 1912 3411 1980 quia
3440 1927 3628 1982 nepos

1977 2011 2145 2052 meus
2174 2001 2319 2066 erat,
2355 1997 2689 2054 minabatur
2716 2004 2938 2054 arctare
2977 1999 3356 2071 compedibus
3376 2005 3435 2056 et
3465 2017 3629 2074 erga-

1972 2081 2128 2140 stulo
2158 2081 2447 2156 claudere,
2471 2085 2519 2139 si
2550 2083 2610 2140 in
2643 2100 2819 2140 manu
2849 2085 2976 2157 ejus
3006 2090 3160 2143 sorte
3191 2087 3450 2158 qualibet
3478 2089 3628 2146 inci-

1974 2170 2182 2241 disset,
2204 2170 2514 2244 imponens
2534 2173 2586 2228 ei
2616 2173 2839 2245 absque
2859 2172 3019 2228 omni
3041 2173 3279 2231 veritate
3310 2177 3465 2248 quod
3490 2178 3617 2234 dia-

1974 2274 2184 2316 conum
2210 2262 2549 2334 quemdam,
2573 2261 2765 2334 quide
2784 2278 2989 2319 mensa
3010 2278 3140 2319 mea
3158 2267 3217 2319 et
3246 2262 3373 2335 ipso
3393 2266 3619 2338 episco-

1975 2348 2069 2419 pio
2093 2347 2165 2404 ab
2185 2349 2623 2405 exsecutoribus
2673 2350 2800 2419 ejus
2831 2349 3169 2406 trahebatur
3196 2352 3267 2407 ad
3289 2368 3606 2422 carcerem,

1972 2436 2044 2490 de
2078 2436 2341 2493 manibus
2389 2437 2744 2494 trabentium
2779 2438 3096 2494 eduxisset.
3119 2439 3242 2504 Quo
3274 2440 3447 2512 facto,
3481 2458 3615 2499 cum

1969 2523 2118 2579 nihil
2153 2524 2295 2580 mihi
2329 2525 2660 2596 reliquisset
2692 2526 2749 2580 in
2773 2530 2948 2594 terra,
2969 2528 3037 2582 de
3055 2531 3205 2584 terra
3235 2533 3427 2585 tamen
3460 2531 3617 2588 exire

1970 2613 2294 2685 probibuit,
2329 2620 2389 2670 ut
2431 2614 2579 2671 nibil
2620 2615 2781 2672 intus
2831 2615 2971 2671 mibi
3008 2616 3360 2688 relinqueret
3390 2636 3495 2676 nec
3524 2637 3623 2677 ex-

1973 2703 2264 2759 trinsecus
2293 2720 2550 2777 quaerere
2572 2704 2858 2761 toleraret.
2884 2705 3184 2762 Interdixit
3213 2708 3412 2777 etiam,
3444 2707 3620 2780 idque

1973 2808 2077 2864 per
2125 2793 2250 2849 fora
2299 2797 2356 2849 et
2408 2794 2704 2851 nundinas
2756 2793 2936 2867 regali
2970 2794 3199 2866 publice
3239 2798 3618 2868 proclamavit

1966 2882 2155 2937 edicto
2196 2887 2261 2938 ut
2291 2882 2436 2938 nihil
2470 2882 2615 2939 mihi
2637 2900 2671 2939 a
2691 2883 3089 2940 sacerdotibus
3111 2885 3256 2940 meis
3278 2884 3362 2941 vel
3386 2887 3617 2944 clericis

1966 2972 2425 3040 conferretur,et
2480 2972 2528 3029 si
2578 2973 2712 3044 quis
2760 2972 2934 3029 edicti
2997 2989 3130 3029 reus
3188 2973 3456 3033 inventus
3503 2985 3615 3045 est,

1881 3035 1925 3103 C
1965 3061 2118 3117 bona
2173 3062 2301 3132 rjus
2359 3061 2686 3119 immobilia
2713 3060 3046 3118 subhastari
3106 3063 3242 3118 fecit
3288 3068 3345 3118 et
3375 3065 3617 3123 mobilia

1964 3150 2287 3207 confiscari.
2329 3157 2505 3207 Porro
2536 3150 2757 3207 malum
2792 3150 2899 3207 hoc
2938 3152 3203 3208 accendit
3221 3155 3278 3207 et
3309 3151 3604 3225 multipli-

1962 3246 2054 3292 cat
2084 3237 2228 3293 mibi
2249 3237 2497 3296 Walteri
2519 3239 2592 3295 de
2607 3238 2960 3295 Constantiis
2982 3239 3392 3306 instantia,cui
3420 3243 3605 3298 domi-

1964 3342 2075 3383 nus
2107 3344 2204 3384 rex
2233 3328 2446 3399 Anglioe
2478 3329 2876 3400 episcopatum
2910 3329 3214 3385 manifeste
3244 3331 3531 3387 concessit
3562 3333 3609 3388 si

1958 3415 2045 3473 vel
2080 3422 2262 3473 morte
2284 3418 2371 3473 vel
2402 3417 2573 3473 taedio
2608 3418 2805 3474 cedere
2856 3433 2948 3473 me
2995 3417 3315 3489 contingat.
3348 3418 3609 3478 Profecto

1958 3506 2093 3577 quia
2112 3505 2398 3564 walterus
2420 3508 2572 3580 apud
2600 3523 2787 3578 regem
2810 3522 3063 3579 magnus
3084 3511 3192 3572 est,
3212 3508 3381 3578 paulo
3407 3509 3604 3566 minus

1956 3595 2146 3667 ipsius
2206 3613 2297 3653 me
2345 3597 2505 3653 laedit
2535 3597 2859 3652 adversatio
2889 3611 3061 3667 quam
3094 3596 3268 3666 regis,
3300 3596 3441 3667 quia
3470 3613 3606 3672 rege

1955 3686 2279 3756 majoribus
2296 3690 2604 3757 occupato,
2620 3683 2911 3742 Walterus
2932 3685 3003 3740 de
3024 3683 3401 3754 Constantiis,
3435 3688 3604 3758 cujus

1953 3774 2249 3847 negotium
2280 3775 2522 3847 geritur,
2547 3774 2911 3831 incessanter
2930 3774 3168 3842 insistit,
3188 3790 3294 3830 nec
3312 3776 3603 3834 defectum

1953 3865 2270 3920 senectutis
2308 3880 2445 3920 meae
2485 3864 2739 3920 sustinet
2784 3868 3139 3935 exspectare,
3187 3880 3365 3935 quam
3400 3865 3597 3935 potins

1949 3953 2231 4012 accelerat
2258 3954 2417 4010 illato
2439 3958 2779 4011 constanter
2804 3953 2974 4009 taedic
3015 3955 3345 4022 praevenire.
3378 3954 3460 4009 Ad
3488 3956 3597 4012 hcc

1950 4049 2145 4101 autem
2180 4044 2249 4100 de
2280 4043 2542 4116 proximo
2592 4042 2827 4099 fidelius
2869 4043 3303 4114 exsequendum
3334 4047 3389 4098 et
3438 4044 3594 4101 vices

1947 4134 2073 4205 ejus
2101 4134 2409 4205 gerendas,
2434 4132 2756 4188 Hubertum
2786 4132 3105 4203 quemdam
3138 4133 3483 4189 canonicum
3514 4134 3596 4189 si-

187 4231 424 4274 necesse
447 4217 558 4273 erit
582 4236 617 4275 a
645 4221 833 4274 vestra
853 4220 1038 4291 gratia
1064 4220 1207 4276 mihi
1239 4223 1527 4293 provideri
1545 4240 1617 4280 ne
1645 4224 1836 4297 ipsius
1946 4224 2181 4295 quidem
2209 4238 2405 4279 meum
2436 4221 2497 4277 in
2527 4221 2658 4294 ipsa
2684 4220 2929 4277 ecclesia
2949 4221 3249 4278 etcivitate
3265 4222 3592 4292 constituit,

185 4311 241 4361 et
269 4319 509 4361 suorum
529 4321 787 4379 exponar
807 4308 1057 4379 injuriis,
1080 4310 1352 4380 quoniam
1377 4310 1449 4367 ab
1473 4313 1718 4384 antiquo
1740 4328 1834 4368 me
1943 4312 2320 4385 quiquotidie
2334 4327 2717 4384 quoscunque
2737 4311 3146 4368 canonicorum
3163 4315 3355 4383 potest
3372 4312 3423 4366 ei
3444 4327 3590 4368 con-

184 4391 314 4450 sola
342 4404 777 4467 prosequuntur
807 4396 1050 4464 invidia,
1080 4401 1138 4453 et
1166 4414 1322 4454 nunc
1343 4400 1624 4456 audacius
1656 4401 1839 4457 conti-
1865 4403 1912 4467 D
1943 4400 2435 4473 ciliat,etaliquos
2451 4400 2994 4472 sacrilegasactione
3010 4400 3366 4470 juramentis
3384 4400 3595 4458 astrin-

182 4483 383 4540 dentis
397 4485 568 4558 regiae
593 4486 894 4557 potestatis
917 4492 1256 4544 occurrunt.
1281 4487 1588 4559 Negotium
1612 4489 1722 4547 hoc
1741 4494 1833 4548 est
1940 4489 2043 4559 xit,
2076 4493 2142 4546 ut
2188 4504 2281 4545 me
2329 4489 2642 4546 decedente
2670 4488 2760 4545 vel
2794 4487 3035 4545 cedente
3065 4489 3134 4544 de
3164 4488 3292 4560 ipso
3320 4488 3591 4560 eligendo

179 4570 290 4628 alia
306 4573 575 4645 quedam
599 4573 823 4630 nuntiis
838 4575 982 4632 meis
997 4576 1068 4632 ad
1091 4576 1555 4634 misericordiam
1575 4582 1827 4637 vestram
1940 4579 2115 4652 regiae
2160 4579 2533 4634 consentiant
2586 4577 2899 4634 voluntati.
2933 4580 3221 4634 Instanter
3278 4577 3459 4650 igitur
3487 4577 3590 4635 ille

177 4664 519 4736 perferenda
539 4664 827 4736 commisi,
852 4681 1000 4738 quos
1021 4666 1237 4724 svcbls
1264 4682 1467 4740 precor
1495 4670 1682 4725 audiri
1704 4669 1830 4727 cle-
1938 4669 2095 4726 sicut
2122 4668 2314 4740 coepit,
2345 4685 2550 4726 omnes
2570 4668 2838 4725 observat
2859 4667 3089 4739 vigilias
3108 4677 3159 4723 et
3173 4675 3438 4735 eventus,
3456 4668 3593 4740 plu-

173 4754 452 4823 mentius,
481 4759 539 4811 et
570 4754 816 4812 inditate
847 4755 1068 4812 remitti
1099 4756 1240 4828 quia
1280 4756 1447 4827 quasi
1479 4764 1823 4831 praesentem
1936 4773 2145 4830 resque
2193 4760 2317 4830 ,iam
2359 4758 2632 4831 praedicto
2689 4756 2988 4813 Willelmc
3040 4763 3405 4827 cooperante,
3455 4774 3590 4830 pro·

173 4845 310 4898 ante
339 4842 542 4899 oculos
572 4860 734 4901 meos
757 4861 988 4919 semper
1008 4844 1194 4903 habeo
1215 4846 1583 4918 sepulturam
1610 4863 1822 4917 meam,
1936 4847 2158 4916 missis,
2192 4845 2370 4903 minis
2407 4850 2464 4902 et
2505 4846 2777 4919 precibus
2813 4846 3137 4914 inclinavit,
3170 4846 3313 4903 adeo
3346 4851 3411 4903 ut
3437 4845 3588 4903 diru-

173 4944 352 5002 quam
380 4929 636 4987 instante
659 4934 785 5003 ,iam
846 4934 1225 4993 conversione
1281 4936 1579 5007 proposita
1608 4953 1823 5008 praeve-
1932 4936 2104 4993 cilius
2134 4936 2278 4992 mibi
2311 4935 2607 5007 obediant,
2641 4937 2740 4992 sed
2790 4935 2929 4992 elati
2984 4935 3043 4990 in
3095 4936 3429 5008 superbiam
3458 4938 3579 5006 jam

174 5018 420 5080 nissem.
455 5017 567 5075 nisi
592 5035 685 5075 me
710 5021 827 5077 baec
852 5031 908 5078 et
936 5023 1075 5093 alia,
1105 5040 1234 5097 quae
1267 5024 1426 5081 vobis
1455 5025 1819 5084 intimabun-
1932 5025 2244 5081 manifeste
2273 5024 2545 5081 videntur
2563 5025 2636 5082 de
2658 5025 2788 5081 novi
2815 5024 3072 5097 episcopi
3097 5024 3289 5097 gratia
3318 5024 3580 5096 gloriari.

172 5111 288 5177 tur,
320 5108 620 5167 obstacula
642 5112 1018 5182 reperissent.
1928 5114 2163 5172 Certum
2223 5113 2402 5187 igitur
2451 5120 2535 5169 est
2593 5129 2692 5169 eos
2749 5112 3039 5185 quosdam
3079 5111 3330 5168 invicem
3364 5113 3583 5170 toedere

945 5200 1057 5259 CX.
1927 5206 2293 5274 convenisse,
2325 5211 2390 5261 ut
2438 5203 2777 5261 willelmus
2825 5204 3091 5260 absentis
3126 5202 3366 5259 Walteri
3400 5219 3578 5276 nego·

453 5304 526 5345 an
574 5305 850 5347 neutrum
888 5306 1080 5346 aaran
1116 5308 1530 5351 ansxsunauss.
1925 5296 2076 5351 tium
2103 5294 2442 5367 procur-etin
2463 5293 2906 5361 Nortbmannia‚
2920 5297 2977 5347 et
2998 5292 3095 5349 ille
3120 5291 3418 5349 Willelmo
3443 5310 3576 5363 gra-

234 5377 465 5436 Grstias
493 5383 699 5438 vestrm
730 5380 912 5438 refero
949 5380 1267 5451 maiestati,
1300 5384 1440 5454 quia
1470 5385 1543 5442 ab
1592 5385 1818 5458 episcc-
1924 5383 2069 5440 tiam
2100 5383 2249 5455 regis
2282 5382 2342 5438 in
2370 5380 2582 5446 Anglia
2601 5396 2769 5437 versa
2787 5380 2913 5437 vice
2939 5383 3422 5449 conservet.Quia
3439 5396 3577 5439 vero

169 5464 289 5542 pali
329 5482 421 5526 me
474 5468 929 5529 misericorditer
970 5484 1147 5530 onere
1203 5472 1578 5548 sublevastis,
1608 5476 1718 5535 sub
1749 5491 1817 5536 aa
1926 5474 2223 5533 Walterus
2244 5489 2338 5533 me
2364 5488 2619 5546 pronum
2641 5472 2711 5529 sd
2741 5471 3069 5530 cedendum
3087 5474 3427 5547 episcopatu
3449 5489 3576 5531 sen·
