3784 6000
493 208 674 271 ffls'r.
720 206 979 271 RERUM
1017 205 1513 271 TRANSMARIN,
1550 240 1621 255 —
1658 205 1796 269 LIB.
1838 210 2008 270 xxn.
2050 206 2457 271 BALDUINUS
2495 213 2569 273 1v
2606 212 2777 275 REX.
3241 220 3350 279 866

138 343 176 406 t,
226 354 365 394 eum
417 337 626 411 procul
674 336 860 394 dubio
913 336 1274 410 oportuisset
1310 336 1371 393 in
1402 338 1579 411 AEgy·
1609 336 1658 393 A

137 428 319 483 redire
335 445 349 495 3
369 427 637 483 trahebat
654 426 812 481 enim
829 441 1038 482 secum
1055 425 1351 482 infinitam
1374 425 1583 482 imbel-

137 516 240 573 ›uli
271 515 733 580 multitudinem,
763 515 987 588 quibus
1005 521 1061 571 et
1091 531 1251 588 aqua
1266 518 1397 588 jam
1419 514 1581 571 det'e-

140 622 176 662 n
213 605 444 662 utribus
474 612 532 661 et
557 606 729 676 panis
759 606 818 660 in
849 605 1160 672 cistarciis,
1190 620 1345 678 quos
1369 620 1581 661 omnes

137 695 334 752 tudine
354 695 719 767 oportuisset
739 693 940 751 inedia
959 694 1257 767 deperire;
1283 709 1423 750 nam
1449 708 1583 765 pro·

150 799 271 840 non
291 786 544 856 poterat,
559 788 771 839 etcum
784 782 1007 840 nostris
1018 783 1576 856 eratpericulosum,

137 872 313 928 ittere.
345 872 663 927 audientes
710 887 871 944 ergo,
901 871 1067 944 quod
1099 870 1177 928 ad
1224 871 1581 944 praedictum

137 960 451 1017 irvenisset
476 960 702 1031 locum,
729 960 941 1017 iterum
971 959 1365 1017 decreverunt
1392 960 1580 1017 nostri

141 1064 210 1105 as
234 1049 401 1106 Rasel
420 1049 600 1113 Rasit,
629 1047 707 1104 illi
730 1064 1071 1117 occurrere;
1094 1049 1262 1121 quod
1279 1049 1327 1105 si
1355 1049 1580 1106 iactum

139 1179 156 1208 ,
178 1154 284 1211 per
306 1137 646 1195 ulteriorem
663 1137 1049 1195 solitudinem
1063 1138 1420 1212 oportuisset
1442 1154 1581 1194 eum

137 1234 330 1301 aptum
358 1241 555 1298 agere,
586 1227 754 1300 quod
775 1242 894 1283 non
928 1227 1041 1284 nisi
1070 1243 1205 1284 cum
1240 1227 1428 1284 multa
1458 1232 1580 1284 tam

147 1334 248 1373 um
280 1333 462 1390 quam
514 1317 923 1388 jumentorum
957 1317 1247 1390 potuisset
1293 1332 1581 1373 consum-

147 1406 404 1479 jactura.
436 1405 609 1472 Quod
643 1406 1016 1478 propositum
1046 1422 1182 1462 cum
1224 1422 1344 1463 non
1373 1406 1585 1462 fuisset

137 1497 162 1551 ,ἰ
194 1496 628 1568 mancipatum,
682 1495 932 1551 accessit
983 1497 1061 1551 ad
1092 1495 1407 1567 praedictas
1456 1496 1584 1552 sine

139 1585 279 1642 itate
310 1600 500 1658 aquas
526 1606 539 1650 ς
573 1588 630 1640 et
651 1583 790 1640 inde
817 1584 942 1640 sine
963 1583 1400 1641 contradictore
1430 1584 1584 1640 fines

137 1689 228 1729 am
254 1674 420 1729 omni
443 1672 849 1729 incolumitate
871 1672 1200 1743 ingressus,
1222 1676 1583 1730 Damascum
1616 1698 1661 1753 B

137 1762 216 1819 iit.
244 1762 414 1829 Quod
441 1763 625 1818 nostri
651 1768 1106 1832 cognoscentes,
1131 1761 1345 1818 iterum
1368 1762 1583 1819 eadem

139 1868 175 1908 a
207 1854 370 1925 prius
393 1853 770 1918 transierant,
795 1853 1011 1907 reversi
1041 1856 1182 1908 sunt
1203 1852 1281 1908 ad
1308 1853 1581 1925 propria;

137 1958 209 1997 :es
221 1957 381 2007 vero,
410 1957 481 1996 ne
501 1957 536 1997 a
569 1944 877 2006 Damasco,
895 1940 1155 2014 inquam
1176 1957 1239 1997 se
1257 1956 1396 1997 cum
1418 1941 1584 1998 omni

137 2031 357 2087 ›mitatu
394 2033 717 2101 receperat,
747 2044 931 2100 regno
959 2028 1186 2103 aliquid
1225 2030 1582 2086 insidiarum

137 2120 222 2177 ini
252 2119 575 2189 moliretur,
603 2124 1002 2190 congregatus
1029 2124 1119 2174 est
1152 2120 1465 2176 universus
1492 2136 1583 2176 re-

140 2209 318 2283 pulus
341 2209 417 2264 ad
440 2208 662 2264 fontem
685 2207 1167 2279 Sephoritanum,
1191 2209 1342 2264 inter
1361 2208 1585 2281 Sepho·

160 2298 445 2355 Nazareth
475 2316 488 2365 ;
519 2297 620 2353 ubi
664 2296 956 2353 babentes
1007 2312 1211 2353 secum
1268 2299 1586 2355 Dominicae

149 2387 398 2457 lignum,
433 2391 723 2459 praesente
749 2400 885 2455 rege
916 2390 973 2441 et
991 2386 1350 2457 patriarcha,
1375 2392 1434 2443 et
1453 2388 1583 2444 aliis

137 2475 502 2532 eclesiasticis
531 2491 719 2547 quam
750 2474 1141 2531 saecularibus
1176 2476 1341 2546 regni
1372 2476 1587 2549 princi·

168 2564 243 2621 de
285 2564 382 2621 die
422 2563 481 2620 in
512 2565 676 2620 diem
722 2564 985 2620 bostium
1031 2565 1461 2637 exspectabant
1495 2565 1588 2621 in-

137 2673 173 2709 3.

565 2744 789 2800 CAPUT
830 2744 960 2798 xvi.

137 2833 282 2902 fines
306 2837 533 2888 nostros
553 2830 840 2889 violenter
862 2832 1242 2902 inaredituv·;
1271 2832 1438 2903 apud
1462 2847 1586 2890 cas·

137 2904 385 2962 vor-belet
398 2918 605 2974 puqna
622 2903 930 2960 committit
938 2919 1031 2973 ur,
1046 2905 1300 2974 ancipiti
1311 2904 1583 2963 victoria.

137 3011 338 3069 thadin
348 3027 415 3066 us
436 3010 661 3068 interea
681 3015 1046 3083 congregata
1057 3026 1128 3068 ex
1149 3010 1438 3067 universis
1461 3013 1588 3070 fini·
1623 3033 1666 3091 C

137 3101 229 3167 iis,
262 3116 443 3173 super
471 3116 560 3172 ea,
593 3115 782 3173 quam
821 3115 893 3156 ex
922 3101 1174 3173 AEgypto
1200 3101 1588 3174 proficiscens

137 3213 144 3248 ι
173 3189 576 3255 transtulerat,
612 3189 844 3255 militia,
875 3191 1245 3262 propositum
1270 3191 1501 3248 habens
1528 3196 1592 3249 ut

137 3285 359 3337 iostros
385 3279 811 3350 ingrederetur,
840 3279 915 3335 ad
939 3295 1075 3335 eum
1099 3280 1298 3336 locum
1322 3281 1588 3350 accessit,

138 3370 290 3426 citur
320 3369 526 3439 lingua
555 3383 763 3424 eorum
789 3367 1085 3433 Raseline,
1116 3367 1281 3441 quod
1309 3368 1592 3442 interpre-

137 3465 300 3532 taput
322 3473 516 3530 aquas.
557 3461 607 3512 ls
638 3461 837 3513 autem
864 3456 1031 3512 locus
1061 3473 1098 3514 a
1123 3458 1339 3514 nostris
1368 3458 1593 3514 finibus

138 3548 282 3604 urbe
312 3546 731 3604 Tiberiadense
766 3547 1073 3603 modicum
1103 3546 1325 3603 distare
1352 3546 1588 3603 dicitur.

136 3652 216 3692 im
246 3651 351 3708 per
378 3635 505 3691 dies
554 3635 780 3708 aliquot
822 3650 1053 3691 moram
1087 3634 1343 3702 fecisset,
1395 3636 1594 3693 subito

137 3732 356 3782 iostros
390 3725 695 3794 ingressus
724 3729 828 3789 est,
860 3723 921 3779 iu
949 3722 1080 3780 loco
1109 3725 1211 3797 qui
1242 3724 1459 3781 dicitur
1485 3727 1597 3783 Ca-

136 3814 285 3871 inter
312 3814 433 3869 duo
453 3812 727 3878 flumina,
759 3813 863 3885 qui
885 3829 920 3868 a
950 3813 1256 3870 Tiberiade
1288 3814 1386 3870 vix
1418 3814 1597 3871 distat

138 3919 205 3960 or
238 3902 610 3968 milliaribus,
644 3905 840 3957 castra
864 3903 1138 3959 metatus.
1169 3902 1339 3969 Quod
1365 3903 1465 3959 ubi
1488 3918 1598 3960 no-

137 4008 212 4048 ›er
226 3992 632 4064 exploratores
657 3990 962 4062 cognitum
992 3996 1098 4057 est,
1117 3992 1194 4047 ad
1220 3992 1426 4048 urbem
1449 4008 1597 4066 prae-

137 4099 168 4137 u
195 4081 309 4138 sub
338 4081 505 4138 omni
538 4080 831 4137 celeritate
860 4080 1184 4136 exercitum
1216 4080 1497 4153 dirigunt,
1531 4086 1598 4138 ut

138 4186 231 4226 res
258 4171 483 4241 copiaS,
527 4186 660 4242 quae
706 4169 783 4226 ad
816 4170 946 4239 ejus
976 4168 1087 4224 loci
1116 4175 1174 4224 et
1202 4168 1593 4227 finitimorum

137 4258 412 4330 zipiorum
428 4257 995 4329 tuitionem,Saphet
1007 4256 1594 4325 videlicetetltelveir,

136 4352 244 4404 atae
269 4355 460 4410 erant,
489 4361 692 4402 secum
721 4352 1116 4412 assumerent,
1150 4345 1381 4402 hostem
1420 4346 1598 4419 proti·
1631 4385 1675 4441 D

137 4436 434 4493 isecuturi.
468 4436 643 4492 Porro
670 4451 871 4490 comes
900 4434 1313 4508 Tripolitanus,
1349 4437 1433 4491 vir
1459 4451 1601 4509 pru·

137 4531 184 4583 st
211 4525 271 4582 in
305 4525 486 4581 armis
530 4531 828 4590 strenuus,
862 4524 1004 4580 etin
1050 4540 1111 4580 re
1147 4524 1383 4581 militari
1418 4525 1599 4598 pluri-

143 4615 376 4672 habens
392 4613 838 4686 experientiam,
855 4612 1080 4684 duplici
1110 4614 1360 4670 tertiana
1374 4613 1597 4672 ibidem

138 4703 463 4761 ilosisslme
493 4703 805 4760 laborabat
841 4718 854 4768 ;
890 4702 1049 4758 unde
1082 4704 1320 4770 nostris,
1369 4704 1475 4774 qui
1525 4704 1601 4760 de

137 4794 370 4851 ionsilio
402 4798 459 4848 et
501 4792 875 4863 providentia
918 4791 1244 4863 plurimum
1271 4806 1601 4864 praasume·

146 4882 334 4940 multa
358 4881 616 4939 accrevit
646 4881 944 4947 maestitia,
969 4896 1040 4935 eo
1072 4881 1239 4953 quod
1272 4882 1414 4937 tanti
1445 4881 1603 4955 prin·

139 4972 373 5038 solatio,
402 4974 461 5028 in
490 4976 655 5027 tanto
678 4970 1048 5027 necessitatis
1070 4971 1339 5036 articulo,
1364 4970 1604 5028 frauda·

137 5079 178 5119 r.
201 5061 552 5119 Convocatis
579 5065 780 5115 tamen
803 5076 875 5114 ex
907 5058 1049 5115 locis
1068 5058 1336 5115 finitimis
1357 5059 1604 5116 auxilia·

144 5151 355 5224 copiis,
392 5150 599 5205 erectis
630 5148 859 5204 vexillis
901 5148 1133 5204 hostem
1161 5146 1415 5205 insecuti
1443 5154 1602 5206 sunt.

137 5241 357 5298 adiuus
397 5255 536 5295 vero
577 5244 922 5294 nostrorum
965 5237 1216 5293 audieus
1253 5237 1603 5306 adventum,

143 5328 496 5394 tolordane,
518 5344 654 5384 cum
680 5326 806 5381 suis
826 5326 1302 5400 expeditionibus
1327 5327 1384 5382 in
1406 5331 1607 5398 partes

140 5418 437 5492 politanas
476 5432 540 5472 se
579 5416 845 5474 contulit.
894 5416 988 5471 Est
1026 5422 1227 5472 autem
1274 5415 1608 5489 scytopolis

137 5539 141 5557 ι
180 5506 486 5567 Palestinae
536 5505 905 5578 metropolis,
945 5504 1099 5562 inter
1129 5509 1361 5564 montes
1391 5503 1610 5564 Gelboe

1690 340 1748 392 et
1771 336 2116 406 Jordanem‚
2150 338 2210 395 in
2232 339 2670 411 campestribus
2706 346 2763 398 et
2788 357 2936 413 agro
2965 344 3078 400 sita
3100 343 3346 418 irriguo,

1689 440 1827 498 quas
1851 424 1970 483 alio
2000 426 2244 483 nomine
2273 426 2434 484 dicta
2463 434 2552 486 cst
2570 429 2808 498 Bersan,
2833 431 3008 503 cujus
3040 448 3347 506 praeroga-

1691 514 1809 571 tiva
1835 518 2136 571 Nazarena
2154 516 2352 583 hodie,
2376 532 2508 589 quae
2529 517 2588 573 in
2611 518 2821 575 eadem
2841 520 3088 579 dioecesi
3105 524 3346 591 sitaest,

1690 604 1917 676 gaudet
1950 605 2204 663 ecclesia
2233 622 2247 674 ;
2283 622 2425 663 nam
2447 607 2589 663 urbs
2620 616 2970 681 praescripta
2997 627 3135 669 raro
3166 613 3348 673 hodie

1691 693 1966 750 incolitur
1995 694 2350 760 habitatore,
2391 695 2469 753 ad
2500 697 2688 753 instar
2721 700 2941 755 modici
2971 701 3210 759 redacta
3242 718 3350 777 op-

1690 781 1834 855 pidi.
1866 782 1953 838 Ad
1980 799 2162 856 quem
2193 784 2392 841 locum
2423 787 2835 858 pervenientes
2860 789 3125 847 hostium
3147 793 3352 867 cunei,

1692 871 2044 945 praesidium
2076 873 2381 930 modicum
2413 875 2579 949 quod
2611 877 2689 932 ibi
2719 877 2888 933 estin
2924 879 3243 950 paludibus
3269 882 3347 939 si-

1692 967 1842 1029 tum,
1864 968 2173 1033 coeperunt
2202 962 2421 1020 fortiter
2452 964 2809 1037 impugnare
2837 984 2856 1038 3
2891 967 3001 1023 sed
3025 968 3350 1028 resistenti-

1691 1049 1804 1107 bus
1833 1049 2078 1108 viriliter
2095 1051 2439 1124 oppidanis,
2471 1052 2735 1109 videntes
2761 1054 2927 1127 quod
2951 1071 3071 1113 non
3101 1057 3349 1130 profice-

1691 1144 1841 1205 rent,
1868 1154 2081 1196 versus
2110 1145 2374 1196 castrum
2401 1156 2651 1207 novum,
2677 1142 2773 1199 cui
2798 1158 3020 1201 nomen
3044 1151 3132 1203 est
3166 1147 3348 1207 hodie

1694 1228 1928 1296 Belveir,
1971 1228 2121 1285 inter
2158 1230 2504 1301 proedictam
2545 1231 2752 1287 urbem
2786 1239 2843 1288 et
2882 1235 3257 1293 Tiberiadem
3286 1237 3347 1294 in

1695 1316 2000 1374 montibus
2029 1318 2233 1379 situm,
2268 1324 2330 1374 ut
2369 1319 2591 1375 nostris
2620 1328 3017 1389 occurrerent,
3056 1324 3215 1380 acies
3263 1325 3351 1381 di-

1693 1412 1991 1464 rexerunt.
2008 1408 2196 1463 Nostri
2212 1423 2350 1463 vero
2369 1409 2644 1464 ¹iordanis
2667 1408 2895 1468 fluenta
2914 1413 3120 1479 secuti,
3143 1413 3246 1470 ubi
3265 1413 3347 1472 ad

1692 1496 2037 1569 praedictum
2067 1502 2466 1570 pervenerunt
2486 1497 2709 1562 locum,
2742 1499 3085 1559 deserentes
3104 1503 3344 1571 vallem,

1695 1587 2095 1643 ascenderunt
2121 1586 2181 1643 in
2207 1593 2439 1644 montes
2470 1604 2484 1655 ;
2520 1588 2708 1646 multa
2731 1592 3230 1650 tamenimmensi
3251 1608 3350 1652 ca-

1695 1675 1855 1741 loris,
1882 1676 1988 1749 qui
2019 1691 2206 1748 supra
2238 1676 2484 1733 modum
2512 1678 3028 1750 proficiscentibus
3062 1680 3355 1741 incubue-

1695 1770 1805 1830 rat,
1829 1765 2317 1822 incommoditate
2344 1765 2572 1836 tatigati
2597 1785 2612 1833 ς
2633 1766 2733 1824 ubi
2754 1773 2994 1827 noctem
3014 1769 3200 1841 illam,
3214 1773 3352 1831 vici-

1696 1854 1787 1910 nis
1799 1853 2070 1911 hostibus
2095 1859 2464 1926 suspectam,
2485 1855 2847 1914 continuatis
2871 1859 3138 1916 excubiis
3160 1865 3350 1918 trans-

1695 1947 1947 2013 egerunt
1986 1958 1999 1997 :
2036 1958 2211 1999 mane
2249 1942 2422 2010 facto,
2453 1944 2884 2001 descendentes
2922 1947 2982 2003 in
3011 1947 3347 2022 planitiem,

1695 2049 1827 2104 quae
1856 2036 2008 2089 inter
2044 2032 2395 2105 praedictum
2435 2033 2734 2106 oppidum
2763 2042 2820 2092 et
2848 2035 3069 2103 vicum,
3101 2039 3194 2094 cui
3244 2054 3349 2097 no-

1698 2137 1833 2177 men
1888 2121 2170 2187 Forbelet,
2216 2121 2421 2178 hostes
2441 2123 2732 2187 ,viderunt
2774 2123 3255 2198 circumpositos,
3287 2127 3349 2185 in

1698 2214 1863 2266 tauta
1890 2210 2292 2277 multitudine,
2322 2215 2612 2283 quantam
2640 2211 2841 2269 videre
2869 2229 2991 2270 non
3021 2229 3351 2275 consueve-

1697 2303 1851 2355 rant.
1878 2298 2197 2355 Dicebatur
2233 2299 2392 2355 enim
2425 2315 2462 2355 a
2483 2300 2816 2356 senioribus
2859 2305 3022 2372 regni
3063 2303 3347 2377 principi-

1697 2386 1833 2455 bus,
1862 2387 2031 2460 quod
2056 2403 2093 2443 a
2119 2386 2318 2460 primo
2351 2387 2691 2445 Latinorum
2722 2389 2783 2444 in
2819 2390 3050 2462 Syriam
3080 2393 3348 2463 introitu,

1701 2491 2012 2550 nunquam
2041 2481 2235 2532 tantas
2249 2477 2810 2535 vidisseuthostium
2838 2480 3067 2554 copias.
3094 2484 3349 2559 Eratque

1700 2563 2415 2636 numerusexpeditorum
2440 2564 2516 2621 ad
2532 2580 2821 2637 pugnam,
2844 2570 3021 2640 quasi
3042 2570 3120 2627 ad
3143 2572 3354 2645 viginti

1702 2653 1886 2711 millia
1915 2672 1933 2725 ;
1959 2654 2140 2711 nostri
2173 2660 2375 2709 autem
2407 2655 2637 2729 equites
2670 2656 2766 2712 vix
2792 2658 3230 2730 reputabantur
3256 2677 3354 2719 se-

1701 2742 2011 2817 ptingenti.
2065 2744 2202 2798 Erat
2228 2748 2428 2799 autem
2470 2743 2836 2802 salahadino
2865 2751 2922 2803 et
2971 2747 3352 2822 principibus

1701 2833 1849 2904 ejus,
1886 2846 2009 2887 una
2043 2836 2101 2887 et
2127 2832 2466 2887 communis
2496 2831 2764 2899 intentio,
2796 2841 3034 2893 nostros
3082 2852 3156 2894 ex
3183 2840 3355 2897 omni

1702 2927 1867 2995 parte
1899 2920 2138 2986 vallare,
2156 2925 2216 2976 ut
2236 2936 2347 2976 nec
2370 2934 2526 2977 unus
2553 2922 2806 2979 evadere
2827 2928 3067 2995 posset;
3099 2942 3242 2984 nam
3276 2928 3354 2987 de

1695 3012 1817 3084 jam
1836 3011 1996 3068 dicta
2015 3010 2392 3067 multitudine
2406 3018 2838 3083 praesumentes
2857 3019 2913 3070 et
2927 3019 3198 3073 nostram
3220 3032 3354 3076 con-

1700 3105 2032 3159 temnentes
2056 3099 2440 3172 paucitatem,
2475 3100 2641 3172 quod
2672 3102 2755 3157 eis
2784 3103 2964 3160 nostri
2991 3110 3239 3177 possent
3266 3123 3354 3165 re-

1699 3191 1906 3247 sistere
1958 3189 2302 3246 nullatcnus
2348 3190 2810 3247 arbitrabantur.
2867 3193 3085 3251 Verum
3127 3194 3203 3264 ei,
3257 3196 3356 3254 cui

1698 3296 1819 3337 non
1838 3283 1929 3336 est
1945 3278 2188 3336 difficile
2203 3279 2262 3335 in
2295 3280 2504 3351 paucis
2532 3281 2826 3353 majorem
2848 3298 3132 3355 superare
3159 3286 3358 3344 multi-

1701 3368 1992 3436 tudinem,
2012 3368 2180 3425 aliter
2197 3368 2392 3425 visum
2409 3375 2516 3425 est.
2534 3372 2680 3427 Nam
2704 3372 2924 3443 praevia
2950 3373 3359 3433 misericordis

1702 3458 1797 3515 Dei
1830 3457 2166 3523 clementia,
2215 3457 2350 3514 licet
2389 3474 2599 3515 eorum
2647 3465 2942 3532 respectu,
2988 3463 3170 3519 nostri
3210 3465 3358 3522 nulli

1702 3548 2066 3614 viderentur,
2091 3551 2291 3603 tamen
2322 3548 2612 3604 ordinatis
2638 3549 2810 3619 juxta
2837 3550 3156 3609 militarem
3176 3554 3363 3611 disci-

1702 3637 1934 3708 plinam
1963 3634 2310 3707 agminibus
2335 3640 2393 3692 et
2420 3637 2480 3693 in
2508 3636 2769 3693 hostium
2801 3653 3047 3707 cuneos,
3083 3641 3256 3699 solita
3281 3642 3358 3699 ir·

1702 3730 1941 3782 ruentes
1957 3724 2336 3781 animositate
2353 3724 2684 3782 ethostium
2703 3725 2964 3800 impetus
2980 3728 3171 3785 multa
3187 3729 3362 3788 susti-

1705 3820 1915 3872 nentes
1962 3813 2325 3880 constantia,
2364 3813 2426 3870 in
2472 3828 2544 3871 eo
2576 3814 2859 3872 conflictu
2891 3818 3230 3889 superiores
3268 3820 3356 3877 in-

1707 3903 1867 3960 venti
1892 3908 2068 3972 sunt;
2099 3902 2233 3960 licet
2254 3902 2513 3960 multide
2541 3904 2780 3971 nostris,
2812 3920 2969 3977 quos
3001 3907 3360 3967 nominatim

1706 3998 1952 4062 tangere
1981 3991 2469 4064 supersedemus,
2503 3992 3101 4062 ignominiosissime,
3138 4003 3360 4054 etcum

1706 4086 1994 4155 perpetuo
2035 4080 2281 4153 probro,
2311 4078 2538 4137 bellicis
2579 4081 2904 4138 sudoribus
2948 4097 3015 4141 se
3043 4083 3363 4144 subtraxe-

1706 4176 1863 4226 runt.
1895 4169 2127 4240 Optime
2151 4185 2216 4225 se
2241 4169 2584 4227 babuerunt
2605 4169 2707 4228 illa
2733 4171 2851 4238 die,
2884 4177 3123 4230 strenue
3151 4181 3207 4230 et
3227 4175 3363 4233 viri·

1704 4260 1836 4316 liter
1855 4259 2243 4326 decertantes,
2268 4259 2406 4316 Bald
2416 4260 2589 4316 uinus
2607 4262 2984 4319 Ramatensis
3005 4268 3062 4320 et
3079 4263 3366 4322 Balianus

1709 4348 1889 4405 trater
1934 4348 2080 4420 ejus.
2129 4346 2247 4404 Sed
2295 4354 2353 4406 et
2391 4349 2561 4419 Hugo
2596 4349 2818 4422 junior,
2867 4351 3099 4409 domini
3130 4353 3367 4412 comitis

1707 4436 2051 4509 Tripolitani
2104 4438 2434 4509 privignus,
2477 4454 2615 4494 cum
2657 4440 2781 4497 acie
2825 4440 3363 4511 Tiberiadensium,

1711 4525 2067 4582 memoriam
2082 4542 2154 4582 ea
2177 4527 2272 4584 die
2296 4529 2511 4585 meruit
2533 4529 2591 4584 in
2615 4529 3033 4587 benedictione
3057 4531 3368 4589 celebran-

1708 4615 1853 4671 dam
1887 4631 1902 4682 ;
1934 4615 2058 4688 qui,
2091 4615 2227 4673 licet
2263 4622 2422 4673 esset
2460 4617 2914 4685 adolescentior,
2943 4623 3142 4675 tamen
3176 4634 3365 4692 supra

1710 4704 1871 4760 illius
1886 4705 2077 4761 aetatis
2097 4706 2271 4772 vires,
2295 4722 2434 4762 cum
2452 4707 2578 4762 acie
2591 4707 3068 4778 supradicta,cui
3091 4712 3361 4780 praeerat,

1712 4799 1829 4851 tres
1856 4793 2124 4850 hostium
2156 4809 2377 4852 cuneos
2407 4794 2694 4851 violenter
2722 4795 2951 4866 effregit
2989 4800 3048 4853 et
3076 4796 3368 4855 convertit

1710 4883 1769 4939 in
1792 4882 2020 4953 fugam.
2062 4882 2141 4939 ad
2184 4899 2344 4949 suos,
2374 4898 2480 4956 per
2513 4885 2613 4940 Dei
2640 4883 2917 4957 gratiam,
2948 4884 3184 4941 rediens
3226 4884 3368 4941 illoe-

1711 4988 1835 5029 sus.
1859 4970 2207 5028 Ceciderunt
2227 4972 2288 5029 in
2314 4988 2386 5029 eo
2412 4972 2692 5029 conflictu
2723 4975 2798 5030 de
2825 4974 3064 5043 nostris,
3095 4989 3170 5030 ex
3190 4988 3370 5047 eque·

1713 5060 1813 5116 stri
1831 5059 2038 5116 ordine
2053 5061 2249 5132 pauci,
2268 5060 2372 5117 sed
2393 5067 2735 5118 sanctorum
2751 5062 2952 5135 adepti
2967 5062 3335 5120 consortium
3350 5078 3368 5130 ;

1712 5149 1789 5207 de
1815 5148 2209 5222 popularibus
2227 5164 2389 5218 vero,
2414 5154 2613 5222 plures
2629 5167 2646 5218 ;
2663 5150 2929 5208 bostium
2950 5155 3151 5208 autem
3173 5152 3370 5223 maJ‘or

1714 5238 1873 5295 facta
1892 5242 1981 5294 est
2009 5243 2245 5309 strages
2278 5255 2292 5307 ;
2325 5239 2431 5295 sed
2459 5240 2610 5296 etde
2640 5239 3013 5312 principibus
3038 5255 3250 5296 eorum
3275 5253 3372 5296 ce-

1716 5327 1988 5384 ciderunt
2023 5326 2270 5399 aliquot,
2311 5344 2566 5399 quorum
2608 5329 2773 5385 caede
2802 5333 3187 5386 consternata
3225 5342 3368 5400 pars

1716 5417 1995 5484 adversa,
2039 5431 2327 5489 campum
2353 5417 2667 5474 deseruere
2696 5417 3059 5475 certaminis.
3093 5417 3212 5474 Sed
3257 5431 3370 5475 nec

1716 5504 1862 5564 illud
1902 5506 2382 5580 praetereundum
2412 5512 2499 5566 est
2535 5522 2676 5566 cum
2705 5506 2960 5577 silentio,
2994 5506 3161 5582 quod
3199 5508 3373 5572 tanta
