3784 6000
108 234 227 325 wi

712 363 945 424 CAPUT
984 363 1156 421 XXH.

110 479 193 539 Ad
244 476 712 545 comprimendam
764 473 1199 530 Ascalonicarum
1255 470 1609 528 insolentiam
1664 484 1767 526 rex

182 555 431 609 castrum
460 550 734 621 aedificat,
764 547 857 602 cui
882 560 1078 601 nomen
1092 541 1345 615 Gybelin,
1376 541 1648 615 quadratio
1671 556 1762 598 no·

184 625 320 681 nine
349 622 617 679 Bersabee
644 616 875 676 dicitur.

194 731 376 787 Porro
406 727 754 787 Ascalonitis
774 725 892 782 illis
910 723 1116 781 diebus
1138 721 1544 779 insolentiores
1569 720 1763 791 solito,

112 824 169 878 et
192 818 573 878 successibus
606 817 744 874 facti
770 814 1176 875 animosiores,
1220 811 1550 869 universam
1584 810 1767 883 regio-

113 926 249 968 nem
283 907 487 966 liberis
509 905 763 965 nimium
785 903 1153 962 discursibus
1171 900 1610 975 percurrebant.
1630 899 1767 957 Erat

114 1003 315 1057 autem
347 997 551 1055 eadem
574 995 781 1055 civitas
804 991 1054 1066 principi
1074 990 1475 1066 AEgyptiorum
1498 989 1767 1060 subjecta

114 1086 548 1163 potentissimo,
581 1085 682 1159 qui
712 1084 927 1142 timens
959 1099 1054 1156 ne,
1084 1097 1152 1139 ea
1182 1081 1448 1147 subacta,
1472 1078 1761 1136 Christia-

116 1190 328 1251 norum
359 1173 647 1232 exercitus
677 1173 740 1229 in
768 1175 1079 1245 AEgyptum
1109 1171 1528 1245 irrumperent,
1560 1180 1613 1231 et
1635 1170 1765 1242 ejus

112 1264 424 1322 turbarent
443 1263 722 1336 quietem,
745 1261 904 1319 omni
937 1259 1330 1319 sollicitudine
1350 1270 1403 1320 et
1426 1262 1764 1336 sumptibus

114 1350 367 1412 infinitis
387 1352 566 1411 dabat
589 1368 844 1425 operam,
876 1354 938 1408 ut
966 1366 1092 1408 eam
1120 1352 1289 1424 quasi
1322 1368 1423 1424 pro
1473 1368 1636 1410 muro
1664 1351 1765 1408 in-

114 1447 205 1501 ter
232 1458 299 1500 se
318 1446 381 1500 et
408 1448 668 1500 nostram
691 1440 933 1515 haberet
958 1438 1290 1512 regionem3
1321 1440 1764 1513 formidansque

114 1547 189 1591 ue
208 1530 507 1591 continuis
536 1529 831 1588 laboribus
870 1534 928 1587 et
965 1527 1251 1586 bellorum
1293 1529 1765 1588 indeficientibus

116 1620 424 1695 periculis,
482 1635 725 1678 suorum
782 1619 966 1676 virtus
1021 1620 1452 1690 succumberet,
1512 1618 1763 1693 singulis

112 1710 298 1769 trium
325 1710 620 1769 mensium
650 1709 878 1782 spatiis,
911 1723 1089 1765 novos
1113 1708 1358 1781 populos
1384 1713 1765 1783 recentesque

114 1799 382 1873 legiones
401 1798 464 1857 in
478 1797 810 1857 subsidium
841 1796 948 1853 civi
958 1814 1080 1866 um,
1098 1812 1233 1855 cum
1247 1798 1396 1854 victu
1417 1797 1762 1867 necessarie,

112 1892 176 1947 et
201 1878 502 1963 armorum
518 1887 687 1958 copia
712 1886 1001 1945 sollicitus
1022 1885 1327 1959 dirigebat.
1359 1886 1427 1943 Hi
1454 1891 1650 1944 autem
1666 1886 1767 1961 qui

110 1976 190 2037 de
210 1993 365 2039 novo
428 1978 804 2046 accedebant,
865 1976 1123 2033 volentes
1169 1973 1423 2032 tirocinii
1481 1977 1574 2033 sui
1616 1976 1769 2032 vires

114 2070 394 2147 experiri,
422 2056 481 2128 et
526 2067 914 2127 animositatis
947 2071 1102 2124 certa
1155 2069 1294 2126 dare
1344 2068 1623 2143 insignia,
1648 2073 1768 2145 ple-

110 2148 370 2237 rumque
402 2159 602 2217 invitis
632 2158 946 2223 veteranis,
978 2157 1277 2216 discursus
1334 2163 1392 2217 et
1449 2163 1770 2235 expeditio-

116 2240 252 2321 nes,
301 2248 688 2323 experimenti
736 2247 1072 2321 frequenter
1128 2247 1524 2307 moliebantur
1562 2254 1770 2325 gratia.

116 2338 322 2401 Nostri
349 2354 484 2397 vero
510 2336 777 2395 videntes
830 2338 1344 2410 presumptionem
1402 2355 1602 2397 eornm
1654 2360 1770 2400 non

120 2441 381 2498 cessare,
410 2430 470 2484 et
495 2425 656 2482 vires
695 2423 1095 2501 indeficienter
1144 2427 1420 2498 reparari,
1479 2433 1534 2485 et
1584 2436 1771 2488 morte

120 2516 364 2588 civium,
392 2514 589 2591 hydro
620 2531 802 2586 more,
833 2514 984 2572 cives
1005 2515 1258 2588 amplius
1287 2520 1344 2574 et
1373 2512 1772 2578 indesinenter

124 2605 429 2678 suscipere
447 2604 917 2674 incrementum3
949 2609 1082 2677 post
1114 2605 1299 2663 multa
1325 2607 1595 2678 consilia,
1627 2610 1772 2682 opti-

118 2690 810 2767 mumjudicantgcontra
834 2690 1766 2770 hanchydramimmshissimam,

120 2782 344 2842 damno
373 2783 627 2856 capitum
650 2781 860 2839 iactam
900 2780 1359 2856 locupletiorem,
1387 2789 1444 2842 et
1483 2788 1651 2855 toties
1681 2792 1768 2845 at-

122 2870 348 2941 tritam,
376 2871 647 2947 graviter,
680 2870 740 2929 in
791 2879 990 2929 nostra
1028 2872 1284 2945 pericula
1341 2882 1765 2947 renascentem,

121 2958 450 3034 municipia
478 2959 538 3018 in
570 2959 821 3018 circuitu
864 2976 967 3034 per
994 2977 1202 3034 gyrum
1250 2962 1550 3035 edificari,
1611 2968 1766 3025 unde

123 3049 376 3110 collecta
402 3047 635 3108 facilins
676 3048 908 3117 militia,
966 3053 1022 3108 et
1071 3051 1144 3107 de
1182 3051 1368 3110 vicino
1399 3057 1767 3115 commodius

126 3137 390 3198 bostium
415 3137 870 3197 discurrentium
894 3139 1170 3197 refrenari
1199 3147 1397 3213 posset
1421 3142 1699 3218 impetus,
1714 3150 1772 3203 et

129 3227 341 3287 civitas
369 3227 724 3300 frequentius
752 3227 1097 3303 impugnari.
1136 3233 1370 3289 Proviso
1419 3232 1603 3306 igitur
1646 3235 1772 3293 loco

123 3319 333 3398 adhoc
361 3319 590 3388 idoneo,
617 3319 772 3375 circa
812 3318 1037 3375 radices
1083 3320 1370 3379 montium
1421 3323 1481 3381 in
1539 3342 1772 3398 campe-

125 3409 342 3468 strium
372 3407 559 3476 initio,
593 3424 723 3482 quo
752 3407 902 3466 iuter
931 3412 1163 3467 montes
1202 3418 1257 3467 et
1305 3413 1511 3471 urbem
1559 3416 1773 3487 preadi-

125 3505 283 3556 ctam
305 3497 582 3556 continno
609 3496 920 3571 interjecta
948 3501 1087 3554 sunt
1126 3503 1336 3569 tractu,
1396 3501 1454 3557 in
1488 3518 1557 3560 aa
1612 3507 1774 3576 parte

116 3587 317 3647 sudeus
345 3603 475 3662 quae·
502 3585 682 3644 tribui
731 3585 968 3644 Simeon
999 3591 1154 3644 sorte
1208 3587 1347 3646 exiit
1402 3590 1461 3648 in
1509 3592 1772 3651 iuniculo

120 3675 578 3739 distributionis.
601 3675 803 3734 urbem
823 3681 1076 3734 veterem
1097 3681 1156 3735 et
1184 3678 1465 3752 dirutam,
1488 3684 1772 3743 Bersabee

117 3765 361 3825 nomine
379 3765 727 3823 reoditicare
757 3770 982 3838 parant.
1020 3769 1344 3825 convocato
1391 3770 1586 3845 itaque
1636 3775 1773 3832 uni-

115 3854 266 3914 versi
298 3854 460 3927 regni
488 3852 722 3927 populo,
753 3853 989 3912 domino
1002 3872 1234 3929 quoque
1248 3859 1578 3931 patriarcha
1608 3862 1769 3921 Guil-

118 3941 300 4002 lelmo
327 3947 389 4000 et
408 3940 808 4017 magnatibus,
835 3959 983 4016 opus
1013 3950 1359 4019 conceptum
1417 3949 1773 4021 aggrediun-

114 4037 239 4106 tur,
269 4037 329 4089 et
350 4029 669 4104 incoeptum
695 4031 866 4090 bonis
895 4033 1123 4103 avibus,
1148 4044 1650 4110 consummatum,
1672 4056 1773 4096 au-

116 4125 279 4180 ctore
300 4120 538 4180 domino
569 4120 795 4179 felicius
825 4122 1158 4197 praesidium
1210 4124 1565 4186 *edificantes
1607 4144 1771 4188 muro

118 4208 532 4284 insuperabili.
562 4210 1032 4269 antemuralibus
1061 4219 1116 4268 et
1146 4213 1321 4286 vallo,
1351 4214 1613 4275 turribus
1633 4235 1773 4291 quo-

114 4314 237 4376 que
270 4298 773 4368 munitissimum,¹
789 4298 1139 4359 milliaribus
1161 4302 1471 4362 duodecim
1500 4323 1535 4364 a
1563 4307 1772 4380 prandi-

728 226 929 289 HIST.
976 224 1249 293 RERUM
1290 221 1844 289 TRANSMARIN.
1887 252 1970 268 —
2011 223 2162 307 Lm.
2209 225 2366 290 xlv.
2415 224 2671 290 FULCO
2717 227 2898 290 Rex.

3393 237 3514 299 602

1791 358 1836 426 Α
1871 366 2062 415 natur.
2095 361 2317 419 Dicitur
2347 366 2543 419 autem
2573 366 2632 419 et
2660 361 2878 420 Puteus
2907 363 3219 438 septimus,
3278 366 3522 426 Arabica

1873 452 2070 505 autem
2101 451 2463 523 Bethqebrim,
2497 452 2651 524 quod
2690 451 3106 525 interpretatur
3159 457 3356 516 domm
3413 459 3522 516 Ga·

1873 535 2077 595 brielis.
2111 539 2525 598 consummato
2570 541 2754 615 igitur
2812 543 3103 615 praesidi0,
3160 551 3217 603 et
3261 548 3529 620 partibus

1872 628 2148 684 omnibus
2178 629 2465 697 absoluto,
2496 631 2566 688 de
2623 631 2920 688 communi
2980 633 3226 692 consilio
3267 636 3524 693 traditur

1873 712 2150 773 fratribus
2181 719 2389 776 domus
2421 719 2733 793 Hospitalis
2763 737 2888 793 quae
2938 725 3027 778 est
3071 722 3514 799 Hierosolymis,

1872 804 1974 877 qui
2006 823 2192 879 usque
2221 808 2279 865 in
2313 826 2568 881 praesens
2599 810 2926 881 depositum
2983 811 3176 869 debita
3223 814 3523 872 custodie-

1872 899 2014 952 runt
2041 897 2362 969 diligentia,
2398 899 2647 973 factique
2662 908 2800 957 sunt
2818 900 3074 974 impetus
3098 903 3358 963 hostium
3377 906 3436 963 in
3453 921 3523 963 ea

1873 990 2035 1057 parte
2089 987 2422 1046 debiliores.

2457 1099 2688 1157 CAPUT
2736 1100 2931 1158 xxiii.

1869 1186 2058 1269 Comes
2089 1188 2470 1259 Tripolitanus
2498 1189 2807 1259 proditione
2854 1192 3221 1263 quorumdam
3275 1208 3347 1250 ex
3399 1195 3518 1255 suis

1930 1264 2103 1328 Juxta
2136 1262 2370 1314 montem
2413 1261 2765 1332 nerem-inum
2819 1262 3088 1319 occiditur
3118 1285 3136 1325 ,·
3177 1266 3437 1323 suecessit
3466 1270 3520 1322 ei

1940 1329 2089 1387 iilius
2121 1330 2468 1387 Raimundm
2487 1349 2509 1395 ,·
2551 1349 2737 1389 necem
2766 1338 3053 1405 paternam
3098 1336 3410 1392 ulciscitur.

1945 1438 2081 1494 Post
2111 1438 2229 1495 haec
2259 1456 2377 1497 non
2409 1441 2591 1498 multo
2631 1442 2909 1514 temporis
2941 1442 3263 1514 intervallo,
3321 1444 3516 1501 domi-

1873 1543 1983 1584 nus
2012 1526 2255 1587 Pontius
2275 1544 2473 1588 comes
2492 1530 3180 1607 Tripolitanus,Bezeuge
3201 1533 3516 1590 Damasce-

1873 1632 2079 1673 norum
2111 1615 2372 1691 principe
2392 1619 2622 1676 militiae
2672 1620 2732 1677 in
2789 1620 2934 1677 fines
2991 1621 3383 1695 Tripolitanos
3416 1621 3514 1677 in-

1797 1742 1845 1809 B
1874 1721 2098 1778 gresso,
2131 1706 2241 1763 sub
2271 1712 2459 1765 castro
2491 1709 2646 1781 quod
2679 1710 2848 1767 Mons
2880 1712 3221 1785 peregrinus
3277 1710 3515 1778 dicitur,

1877 1794 2147 1854 hostibus
2177 1814 2312 1854 cum
2344 1799 2503 1855 omni
2533 1815 2770 1859 suorum
2795 1817 2971 1858 manu
3016 1801 3253 1858 viriliter
3310 1817 3520 1859 occur-

1878 1902 2037 1959 rens,
2069 1886 2373 1944 dissolutis
2401 1887 2892 1960 agminibussuis,
2915 1899 2971 1946 et
3000 1890 3059 1946 in
3093 1890 3292 1962 fugam
3310 1890 3519 1956 versis,

1877 1983 2084 2048 captus
2114 1984 2201 2033 est
2224 1994 2239 2046 ;
2262 1981 2319 2033 et
2349 1978 2729 2047 prodentibus
2766 1995 2895 2035 eum
2929 1979 3215 2048 Surianis,
3240 1980 3420 2051 quiin
3442 1978 3526 2035 Li·

1882 2064 2105 2123 banicis
2134 2082 2308 2139 super
2338 2069 2600 2125 eamdem
2618 2068 2908 2125 civitatem
2946 2068 3205 2127 habitant
3228 2068 3403 2142 jugis,
3423 2085 3522 2127 oc-

1880 2154 2039 2211 cisus
2070 2159 2178 2223 est,
2212 2157 2539 2214 Raimundo
2572 2156 2689 2213 lilio
2731 2159 2951 2215 haerede
3000 2158 3196 2216 relicto
3226 2161 3283 2215 et
3320 2157 3378 2215 in
3423 2174 3521 2215 co-

1883 2244 2014 2301 dem
2046 2244 2325 2302 comitatu
2357 2246 2941 2321 successore.Captus
2961 2255 3046 2305 est
3067 2247 3284 2304 ibidem
3307 2245 3520 2305 nihilo·

1884 2333 2081 2391 minus
2109 2334 2383 2393 dominus
2411 2335 2709 2407 Giraldus‚
2740 2337 3005 2408 ejusdem
3030 2335 3277 2394 civitatis
3300 2337 3528 2409 episco-

1882 2440 1990 2497 pus
2014 2444 2029 2494 ;
2056 2425 2156 2481 sed
2188 2429 2493 2497 postquam
2525 2427 2674 2499 apud
2698 2425 2896 2483 hostes
2918 2426 3255 2500 aliquandiu
3284 2425 3520 2498 ignotus

1876 2514 2144 2572 detentus
2173 2519 2278 2583 est,
2313 2516 2449 2570 dato
2480 2532 2579 2584 pro
2646 2531 2705 2572 se
2744 2514 2969 2588 captivo
3023 2531 3165 2583 uno,
3223 2515 3322 2587 qui
3365 2515 3518 2587 apud

1878 2607 2112 2660 nostros
2143 2603 2518 2660 detinebatur
2547 2604 2607 2660 in
2638 2603 2906 2672 vinculis,
2963 2602 3221 2661 libertati
3266 2603 3521 2677 pristinas

1878 2694 2183 2751 restitutus
2214 2699 2323 2751 est.
2365 2693 2584 2751 Cecidit
2630 2693 2691 2751 in
2739 2695 2942 2751 eodem
2994 2694 3189 2766 praelio
3237 2693 3521 2763 nobilium

1878 2783 2168 2857 praedictas
2198 2783 2379 2852 urbis,
2426 2785 2523 2840 sed
2582 2787 2639 2840 et
2688 2784 2889 2841 mediae
2952 2800 3163 2841 manus
3213 2783 3522 2841 hominum

1878 2874 2133 2932 maxima
2163 2873 2505 2933 multitudo.
2530 2873 2890 2930 Raimundus
2913 2877 3108 2930 autem
3140 2878 3301 2946 patre
3323 2871 3529 2929 defun·

1877 2967 1990 3033 cto,
2024 2963 2281 3023 collectis
2302 2964 2372 3021 de
2412 2963 2644 3021 residuo
2692 2962 2918 3020 militiai
2973 2962 3207 3021 auxiliis
3236 2969 3289 3019 et
3347 2962 3523 3035 pede·

1880 3053 2091 3112 strium
2124 3070 2302 3111 manu
2323 3054 2510 3111 valida
2531 3062 2898 3128 congregata,
2932 3052 3122 3109 subito
3145 3053 3431 3109 Libanum
3457 3052 3517 3108 in

1880 3142 2089 3200 virtute
2120 3158 2332 3216 magna
2355 3143 2771 3212 conscendens;
2793 3157 2998 3199 omnes
3039 3139 3173 3197 illos
3202 3140 3356 3198 viros
3386 3155 3521 3198 san·

1879 3231 2151 3307 guinum,
2183 3232 2282 3304 qui
2318 3231 2652 3304 praedictum
2685 3234 2979 3305 potentem
3010 3230 3200 3287 virum
3225 3231 3284 3286 in
3315 3243 3518 3298 agrum

1881 3320 2323 3393 Tripolitanum,
2358 3321 2480 3378 suis
2538 3320 3019 3394 persuasionibus
3063 3319 3430 3387 induxerant,
3464 3320 3522 3375 et

1882 3426 2030 3483 quos
2062 3414 2313 3483 paternae
2347 3410 2503 3467 necis
2529 3415 2586 3467 et
2614 3409 2859 3483 publicae
2893 3408 3107 3482 stragis
3129 3426 3257 3466 reos
3276 3424 3405 3465 csse
3434 3407 3525 3466 de·

1881 3501 2241 3574 prehendere
2257 3502 2465 3573 potuit,
2487 3518 2618 3558 cum
2648 3501 2926 3557 uxoribus
2949 3505 3007 3556 et
3029 3500 3253 3570 liberis,
3276 3499 3527 3558 vinculis

1881 3591 2245 3665 mancipatos
2273 3590 2555 3664 Tripolim
2578 3588 2813 3646 deduxit
2836 3606 2850 3656 ;
2877 3589 2973 3647 ubi
2998 3588 3056 3644 in
3091 3590 3403 3661 praesentia
3428 3604 3526 3659 po-

1880 3680 2025 3753 puli,
2058 3681 2113 3736 in
2149 3679 2422 3736 ultionem
2450 3678 2753 3752 sanguinis
2783 3693 2985 3735 eorum
3007 3679 3105 3750 qui
3139 3678 3198 3733 in
3230 3677 3352 3732 acie
3382 3677 3526 3734 ceci·

1881 3770 2105 3834 derant,
2138 3785 2239 3828 eos
2295 3767 2468 3826 variis
2496 3768 2688 3826 affecit
2735 3766 3064 3840 suppliciis,
3097 3772 3153 3823 et
3209 3763 3525 3822 durissima

1881 3857 2086 3915 mortis
2113 3873 2344 3930 genera,
2361 3864 2552 3915 tamen
2577 3874 2680 3929 pro
2701 3856 3067 3913 immanitate
3088 3853 3386 3912 commissi
3410 3869 3524 3924 sc&

1881 3948 2018 4009 ieris
2048 3948 2263 4021 debita,
2294 3946 2579 4022 compulit
2606 3947 2872 4020 experiri.
2908 3947 3035 4003 Haec
3067 3945 3259 4019 prima
3288 3943 3524 4000 virtutis

1880 4056 2003 4098 sum
2026 4039 2357 4096 rudimenta
2402 4037 2715 4110 praedictus
2762 4036 3100 4093 adolescens
3148 4050 3365 4102 comes,
3398 4049 3525 4092 om·

1880 4129 2044 4186 nium
2078 4129 2136 4186 in
2169 4145 2232 4185 se
2266 4143 2582 4200 provocans
2603 4126 2877 4184 affectum
2927 4129 2983 4182 et
3023 4125 3277 4182 savorem
3324 4121 3526 4180 conci-

1876 4216 2051 4287 lians,
2086 4218 2262 4275 dedit.

2447 4304 2677 4363 CAPUT
2746 4304 2955 4362 XXIV.

113 4391 214 4466 cta
241 4387 470 4456 distans
497 4387 804 4446 Ascalone.
839 4388 942 4447 Hic
993 4389 1154 4447 locus
1204 4396 1466 4466 tempore
1514 4395 1769 4454 filiorum
1799 4442 1846 4508 D
1876 4399 2114 4456 Ioannes
2144 4396 2448 4469 imperator
2480 4395 3150 4477 constantinopolitanus,
3177 4405 3370 4477 uersus
3399 4388 3522 4446 An·-

115 4475 324 4555 lsrael,
354 4481 523 4535 terrie
555 4478 963 4551 promissionis
986 4481 1057 4537 ab
1088 4481 1321 4551 Augu-0,
1367 4483 1525 4542 ,5002
1552 4483 1766 4556 020403
1951 4469 2212 4526 tioehiam
2256 4483 2588 4541 properans,
2621 4466 2871 4523 Ciliciam
2927 4473 3151 4539 occupat
3185 4478 3519 4519 universam.

112 4584 252 4644 quae
270 4566 443 4626 hodie
473 4563 688 4626 dicitur
716 4567 955 4638 Paneas,
990 4569 1079 4627 vel
1130 4569 1391 4631 Caesarea
1427 4573 1686 4649 Philippi
1734 4593 1770 4633 a

112 4655 514 4736 septentrione
543 4659 669 4714 erat
690 4657 998 4728 terminus,
1041 4659 1219 4717 sicuti
1251 4662 1310 4717 in
1344 4664 1536 4722 Veteri
1566 4663 1769 4724 Testa-

114 4750 321 4805 mento
385 4743 606 4820 saepius
662 4739 975 4819 invenitur,
1022 4766 1058 4805 a
1104 4752 1224 4807 Dan
1275 4768 1444 4826 usque
1499 4755 1771 4812 Bersabee

112 4835 271 4909 (Iud.
300 4850 396 4910 xx,
418 4834 445 4890 1
473 4850 489 4906 ς
518 4833 565 4892 11
593 4835 723 4908 Rea.
747 4852 834 4906 ιιι,
868 4838 978 4908 10).
1014 4835 1114 4895 llic
1162 4839 1483 4911 Abraham,
1532 4843 1685 4902 sicut
1713 4846 1771 4901 et

117 4920 263 4984 alibi
282 4921 344 4980 in
372 4917 666 5004 plerisque
693 4926 858 5000 locis,
909 4932 1151 5000 puteum
1178 4929 1390 4988 dicitur
1412 4933 1650 5005 fodisse,
1673 4932 1769 4990 cui

112 5028 425 5075 nomenex
447 5015 736 5100 aquarum
765 5018 949 5093 copiis
994 5017 1229 5092 indidit,
1267 5020 1661 5092 Abundantia.
1692 5023 1769 5081 De

114 5103 215 5164 his
242 5101 420 5182 etiam
453 5109 512 5162 et
538 5105 827 5194 losephus
846 5106 907 5163 in
937 5107 1086 5166 libro
1115 5108 1552 5184 Antiquitatum
1577 5112 1769 5170 memi-

114 5191 438 5276 2³²2dl⁰⁰9⁸
469 5209 484 5250 ε
514 5192 826 5270 Abimeleeh
847 5198 1111 5269 itaqueet
1136 5203 1348 5264 terram
1375 5198 1429 5257 ei
1448 5200 1765 5275 distribuit,

116 5279 505 5362 etpecunianr,
554 5273 1066 5366 constitueruntque
1111 5291 1170 5343 ut
1213 5288 1362 5346 inter
1380 5305 1436 5347 se
1480 5292 1602 5349 sine
1645 5291 1769 5351 dolo

112 5363 602 5456 coviverscrentur,
620 5375 980 5454 facientes-ad
997 5375 1286 5449 quemdam
1314 5385 1539 5451 puteum
1582 5382 1770 5452 [κᾶν.

117 5478 291 5552 ςυρψ..
314 5455 849 5557 Rersffiheffiyp'cant',
885 5467 1027 5543 quod
1068 5453 1248 5538 sedus
1302 5472 1469 5530 Putet
1522 5470 1634 5530 dici
1652 5489 1768 5547 po-

118 5559 277 5638 ten,-
295 5549 378 5610 sic
398 5545 587 5647 angnia
641 5551 899 5636 &aare
925 5573 962 5618 a
994 5557 1549 5646 marmania
1591 5561 1770 5640 nimir

1949 4575 2265 4633 Nuntiatur
2294 4576 2534 4642 interea,
2566 4578 2624 4631 et
2649 4573 2960 4631 multorum
2999 4571 3276 4632 relatione
3331 4565 3523 4623 divul-

1877 4670 2065 4740 gatur,
2088 4665 2240 4739 quod
2257 4663 2530 4722 dominus
2551 4655 3520 4731 Joannes,constantinopolitanus

1878 4756 2212 4828 imperator,
2245 4751 2466 4810 domini
2497 4751 2682 4809 Alexii
2713 4750 2890 4819 iilius,
2923 4747 3253 4807 convocatis
3284 4747 3356 4802 de
3386 4742 3523 4801 uni-

1878 4843 2028 4902 versi
2062 4842 2288 4916 imperii
2320 4842 2560 4908 finibus,
2582 4839 2830 4913 populis,
2880 4837 3132 4896 tribulus
3164 4844 3218 4892 et
3280 4832 3524 4906 linguis,

1876 4935 1939 4991 in
1969 4932 2345 4990 multitudine
2375 4945 2651 4986 curruum
2681 4931 2738 4985 et
2767 4927 3209 5000 quadrigarum,
3256 4926 3314 4981 et
3343 4924 3524 4979 inau-

1876 5021 2011 5081 ditis
2042 5021 2221 5092 copiis
2240 5019 2508 5095 equitum
2538 5018 2930 5091 congregatis,
2954 5018 3012 5074 in
3035 5015 3526 5090 Syriamdescen-

1879 5112 2015 5168 dere
2029 5108 2354 5168 maturabat
2375 5123 2512 5178 ;nec
2524 5112 2647 5165 erat
2669 5122 2859 5165 sermo
2910 5105 3023 5164 tide
3045 5120 3281 5164 vacuus.
3306 5102 3520 5160 Statim

1876 5199 2035 5259 enim
2066 5216 2133 5257 ex
2183 5215 2298 5273 quo
2357 5198 2514 5255 sama
2571 5195 2858 5268 comperit
2904 5195 3146 5256 certiore
3204 5192 3357 5266 quod
3390 5190 3523 5248 Rai-

1879 5291 2098 5348 mundo
2122 5292 2322 5346 vocato
2352 5286 2501 5344 cives
2529 5286 2581 5345 ei
2639 5284 3000 5344 Antiochiam
3026 5282 3425 5348 tradidissent,
3466 5286 3525 5338 et

1876 5377 2100 5458 domini
2129 5376 2453 5436 Bosmundi
2499 5374 2682 5434 filiam
2731 5374 2783 5432 ei
2831 5372 3223 5432 contulissent
3252 5384 3519 5438 uxorem,

1875 5469 2235 5544 disposuerat
2259 5467 2628 5528 Antiochiam
2654 5465 2868 5537 venire,
2901 5462 3157 5523 multum
3206 5461 3524 5535 indignans

1876 5561 2042 5638 wod.
2062 5560 2460 5648 *tillim-RF&
2485 5556 2850 5642 conscientia
2872 5555 3254 5638 etmandato,
3283 5559 3385 5612 aut
3412 5551 3518 5610 do·
