3784 6000
317 238 343 296 1
354 238 459 298 239

1723 238 1916 299 LUCll
1957 242 2033 301 111
2071 242 2282 302 PAPAE

3573 244 3708 304 isto

290 368 627 427 secundum
664 369 821 426 beati
858 369 1175 440 Augustini
1205 368 1492 441 Regulam
1523 371 1579 424 et
1605 367 1944 440 dispositio·
1973 366 2021 422 A
2053 372 2158 425 aut
2198 369 2428 426 ordinis
2473 369 2564 426 sui
2605 370 3030 443 praevaricator
3074 370 3355 429 inventus
3403 369 3610 442 fuerit,
3658 378 3712 431 et

289 472 431 515 nem
463 458 794 515 recolenda}
815 460 1119 517 memoriae
1144 459 1417 516 Norberti
1449 457 1764 531 quondam
1792 456 1945 513 Prae·

291 548 747 603 monstratensis
781 547 1008 604 ordinis
1040 548 1392 605 institutoris
1439 552 1495 603 et
1523 560 1944 603 successorum

293 650 541 691 suorum
584 636 643 691 in
689 636 951 693 candido
989 637 1200 694 babitu
1229 638 1534 694 institutus
1565 652 1693 692 esse
1733 635 1945 708 digno·

292 723 491 789 scitur,
520 739 626 796 per
654 740 866 781 omnes
904 726 1177 797 ejusdem
1203 726 1431 782 ordinis
1478 725 1769 781 Ecclesias
1810 740 1942 795 per·

289 813 484 883 petuis
513 814 885 886 temporibus
910 814 1327 872 inviolabiliter
1350 815 1722 879 observetur,
1745 819 1800 870 et
1827 828 1942 870 οω-

290 899 428 956 dem
443 903 683 973 penitus
696 904 1118 975 observantioe,
1138 906 1313 961 iidem
1327 902 1715 977 quoquelibri
1737 903 1841 976 qui
1862 901 1943 959 ad

288 989 562 1048 divinum
594 992 859 1050 officium
901 996 1215 1067 pertinent,
1248 994 1326 1051 ab
1355 994 1640 1050 omnibus
1667 992 1941 1066 ejusdem

290 1080 522 1138 ordinis
546 1081 819 1139 Ecclesiis
851 1084 1224 1141 uniformiter
1244 1088 1576 1143 teneantur.
1603 1087 1716 1141 Nec
1738 1082 1943 1154 aliqua

290 1170 555 1228 Ecclesia
584 1170 677 1228 vel
706 1188 967 1244 persona
1002 1174 1228 1230 ordinis
1262 1174 1437 1230 vestri
1467 1173 1754 1230 adversus
1785 1186 1942 1228 com·

293 1260 503 1316 munia
530 1260 722 1332 ipsius
748 1262 973 1319 ordinis
1002 1263 1265 1320 instituta
1292 1263 1667 1336 privilegium
1694 1261 1943 1334 aliquod

291 1348 595 1420 postulare
628 1350 719 1407 vel
744 1351 1054 1409 obtentum
1084 1352 1305 1409 audeat
1326 1351 1782 1425 quomodolibet
1809 1350 1942 1407 reti·

291 1450 453 1494 nere.
502 1438 673 1496 Nulla
715 1440 893 1497 etiam
951 1441 1345 1498 Ecclesiarum
1393 1442 1449 1498 ei
1502 1457 1684 1514 quam
1733 1440 1941 1511 genuit

291 1526 625 1598 quamlibet
655 1530 869 1586 terreni
898 1531 1203 1587 commodi
1235 1532 1605 1588 exactionem
1646 1531 1939 1602 imponat,

292 1615 399 1672 sed
430 1621 662 1673 tantum
701 1621 870 1675 Pater
903 1619 1116 1685 abbas,
1149 1635 1355 1676 curam
1398 1620 1471 1675 de
1519 1619 1788 1691 profectu
1820 1624 1938 1675 tam

2054 456 2220 528 prius
2257 473 2363 530 per
2390 461 2618 516 Patrem
2652 475 2827 515 suum
2859 459 3141 518 abbatem
3171 466 3279 519 aut
3317 476 3428 534 per
3465 461 3710 519 nuntios

2053 546 2183 617 ejus
2211 546 2580 616 admonitus,
2619 564 2798 605 suum
2842 549 3137 618 corrigere
3169 554 3228 607 et
3253 549 3594 607 emendare
3619 549 3710 607 de-

2052 634 2256 692 lictum
2281 635 2621 707 neglexerit,
2648 642 2751 694 aut
2779 637 3009 704 cedere,
3038 638 3088 693 si
3110 639 3498 696 amovendus
3523 638 3706 707 fuerit,

2054 730 2265 796 sponte
2282 724 2555 793 noluerit,
2579 726 2930 783 auctoritate
2945 727 3242 797 generalis
3261 727 3524 801 capituli
3535 728 3710 802 depo-

2051 818 2249 883 natur,
2276 819 2331 871 et
2358 814 2686 887 depositus,
2711 815 2840 872 sine
2864 814 3152 873 dilatione
3171 816 3248 873 ad
3261 817 3530 874 domum
3557 817 3708 875 unde

2050 903 2228 960 exivit
2246 919 2349 959 seu
2377 903 2456 959 ad
2481 903 2659 960 aliam
2682 903 2952 976 ejusdem
2978 905 3204 962 ordinis
3227 921 3420 978 quam
3447 905 3706 979 elegerit,

2050 992 2176 1049 sine
2192 990 2310 1049 ulla
2321 991 2659 1049 conditione
2679 992 3024 1066 temporalis
3038 994 3344 1052 commodi
3355 1001 3704 1063 revertatur.

2049 1080 2112 1137 in
2159 1080 2502 1139 obedientia
2536 1081 2798 1153 abbatis,
2829 1082 2981 1139 sicut
3028 1084 3223 1140 coeteri
3261 1082 3487 1142 fratres
3527 1085 3710 1159 ipsius

2051 1170 2290 1240 domus,
2325 1170 2570 1227 firmiter
2586 1186 3038 1242 permansurus.
3059 1172 3121 1227 Id
3149 1171 3353 1246 ipsum
3381 1173 3572 1231 etiam
3597 1174 3707 1232 alio

2050 1265 2340 1332 tempore,
2374 1260 2423 1316 si
2451 1275 2696 1317 necesse
2722 1259 2899 1317 tuerit
2924 1265 2981 1317 et
3007 1260 3339 1333 capitulum
3367 1262 3507 1321 sine
3545 1280 3706 1322 scan-

2050 1347 2190 1405 dalo
2228 1348 2323 1405 vel
2347 1348 2613 1422 periculo
2643 1350 2974 1421 exspectari
3003 1349 3364 1423 nequiverit,
3388 1366 3503 1424 per
3527 1352 3705 1410 abba·

2052 1442 2169 1495 tem
2181 1439 2828 1505 Praemonstratensem,
2846 1440 3146 1496 etPatrem
3170 1438 3468 1499 abbatem
3485 1446 3548 1499 et
3569 1442 3706 1500 alios

2051 1525 2302 1584 abbates
2320 1543 2475 1600 quos
2503 1527 2824 1593 vocaverit,
2853 1526 2979 1584 fieri
3003 1525 3224 1585 licebit.
3249 1529 3432 1596 Quod
3462 1530 3512 1587 si
3539 1530 3711 1604 depo-

2053 1617 2201 1672 situs
2235 1616 2295 1673 in
2327 1632 2390 1673 se
2420 1616 2573 1672 datoe
2605 1615 2910 1673 sententiae
2940 1617 3387 1675 contumaciter
3426 1622 3708 1678 contraire

292 1704 398 1762 filii
428 1705 665 1763 abbatis
704 1724 888 1780 quam
919 1708 1168 1765 fratrum
1197 1709 1416 1766 domus
1439 1710 1598 1766 illius
1627 1709 1866 1773 babeat,
1886 1712 1946 1763 et
1974 1724 2024 1783 Β
2055 1706 2384 1773 tentaverit,
2427 1711 2549 1762 tam
2608 1706 2737 1779 ipse
2778 1720 2965 1778 quam
3019 1706 3391 1779 principales
3433 1710 3570 1780 eius
3621 1712 3712 1784 qui

291 1798 648 1868 potestatem
682 1797 907 1854 habeat
936 1799 1269 1855 secundum
1301 1798 1575 1855 ordinem
1605 1798 1944 1868 corrigendi

293 1899 430 1956 quae
463 1884 520 1940 in
550 1901 625 1941 ea
660 1887 892 1943 noverit
923 1887 1279 1957 corrigenda
1311 1904 1325 1955 ;
1367 1894 1421 1945 et
1450 1887 1530 1945 illi
1571 1889 1621 1945 ei
1653 1892 1942 1959 tanquam

298 1973 453 2045 patri
478 1976 871 2033 reverentiam
894 1976 1139 2033 filialem
1157 1977 1460 2034 humiliter
1480 1977 1820 2035 exhibeant.
1836 1975 1948 2033 Ab·

296 2060 409 2118 bas
439 2067 641 2119 autem
663 2064 1252 2122 praemonstratensis
1279 2066 1573 2132 Ecclesioe,
1599 2083 1734 2139 quae
1757 2072 1950 2122 mater

297 2166 426 2207 esse
464 2152 839 2223 dignoscitur
881 2155 1159 2222 aliarum,
1192 2171 1313 2213 non
1344 2155 1538 2212 solum
1575 2157 1645 2211 iis
1678 2155 1949 2211 Ecclesiis

296 2254 450 2312 quas
478 2241 749 2306 instituit,
782 2242 887 2299 sed
917 2242 1096 2300 etiam
1125 2245 1184 2299 in
1211 2244 1493 2300 omnibus
1517 2244 1647 2301 aliis
1681 2243 1951 2300 Ecclesiis

296 2329 346 2400 ej
359 2331 569 2386 usdem
582 2330 807 2387 ordinis
822 2331 1235 2404 etdignitatem
1257 2339 1314 2389 et
1337 2333 1603 2389 officium
1628 2333 1815 2389 Patris
1840 2333 1952 2389 ob-

295 2419 504 2483 tineat,
531 2421 656 2476 etei
679 2421 757 2477 ab
787 2421 1094 2489 omnibus,
1116 2426 1237 2478 tam
1269 2421 1593 2479 abbatibus
1618 2438 1802 2494 quam
1837 2421 1951 2479 fra·

297 2506 503 2572 tribuS,
535 2508 737 2564 debita
765 2508 920 2565 Patri
950 2510 1293 2567 obedientia
1332 2510 1738 2583 impendatur.

367 2598 655 2653 Praeterea
683 2613 894 2654 omnes
933 2600 1182 2656 abbates
1211 2600 1438 2656 ordinis
1485 2601 1662 2656 vestri
1698 2599 1950 2669 siugulis

299 2684 474 2739 annis
488 2685 564 2741 ad
588 2686 861 2753 generale
878 2687 1204 2760 capitulum
1227 2688 1775 2755 Proemonstratum,
1789 2693 1952 2762 post-

297 2774 496 2848 posita
522 2774 690 2831 omni
722 2777 1059 2844 occasione,
1093 2778 1452 2833 conveniant
1481 2794 1496 2844 ;
1526 2777 1641 2834 illis
1673 2777 1815 2834 solis
1848 2794 1952 2835 ex-

297 2864 483 2937 ceptis
511 2880 664 2936 quos
686 2865 940 2922 alabore
959 2866 1071 2922 viae
1088 2866 1357 2937 corporis
1375 2866 1762 2923 retardaverit
1792 2868 1951 2924 infir-

298 2953 475 3009 mitas
508 2972 521 3014 :
555 2954 657 3027 qui
697 2958 899 3011 tamen
930 2954 1215 3012 idoneum
1245 2971 1352 3028 pro
1383 2972 1445 3012 se
1466 2955 1741 3029 delegare
1770 2957 1948 3015 debe-

2054 1796 2130 1852 de
2168 1795 2374 1852 ordine
2416 1801 2617 1852 vestro
2657 1794 2876 1851 fuerint
2909 1794 2970 1851 in
3010 1797 3403 1854 contumacia
3445 1814 3564 1856 sua
3599 1798 3716 1856 lau-

2057 1889 2233 1951 tores,
2267 1884 2345 1941 ab
2367 1884 2600 1941 abbate·
2619 1883 3176 1942 Praemonstratensi
3197 1887 3257 1942 et
3281 1887 3528 1944 coieris
3544 1886 3716 1946 abba·

2059 1972 2220 2031 tibus
2283 1989 2541 2030 censura
2584 1972 3012 2043 ecclesiastica,
3066 1973 3263 2031 donec
3323 1976 3716 2047 satisfaciant,

2058 2069 2395 2122 arceantur.

2133 2153 2345 2208 Verum
2386 2167 2525 2208 cum
2568 2150 2772 2224 aliqua
2802 2150 3202 2209 Ecclesiarum
3233 2156 3588 2213 vestrarum
3629 2154 3718 2213 ab·

2058 2240 2198 2298 bate
2241 2242 2485 2313 proprio
2516 2238 2692 2297 fuerit
2726 2240 3030 2306 destituta,
3055 2240 3150 2297 vel
3183 2257 3331 2299 cum
3370 2242 3458 2301 ibi
3497 2243 3716 2302 abbatis

2059 2329 2262 2387 electio
2285 2329 2635 2402 regulariter
2664 2345 2784 2386 non
2812 2329 2988 2386 fuerit
3025 2329 3359 2397 celebrata,
3391 2333 3518 2389 sub
3548 2333 3716 2391 Patris

2061 2418 2300 2476 abbatis
2317 2422 2604 2489 potestate
2629 2417 3713 2490 acdispensationeconsistat,etcum

2061 2507 2332 2579 ejusdem
2375 2505 2625 2564 consilio
2655 2507 2760 2580 qui
2789 2506 3100 2578 eligendus
3138 2506 3324 2566 fuerit
3356 2525 3393 2567 a
3427 2512 3710 2569 canonicis

2061 2595 2333 2667 eligatur.
2366 2597 2560 2653 Electo
2589 2601 2788 2653 autem
2818 2596 3025 2653 fratres
3049 2596 3334 2656 Ecclesia
3361 2600 3573 2657 statim
3595 2602 3707 2658 obe-

2060 2686 2350 2743 dientiam
2392 2685 2762 2758 promittant,
2804 2687 2907 2759 qui
2944 2700 3067 2742 non
3106 2687 3290 2760 quasi
3334 2688 3652 2747 absolutus
3677 2704 3706 2745 a

2060 2780 2351 2849 potestate
2396 2775 2577 2832 Patris
2612 2774 2848 2832 abbatis
2877 2774 2971 2832 vel
3010 2775 3240 2833 ordinis
3281 2777 3379 2834 sui
3437 2778 3704 2852 archiepi-

2060 2882 2238 2935 scopo
2267 2865 2364 2922 vel
2401 2865 2706 2937 episcopo,
2744 2864 2805 2921 in
2843 2864 3018 2936 quus
3047 2864 3300 2922 dioecesi
3331 2865 3544 2934 fuerit,
3573 2884 3706 2941 prai-

2059 2960 2342 3025 sentetur,
2373 2954 2810 3028 plenitudinem
2857 2952 2936 3010 ab
2963 2968 3037 3015 eo
3071 2952 3260 3012 officii
3297 2962 3702 3032 percepturus,

294 3041 449 3098 bunt
467 3044 764 3109 nuntium,
790 3059 897 3117 per
918 3060 1101 3117 quem
1128 3046 1450 3102 necessitas
1473 3051 1530 3102 et
1550 3062 1736 3104 causa
1758 3061 1947 3105 remo·
1979 3079 2022 3138 C
2057 3046 2138 3101 ita
2160 3051 2360 3101 tamen
2389 3044 2575 3116 quod,
2608 3047 2745 3116 post
2771 3042 2993 3100 factam
3019 3043 3492 3120 archiepiscopo
3508 3047 3594 3104 vel
3607 3047 3708 3122 epi·

293 3130 540 3188 rationis
588 3148 714 3188 suae
762 3133 1025 3205 capitulo
1064 3134 1309 3191 valeant
1344 3135 1691 3192 renuntiari.
1739 3137 1802 3192 Hi
1843 3151 1948 3192 au-

292 3223 434 3286 tem,
462 3220 567 3292 qui
598 3221 654 3275 in
686 3222 1106 3279 remotioribus
1130 3223 1400 3296 partibus
1434 3223 1796 3291 habitantes,
1818 3226 1947 3281 sine

292 3308 458 3379 gravi
488 3307 836 3367 difficultate
869 3311 1116 3381 singulis
1144 3313 1318 3368 annis
1355 3328 1417 3368 se
1456 3314 1822 3370 necuiverint
1849 3330 1943 3373 ca·

289 3397 478 3470 pitulo
509 3403 889 3471 proesentare,
908 3401 967 3456 in
992 3415 1063 3457 eo
1092 3403 1347 3458 termino
1368 3403 1729 3459 conveniant
1758 3405 1943 3477 quiin

288 3486 422 3558 ipso
452 3488 536 3544 eis
560 3489 820 3561 capitulo
836 3490 1008 3547 fuerit
1037 3491 1421 3549 constitutus.
1447 3492 1502 3550 Si
1530 3508 1666 3549 vero
1693 3493 1945 3565 quilibet

288 3575 581 3633 abbatum
619 3582 724 3634 aut
752 3580 1211 3650 praepositorum
1244 3595 1350 3651 per
1368 3582 1806 3638 contumaciam
1837 3597 1939 3638 ve-

278 3670 478 3721 ·strum
519 3667 847 3738 capitulum
879 3667 1255 3741 frequentare
1295 3670 1597 3734 desierint,
1634 3670 1809 3727 liceat
1839 3671 1942 3728 ab·

287 3751 415 3810 bati
446 3755 1009 3824 Praemonstratensi,
1051 3757 1299 3814 consilio
1328 3758 1419 3813 sui
1453 3758 1697 3830 capituli
1726 3775 1824 3815 eos
1846 3776 1940 3814 us-

284 3857 405 3915 que
425 3842 505 3901 ad
526 3845 889 3915 condignam
915 3846 1376 3904 satisfactionem
1395 3848 1687 3905 sententia
1712 3848 1940 3921 percel-

286 3929 407 3988 lere
447 3933 727 4003 regulari,
760 3938 815 3991 et
847 3936 1203 3992 sententiam
1241 3952 1427 4008 quam
1469 3936 1754 4008 praefatus
1786 3941 1935 3995 Prae·

285 4023 743 4079 monstratensis
795 4022 1007 4091 abbas,
1059 4025 1180 4080 sive
1227 4025 1284 4080 in
1342 4025 1605 4096 generali
1649 4025 1932 4099 capitulo,

286 4109 408 4165 sive
435 4115 602 4167 extra
625 4111 973 4183 capitulum,
1006 4113 1254 4169 consilio
1287 4114 1653 4171 coabbatum
1688 4115 1744 4171 in
1778 4131 1931 4189 proe·

281 4197 435 4256 latos
472 4205 528 4255 et
556 4199 831 4256 subditos
856 4201 1035 4256 totius
1059 4202 1289 4259 ordinis
1320 4203 1495 4259 vestri
1523 4205 1810 4261 canonice
1841 4212 1932 4262 tu·

278 4286 429 4350 ierit,
447 4286 591 4341 nulli
618 4288 1202 4361 archiepiscoporum
1226 4307 1331 4347 seu
1351 4292 1792 4365 episcoporum,
1815 4295 1930 4351 nisi

280 4373 431 4432 forte
444 4374 518 4430 de
541 4375 827 4432 mandato
845 4378 1097 4434 Romani
1116 4379 1433 4451 pontificis,
1449 4381 1620 4438 liceat
1641 4383 1926 4440 relaxare.

276 4462 345 4519 ln
393 4462 653 4533 generali
682 4464 862 4535 igitur
910 4471 1104 4523 vestro
1141 4467 1419 4539 capitulo,
1448 4471 1803 4542 praesidente
1828 4474 1932 4529 ab·
1962 4440 2008 4494 D

276 4551 417 4609 bate
446 4555 1003 4611 Proemonstratensi
1032 4558 1378 4630 caeterisque
1409 4559 1850 4617 confidentibus
1874 4566 1931 4619 et

277 4639 339 4697 in
359 4642 575 4714 Spiritu
598 4643 701 4700 Dei
727 4645 1209 4717 cooperantibus,
1232 4646 1308 4703 de
1328 4646 1399 4702 iis
1419 4663 1553 4720 quae
1571 4648 1648 4705 ad
1671 4649 1930 4707 aedifica-

278 4730 500 4788 tionem
520 4733 881 4801 animarum,
901 4734 978 4790 ad
1008 4735 1455 4793 instructionem
1482 4753 1740 4805 morum,
1765 4744 1822 4796 et
1850 4740 1930 4796 ad

273 4817 765 4879 informationem
812 4822 1093 4880 virtutum
1136 4829 1314 4898 atque
1362 4825 1797 4882 incrementum
1840 4845 1929 4885 re-

275 4908 500 4979 gularis
531 4910 857 4984 disciplinas
892 4912 1264 4985 spectabunt,
1300 4929 1498 4972 sermo
1539 4915 1792 4987 diligens
1825 4918 1928 4974 ha·

270 4995 692 5057 beatur.Porro
708 5002 781 5057 de
798 5001 1081 5059 omnibus
1102 5002 1537 5075 quaestionibus
1562 5011 1618 5060 et
1642 5004 1923 5077 querelis,

272 5088 397 5142 tam
420 5088 829 5161 spiritualibus
854 5106 1041 5164 quam
1060 5091 1509 5164 temporalibuS,
1541 5108 1676 5167 quoe
1703 5095 1762 5149 in
1793 5095 1926 5167 ipso

270 5176 557 5249 capitu10,
590 5180 914 5252 propositoe
947 5180 1186 5252 fuerint,
1213 5180 1356 5238 illud
1390 5187 1656 5239 teneatur
1688 5183 1923 5240 irrefra-

268 5265 545 5337 gabiliter
581 5272 638 5324 et
675 5275 941 5326 servetur
981 5271 1145 5343 quod
1176 5271 1368 5328 abbas
1396 5270 1924 5330 Praemonstraten-

271 5353 375 5420 sis,
408 5371 544 5411 cum
578 5356 649 5412 iis
692 5358 795 5431 qui
830 5359 1083 5417 sanioris
1112 5361 1346 5417 consilii
1392 5364 1452 5417 et
1492 5361 1685 5431 magis
1724 5361 1925 5419 idonei
2031 5357 2316 5417 idoneam
2346 5360 2652 5432 provideat
2681 5375 3038 5434 personam;
3066 5360 3224 5420 etilli
3249 5379 3412 5425 eam
3439 5369 3690 5427 sinemu-

272 5445 681 5512 apparuerint,
726 5447 882 5518 juste
928 5463 998 5505 ac
1043 5449 1291 5521 provide
1330 5449 1644 5522 judicabit.
1679 5453 1831 5509 Sane
1876 5451 1925 5509 si

272 5525 468 5584 abbas
514 5531 730 5606 aliquis
776 5536 954 5594 vestri
992 5537 1220 5596 ordinis
1258 5539 1501 5597 infamis
1548 5538 1640 5596 vel
1678 5538 1922 5618 inutilis,

2057 3150 2244 3207 scopo
2267 3150 2375 3191 suo
2402 3133 2861 3207 professionem,
2895 3134 3213 3191 occasione
3245 3134 3356 3193 illa
3384 3151 3514 3195 non
3543 3143 3710 3196 usm-

2055 3223 2362 3295 grediatur
2381 3221 2832 3280 constitutiones
2861 3222 3090 3280 ordinis
3119 3223 3239 3292 sui,
3265 3239 3388 3282 nec
3418 3226 3486 3284 in
3525 3226 3708 3301 aliquo

2053 3313 2183 3385 ejus
2218 3311 2641 3385 praevaricator
2667 3311 2901 3369 existat.
2938 3312 2999 3368 Si
3027 3312 3168 3386 quis
3199 3313 3400 3372 etiam
3430 3330 3510 3372 ex
3552 3317 3710 3374 vobis

2051 3401 2340 3458 canonice
2364 3400 2586 3457 electus
2622 3400 2682 3455 in
2712 3400 3018 3465 abbatem,
3049 3399 3416 3460 dioecesano
3443 3405 3714 3478 episcopo

2053 3489 2234 3547 semel
2272 3493 2333 3547 et
2369 3491 2581 3547 iterum
2626 3503 2735 3562 per
2770 3489 3020 3546 abbates
3063 3490 3243 3546 vestri
3293 3492 3544 3550 ordinis
3586 3509 3717 3569 pras-

2051 3583 2342 3649 seutatus,
2368 3578 2847 3636 benedictionem
2879 3577 2958 3634 ab
2991 3593 3065 3636 ea
3096 3593 3226 3636 non
3267 3583 3552 3654 potuerit
3585 3583 3718 3642 obti-

2051 3683 2211 3737 nere,
2237 3684 2313 3725 ne
2344 3667 2623 3732 Ecclesia,
2656 3666 2734 3723 ad
2771 3683 2957 3740 quam
2988 3672 3243 3726 vocatus
3289 3677 3420 3744 est,
3453 3673 3720 3731 destituta

2048 3757 2302 3815 consilio
2333 3757 2714 3831 periclitetur,
2741 3755 2941 3815 officio
2979 3762 3038 3815 et
3060 3756 3199 3816 loco
3227 3759 3498 3821 abbatis
3527 3763 3720 3838 plena·

2046 3847 2130 3903 rie
2160 3848 2494 3903 secundum
2521 3846 2794 3904 ordinem
2819 3846 3103 3918 fungatur
3126 3847 3191 3904 in
3211 3863 3320 3917 eo,
3353 3855 3486 3909 tam
3508 3854 3718 3911 inexte-

2045 3934 2307 3992 rioribus
2347 3934 2732 4008 providendis
2777 3950 2965 4009 quam
3005 3935 3066 3991 in
3103 3935 3524 3998 interioribus
3557 3941 3716 4000 corri-

2044 4025 2278 4097 gendis,
2313 4024 2504 4081 donec
2525 4029 2629 4080 aut
2657 4024 2994 4082 interventu
3019 4025 3338 4098 generalis
3361 4031 3622 4104 capituli
3639 4047 3714 4090 ve·

2043 4113 2147 4169 stri
2177 4116 2280 4170 aut
2309 4118 2608 4187 praecepto
2637 4113 2888 4171 Romani
2904 4113 3233 4187 pontificis,
3271 4132 3396 4176 seu
3423 4125 3714 4195 meu-opo-

2041 4201 2205 4259 litani
2245 4202 2721 4259 benedictionem
2767 4218 2939 4259 suam
2978 4201 3280 4260 obtineat.
3341 4207 3548 4268 Porro
3575 4209 3714 4268 nulls

2042 4306 2300 4363 persona
2345 4289 2747 4349 ecclesiastica
2798 4307 2910 4365 pro
2956 4290 3320 4365 chrismate,
3362 4301 3484 4356 aut
3535 4315 3716 4358 conse·

2041 4380 2408 4438 erationibus
2450 4386 2508 4437 et
2545 4380 3046 4451 ordinationibus,
3078 4385 3186 4438 aut
3245 4398 3372 4458 pro
3421 4389 3712 4462 sepultura

2040 4470 2318 4542 pretium,
2344 4474 2447 4526 aut
2463 4485 2572 4543 pro
2594 4469 3006 4527 benedicendo
3024 4468 3256 4530 abbate
3279 4478 3346 4532 et
3359 4475 3708 4536 deducendo

2039 4557 2101 4614 in
2134 4558 2340 4615 sedem
2372 4575 2544 4615 suam
2569 4558 3072 4631 palafridum,aut
3092 4559 3343 4635 aliquid
3365 4563 3550 4626 aliud
3579 4581 3704 4625 avc·

2038 4647 2131 4704 bis
2161 4648 2394 4719 exigere
2424 4647 2625 4704 nullus
2653 4654 2943 4715 vestrum,
2965 4648 3206 4706 etiamsi
3239 4653 3567 4725 exigatur,
3591 4657 3702 4713 dm

2037 4738 2547 4811 praesumat,quia
2577 4742 2633 4795 et
2647 4737 2983 4808 exigentem
2998 4742 3058 4794 et
3083 4737 3356 4800 dantem
3385 4751 3552 4804 nota
3564 4751 3702 4818 etpe-

2035 4827 2292 4885 ticulum
2334 4827 2692 4884 Simoniacae
2731 4825 3043 4900 pravitatis
3070 4826 3364 4890 involvit.

2110 4917 2397 4972 Coeterum
2419 4917 2467 4971 si
2491 4915 2698 4990 aliqua
2727 4914 3121 4973 Ecclesiarum
3141 4924 3522 4982 vestrarum
3539 4929 3698 4998 pastu·

2035 5004 2117 5060 ris
2156 5004 2368 5060 solatio
2397 5004 2697 5072 destituta,
2729 5006 2879 5061 inter
2907 5003 3118 5062 fratres
3163 5005 3248 5064 de
3289 5009 3696 5071 substituendo

2036 5093 2255 5150 abbate
2285 5092 2586 5150 discordia
2603 5093 2779 5151 suerit
2803 5094 2895 5150 vel
2918 5092 3186 5151 scissura
3212 5095 3514 5170 suborta,
3537 5106 3595 5160 et
3617 5098 3698 5175 ipsi

2035 5182 2208 5239 facile
2236 5183 2313 5239 ad
2339 5183 2724 5240 concordiam
2756 5182 2850 5240 vel
2870 5183 3164 5241 unitatem
3187 5191 3494 5249 revocari
3524 5189 3696 5265 nequi-

2036 5273 2247 5337 verint.
2280 5275 2446 5328 Pater
2474 5273 2667 5329 abbas
2686 5273 2935 5330 consilio
2961 5271 3354 5336 coabbatum
3372 5278 3692 5340 suorumeis

2035 5448 2384 5507 tradictione
2413 5450 2702 5523 recipiant
2723 5451 2780 5506 in
2807 5449 3114 5508 abbatem.
3139 5451 3360 5520 Quam
3382 5457 3440 5516 si
3463 5457 3686 5532 recipe!

2033 5538 2522 5616 contempserint,
2553 5539 2852 5602 sententie
2891 5539 3262 5632 subjaceant
3301 5559 3510 5622 quus!
3549 5547 3682 5632 Psi!
