3784 6000
88 184 239 245 {319

782 300 1073 359 ccxxvn.

91 396 448 457 Monosterii
473 395 787 452 Scotorum
815 390 880 447 S.
906 389 1120 448 Jacobi
1144 384 1588 457 Ratisponensis
1609 391 1753 442 tute-

97 472 223 530 lam
234 468 478 539 suscipit
489 462 986 536 possessionisque
996 477 1069 519 oe
1080 464 1179 531 pri
1185 457 1399 531 vileyio
1411 458 1751 528 confirmat.

598 556 888 626 (veroum,
928 550 1108 624 April.
1144 550 1256 623 10).

282 646 457 721 [Rieu.
492 644 637 702 Cod.
670 643 916 712 diplom.
953 639 1287 702 Ratisbon„
1320 636 1388 702 11,
1419 633 1575 709 267.]

175 757 375 812 Lucms
405 752 750 825 episcopus,
787 763 994 803 servus
1027 760 1337 802 servorum
1370 742 1494 810 Dei,
1525 740 1756 798 dilectis

98 844 238 902 filiis
266 845 554 900 Gnecomo
584 836 790 897 abbati
823 835 1167 894 monasterii
1190 833 1386 892 Sancti
1418 830 1623 890 Jacobi
1648 832 1758 886 Ra-

99 934 380 1006 tisponas,
402 930 653 1002 ejusque
683 925 964 983 fratribus
993 929 1117 981 tam
1147 920 1544 996 proesentibus
1567 934 1756 992 quam

100 1020 317 1079 futuris
342 1017 675 1090 regularem
697 1016 881 1072 vitam
903 1011 1193 1088 professis
1218 1011 1278 1067 in
1303 1015 1682 1083 perpetuum.

175 1109 536 1180 Religiosam
575 1104 761 1162 vitam
801 1102 1157 1173 eligentibus
1184 1098 1580 1174 apostolicum
1619 1110 1757 1153 con·

98 1199 268 1256 venit
293 1198 507 1255 adesse
542 1191 915 1267 proesidium,
943 1206 1017 1247 ne
1056 1190 1204 1247 forte
1235 1187 1556 1260 cuiuslibet
1581 1191 1759 1243 teme-

102 1288 292 1347 ritatis
331 1287 605 1343 incursus
652 1287 753 1340 aut
784 1297 889 1337 eos
936 1295 973 1338 a
1013 1279 1327 1353 proposito
1358 1280 1617 1341 revocet,
1658 1279 1761 1330 aut

104 1376 311 1443 robur,
338 1373 503 1448 quod
533 1372 688 1430 absit
719 1374 733 1429 l
772 1385 960 1427 sacrae
991 1366 1293 1438 religionis
1327 1366 1628 1435 infringat.
1659 1366 1762 1419 Ea-

15 1527 18 1536 ,
104 1471 373 1540 propter,
399 1461 597 1519 dilecti
621 1460 681 1517 in
711 1458 963 1516 Domino
983 1457 1108 1523 filii,
1140 1455 1348 1513 vestris
1368 1453 1545 1527 justis
1561 1460 1763 1527 postu·

104 1553 431 1612 lationibus
455 1551 778 1608 clementer
797 1547 1148 1612 annuimus,
1171 1550 1230 1601 et
1254 1543 1762 1617 praedecessorum

1104 168 1478 231 EPISTOLAE
1515 168 1604 227 m·
1639 162 2079 226 mmmm.
2119 198 2188 210 -
2223 166 2341 225 ΑΝ.
2383 163 2544 226 118³.

1776 289 1829 350 A
1934 295 2057 364 Ego
2085 294 2299 351 Lusius
2322 293 2629 351 catholico
2657 292 2930 351 Ecclesia
2953 293 3296 367 episcopus.

3370 166 3512 228 nm

1971 384 2191 441 Deinde
2223 383 2497 456 sequitur
2519 383 2876 452 subscriptio
2906 400 2945 439 x
2971 383 3401 441 cardinalium.

1938 477 2149 532 Datum
2181 475 2423 529 Vei-onae
2458 488 2563 544 per
2593 488 2838 528 manum
2885 473 3124 544 uberti,
3154 479 3377 530 sanctae
3408 475 3517 530 Ro-

1866 579 2061 621 mame
2084 562 2354 619 Ecclesiae
2387 561 2714 633 presbyteri
2736 562 3056 619 cardinalis
3077 566 3132 617 et
3156 562 3517 631 cancellarii.

1866 669 1927 709 iv
1954 652 2092 707 Idus
2127 650 2361 723 Aprilis,
2390 649 2715 706 indictione
2749 666 2821 715 iv,
2859 650 3290 707 lncarnationis
3321 651 3515 707 Domi·

1867 741 2017 798 nicae
2031 756 2190 797 anno
2213 744 2229 795 l
2250 742 2367 804 ¹85,
2382 737 2767 811 pontificatus
2781 746 2919 796 vero
2933 740 3073 796 dom
3083 739 3142 795 ni
3158 739 3318 795 Lucii
3339 755 3516 812 papas

1867 832 1960 903 111,
1989 845 2150 888 anno
2174 845 2254 886 iv.

2560 916 2868 974 ccxxvln.

1994 1010 2176 1066 Bulla
2204 1022 2317 1078 pro
2343 1005 2610 1075 capitulo
2633 1006 2694 1064 S.
2727 1007 2983 1064 Martini
3008 1009 3385 1068 Turonensis.

2365 1097 2654 1167 (Veronoe,
2685 1095 2867 1167 April.
2910 1098 3026 1169 17.)

1943 1190 2142 1245 Lucius
2168 1185 2507 1257 episcopus,
2544 1199 2754 1241 servus
2776 1200 3088 1243 servorum
3127 1187 3249 1255 Dei,
3289 1185 3522 1243 dilectis

1871 1275 2008 1333 tlliis
2037 1276 2290 1340 decano,
2339 1271 2710 1329 thesaurario
2747 1280 2802 1329 et
2839 1275 3102 1345 capitulo
3156 1276 3353 1333 Sancti
3382 1277 3525 1333 Har-

1873 1365 1977 1424 tini
2005 1362 2383 1426 Turonensis,
2423 1359 2678 1417 salutem
2726 1367 2785 1417 et
2828 1364 3218 1435 apostolicam
3271 1364 3527 1423 benedi-

1872 1454 2157 1511 ctionem.

1947 1544 2179 1610 Quanto
2231 1538 2550 1613 specialius
2607 1537 2862 1596 ecclesia
2906 1547 3102 1599 vestra
3158 1543 3317 1600 beati
3379 1542 3527 1600 Petri

106 1647 453 1701 nostrorum
518 1637 704 1696 felicis
776 1635 1082 1694 memorias
1160 1633 1427 1703 Eugenii,
1495 1630 1763 1697 Adriani,
1796 1641 1844 1699 Β
1870 1633 2023 1705 iuris
2042 1630 2243 1688 existit
2265 1633 2323 1685 et
2350 1644 2387 1686 a
2416 1627 2963 1701 praedecessoribus
2985 1634 3201 1689 nostris
3233 1634 3528 1705 majorem

104 1729 428 1789 Alexandri
453 1730 863 1785 Romanorum
896 1723 1250 1797 pontificum
1291 1720 1551 1794 vestigiis
1580 1720 1766 1776 inhoe·

101 1826 305 1879 rentes
327 1815 645 1892 proefatum
668 1813 1126 1879 monasterium,
1152 1811 1212 1867 in
1229 1826 1352 1884 quo
1372 1809 1579 1866 divino
1602 1822 1769 1865 man·

103 1908 288 1983 cipati
315 1907 452 1963 estis
483 1903 797 1977 obsequio,
827 1900 941 1958 sub
964 1899 1122 1957 beati
1152 1900 1297 1956 Petri
1323 1903 1377 1954 et
1402 1902 1606 1955 nostra
1636 1911 1771 1969 pro·

106 1999 363 2055 tectione
390 1993 755 2067 suscipimus
781 1995 839 2047 et
875 1988 1187 2063 proesentis
1219 1987 1425 2059 scripti
1458 1985 1769 2058 privilegio

104 2084 582 2148 communimus,
623 2079 921 2153 imprimis
975 2077 1273 2151 siquidem
1317 2079 1663 2145 statuentes,
1705 2076 1773 2131 ut

105 2174 260 2231 ordo
305 2169 698 2235 monasticus,
728 2167 835 2241 qui
883 2165 1218 2223 secundum
1275 2166 1460 2220 Deum
1503 2167 1564 2219 et
1611 2160 1770 2219 beati

108 2260 414 2320 Benedicti
443 2256 728 2330 Regulam
757 2256 818 2312 in
841 2254 1054 2313 eodem
1086 2254 1219 2312 loco
1246 2253 1515 2310 noscitur
1533 2251 1773 2308 institu-

105 2356 229 2419 tus,
255 2349 556 2423 perpetuis
578 2346 804 2403 ibidem
834 2341 1203 2418 temporibus
1221 2340 1642 2398 inviolabiliter
1667 2340 1773 2397 ob-

109 2444 405 2498 servetur.
430 2440 714 2494 Proeterea
730 2448 1128 2509 quascunque
1153 2430 1585 2505 possessiones,
1612 2446 1773 2504 quae·

103 2544 349 2602 cunque
375 2527 538 2584 bona
552 2525 767 2583 eadem
791 2521 1049 2581 Ecclesia
1067 2520 1128 2578 in
1149 2521 1603 2595 praesentiarum
1614 2519 1773 2591 juste

105 2624 170 2675 et
209 2616 496 2674 canonice
527 2613 814 2690 possidet,
847 2616 952 2668 aut
987 2611 1048 2666 in
1080 2609 1347 2666 futurum
1385 2609 1773 2665 concessione

107 2704 492 2781 pontificum,
527 2702 843 2773 largitione
868 2715 1075 2771 regum
1106 2698 1195 2754 vel
1226 2698 1589 2771 principum,
1612 2696 1773 2754 obla·

107 2797 274 2853 tione
283 2792 574 2857 fidelium,
590 2807 694 2847 seu
713 2789 844 2847 aliis
859 2786 1274 2863 justismodis,
1288 2790 1607 2859 proestante
1632 2787 1771 2852 Deo,

107 2883 365 2958 adipisci
402 2882 637 2955 poterit,
658 2879 836 2936 firma
866 2877 1034 2934 vobis
1061 2876 1393 2950 vestrisque
1418 2874 1773 2932 successori·

1876 1719 2337 1794 proerogativam
2351 1716 2611 1774 obtinuit
2624 1714 3107 1787 libertatis,tanto
3125 1721 3387 1794 amplius
3397 1722 3529 1795 ejus

1876 1808 2213 1868 necessitati
2242 1805 2669 1879 compatimur,
2701 1814 2759 1863 et
2784 1810 3126 1866 commodis
3151 1816 3208 1868 et
3234 1812 3421 1884 quieti
3447 1816 3533 1869 at·

1878 1898 2098 1956 tentius
2142 1894 2441 1954 debemus
2485 1895 2543 1949 et
2587 1893 2864 1952 volumus
2905 1898 3236 1970 providere.
3269 1899 3533 1972 Quapro·

1867 1992 2030 2061 pter,
2062 1985 2503 2058 abJurationem
2550 1988 2915 2045 eommunia
2943 1986 3038 2044 vel
3076 1987 3529 2059 coniurationis,

1878 2091 2064 2150 quam
2111 2075 2186 2131 de
2216 2075 2465 2135 consilio
2493 2077 2743 2135 fratrum
2789 2077 3237 2151 quassavimus,
3264 2093 3535 2151 quocun·

1877 2181 1998 2238 que
2023 2164 2267 2222 nomine
2295 2171 2657 2234 censeretur,
2677 2172 2979 2240 receptam
3001 2183 3108 2240 per
3126 2167 3527 2227 venerabilem

1878 2254 2121 2311 fratrem
2152 2258 2423 2312 nostrum
2448 2256 2563 2316 W.
2621 2258 2977 2313 Remensem
3004 2256 3531 2330 archiepiscopum

1881 2343 2112 2399 Sanotae
2139 2342 2376 2399 Sabinas
2397 2343 2784 2411 cardinalem,
2813 2346 3159 2417 apostolicas
3186 2345 3347 2402 sedis
3373 2345 3534 2417 lega·

1882 2435 2032 2496 tum,
2059 2436 2117 2487 et
2157 2446 2264 2503 per
2288 2430 2573 2490 dilectum
2607 2432 2795 2489 tilium
2830 2432 3113 2489 abbatem
3153 2433 3387 2506 najoris
3414 2436 3538 2494 Ιο-

1881 2519 2122 2577 nasterii
2150 2519 2376 2593 quibus
2404 2521 2518 2577 hoo
2550 2520 2743 2579 fuerat
2765 2538 2801 2578 a
2827 2521 3001 2579 nobis
3022 2525 3416 2581 commissum
3442 2539 3534 2581 ra·

1881 2613 2006 2666 tam
2026 2607 2339 2676 habentes,
2363 2611 2712 2668 auctoritate
2727 2610 3058 2685 apostolica
3073 2612 3530 2681 confirmamus,

1882 2697 1997 2754 sub
2022 2697 2504 2770 interminatione
2522 2701 2923 2758 anahtematis
2943 2700 3282 2760 inhibentes
3302 2717 3379 2760 ne
3398 2703 3537 2778 quis

1883 2786 1964 2843 ad
1983 2802 2119 2843 eam
2144 2786 2423 2860 deinceps
2439 2788 2555 2845 sub
2572 2804 2938 2862 quacunque
2954 2792 3271 2849 occasione
3292 2793 3535 2865 aspiret.

1884 2874 2036 2932 Nulli
2063 2890 2208 2947 ergo
2238 2877 2488 2934 omnino
2514 2877 2834 2936 hominum
2860 2878 3036 2936 liceat
3064 2881 3222 2937 hanc
3250 2880 3539 2953 paginam

107 2973 236 3032 hus
263 2978 320 3030 et
345 2970 570 3028 illibata
602 2972 1015 3043 permaneant.
1046 2965 1315 3023 Obeunte
1353 2979 1495 3021 vero
1526 2969 1579 3021 te
1612 2978 1776 3021 nunc
1815 2995 1859 3056 C
1885 2969 2104 3021 nostroe
2141 2964 2621 3024 confirmationis
2658 2973 2716 3025 et
2747 2968 3168 3041 prohibitionis
3195 2968 3535 3043 infringere,

111 3061 392 3136 ejusdem
419 3059 533 3116 loci
557 3057 774 3114 abbate
800 3055 1146 3112 veltuorum
1168 3052 1436 3127 quolibet
1466 3067 1773 3109 successo·

113 3167 278 3217 rum,
309 3149 511 3208 nullus
544 3147 627 3204 ibi
675 3144 945 3218 qualibet
986 3142 1391 3215 subreptionis
1420 3142 1642 3200 astutia
1671 3158 1777 3199 seu

114 3239 400 3298 nolentia
427 3240 836 3312 praeponatur,
863 3233 982 3290 nisi
1016 3246 1198 3306 quem
1229 3230 1441 3287 fratres
1468 3230 1777 3288 communi

120 3344 429 3387 consensu
454 3326 548 3383 vel
575 3325 827 3382 fratrum
856 3338 996 3397 pars
1027 3319 1263 3379 consilii
1289 3319 1544 3377 sanioris
1568 3335 1781 3377 secun·

119 3418 275 3476 dum
306 3419 407 3474 Dei
432 3417 706 3474 timorem
735 3416 794 3470 et
832 3411 990 3469 Beati
1015 3408 1311 3467 Benedicti
1332 3407 1620 3480 Regulam
1647 3424 1783 3482 pro·

122 3504 384 3564 viderint
411 3503 778 3576 eligendum.
820 3501 978 3558 Sane
1021 3498 1369 3574 peregrinos
1398 3503 1456 3554 et
1498 3513 1785 3571 superve-

125 3595 359 3653 nientes
376 3595 666 3666 hospites,
690 3591 739 3646 si
758 3606 953 3664 neque
967 3587 1373 3645 fuerintalicui
1394 3587 1784 3648 Ratisbonem

127 3684 405 3743 Ecclesiae
447 3679 774 3757 parochiali
800 3679 933 3752 jure
963 3676 1235 3749 subjecti,
1280 3692 1417 3733 cum
1466 3675 1632 3751 apud
1677 3692 1784 3734 vos

127 3772 405 3838 obierint,
435 3772 592 3826 sicut
619 3768 678 3825 in
712 3767 973 3824 Ecclesia
1003 3771 1200 3822 vestra
1240 3764 1316 3822 de
1359 3766 1611 3839 antiqua
1638 3781 1786 3822 con·

128 3861 445 3920 suetudine
470 3864 562 3916 est
601 3858 938 3922 obtentum,
968 3854 1144 3912 liceat
1177 3853 1352 3911 vobis
1388 3853 1609 3911 nullius
1646 3870 1786 3912 con·

127 3948 478 4009 tradictione
519 3947 798 4005 obstante
840 3943 1254 4001 ecclesiasticae
1303 3941 1537 4000 tradere
1585 3943 1787 4017 sepul·

129 4043 300 4103 turae.
335 4038 382 4095 si
412 4040 628 4111 sponte
649 4034 731 4091 ibi
756 4032 1053 4091 voluerint
1081 4030 1337 4105 sepeliri.
1362 4033 1427 4088 Et
1454 4031 1599 4105 quia
1625 4047 1789 4106 quae-

130 4127 274 4184 dam
319 4125 593 4184 Ecclesiae
617 4139 655 4182 a
688 4122 861 4180 vobis
907 4119 1180 4178 ordinem
1210 4126 1625 4194 susceperunt,
1649 4135 1789 4194 quo

131 4220 329 4274 vestro
354 4213 630 4286 regimini
658 4216 797 4268 sunt
823 4209 1128 4282 subiecta,
1174 4224 1249 4266 ne
1285 4209 1350 4265 in
1376 4209 1464 4265 eis
1496 4208 1791 4280 regularis

1885 3053 1980 3111 vel
2008 3054 2062 3110 ei
2087 3070 2241 3112 ausu
2262 3056 2580 3114 temerario
2606 3059 2924 3116 contraire.
2953 3059 3166 3133 Siquis
3195 3065 3397 3118 autem
3426 3061 3542 3120 hoo

1884 3148 2173 3200 attentare
2185 3145 2659 3218 praesumpserit,
2675 3146 3151 3218 indignationem
3162 3149 3546 3223 omnipoten-

1884 3232 1960 3289 tis
1991 3232 2090 3288 Dei
2114 3238 2173 3289 et
2194 3233 2508 3290 beatorum
2532 3234 2682 3291 Petri
2703 3242 2761 3293 et
2789 3236 2950 3294 Pauli
2975 3237 3391 3309 apostolorum
3406 3240 3548 3312 ejus

1887 3336 1955 3377 se
1985 3321 2213 3378 noverit
2230 3321 2636 3381 incursurum.

1962 3409 2180 3466 Datum
2209 3411 2446 3476 Veron„
2476 3426 2556 3467 xv
2580 3411 2829 3469 Kalend.
2861 3414 3010 3471 Haii.

2602 3519 2861 3576 CCXXIX.

1889 3603 2196 3665 fundatio
2215 3607 2645 3665 monaster-iidie
2671 3608 3086 3667 Trutenltusen
3103 3610 3332 3670 ordinis
3349 3613 3551 3670 saneti

1971 3681 2022 3736 Α
2033 3677 2570 3762 uqustinidioecesis
2580 3680 2951 3750 Arcentinsn
2964 3696 3067 3739 seu
3075 3682 3273 3753 potius
3284 3683 3546 3755 eiusdem

1960 3754 2342 3826 fundationis
2370 3751 2763 3820 confirmatio.

2390 3840 2683 3911 (Veronae,
2722 3841 2907 3913 April.
2938 3844 3054 3915 20.)

2107 3929 2300 4005 [Gall.
2325 3928 2550 3986 Christ.
2580 3944 2742 3995 nov„
2773 3931 2841 3995 V,
2873 3930 3069 3999 lustr„
3099 3948 3162 4004 p.
3186 3933 3335 4005 485]

1968 4041 2171 4097 Lucius
2204 4035 2547 4108 episcopus,
2581 4050 2791 4091 servus
2823 4052 3135 4095 servorum
3168 4038 3291 4107 nei,
3319 4038 3554 4097 dilectis

1899 4129 1963 4188 in
1987 4127 2216 4186 Christo
2244 4123 2483 4181 filiabus
2527 4125 2809 4181 Banasam
2857 4125 3202 4195 abbatissas,
3228 4132 3288 4186 et
3336 4130 3555 4187 sorori-

1899 4219 2017 4276 bus
2066 4215 2128 4271 in
2176 4212 2544 4271 monasterio
2573 4212 2941 4286 Hohenburg
2980 4220 3103 4273 tam
3150 4217 3551 4290 prasentibus

131 4298 1795 4375 observantiadepereatdisciplinae,statuimus,ut,sicut
1823 4339 1869 4396 D
1899 4321 2087 4382 quam
2112 4301 2324 4361 futuris
2355 4301 2693 4374 regularem
2721 4304 2902 4361 vitam
2935 4306 3221 4377 protessis
3252 4306 3310 4363 in
3346 4322 3556 4381 perpe-

134 4399 487 4452 consuetum
504 4396 616 4458 est,
634 4391 935 4462 maiorum
960 4388 1357 4446 Ecclesiarum
1385 4386 1626 4446 illarum
1652 4403 1790 4462 per-

133 4498 301 4541 sonoe
318 4483 395 4540 ad
418 4479 853 4539 monasterium
878 4482 1145 4535 vestrum
1158 4475 1343 4533 semel
1366 4478 1426 4533 in
1447 4491 1612 4535 anno
1629 4492 1792 4535 ecce·

134 4572 299 4639 dant,
353 4571 484 4629 ub'»
500 4574 559 4627 et
602 4568 1001 4626 correctiones
1033 4581 1391 4622 excessuum
1433 4570 1491 4622 et
1524 4565 1794 4624 instituta

134 4660 363 4720 ordinis
408 4675 446 4718 a
476 4658 647 4717 vobis
689 4657 1021 4730 suscipiant
1043 4653 1346 4712 humiliter
1368 4659 1426 4711 et
1452 4653 1793 4711 observent.

208 4748 596 4807 Decernimus
616 4761 760 4818 ergo
777 4752 840 4804 ut
859 4744 1006 4802 nulli
1020 4744 1270 4801 omnino
1297 4742 1611 4801 hominum
1625 4743 1798 4802 liceat

133 4837 455 4916 proefatum
469 4835 904 4894 monasterium
922 4840 1141 4892 temere
1165 4831 1515 4906 perturbare
1528 4848 1633 4889 seu
1656 4847 1799 4905 pos-

137 4927 430 4985 sessiones
454 4925 727 4998 ejusdem
758 4922 993 4980 auferre
1020 4920 1115 4979 vel
1134 4921 1370 4979 ablatas
1395 4920 1665 4992 retinere,
1686 4921 1795 4978 mi-

136 5031 323 5076 nuere
372 5021 479 5074 aut
520 5012 826 5089 aliquibus
869 5009 1291 5070 vexationibus
1340 5008 1591 5081 fatigare
1630 5026 1645 5078 ;
1690 5010 1799 5067 sed

138 5104 347 5165 omnia
392 5103 627 5175 integra
668 5106 1102 5160 conserventur
1126 5113 1360 5169 eorum,
1389 5114 1499 5173 pro
1536 5113 1798 5173 quorum

138 5194 571 5267 gubernatione
599 5196 656 5250 et
695 5190 1126 5249 sustentatione
1176 5204 1466 5246 concessa
1491 5193 1650 5256 sunt,
1683 5191 1799 5246 usi·

136 5284 255 5341 bus
278 5280 629 5339 omnimode
656 5279 985 5354 profutura,
1019 5276 1186 5335 salva
1209 5276 1602 5350 Ratisponen.
1632 5275 1797 5350 Epis·

138 5371 274 5445 copi
304 5369 598 5426 canonica
644 5368 892 5443 justitia.
934 5367 994 5426 si
1022 5382 1147 5442 qua
1192 5365 1375 5438 igitur
1417 5366 1479 5424 in
1526 5365 1796 5424 futurum

138 5457 551 5519 ecclesiastica
571 5456 947 5516 saculariue
965 5468 1251 5532 persona,
1275 5458 1393 5513 ete.

1900 4401 2095 4460 tuum,
2116 4390 2515 4465 apostolicam
2540 4389 3037 4462 benedictionem,
3056 4401 3115 4452 et
3133 4401 3439 4469 perpetuo
3462 4412 3557 4456 sa·

1900 4485 2038 4543 lutis
2067 4480 2527 4555 jucunditatem.

1972 4571 2172 4630 Totius
2207 4568 2480 4627 Ecclesiie
2517 4568 2796 4626 fidelibus
2833 4576 3085 4643 paterna
3124 4572 3441 4631 dilectione
3467 4574 3560 4632 fa-

1903 4660 2210 4720 miliariter
2235 4657 2635 4723 insinuamus,
2668 4659 2833 4730 quod
2863 4660 3182 4717 audientias
3208 4667 3433 4719 nostro
3459 4678 3559 4722 ve-

1901 4752 2093 4810 ridica
2134 4747 2462 4805 assertione
2490 4745 2745 4803 relatum
2771 4750 2886 4813 est,
2924 4750 3182 4820 qualiter
3227 4751 3556 4810 Fridericus

1904 4841 2050 4905 dux,
2082 4844 2252 4911 pater
2289 4834 2565 4892 Friderioi
2610 4835 3009 4908 imperatoris,
3049 4839 3387 4913 ecclesiam,
3419 4858 3556 4916 quae

1905 4926 2128 4985 dicitur
2153 4921 2538 4995 Hohenburg.
2563 4923 2624 4979 in
2644 4923 2873 4981 honore
2898 4931 3120 4984 sanctae
3141 4929 3240 4985 Dei
3259 4930 3559 5000 genitricis

1907 5018 2100 5076 Mariae
2130 5013 2465 5084 fundatam,
2493 5013 2553 5068 in
2583 5027 2708 5085 qua
2734 5016 3052 5087 requiescit
3078 5031 3300 5090 corpus
3330 5017 3391 5076 S.
3423 5018 3561 5077 Odi-

1904 5106 2001 5166 liae
2025 5102 2289 5176 virginis,
2312 5117 2420 5176 per
2447 5101 2830 5160 indiscretam
2856 5119 3054 5162 rerum
3081 5107 3456 5167 invasionem
3475 5108 3565 5167 di-

1907 5193 2283 5263 sturbaverit,
2314 5196 2374 5248 et
2407 5206 2604 5264 usque
2640 5194 2720 5250 ad
2764 5198 2999 5267 tempus
3026 5194 3133 5252 tilii
3165 5197 3259 5254 sui
3290 5198 3562 5256 Friderioi

1905 5282 2283 5358 imperatoris
2308 5295 2464 5354 pene
2491 5280 2858 5339 destructam
2889 5283 3189 5357 reliquerit
3219 5301 3237 5354 ;
3265 5287 3394 5361 ipse
3424 5302 3564 5346 vero

1906 5371 2239 5432 Fridericus
2250 5373 2664 5429 Romanorum
2682 5371 3008 5445 imperator
3029 5372 3241 5432 divina
3261 5377 3454 5448 gratia
3469 5376 3564 5435 in·

1905 5464 2175 5532 stinctae,
2203 5474 2316 5535 pro
2342 5464 2470 5519 tam
2494 5459 2822 5519 miserabili
2844 5462 3035 5538 patris
3058 5463 3275 5525 delicto
3303 5466 3564 5540 gravit«
