3784 6000
230 234 352 311 239
1312 226 1736 291 GUlLLELMl
1779 229 1884 292 ΤΥ
1895 228 2178 292 RENSIS
2221 231 2581 294 ARCHIEP.
3515 242 3639 304 210

229 380 468 443 rentur;
513 377 572 428 et
620 375 686 427 ut
728 369 957 442 legibus
1005 364 1279 423 humanis
1329 366 1386 422 in
1418 365 1548 436 eJus
1591 363 1873 438 obsequio
1901 363 1956 430 A
1985 365 2241 436 gregatis
2272 365 2511 421 navibus
2530 367 2823 437 quotquot
2850 380 2921 423 ex
2951 371 3191 442 utraque
3221 368 3488 430 fluminis
3506 375 3637 448 ripa

225 463 374 521 nibil
404 462 695 520 videretur
723 461 946 529 deesse,
975 457 1151 512 duces
1179 454 1354 511 etiam
1385 453 1630 524 itineris,
1662 455 1763 526 qui
1791 455 1874 511 eis
1983 451 2240 509 invenire
2272 452 2478 526 potuit,
2508 452 2767 527 legiones
2814 471 2952 513 suas
3001 458 3112 514 sub
3150 459 3310 516 omni
3339 461 3635 521 celeritate

225 567 414 626 usque
443 552 515 609 ad
548 550 748 609 urbem
783 549 1092 620 pra-essent
1121 545 1360 617 regiam,
1403 543 1708 602 concessit.
1749 546 1872 611 Quo
1982 541 2286 599 transferri
2335 543 2620 614 praecepit,
2672 560 2872 602 secum
2919 547 3156 604 trahens
3202 564 3408 623 greges
3452 555 3511 607 et
3537 569 3636 608 sr-

221 641 587 716 perveniens,
634 641 692 695 et
736 637 797 693 in
845 633 1211 709 praesentiam
1255 635 1475 692 domini
1506 633 1874 706 imperatoris
1984 638 2202 696 menta,
2231 630 2531 704 spoliaque
2573 632 2882 704 uberrima,
2933 651 3060 707 quae
3091 636 3321 695 deloco
3350 638 3636 698 violenter

219 729 629 797 indroductus,
678 726 752 782 ab
798 725 927 796 ejus
971 723 1228 780 obtinuit
1297 723 1752 796 magnificentia,
1807 727 1874 779 ut
1981 720 2214 778 effracto
2246 737 2439 794 usque
2485 723 2556 778 ad
2611 723 3034 782 redundantem
3078 727 3307 799 copiam
3333 729 3630 788 eduxerat.

218 832 403 892 usque
432 817 506 873 ad
551 815 862 873 adventum
892 811 1062 885 Petri,
1121 812 1192 868 de
1234 813 1405 884 cujus
1447 817 1730 885 praecepto
1759 810 1872 868 iter
1979 811 2195 874 Quibus
2225 811 2285 867 in
2318 810 2589 868 ulteriore
2618 811 2747 884 ripa
2768 812 3014 881 collatis,
3046 823 3177 872 ante
3202 816 3633 890 Bellegravam,

217 907 566 981 arripuerat,
595 904 913 963 exercitum
946 919 1120 960 suum
1151 901 1210 957 in
1242 900 1387 958 locis
1418 901 1549 957 urbi
1581 900 1865 968 finitimis,
1979 915 2155 970 quam
2183 906 2376 956 tamen
2399 916 2639 957 vacuam
2664 910 3020 974 repererunt,
3043 908 3441 965 castrametati
3464 914 3629 968 sunt.

214 994 446 1053 indulta
490 994 723 1053 emendi
770 990 1170 1064 vendendique
1196 989 1452 1059 licentia,
1491 989 1708 1047 babere
1738 1006 1870 1063 per·
1977 987 2140 1045 Unde
2187 1004 2321 1046 cum
2373 989 2652 1062 plaustris
2674 994 2729 1047 et
2773 991 3075 1062 vehiculis,
3107 1011 3240 1051 cum
3263 995 3540 1070 gregibus
3569 1003 3629 1056 et

215 1084 581 1144 mltteretur:
614 1082 769 1156 quod
802 1082 854 1140 ei
884 1079 1173 1139 concessit
1209 1079 1542 1152 imperator.
1977 1078 2277 1149 armentis,
2299 1080 2357 1136 et
2378 1079 2644 1137 universo
2663 1081 2964 1152 comitatu,
2992 1083 3197 1141 itinere
3217 1085 3446 1144 dierum
3471 1092 3625 1158 octo,

830 1186 1064 1247 CAPUT
1093 1184 1238 1243 X1x
1976 1184 2280 1226 nemorum
2330 1166 2446 1224 late
2488 1170 2811 1241 patentium
2860 1173 3155 1231 condensa
3203 1176 3625 1247 pertransiens,

211 1285 408 1342 pm
430 1278 675 1339 &remim
699 1278 1032 1346 sumamus
1054 1292 1151 1349 ’,η
1170 1275 1295 1332 flu„
1341 1274 1534 1334 ariam
1560 1277 1860 1337 granu-en,
1973 1261 2107 1312 ante
2140 1256 2339 1312 urbem
2370 1255 2495 1323 Niz,
2527 1258 2789 1315 turribus
2808 1264 2866 1315 et
2892 1277 3061 1317 muro
3082 1261 3271 1319 valido
3294 1265 3626 1322 munitissi-

575 1352 958 1425 Hunqarorum
987 1350 1154 1405 sentit
1179 1363 1279 1420 per
1321 1347 1505 1404 diam.
1972 1360 2150 1413 mam,
2185 1347 2239 1401 et
2268 1343 2406 1401 viris
2450 1344 2700 1403 fortibus
2746 1347 3038 1418 refertam,
3088 1366 3223 1407 cum
3270 1352 3395 1409 suis
3434 1353 3626 1411 astitit

282 1449 359 1503 At
385 1459 518 1503 vero
564 1445 792 1510 Petrus,
838 1441 972 1512 post
1015 1437 1136 1494 haec
1185 1454 1300 1495 non
1334 1436 1516 1494 multo
1556 1436 1860 1508 interjecto
1970 1432 2339 1504 legionibus;
2371 1438 2429 1490 et
2461 1433 2700 1491 flumine
2747 1438 2905 1508 quod
2936 1437 3204 1497 eamdem
3236 1440 3438 1499 urbem
3470 1459 3621 1514 prat·

212 1533 490 1609 temporis
535 1528 862 1600 intervallo,
929 1544 1065 1587 cum
1127 1524 1543 1584 innumerabili
1599 1526 1858 1583 exercitu
1969 1520 2202 1590 temnit,
2231 1520 2658 1594 perquemdam
2674 1528 2905 1594 pontem
2931 1525 3221 1597 lapideum
3244 1530 3616 1592 transmisso.

210 1628 550 1683 mmmm-30
595 1618 988 1691 Lotharingia,
1031 1616 1376 1684 Franconia,
1406 1615 1666 1685 Bavaria,
1708 1623 1761 1672 et
1791 1631 1861 1672 ea
1969 1617 2157 1668 castra
2186 1608 2401 1666 ibidem
2433 1614 2682 1667 metatus
2713 1616 2823 1668 est.
2860 1613 3125 1685 Dumque
3156 1615 3279 1686 ejtis
3305 1617 3617 1686 exercitus,

207 1713 445 1788 regione
482 1727 612 1786 quis
650 1709 881 1767 Austris
909 1707 1140 1768 dicitur.
1188 1721 1323 1762 cum
1353 1705 1624 1763 universa
1656 1704 1856 1762 multi·
1891 1737 1939 1804 B
1963 1699 2087 1772 jam
2109 1699 2412 1757 deficiente
2429 1699 2653 1768 viatico,
2677 1699 2867 1759 victus
2888 1701 3081 1774 inopia
3098 1703 3408 1776 laboraret
3433 1708 3621 1765 missa

207 1800 435 1871 tudine,
463 1815 643 1874 quam
674 1813 773 1854 rex
801 1794 961 1854 omni
994 1793 1233 1868 populu,
1264 1797 1324 1851 et
1353 1792 1632 1863 tribulus,
1662 1797 1720 1850 et
1746 1792 1860 1849 lin·
1969 1792 2256 1865 legatione
2286 1792 2358 1848 ad
2392 1791 2697 1865 praesidem
2728 1791 2999 1861 civitatis,
3045 1794 3233 1852 amice
3264 1796 3522 1867 postulat
3553 1803 3620 1856 ut

207 1889 362 1963 guis,
391 1891 450 1946 et
491 1885 830 1945 nationibus
885 1883 1212 1957 collegerat,
1261 1882 1434 1955 quasi
1481 1882 1552 1939 ad
1611 1883 1860 1953 quadra·
1968 1896 2164 1937 rerum
2197 1879 2510 1946 venalium,
2542 1884 2830 1937 eteorum
2865 1882 3116 1939 maxime
3158 1898 3286 1956 ques
3324 1884 3454 1942 vitas
3483 1896 3623 1944 sunt

205 1977 374 2055 ginta
418 1975 621 2050 millia,
669 1975 818 2033 fines
882 1973 1292 2046 Hungarorum
1357 1971 1649 2045 attigerat.
1699 1970 1860 2030 Unde
1967 1966 2318 2037 necessaria,
2372 1967 2542 2025 bonis
2591 1968 3049 2040 conditionibus,
3099 1979 3153 2029 et
3202 1974 3361 2044 justo
3410 1977 3619 2048 pretio,

207 2067 386 2127 missa
409 2065 703 2141 legatione
723 2065 796 2122 ad
826 2062 1132 2121 dominum
1165 2076 1380 2134 regem,
1409 2060 1768 2133 impetravit,
1791 2065 1859 2119 ut
1969 2057 2183 2130 populo
2210 2056 2629 2130 peregrinanti,
2652 2060 2711 2114 et
2730 2058 3027 2132 obsequiis
3051 2059 3263 2118 divinis
3288 2063 3621 2138 mancipato

204 2155 259 2215 si
287 2155 598 2231 pacificum
644 2153 814 2212 vellet
858 2151 1073 2209 babere
1119 2150 1447 2218 introitum,
1496 2154 1556 2206 et
1599 2150 1724 2207 sine
1752 2153 1855 2208 tu·
1969 2146 2068 2203 flat
2098 2145 2527 2203 commercium.
2563 2143 2664 2201 Ille
2693 2147 2903 2204 veroid
2934 2148 3272 2207 nullatenus
3296 2168 3468 2224 posse
3491 2153 3622 2210 fieri

205 2246 398 2305 multu
426 2249 486 2302 et
516 2241 813 2303 scandalis
834 2257 1079 2313 regnum
1097 2239 1225 2310 ejus
1249 2238 1624 2310 pertransire,
1645 2242 1703 2295 et
1730 2239 1857 2295 sine
1968 2236 2287 2309 respondit.
2331 2236 2446 2293 nisi
2498 2235 2660 2309 prius
2705 2237 2859 2293 datis
2890 2237 3193 2295 obsidibus
3233 2253 3294 2296 se
3330 2241 3618 2314 obligaret

204 2332 550 2393 difficultate
576 2331 769 2390 aditus
801 2332 1119 2402 praestetur.
1150 2330 1276 2392 Qua
1304 2333 1574 2400 suscepta
1602 2326 1852 2400 lieentia,
1966 2329 2274 2392 exercitus.
2308 2337 2369 2385 ut
2419 2329 2710 2402 indigenis
2759 2330 2946 2386 forum
2997 2329 3470 2391 ministrantibus
3509 2351 3616 2391 nec

206 2426 265 2480 et
291 2421 686 2480 conditionem
718 2419 1050 2493 approbans
1077 2415 1507 2488 interpositam,
1539 2433 1673 2474 eum
1714 2419 1856 2474 uni·
1964 2419 2204 2492 injuria,
2246 2434 2350 2475 nec
2401 2419 2490 2475 vis
2539 2419 2728 2491 maj0r
2758 2419 2879 2475 ulla
2910 2419 3211 2478 inferatur.
3246 2424 3371 2490 Qua
3402 2424 3616 2480 condi-

205 2509 392 2569 versls
417 2505 768 2581 legionibus,
801 2521 929 2579 quae
959 2520 1091 2562 eum
1134 2504 1551 2577 sequebantur,
1607 2522 1853 2579 regnum
1966 2505 2122 2563 tione
2146 2506 2421 2580 utrinque
2442 2505 2675 2578 placita,
2702 2506 2853 2563 datis
2874 2506 3201 2577 obsidibus,
3233 2510 3454 2581 egressi
3472 2516 3615 2567 sunt

206 2599 510 2673 ingressus
540 2600 651 2654 est.
683 2596 845 2664 Quod
865 2609 1001 2652 cum
1033 2593 1193 2652 omni
1214 2594 1640 2667 tranquillitate
1661 2603 1856 2656 trans-
1966 2596 2121 2652 cives
2147 2611 2341 2653 seeum
2375 2596 2700 2653 deferent&
2731 2595 2978 2653 Ἷθῠδῑῑῑ·

207 2703 471 2756 currens,
500 2685 911 2746 alimentorum
935 2684 1127 2741 multa
1153 2682 1339 2755 copia,
1367 2684 1530 2755 Justo
1562 2685 1769 2757 pretio,
1799 2690 1856 2745 et
2597 2703 2833 2761 CAPUT
2862 2703 2981 2762 xx,

205 2777 378 2841 bonis
407 2772 937 2834 conditionibusab
963 2771 1253 2845 indigenis
1283 2771 1633 2844 mInistrata,
1667 2791 1854 2850 usque
1962 2793 2117 2868 Apud
2145 2793 2247 2851 Nn
2273 2793 2464 2849 „rbem
2505 2794 2609 2849 Bul
2645 2794 2807 2862 ,gn-‹2›
2858 2797 3005 2853 inm.
3041 2797 3358 2868 mmmmm
3395 2801 3443 2854 ὃς
3476 2799 3609 2854 321,

205 2867 280 2927 ad
308 2865 580 2943 superius
610 2867 990 2921 memoratam
1041 2860 1389 2920 Malevillam
1436 2863 1712 2934 pervenit.
1744 2864 1854 2922 Ubi
2250 2881 2418 2938 qai-os
2447 2869 2602 2922 tumn
2627 2876 2714 2922 tus
2745 2868 2928 2924 oritur
2954 2869 3312 2939 periculosus.

205 2955 501 3017 intellecto
515 2952 674 3030 quod
693 2951 1062 3012 consortibus
1078 2966 1301 3022 eorum,
1325 2951 1424 3026 qui
1448 2951 1746 3011 Galterum
1769 2968 1853 3011 se·
2035 2955 2207 3012 Facta
2234 2961 2320 3011 est
2349 2953 2522 3027 igitur
2549 2954 3012 3027 expeditionibus
3045 2955 3334 3014 universis
3364 2956 3611 3016 alimen·

205 3048 350 3117 cuti,
370 3039 1348 3120 eospraecesserant,multamillius
1368 3041 1481 3100 loci
1501 3041 1850 3102 habitatores
1961 3049 2152 3103 torum
2203 3043 2429 3117 plenior
2479 3042 2857 3112 abundantia,
2919 3044 3151 3101 emendi
3202 3046 3611 3118 vendendique

205 3136 529 3196 intulerant
547 3134 845 3207 injuriam,
866 3136 922 3190 et
948 3130 1304 3203 impietatem
1336 3149 1452 3190 non
1484 3134 1770 3192 modicam
1792 3135 1850 3191 in
1881 3098 1934 3166 G
1964 3134 2358 3192 contractibus
2398 3136 2604 3189 mutua
2645 3132 2926 3189 charitate
2974 3132 3121 3191 inter
3151 3137 3465 3206 utrumque
3505 3151 3610 3205 po-

206 3243 304 3285 eos
350 3226 769 3292 exercuerant;
817 3221 1076 3278 videntes
1121 3219 1297 3277 etiam
1337 3237 1539 3279 eorum
1582 3219 1769 3297 spolia
1797 3232 1855 3286 et
1964 3223 2166 3299 pulum
2198 3222 2539 3291 celebratis;
2567 3221 2968 3295 noctequeilla
2995 3221 3057 3279 in
3088 3223 3245 3281 omni
3277 3223 3613 3296 tranquilli-

206 3331 370 3376 arma
407 3311 794 3371 nibilominus
830 3310 889 3366 in
921 3325 1090 3366 muro
1116 3309 1389 3379 civitatis,
1412 3312 1580 3383 quasi
1620 3329 1720 3385 pro
1741 3315 1855 3369 tro·
1967 3317 2080 3369 tate
2109 3318 2168 3371 et
2199 3317 2400 3369 mutua
2429 3312 2709 3368 charitate
2752 3316 3111 3379 transcursa,
3163 3328 3395 3368 summo
3435 3329 3615 3370 mane

206 3422 328 3479 poeo
358 3401 762 3476 dependentia,
776 3399 1045 3473 justaira
1070 3400 1358 3471 succensi,
1391 3401 1660 3473 protinus
1693 3418 1856 3460 arma
1965 3402 2211 3476 receptis
2252 3401 2573 3472 obsidibus,
2618 3402 2688 3458 ad
2733 3400 2845 3457 iter
2887 3400 3289 3473 accinguntur.
3341 3401 3615 3475 Dumque

206 3494 545 3567 corripiunt.
571 3497 630 3550 et
658 3507 721 3550 se
757 3491 1008 3549 invicem
1056 3489 1452 3561 exhortantes,
1494 3492 1696 3549 urbem
1727 3492 1854 3550 vio·
1963 3496 2159 3549 essent
2187 3492 2247 3548 in
2269 3490 2711 3564 proficiscendo,
2734 3494 2791 3547 et
2812 3490 3002 3563 maJor
3030 3507 3157 3562 pars
3187 3491 3608 3563 praecessisset,

206 3586 392 3644 lenter
419 3582 767 3657 infringunt,
798 3577 1007 3639 incolis
1038 3595 1185 3652 pene
1212 3579 1493 3639 omnibus
1538 3585 1639 3637 aut
1668 3580 1852 3640 inter·
1961 3582 2080 3637 imo
2112 3597 2256 3653 pene
2299 3580 2491 3637 omnis
2520 3579 2847 3648 exercitus;
2878 3578 3118 3653 quidam
3150 3580 3365 3636 turbati
3399 3582 3612 3655 capitis

203 3674 415 3749 emptis
441 3672 658 3747 gladic,
690 3674 789 3729 aut
815 3671 874 3729 in
906 3669 1091 3728 vicino
1122 3669 1365 3727 flumine
1407 3670 1752 3729 submersis.
1786 3676 1850 3730 In
1961 3670 2250 3737 homines,
2282 3674 2339 3727 et
2368 3669 2565 3726 divina
2584 3667 3087 3726 animadversione
3112 3667 3295 3743 digni,
3321 3686 3612 3735 memores

201 3782 317 3839 quo
349 3762 623 3830 tumultu,
656 3777 860 3820 eorum
882 3760 1106 3819 meritis
1137 3760 1195 3817 id
1218 3758 1603 3834 exigentibus,
1631 3760 1732 3819 illa
1756 3763 1850 3821 die
1960 3759 2101 3816 satis
2159 3760 2369 3816 irivolae
2418 3758 2830 3829 contentionis,
2897 3773 3070 3829 quam
3117 3758 3388 3816 besterna
3436 3769 3612 3825 nocte

199 3852 482 3911 cecidisse
520 3852 796 3909 dicuntur
824 3851 896 3907 de
942 3850 1236 3923 Hungaris
1286 3851 1455 3923 quasi
1502 3852 1570 3907 ad
1602 3857 1851 3923 quatuor
1959 3865 2093 3908 cum
2114 3850 2360 3922 quodam
2387 3848 2632 3921 Bulgaro
2650 3848 2977 3905 habuerant
2992 3849 3297 3906 occasione
3312 3853 3611 3913 vendendi

201 3942 427 4013 millia;
457 3942 530 3998 de
560 3940 934 4013 expeditione
961 3955 1093 3997 vero
1117 3939 1290 4010 Petri,
1321 3945 1551 3997 eentum
1574 3940 1850 4000 dicuntur
1955 3938 2327 4012 emendique,
2358 3938 2611 4012 separati
2640 3937 3066 4010 aliquantulum
3088 3954 3125 3995 a
3144 3940 3610 4011 procedentibus

199 4028 564 4088 occubuisse.
605 4029 699 4085 Sic
757 4029 939 4101 lgltur
1013 4029 1154 4085 urbe
1228 4033 1492 4103 correpta
1546 4029 1845 4103 violenter,
1955 4029 2309 4105 agminibus,
2359 4031 2579 4101 septem
2616 4026 2987 4093 molendinis,
3018 4044 3145 4100 quoe
3184 4028 3354 4100 Juxta
3390 4033 3612 4103 predi-

199 4118 459 4191 quinque
488 4116 695 4172 diebus
721 4114 1015 4172 continuis
1045 4121 1394 4174 manserunt
1414 4117 1472 4174 in
1495 4134 1582 4187 ea,
1611 4124 1847 4194 propter
1953 4123 2113 4176 ctum
2155 4122 2394 4191 pontem
2442 4119 2500 4174 in
2533 4117 2773 4174 flumine
2802 4114 3201 4187 volvebantur,
3232 4118 3427 4190 ignem
3467 4138 3611 4195 sup-

99 4247 119 4264 .
197 4206 633 4275 alimentorum,
665 4219 845 4277 quam
879 4203 939 4259 in
969 4220 1036 4259 ea
1083 4210 1424 4276 repererunt
1461 4205 1842 4278 opulentiam.
1952 4212 2259 4282 ponentes,
2305 4206 2493 4264 subito
2539 4207 2950 4265 converterunt
2996 4206 3058 4262 in
3104 4206 3382 4263 favillam.
3421 4209 3609 4270 Erant

194 4299 264 4352 At
291 4311 427 4352 vero
457 4293 842 4368 Bulgarorum
872 4295 1006 4362 dux,
1044 4293 1273 4352 Nichita
1293 4297 1565 4368 nomime,
1591 4298 1691 4371 qui
1713 4297 1840 4357 Gal·
1953 4297 2214 4371 praedieti
2239 4296 2343 4354 mii
2364 4296 2541 4354 Belial
2561 4295 2793 4353 ustione
2813 4293 3136 4366 Teutonici,
3160 4312 3406 4354 numero
3429 4302 3606 4372 quasi

192 4391 318 4443 tero
345 4389 403 4441 et
430 4383 559 4456 ejus
590 4382 921 4457 legionibus
944 4398 1134 4439 rerum
1156 4383 1444 4441 venalium
1473 4385 1659 4443 forum
1678 4388 1843 4461 prius
1949 4390 2226 4444 centum:
2259 4386 2355 4458 qui
2387 4388 2582 4454 etlam,
2613 4401 2747 4442 cum
2794 4401 2993 4442 eorum
3041 4402 3156 4443 non
3190 4386 3483 4445 sufficeret
3512 4389 3606 4448 su·

194 4473 589 4543 interdixerat,
629 4472 963 4546 intelligens
1003 4473 1157 4544 quod
1200 4472 1586 4530 Malevillanis
1636 4493 1738 4547 pro
1767 4494 1833 4534 eo
1872 4435 1919 4501 D
1950 4476 2088 4547 rori,
2120 4476 2275 4549 quod
2307 4474 2740 4541 commiserant,
2764 4474 3102 4546 adjecerunt
3131 4475 3332 4545 etiam,
3366 4483 3427 4532 ut
3458 4494 3608 4550 quo-

190 4564 347 4638 quod
376 4562 438 4620 in
467 4563 798 4635 precedens
840 4561 966 4634 ipse
1014 4577 1241 4634 quoque
1288 4560 1636 4635 deliquerat,
1686 4567 1834 4622 sub·
1946 4565 2212 4623 rumdam
2243 4563 2557 4633 domicilia,
2581 4580 2709 4636 quae
2729 4567 2890 4620 extra
2911 4563 3062 4619 muri
3085 4568 3252 4621 erant
3275 4565 3598 4641 ambitum,

187 4656 501 4727 sequentes
531 4652 591 4710 in
621 4668 755 4709 eum
795 4649 1011 4708 vellent
1039 4650 1370 4720 refundere,
1414 4651 1614 4708 relicta
1656 4653 1834 4712 Belle·
1945 4671 2062 4712 non
2076 4653 2293 4726 dispari
2315 4654 2577 4726 nequitia
2597 4654 3034 4711 succenderent.
3054 4652 3603 4730 consummatoque

184 4759 379 4816 grava,
410 4742 502 4800 cui
532 4745 793 4815 preerat,
816 4740 888 4797 de
918 4739 1026 4797 loci
1049 4740 1323 4797 diffidens
1354 4739 1698 4814 munitione,
1732 4761 1836 4801 au·
1944 4743 2184 4813 scelere,
2234 4742 2423 4799 turbis
2475 4743 2910 4812 innocentibus,
2962 4746 3241 4815 tanquam
3292 4746 3600 4806 commissi

185 4833 352 4904 fugit.
387 4832 520 4889 Loci
554 4847 689 4889 vero
746 4827 952 4887 incolae
1003 4846 1139 4887 cum
1190 4846 1299 4887 sua
1328 4830 1577 4904 quisque
1607 4832 1832 4889 familia
1945 4832 2214 4891 maleficii
2247 4832 2661 4889 conscientiam
2703 4849 2818 4890 non
2850 4833 3156 4901 babentes,
3190 4849 3368 4891 cursu
3400 4840 3601 4892 matu·

181 4920 466 4993 oppidum
496 4919 880 4976 nihilominus
909 4920 1263 4986 deserentes,
1298 4936 1432 4976 cum
1466 4920 1742 4994 gregibus
1773 4927 1832 4979 et
1941 4926 2065 4982 rato
2094 4923 2409 4995 adjungere
2441 4938 2503 4979 se
2532 4927 2890 4995 sategerunt.
2922 4924 2997 4978 At
3025 4939 3158 4980 vero
3189 4924 3328 4995 dux,
3360 4924 3458 4997 qui
3493 4940 3597 4983 eos

181 5006 463 5066 armentis
505 5006 563 5061 in
598 5024 776 5080 opaca
804 5008 1103 5079 silvarum,
1152 5011 1211 5063 et
1259 5024 1560 5065 nemorum
1609 5011 1827 5082 abdita,
1938 5014 2184 5086 benigne
2236 5013 2375 5070 satis
2424 5017 2589 5070 nocte
2636 5016 2980 5069 tractaverat
3039 5012 3339 5081 hesterna,
3387 5013 3596 5072 videns

179 5095 349 5171 longe
380 5093 624 5152 interius
664 5110 727 5152 se
774 5098 1166 5154 contulerunt.
1216 5097 1423 5155 Petrus
1460 5106 1654 5156 autem
1685 5102 1825 5160 dum
1937 5104 2091 5177 quod
2126 5120 2237 5160 non
2270 5102 2414 5160 satis
2443 5104 2494 5159 ei
2525 5102 2946 5175 responderant
2975 5102 3152 5174 digne
3186 5118 3290 5174 pro
3321 5101 3544 5159 meritis
3574 5123 3591 5173 ς

176 5187 368 5243 adhuc
391 5184 447 5241 in
477 5187 803 5257 expugnato
835 5186 1096 5255 presidio
1129 5202 1350 5243 moram
1403 5187 1639 5258 faceret,
1680 5189 1826 5248 rela-
1936 5192 2159 5250 scilicet
2188 5208 2291 5265 pro
2321 5192 2522 5249 collato
2554 5191 2856 5257 beneflcio,
2899 5190 3254 5264 supplicium
3287 5196 3593 5263 reportare

172 5273 330 5332 tione
360 5275 747 5348 quorumdam
771 5272 1031 5342 edoctus,
1064 5276 1339 5347 quodrex
1362 5274 1671 5350 Hungariae
1693 5295 1826 5336 suo·
1933 5282 2286 5355 cogebatur:
2320 5293 2636 5352 paucorum
2667 5280 3073 5351 commissum,
3102 5296 3219 5337 non
3252 5295 3420 5351 oequo
3440 5282 3593 5337 satis

173 5378 305 5419 rum
328 5365 605 5435 stragem,
636 5378 815 5437 quam
863 5363 1145 5435 audierat,
1192 5362 1372 5446 nimis
1421 5380 1569 5438 aegre
1610 5366 1820 5439 ferens,
1924 5370 2173 5443 judicio,
2225 5370 2539 5427 refundens
2583 5369 2643 5424 iu
2675 5385 2904 5441 omues,
2948 5370 3251 5426 universos
3282 5369 3593 5441 praedones

173 5450 457 5509 militares
485 5465 556 5508 ex
584 5452 853 5509 universo
895 5468 1074 5526 regno
1123 5440 1471 5512 convocaret
1510 5454 1729 5530 copias,
1760 5463 1823 5515 st
1932 5462 2234 5533 reputans
2303 5463 2361 5516 et
2414 5456 2842 5516 incendiarios.
2916 5460 3069 5517 cives
3124 5464 3348 5527 evocat,
3410 5475 3592 5518 arma

169 5539 232 5601 ln
268 5553 511 5598 suorum
538 5538 820 5597 ultionem
859 5539 1263 5613 accingeretur
1291 5542 1641 5619 animosius,
1676 5546 1817 5604 con'-
1905 5539 2129 5606 m'onet
2152 5548 2480 5622 corripere;
2504 5551 2562 5605 et
2598 5547 2722 5621 ipse
2752 5548 2997 5621 praevius
3026 5564 3163 5607 cum
3203 5546 3382 5620 igenti
3431 5547 3592 5609 mul-
