3784 6000
195 243 314 307 467

194 403 375 456 more,
407 385 738 444 celebritate
769 383 1047 458 paschali,
1083 401 1179 440 rex
1208 400 1306 456 per
1337 384 1488 439 viros
1521 381 1835 457 prudentes
1861 384 1915 450 Α

191 481 250 534 et
274 476 991 534 exhortationisliabentes
1021 475 1288 545 gratiam,
1313 473 1515 530 classis
1548 472 1832 546 praedictae

66 580 75 587 “
190 567 477 634 consules,
507 565 683 622 simul
714 570 772 622 et
812 566 1060 636 majores
1092 568 1254 635 natu,
1286 569 1343 621 et
1372 571 1702 620 turmarum
1731 580 1833 620 ca-

189 655 329 729 pita,
361 656 662 711 convenire
690 653 848 721 facit,
882 654 1278 724 interrogans:
1330 655 1518 712 Utrum
1565 651 1836 709 redeundi

188 744 446 801 haberent
472 746 843 816 propositum,-
889 753 987 801 aut
1033 747 1259 801 servitio
1289 746 1475 801 divino
1523 745 1603 800 od
1652 746 1833 798 incre-

189 840 437 890 mentum
467 836 630 906 requi
657 850 752 904 per
781 842 984 905 tempus
1022 834 1262 906 aliquod,
1312 834 1530 890 honesto
1578 833 1833 903 deputato

186 923 410 991 salario,
433 939 489 979 se
517 923 689 979 velint
720 927 1056 994 mancipare.
1090 923 1195 987 Qui
1240 922 1668 979 communicato
1700 939 1831 979 cum

191 1011 315 1069 suis
345 1012 609 1075 consilio,
630 1015 1055 1085 responderunt
1079 1031 1092 1071 :
1118 1013 1277 1084 Quod
1305 1014 1361 1069 si
1388 1011 1622 1069 honestis
1643 1012 1831 1069 eondi-

188 1101 426 1160 tionibus
464 1105 523 1158 in
553 1118 733 1171 reqno
762 1107 975 1175 possent
1003 1117 1213 1158 moram
1248 1104 1454 1173 tacere,
1501 1104 1836 1174 propositum

187 1190 270 1248 sis
298 1201 437 1258 erat,
467 1199 523 1247 et
547 1193 735 1263 fuerat
764 1192 830 1247 nb
862 1191 1051 1255 initio,
1085 1192 1145 1247 in
1176 1191 1273 1249 Dei
1301 1190 1524 1247 servitio
1553 1191 1623 1247 cd
1654 1193 1835 1248 inere-

187 1284 434 1336 mentum
461 1280 622 1351 teani
651 1281 889 1345 fideliter
916 1297 1013 1353 per
1039 1285 1247 1353 tempus
1286 1281 1509 1353 aliquod
1545 1280 1831 1337 desudare.

188 1370 377 1429 Paetis
406 1386 543 1443 ergo
570 1370 705 1426 binc
736 1371 870 1426 inde
910 1372 982 1426 ad
1032 1387 1347 1435 coni-'ruam
1393 1371 1832 1425 consonantiam

186 1458 460 1524 redactis,
491 1463 778 1515 statutum
821 1459 972 1515 inter
1017 1474 1137 1528 eos,
1187 1460 1619 1529 etjuramentis
1652 1459 1834 1515 inter·

186 1548 393 1618 positis
451 1548 882 1617 confirmatum,
937 1549 1090 1620 quod
1124 1548 1371 1621 quandiu
1419 1565 1540 1604 cum
1568 1548 1831 1620 predicta

180 1637 352 1695 classi
370 1637 428 1693 in
456 1652 622 1708 reqno
642 1635 1086 1694 vellentmorom
1117 1640 1325 1709 lacere,
1345 1639 1398 1694 si
1430 1641 1745 1710 quampiam
1765 1637 1832 1694 de

184 1725 412 1783 urbibus
442 1727 698 1795 hostium,
729 1726 816 1783 vel
844 1727 1055 1799 oppidis
1082 1743 1180 1799 per
1199 1744 1392 1785 eorum
1412 1729 1686 1784 auxilium
1717 1729 1832 1783 vio-
1865 1756 1912 1821 B

182 1815 361 1872 lenter
385 1819 509 1888 capi
534 1819 891 1885 continqeret,
923 1819 1142 1873 tertiam
1182 1823 1400 1890 partem
1439 1819 1830 1875 manubiarum

180 1910 234 1960 st
257 1906 509 1975 pecuniae
545 1904 621 1960 ab
664 1902 907 1961 hostibus
953 1905 1179 1973 abtatae,
1227 1907 1347 1962 sine
1392 1909 1544 1963 omni
1573 1908 1831 1963 molestia

180 1992 673 2051 haberentsuorum
687 1995 1033 2052 consortibus
1049 1995 1420 2067 dividendam,
1438 1998 1668 2070 reliquis
1689 1997 1826 2053 dua-

181 2082 279 2141 bus
304 2083 531 2141 domino
572 2088 692 2155 reqi
746 2089 1098 2142 conservatis.
1143 2089 1368 2158 Insuper
1409 2093 1461 2144 el
1494 2089 1553 2143 in
1582 2087 1826 2160 qualibet

115 2182 123 2189 “
177 2176 482 2243 civitatum,
516 2191 634 2246 quas
660 2175 845 2232 eodem
879 2185 1069 2232 tenore
1101 2178 1526 2233 vindicarentur
1556 2178 1622 2232 ab
1653 2175 1825 2232 hosti-

177 2263 294 2331 bus,
324 2263 508 2321 vicum
526 2279 724 2331 unum,
754 2265 852 2337 qui
868 2268 1134 2337 proprius
1175 2273 1311 2322 esset
1341 2266 1548 2322 civium
1577 2268 1827 2323 Jonuen-

173 2353 342 2418 sium,
363 2368 434 2408 ex
459 2361 733 2424 compacto
763 2357 1090 2424 reciperent.
1120 2355 1233 2410 Hae
1254 2355 1434 2428 igitur
1464 2372 1566 2425 spe
1596 2360 1824 2412 erectus

172 2439 448 2496 dominus
480 2456 598 2507 rex,
621 2446 679 2498 et
706 2441 778 2497 de
799 2442 1016 2498 coelesti
1036 2459 1395 2513 praesumens
1427 2444 1660 2507 auxilio,
1687 2460 1824 2502 con-

172 2528 427 2600 gregatis
458 2526 528 2583 de
551 2527 903 2598 civitatibus,
928 2546 1072 2600 quas
1105 2530 1378 2600 habebat,
1413 2536 1529 2587 tam
1561 2534 1820 2605 equitum

173 2630 353 2686 quam
389 2615 653 2687 peditum
686 2615 1036 2672 militaribus
1083 2620 1289 2689 copiis,
1318 2622 1499 2675 Arsur
1541 2623 1821 2692 oppidum

170 2703 533 2761 maritimum
563 2703 706 2760 mari
739 2711 797 2760 et
819 2710 972 2763 terra
1001 2706 1304 2762 obsidione
1334 2706 1530 2764 vallat.
1578 2709 1682 2766 Est
1710 2729 1821 2768 au-

174 2795 292 2849 tem
325 2793 418 2850 bic
444 2794 624 2858 locus,
649 2794 746 2866 qui
774 2793 888 2851 alio
919 2795 1156 2852 nomine
1180 2797 1545 2869 Antipatrida
1569 2802 1821 2871 appella-

168 2885 287 2948 tur,
320 2881 392 2939 ab
425 2882 666 2940 Herodis
699 2884 961 2956 genitore
1009 2885 1313 2957 Antipatro
1353 2887 1436 2943 sic
1469 2890 1817 2960 appellatus,

168 2969 327 3030 loeus
358 2972 524 3042 uber,
546 2972 827 3029 silvarum
861 2978 920 3031 et
968 2991 1316 3048 pascuorum
1353 2977 1568 3035 multas
1594 2978 1819 3039 babens

169 3060 640 3120 commoditates.
673 3061 837 3118 Hunc
857 3062 1048 3119 locum
1071 3081 1225 3121 anno
1248 3067 1536 3135 praeterito
1558 3069 1675 3125 dux
1696 3070 1813 3126 Go-

170 3149 432 3206 detridus
466 3150 623 3205 bonae
658 3153 969 3219 memorias,
1023 3153 1325 3209 obsidione
1356 3154 1682 3225 clauserat;
1717 3159 1813 3214 sed

167 3236 374 3295 videns
393 3239 546 3310 quod
569 3255 680 3296 non
705 3241 1025 3310 proficeret,
1048 3257 1159 3297 non
1180 3243 1338 3298 enim
1365 3244 1610 3317 navigiis
1634 3246 1817 3302 abun-

168 3325 362 3396 dabat,
399 3332 462 3383 ut
495 3329 790 3385 marinum
836 3330 1095 3386 obsessis
1128 3340 1321 3403 posset
1361 3350 1660 3391 aceessum
1690 3337 1814 3402 ,im-

168 3416 393 3491 pedire,
412 3415 630 3474 intecto
651 3434 915 3475 reversus
935 3424 1024 3475 est
1044 3421 1289 3491 negotio.
1304 3421 1447 3478 Cum
1473 3423 1649 3496 igitur
1668 3443 1817 3496 prse-

167 3504 407 3574 sidium,
441 3504 648 3562 locatis
679 3506 737 3562 in
766 3524 970 3580 gyrum
992 3509 1357 3580 agminibus,
1389 3512 1813 3572 circumdedis-

167 3599 316 3664 sent,
345 3594 647 3650 castellum
683 3595 937 3667 praecipit
967 3612 1033 3652 ex
1068 3600 1293 3666 magnis
1324 3600 1585 3659 trabibus
1618 3603 1820 3661 frabri-

167 3684 286 3740 oari
313 3700 327 3739 :
361 3700 476 3756 quo
506 3686 825 3754 composito
855 3691 914 3742 et
947 3688 1235 3744 artificum
1264 3689 1653 3750 sollicitudine
1683 3710 1818 3751 moe-

165 3772 338 3828 nibus
353 3772 665 3847 applicato,
684 3791 796 3846 pree
811 3778 1248 3833 ascendentium
1275 3780 1666 3849 multitudine,
1686 3801 1819 3841 cum

166 3862 364 3918 minus
397 3878 572 3934 quam
605 3864 908 3935 expediret
930 3865 987 3920 in
1021 3881 1082 3922 se
1110 3865 1349 3923 baberet
1378 3869 1712 3940 soliditatis,
1747 3877 1818 3931 ad

168 3952 386 4006 terram
435 3952 796 4008 confractum
849 3953 1080 4010 decidit.
1123 3958 1245 4023 Quo
1289 3972 1426 4014 casu
1484 3961 1554 4016 de
1602 3964 1820 4020 nostris

170 4037 336 4109 quasi
387 4044 622 4094 centum
673 4040 927 4111 graviter
985 4042 1108 4100 laesi
1157 4050 1326 4116 sunt;
1371 4048 1605 4119 quidam
1645 4053 1819 4109 etiam

169 4125 324 4196 capti
355 4126 426 4182 ab
459 4126 746 4194 hostibus,
780 4145 927 4199 quos
960 4130 1018 4187 in
1051 4138 1382 4191 nostrorum
1418 4141 1719 4209 praesentia
1745 4143 1821 4199 at'·

168 4211 421 4269 fixerunt
472 4216 783 4286 patibulis:
819 4233 935 4288 qua
982 4219 1382 4290 indignatione
1422 4232 1621 4285 noster
1651 4231 1816 4288 vehe-

170 4303 397 4356 menter
415 4305 1040 4374 estmotusexercitus;
1065 4313 1153 4365 est
1177 4311 1453 4371 instantes
1474 4317 1818 4389 animosius,

169 4388 366 4444 hostes
392 4386 544 4444 infra
578 4389 781 4446 urbem
824 4393 1117 4464 cohibent,
1158 4402 1321 4455 tanta
1380 4409 1575 4474 captos
1625 4407 1821 4465 formi-

164 4476 323 4543 dine,
354 4481 418 4533 ut
442 4478 565 4548 jam
610 4477 681 4533 de
710 4480 801 4536 sui
832 4479 1166 4542 defensione
1216 4503 1320 4544 nec
1351 4490 1526 4547 etiam
1560 4495 1816 4568 cogitare
1847 4474 1893 4539 Ῑ)

162 4566 514 4624 viderentur.
546 4565 736 4624 Nostri
769 4584 903 4628 vero
924 4572 1232 4645 applicatis
1261 4578 1333 4634 ad
1357 4595 1590 4638 murum
1614 4584 1811 4657 scalis,

157 4656 283 4729 jam
315 4659 506 4715 turres
552 4660 610 4714 et
658 4658 869 4716 moenia
915 4662 1265 4721 videbantur
1311 4684 1642 4744 occupasse,
1680 4690 1814 4733 cum

165 4761 299 4803 ecce
328 4747 603 4820 oppidani
635 4749 706 4804 de
726 4748 842 4806 vita
862 4751 1261 4824 desperantes,
1285 4759 1816 4828 perintereessores

167 4835 318 4906 apud
351 4837 654 4894 dominum
688 4854 882 4913 regem
913 4842 1181 4901 obtinent
1202 4850 1286 4913 ut,
1320 4850 1610 4920 resignato
1628 4854 1814 4911 muni-

167 4923 342 4994 cipio,
372 4926 481 4995 ipsi
512 4943 646 4984 cum
672 4929 871 4985 liberis
901 4935 958 4987 et
980 4935 1283 5006 uxoribus,
1308 4939 1548 4997 mobilia
1577 4959 1686 5000 sua
1725 4945 1813 5002 de·

167 5014 448 5079 serentes,
478 5012 724 5072 liberum
756 5021 1213 5094 ettranquillum
1237 5025 1485 5084 habeant
1507 5032 1724 5088 exitum
1756 5038 1813 5090 et

166 5115 354 5172 usque
378 5102 722 5161 Ascalonam
753 5122 1020 5166 securum
1053 5111 1351 5172 ducatum.
1395 5120 1635 5190 Captum
1674 5138 1810 5194 ergo

165 5189 496 5260 praesidium
522 5192 736 5249 relictis
754 5194 832 5250 ibi
855 5200 1215 5278 custodibus,
1240 5206 1338 5276 qui
1369 5207 1559 5265 locum
1580 5213 1812 5280 provide

163 5280 489 5349 tuerentur,
548 5283 869 5342 Caesaream
931 5290 1237 5350 confestim
1287 5297 1452 5366 adiit,
1503 5315 1627 5356 eam
1682 5302 1810 5361 sine

164 5365 442 5427 dilatione
472 5370 845 5433 obsessurus.

1261 241 1693 307 GUILLELMI
1740 243 2124 306 TYRENSIS
2165 243 2532 308 ARCHIEP.

3479 248 3599 313 468

1945 469 2093 527 Idem
2130 486 2229 530 rex
2281 474 2587 533 caesaream
2635 473 2857 543 obsidet,
2901 472 3091 529 urbem
3132 470 3503 540 maritimam,
3543 476 3599 528 st

2463 547 2733 603 obsessam
2763 547 3072 617 impugnat.

2019 659 2112 713 Est
2139 660 2330 712 nutem
2364 654 2622 711 Caeearea
2651 652 2790 709 urbs
2821 651 2878 708 iu
2913 651 3226 707 maritimis
3249 650 3594 719 constituta,

1945 749 2114 818 cujus
2149 748 2400 815 priscum
2433 759 2642 800 nomen
2675 748 2766 798 est
2803 743 3004 798 Turris
3045 741 3354 798 Stratonis.
3407 738 3591 811 Hanc,

1948 842 2012 893 ut
2040 841 2258 892 veteres
2287 833 2503 890 babent
2531 832 2805 897 historias,
2837 829 3093 888 Herodes
3120 831 3314 887 senior
3342 830 3593 902 amplia-

1945 927 2045 992 vit,
2078 930 2136 981 et
2178 924 2475 980 nobilibus
2521 920 2780 977 aedissciis
2820 920 3184 992 insignitam,
3213 918 3275 976 in
3309 919 3591 977 honorem

1944 1014 2185 1073 Caesaris
2208 1013 2474 1086 Augusti,
2506 1011 2813 1068 Casaream
2835 1007 3170 1082 appellavit,
3203 1007 3472 1066 secundas
3491 1010 3595 1065 Pa·

1943 1104 2190 1174 lestinis,
2222 1102 2464 1159 Romani
2497 1100 2778 1174 principis
2807 1099 3172 1169 auctoritate,
3223 1097 3591 1171 metropolim

1944 1193 2327 1250 constituens.
2348 1193 2446 1248 Est
2466 1195 2662 1246 autem
2687 1187 2874 1257 locus,
2891 1203 3177 1260 aquarum
3201 1186 3510 1243 fluentium
3533 1190 3592 1244 et

1945 1283 2243 1340 hortorum
2276 1280 2631 1352 irriguorum
2672 1279 2894 1335 babens
2926 1276 3241 1349 plurimam
3271 1275 3591 1333 commodi-

1943 1377 2119 1430 tatem
2144 1392 2159 1443 ;
2195 1376 2359 1444 portu
2394 1386 2617 1437 carens,
2642 1370 2913 1441 quamvis
2933 1367 3005 1424 de
3033 1367 3234 1423 eodem
3257 1366 3482 1423 Herode
3513 1365 3594 1422 le-

1943 1469 2113 1537 gatur
2139 1461 2317 1534 quod,
2351 1459 2551 1515 multis
2583 1458 2917 1531 sumptibus
2944 1463 3002 1513 et
3033 1471 3170 1512 cura
3200 1454 3595 1528 diligentiore,

1943 1553 2231 1610 inutiliter
2259 1559 2451 1608 tamen
2481 1548 2890 1617 elaboraverit,
2909 1551 2970 1603 ut
3002 1549 3188 1602 tutam
3216 1545 3294 1602 ibi
3324 1544 3587 1618 aliquam

1944 1644 2192 1700 navibus
2225 1643 2505 1714 praeberet
2535 1639 2865 1696 stationem.
2899 1636 2984 1692 Ad
3017 1651 3192 1708 quam
3224 1650 3361 1692 eum
3394 1652 3591 1708 perve-

1944 1732 2129 1789 nisset
2156 1748 2253 1787 rex
2282 1746 2414 1787 cum
2457 1746 2564 1786 suo
2594 1728 2870 1794 exercitu,
2903 1726 3092 1783 classe
3128 1740 3263 1782 cum
3297 1740 3402 1796 per
3430 1740 3592 1782 mare

1939 1824 2123 1894 aequis
2155 1822 2424 1892 passibus
2456 1822 2864 1893 prosequente,
2902 1815 3261 1872 obsidionem
3300 1814 3497 1872 locant
3525 1815 3587 1872 in

1938 1912 2185 1969 circuitu
2204 1906 2931 1979 etmachinisjaeulatoriis
2944 1905 3218 1979 congruis
3230 1905 3588 1962 stationibus

1938 2002 2259 2073 dispositis,
2281 2001 2484 2056 urbem
2518 1999 2868 2071 impugnant
2896 1995 3238 2064 animosius,
3270 2000 3328 2051 et
3357 1995 3584 2052 crebris

1936 2089 2449 2162 congressionibus
2478 2088 2633 2145 circa
2663 2094 2859 2160 portas
2889 2086 3137 2143 civitatis
3177 2084 3404 2141 civibus
3434 2085 3585 2141 irro-

1935 2185 2076 2252 gant
2093 2178 2461 2236 formidinem
2488 2195 2504 2245 ;
2538 2192 2996 2250 magnorumque
3028 2173 3334 2232 molarium
3358 2173 3586 2231 immis-

1936 2270 2202 2327 sionibus
2219 2274 2408 2324 turres
2428 2271 2485 2323 et
2506 2268 2720 2322 moenia
2741 2265 3068 2334 debilitant,
3092 2269 3149 2321 et
3167 2263 3470 2321 domicilia
3486 2263 3582 2320 in·

1935 2360 2117 2416 terius
2148 2358 2601 2431 confringentes,
2637 2355 2891 2412 obsessis
2921 2353 3179 2426 requiem
3211 2357 3445 2426 negant.
3479 2355 3583 2411 Pa-

1933 2454 2096 2505 ratur
2134 2449 2351 2506 interea
2394 2447 2554 2503 miras
2603 2445 2931 2503 altitudinis
2981 2445 3272 2513 machina,
3314 2444 3579 2502 turribus

1934 2537 2118 2593 multo
2150 2535 2473 2603 sublimior,
2528 2535 2680 2591 unde
2711 2536 2928 2591 nostris
2984 2537 3138 2591 esset
3173 2533 3424 2592 facultas
3451 2550 3578 2590 am-

1932 2627 2085 2701 plior
2116 2626 2315 2682 urbem
2348 2625 2732 2697 impugnandi
2765 2624 3026 2680 liberius.
3057 2623 3200 2679 Cum
3244 2639 3382 2697 ergo
3413 2623 3584 2695 quasi

1933 2717 2137 2775 diebus
2163 2715 2497 2788 quindecim
2531 2721 2649 2772 tam
2678 2716 2831 2770 cives
2857 2730 3035 2787 quam
3068 2719 3264 2771 noster
3294 2713 3582 2770 exercitus

1930 2806 1992 2863 in
2023 2823 2089 2863 eo
2122 2811 2583 2879 perseverassent
2614 2804 2865 2876 negotiu,
2899 2812 2960 2860 ut
2990 2803 3050 2859 hi
3083 2803 3221 2859 totis
3240 2802 3463 2860 viribus
3497 2802 3584 2859 in·

1931 2897 2105 2965 ferre,
2140 2896 2223 2953 illi
2256 2912 2370 2951 non
2395 2894 2665 2951 dissimili
2698 2895 2888 2950 studio
2922 2893 3259 2967 propulsare
3288 2908 3582 2950 conaren-

1926 2988 2024 3044 tur
2055 2985 2351 3044 molestias
2380 2989 2435 3042 et
2463 2985 2517 3042 in
2561 2983 2932 3041 conflictibus
2962 2983 3220 3041 assiduis
3250 2981 3583 3041 animosius

1929 3079 2311 3144 decertarent,
2350 3073 2740 3146 intelligentes
2791 3072 2995 3139 nostri,
3036 3072 3430 3143 civesgmolles
3459 3073 3582 3130 otio

1930 3174 1982 3220 et
2011 3163 2183 3236 longa
2207 3165 2402 3235 quiete
2433 3162 2728 3228 delicatos,
2759 3178 3061 3219 armorum
3113 3178 3284 3220 usum
3316 3179 3434 3219 non
3473 3161 3582 3220 ha-

1934 3253 2158 3318 bentes,
2190 3255 2367 3309 tantis
2416 3252 2669 3324 impares
2714 3251 3037 3322 laboribus,
3085 3251 3339 3324 singulis
3369 3252 3581 3310 diebus

1925 3356 2098 3414 agere
2129 3341 2435 3398 remissius
2480 3346 2538 3397 et
2587 3340 2866 3397 bellorum
2913 3341 3271 3414 ponderibus
3307 3340 3579 3414 fatigari;

1925 3448 2153 3490 moram
2184 3431 2430 3489 invicem
2459 3436 2732 3505 arguunt,
2764 3440 2819 3488 et
2846 3448 2908 3489 se
2937 3436 3143 3490 mutuo
3174 3434 3577 3501 cohortantes,

1927 3538 2043 3579 non
2074 3526 2408 3592 exspectant
2441 3530 2499 3577 ut
2529 3521 2788 3594 erigatur
2809 3538 2935 3594 quae
2962 3521 3137 3578 flebat
3159 3521 3450 3589 machina,
3474 3524 3577 3581 sed

1929 3614 2079 3670 facto
2112 3614 2470 3670 unanimiter
2491 3612 2736 3685 impetu,
2767 3612 2939 3669 solito
2960 3612 3226 3670 acerbius
3250 3614 3500 3684 instant;
3524 3620 3582 3673 et

1927 3703 2151 3759 civibus
2185 3705 2338 3758 infra
2367 3702 2584 3758 moenia
2614 3702 2891 3759 violenter
2921 3701 3118 3769 illatis,
3150 3709 3374 3760 tantum
3418 3704 3582 3777 inge·

1929 3794 2064 3848 runt
2092 3796 2393 3859 terrorem,
2430 3796 2493 3847 ut
2524 3792 2593 3846 de
2614 3792 2729 3847 vita
2761 3791 3113 3862 dissidentes,
3144 3808 3250 3849 nec
3281 3809 3483 3851 muros
3504 3794 3578 3852 ad

1927 3880 2236 3937 tuitionem
2267 3882 2715 3948 communirent,
2750 3897 2853 3937 nec
2892 3881 3213 3938 defensioni
3255 3882 3436 3940 ullam
3469 3884 3577 3941 da·

1931 3977 2062 4027 rant
2090 3986 2347 4042 operam.
2380 3971 2542 4035 Quod
2594 3970 2982 4044 intelligentes
3024 3971 3232 4039 nostri,
3280 3973 3473 4031 scalas
3502 3975 3576 4031 ad

1930 4076 2134 4118 muros
2165 4058 2479 4131 applicant,
2532 4065 2591 4116 et
2619 4060 2812 4116 subito
2860 4060 3125 4117 certatim
3171 4064 3577 4135 ascendentes,

1930 4156 2120 4208 turres
2140 4155 2427 4223 occupant
2448 4157 2505 4208 et
2528 4152 2770 4219 moenia;
2797 4152 3189 4224 quorumdam
3212 4169 3441 4225 quoque
3460 4159 3575 4213 stu-

1931 4240 2026 4297 dio
2057 4241 2329 4296 reseratis
2362 4240 2634 4309 aditibus,
2665 4256 2763 4298 rex
2793 4257 2927 4297 cum
2960 4242 3087 4298 suis
3117 4241 3464 4313 ingreditur,
3499 4246 3576 4302 ci·

1929 4330 2108 4385 vitate
2138 4328 2414 4386 violenter
2443 4330 2693 4387 effracta.
2728 4331 2796 4386 ni
2834 4331 2955 4403 jam
2990 4332 3211 4405 passim
3241 4335 3580 4393 discurren-

1931 4425 2015 4475 tes
2038 4418 2265 4486 armati,
2287 4427 2340 4475 et
2362 4435 2488 4492 quae
2511 4420 2620 4477 sibi
2645 4420 2796 4477 cives
2820 4425 2942 4478 tuta
2973 4424 3259 4494 putabant
3279 4423 3576 4497 praesidia,

1925 4508 2131 4564 domos
2160 4508 2554 4579 effringentes,
2580 4509 2842 4582 patribus
2870 4510 3120 4568 familias
3145 4512 3377 4581 occisis,
3407 4531 3573 4585 vasa,

1924 4596 2136 4655 domus
2183 4603 2240 4655 et
2285 4598 2550 4670 quaelibet
2605 4600 2734 4670 ejus
2783 4598 3191 4658 desiderabilia
3249 4604 3571 4674 rapientes,

1924 4704 2073 4745 coesa
2093 4686 2338 4756 familia,
2361 4688 2506 4743 atria
2528 4688 2926 4760 possidebant.
2951 4690 3098 4747 Nam
3132 4691 3313 4749 dehis
3344 4694 3443 4765 qui
3470 4711 3575 4767 per

1925 4776 2079 4832 vicos
2110 4781 2169 4832 et
2197 4776 2417 4847 plateas
2448 4776 2701 4833 civitatis
2727 4794 2863 4835 casu
2887 4780 3102 4836 nostris
3121 4781 3352 4838 obviam
3384 4798 3448 4841 ss
3468 4785 3572 4841 da-

1923 4865 2087 4932 bant,
2119 4864 2481 4935 superssuum
2515 4871 2600 4922 est
2629 4867 2914 4924 disserere
2946 4886 2960 4924 :
2992 4883 3124 4925 cum
3156 4869 3210 4926 hi
3233 4871 3432 4939 etiam,
3457 4875 3559 4946 qui

1923 4954 2262 5010 diverticula
2290 4955 2551 5012 studiose
2573 4956 2902 5029 quaerebant
2925 4963 2983 5014 et
3010 4958 3284 5028 latebras,
3315 4965 3572 5036 stragem

1922 5042 2213 5100 declinare
2236 5061 2346 5100 non
2384 5049 2665 5116 poterant.
2700 5046 2865 5102 Multi
2895 5054 3087 5104 autem
3119 5049 3229 5120 ipsi
3268 5052 3405 5118 sibi,
3437 5054 3574 5124 qui-

1921 5133 2029 5189 bus
2059 5134 2304 5192 fortasse
2333 5134 2477 5189 alias
2500 5134 2793 5192 indultum
2817 5144 2992 5206 esset,
3015 5140 3221 5197 mortis
3241 5157 3455 5200 causas
3478 5160 3574 5202 as-

1918 5224 2198 5290 civerunt,
2232 5224 2332 5297 qui
2363 5240 2569 5282 aureos
2598 5229 2654 5280 et
2675 5225 2897 5297 lapides
2919 5229 3205 5299 pretiosos
3230 5230 3572 5305 deglutien-

1918 5317 2030 5379 tes,
2062 5313 2122 5371 in
2160 5329 2336 5370 suum
2367 5312 2609 5370 exitium
2656 5315 2860 5371 talium
2906 5317 3149 5388 cupidos
3176 5323 3573 5392 provocabant

1916 5404 2181 5472 eatenus,
2216 5406 2300 5471 ut,
2325 5402 2501 5459 sectis
2520 5404 2603 5459 eis
2624 5419 2724 5477 per
2752 5406 3030 5478 medium,
3057 5408 3214 5466 intus
3246 5409 3308 5467 in
3328 5412 3575 5470 visceri-

1918 5487 2030 5545 bus
2060 5489 2325 5563 deposita
2354 5489 2731 5552 rimarentur.
