3784 6000
191 234 267 297 71
1251 230 1410 291 ARN
1421 229 1595 290 ULFI
1638 228 2025 293 LExovlssN
2037 233 2151 294 SIS
2200 228 2547 293 EPISCOPI
3527 231 3610 290 '12

187 371 246 424 et
274 367 462 426 maria
492 366 709 438 pariter
736 363 1088 436 exploranda
1114 363 1404 420 viderunt.
1421 365 1617 421 lturus
1647 380 1827 434 eram,
1858 391 1913 458 Α
1944 382 2072 423 rum
2130 367 2414 424 sanctitas
2445 372 2502 423 et
2532 366 2844 438 prudentia
2886 364 3011 422 suis
3060 365 3286 423 meritis
3315 371 3495 424 tantae
3524 373 3608 428 rei

188 457 293 513 sed
323 456 429 513 iter
482 470 680 512 meum
716 453 1010 525 divulgato
1049 452 1203 508 tama
1256 451 1547 524 praecessit
1600 452 1837 521 indicio,

190 554 250 602 ut
279 545 447 603 facile
482 545 629 601 mihi
662 547 906 616 possent
936 541 1162 598 insidias
1185 541 1522 613 preparari.
1542 542 1660 614 Ego
1681 541 1838 599 enim

186 633 363 691 homo
419 648 552 691 sum
609 631 703 689 cui
734 630 1031 690 celebrem
1083 630 1279 685 maltae
1317 646 1503 686 causas
1535 630 1840 688 contulere

187 722 479 788 notitiam,
513 725 571 778 et
625 719 721 776 cui
750 720 906 786 apud
958 719 1152 776 hostes
1208 718 1475 775 Ecclesia
1519 719 1838 791 plurimam

184 810 345 868 zelus
372 809 619 882 justitias
643 808 934 867 contraxit
955 808 1254 877 invidiam,
1276 807 1509 881 sibique
1538 808 1842 865 crederent

187 899 564 969 successisse,
597 897 648 955 si
680 898 738 954 in
792 913 1044 970 persona
1072 912 1202 954 mea
1228 904 1284 954 et
1322 897 1669 969 malignitati
1717 914 1836 953 suoe

187 987 522 1045 satisfacere
550 991 608 1044 et
665 991 918 1044 vestram
950 991 1194 1059 possent
1229 986 1520 1044 offendere
1568 988 1839 1058 majesta·

185 1080 326 1133 tem.
351 1075 615 1134 Retinuit
634 1077 830 1149 itaque
847 1091 941 1132 me
972 1092 1069 1133 rex
1089 1082 1304 1144 noster,
1324 1076 1423 1148 qui
1442 1092 1572 1133 mea
1595 1076 1835 1148 quidem

183 1165 483 1225 voluntate
541 1169 904 1237 praecedente
960 1164 1246 1232 mittebat,
1306 1166 1653 1238 negotiaque
1727 1182 1838 1224 sua

187 1255 400 1328 partim
421 1254 892 1326 distulit‚partim
913 1252 1239 1311 minoribus
1253 1254 1473 1311 nuntiis
1496 1255 1838 1328 perferenda

185 1345 503 1402 commisit.
553 1346 712 1402 Intra
742 1347 941 1417 pectus
972 1345 1168 1416 itaque
1217 1360 1415 1401 meum
1446 1346 1636 1417 major
1662 1344 1839 1401 anhe-

188 1433 370 1491 lantis
401 1433 680 1491 desiderii
733 1434 923 1490 fervor
968 1437 1261 1503 exoestuat,
1287 1433 1624 1490 dilationem
1684 1432 1836 1490 hanc

187 1522 359 1597 quasi
414 1522 706 1581 vulnerati
736 1522 927 1581 cordis
970 1520 1273 1578 affectione
1319 1521 1648 1594 deplorans,
1680 1522 1834 1595 quod

188 1612 367 1684 pedes
389 1616 617 1668 vestros
642 1610 1007 1683 amplecti‚et
1027 1610 1399 1667 serenitatem
1421 1615 1670 1669 vestram
1691 1611 1831 1667 mibi

188 1717 304 1758 non
333 1701 510 1759 datur
529 1703 717 1759 oculis
739 1702 1125 1775 praesentibus
1146 1701 1381 1759 intueri.
1407 1702 1576 1761 Facio
1596 1702 1832 1760 interim

187 1791 338 1863 quod
373 1807 638 1864 possum,
671 1797 728 1848 et
759 1807 852 1848 me
878 1796 1064 1850 totum
1113 1792 1318 1849 honori
1348 1799 1406 1849 et
1454 1791 1691 1848 utilitati
1725 1792 1831 1848 Ec·

185 1878 397 1952 ctesias,
461 1879 694 1952 quoties
749 1881 978 1939 occasio
1021 1881 1290 1953 refulget,
1320 1879 1621 1953 impendo,
1669 1884 1833 1937 tanta

186 1967 478 2041 siquidem
507 1967 826 2035 voluntate,
857 1975 922 2025 ut
959 1987 992 2026 a
1021 1970 1314 2043 plerisque
1343 1971 1415 2026 de
1462 1969 1834 2026 immodestia

184 2057 385 2115 videar
417 2058 777 2129 arguendus.
806 2057 1023 2115 Animo
1046 2059 1202 2116 enim
1225 2058 1492 2131 diligenti
1512 2056 1657 2114 nihil
1688 2058 1833 2114 satis

182 2150 289 2214 est,
344 2161 532 2218 neque
562 2161 778 2219 magna
825 2147 1052 2205 devotio
1083 2146 1401 2220 cujuslibet
1451 2146 1645 2219 operis
1675 2146 1833 2203 exhi-

183 2234 402 2293 bitione
432 2235 716 2308 placatur,
747 2236 848 2291 ssd
892 2252 1036 2293 suos
1066 2252 1295 2308 semper
1324 2237 1384 2293 in
1414 2237 1705 2293 anteriora
1734 2251 1833 2292 co-

185 2328 358 2381 natus
386 2325 664 2391 extendit,
706 2324 814 2379 hoc
862 2326 1024 2381 vobis
1071 2325 1224 2398 apud
1258 2341 1351 2380 me
1393 2325 1677 2393 studium,
1710 2324 1832 2381 haec

186 2413 449 2471 continui
480 2412 700 2469 laboris
748 2413 1050 2480 instantia,
1085 2413 1179 2469 hic
1217 2411 1609 2470 irrevocabilis
1636 2428 1828 2485 perse-

185 2501 460 2560 verantiae
493 2502 631 2558 vivit
668 2502 931 2559 affectus.

922 2590 1100 2648 xL11.

465 2696 541 2736 An
582 2695 858 2737 nouruuu
898 2696 1090 2737 raram
1128 2696 1541 2738 armannum.

256 2770 358 2827 set
387 2769 673 2842 quiddam
714 2770 774 2824 in
821 2785 938 2841 quo
971 2770 1294 2841 majestatIs
1323 2771 1476 2842 apud
1537 2786 1638 2826 vos
1692 2785 1829 2827 reus

182 2860 468 2928 inveniar,
500 2859 614 2916 nisi
656 2863 902 2916 vestram
957 2860 1228 2917 fidelibus
1285 2860 1521 2918 indiciis
1576 2877 1829 2932 praemu-

181 2949 342 3007 niero
389 2949 780 3006 sanctitatem.
814 2949 1031 3006 Habuit
1074 2950 1330 3007 Ecclesia
1356 2950 1653 3025 Sagiensis
1700 2949 1827 3024 epi·

180 3054 448 3113 scopum,
496 3039 591 3095 cui
649 3054 742 3094 me
799 3039 1037 3096 fraterni
1095 3040 1400 3109 sanguinis
1456 3039 1823 3097 necessitudo

1950 458 2151 524 posset
2170 453 2338 510 initia
2360 468 2723 511 consecrare.
2752 453 3012 518 Quorum
3037 452 3248 510 studiis
3269 456 3499 510 tantum
3523 454 3610 510 in-

1951 549 2033 598 ter
2065 542 2250 599 varias
2289 542 2699 599 tribulationes
2746 546 3013 599 sanctum
3043 557 3192 613 opus
3230 543 3504 610 excrevit,
3538 546 3606 600 nt

1950 629 2102 688 inter
2129 647 2334 689 omnes
2363 630 2694 688 Gallicanas
2722 630 2970 689 ecclesia
2999 629 3099 687 illa
3128 630 3365 703 coeperit
3393 633 3466 688 de
3493 647 3603 689 no-

1949 718 2253 777 bilioribus
2283 720 2443 778 itlius
2491 720 2718 778 ordinis
2748 720 3048 790 testimari,
3083 720 3135 776 si
3164 720 3295 793 quis
3321 720 3479 777 circa
3505 737 3604 778 eos

1950 807 2369 881 hospitalitatis
2399 811 2645 882 gratiam
2708 807 2797 866 vel
2827 808 3056 867 ordinis
3102 807 3275 865 vellet
3304 809 3603 868 attendere

1949 896 2342 968 disciplinam.
2376 897 2549 955 Porro
2590 912 2661 954 ne
2690 915 2808 971 qua
2837 901 3033 972 posset
3073 897 3212 954 oriri
3243 897 3602 955 saecularita-

1950 986 2028 1042 tis
2057 985 2117 1041 in
2150 992 2444 1058 posterum
2479 988 2808 1045 revocandas
2838 986 3120 1060 suspicio,
3133 990 3192 1044 et
3221 987 3359 1060 quia
3407 988 3601 1060 potior

1949 1073 2173 1133 fructus
2193 1079 2422 1148 poterat
2451 1077 2522 1133 de
2545 1076 2900 1150 regularium
2931 1076 3444 1134 administratione
3474 1092 3598 1149 spe·

1947 1164 2087 1236 rari,
2109 1168 2395 1222 statutum
2417 1171 2507 1223 est
2534 1170 2591 1223 et
2609 1166 2892 1225 Romanae
2911 1165 3180 1223 Ecclesia
3211 1164 3597 1223 nibilominus

1948 1253 2291 1311 auctoritate
2338 1255 2659 1327 firmatum,
2691 1257 2847 1328 quod
2891 1254 2952 1311 in
2990 1254 3287 1327 regulares
3314 1270 3595 1326 personas

1947 1342 2102 1400 sicut
2131 1344 2480 1417 praebendae,
2500 1344 2582 1401 ita
2610 1352 2665 1402 et
2692 1344 3224 1413 archidiaconatus,
3246 1347 3304 1399 et
3331 1343 3594 1400 omnium

1948 1448 2140 1489 rerum
2170 1438 2292 1490 tam
2325 1438 2584 1506 potestas
2632 1451 2808 1506 quam
2857 1433 3287 1491 administratio
3319 1431 3600 1490 conterre·

1945 1523 2063 1589 tur,
2095 1522 2176 1581 ita
2206 1522 2511 1591 nimirum,
2547 1527 2607 1579 ut
2635 1539 2838 1580 omnes
2885 1522 3261 1580 obventiones
3310 1522 3593 1579 deberent

1948 1610 2007 1667 ln
2038 1627 2353 1670 commune
2382 1611 2605 1682 referri,
2629 1628 2701 1669 ne
2730 1611 3038 1684 cupiditati
3069 1612 3308 1668 daretur
3336 1610 3590 1680 occasio,

1949 1701 1999 1755 si
2028 1717 2129 1758 eas
2153 1701 2351 1760 liceret
2382 1701 2623 1775 privatis
2656 1701 2859 1759 usibus
2907 1698 3221 1774 applicare.
3252 1699 3414 1764 Quod
3448 1700 3591 1757 adeo

1940 1804 2137 1847 verum
2170 1796 2261 1848 est
2293 1796 2375 1860 ut,
2418 1791 2691 1849 defuncto
2721 1807 2873 1864 saepe
2923 1791 3075 1846 dicto
3125 1790 3420 1862 episcopo,
3454 1803 3589 1845 eum

1940 1878 2042 1951 qui
2102 1882 2386 1938 successit
2420 1880 2745 1955 episcopari
2802 1878 3061 1936 Ecclesia
3107 1882 3369 1936 Romana
3425 1877 3589 1935 nulla

1941 1967 2166 2024 ratione
2195 1968 2542 2040 permiserit,
2582 1969 2767 2025 donec
2795 1968 3055 2024 eumdem
3089 1966 3352 2023 ordinem
3379 1965 3442 2022 in
3465 1983 3587 2037 pro·

1941 2058 2069 2128 pria
2088 2073 2338 2130 persona
2359 2059 2655 2132 professus
2680 2061 2790 2126 est,
2812 2061 2869 2114 et
2898 2057 3052 2130 quod
3088 2056 3278 2129 ipsum
3300 2055 3360 2112 in
3386 2053 3586 2112 Eccle-

1941 2147 2030 2203 sia
2067 2147 2182 2204 fido
2230 2149 2381 2204 bona
2413 2153 2667 2204 servaret
2704 2148 3040 2219 juramento
3082 2145 3460 2218 corporaliter
3485 2145 3584 2203 in-

1940 2236 2295 2294 terveniente
2355 2237 2630 2293 firmavit.
2662 2237 2881 2294 Tantus
2930 2234 3220 2308 siquidem
3250 2234 3412 2291 favor
3439 2233 3584 2292 reli-

1940 2326 2131 2397 gionis
2162 2325 2546 2397 exstititapud
2570 2340 2805 2397 eam,ne
2822 2329 3030 2382 statuas
3073 2324 3454 2396 aureae,quod
3485 2324 3585 2380 ab·

1940 2413 2051 2470 siti
2087 2420 2266 2486 caput
2294 2429 2519 2471 aeneum
2544 2414 2730 2487 ipsius
2750 2414 2981 2486 opificio
3010 2413 3293 2470 diceretur
3318 2413 3581 2469 affixum.

1939 2502 2154 2560 Verum
2177 2504 2487 2576 episcopus
2519 2504 2627 2561 ists
2658 2505 2757 2577 qui
2781 2505 2851 2560 ad
2886 2519 3164 2576 presens,
3188 2502 3430 2559 Domino
3452 2516 3582 2574 per·

1939 2592 2225 2665 mittente,
2276 2596 2576 2662 successit,
2609 2591 3010 2650 detestabilem
3050 2592 3381 2663 concepisse
3432 2608 3582 2663 prm·-

1939 2682 2167 2739 dicatur
2185 2682 2716 2750 affectum,scilicet
2734 2682 3153 2755 plantationem
3178 2681 3328 2738 hanc
3351 2681 3584 2751 penitus

1938 2771 2683 2843 evellendidestruendique
2700 2770 3113 2844 bonum,quod
3138 2768 3395 2826 fidelium
3420 2769 3584 2826 devo-

1938 2860 2038 2929 tio,
2055 2862 2203 2932 quod
2226 2861 2540 2918 auctoritas
2563 2861 3087 2932 principum,quod
3136 2863 3472 2917 sanctorum
3498 2875 3583 2916 ren

1934 2947 2096 3023 ligio,
2123 2951 2270 3022 quod
2295 2951 2567 3009 Ecclesia!
2595 2950 2870 3007 Romanae
2897 2948 3194 3022 privilegia
3215 2948 3498 3006 duraturo
3519 2947 3583 3004 in

1934 3047 2280 3112 perpetuum
2311 3040 2673 3098 anathemate
2699 3041 3102 3096 firmaverunt.
3124 3038 3285 3103 Quod
3316 3038 3367 3095 si
3389 3040 3578 3096 totum

180 3128 509 3201 coniunxit,
541 3128 641 3184 sed
670 3129 890 3186 arctius
918 3130 1103 3199 gratia
1134 3129 1547 3186 beneficientiae
1565 3128 1825 3187 liberalis
1864 3129 1909 3196 C
1938 3144 1971 3185 a
2000 3128 2351 3186 discretione
2402 3134 2594 3186 vestra
2624 3146 2739 3186 uon
2787 3128 2998 3201 poterit
3027 3127 3357 3198 impetrare,
3388 3126 3582 3184 archi-

181 3215 499 3273 astrinxit:
532 3215 628 3271 hic
670 3231 805 3272 cum
865 3218 1196 3287 praedictam
1254 3216 1573 3274 Ecclesiam
1630 3233 1831 3274 susce·

183 3306 395 3380 pisset,
452 3321 729 3378 magnam
793 3305 1214 3378 temporalibus
1269 3323 1488 3377 curam,
1548 3308 1828 3379 maiorem

184 3392 591 3467 spiritualibus
622 3394 796 3451 homo
846 3399 1089 3452 sanctus
1136 3396 1443 3467 impendit.
1494 3397 1681 3468 ipsam
1712 3394 1824 3468 igi·

183 3490 282 3541 tur
381 3481 672 3540 thesauris
746 3487 1031 3552 ornatam,
1106 3484 1448 3541 instructam
1542 3483 1826 3552 aedificiis,

183 3570 652 3643 possessionibus
691 3572 926 3628 redditit
971 3572 1332 3644 ampliatam,
1364 3573 1506 3630 adeo
1535 3573 1691 3644 quod
1722 3588 1827 3643 pro

180 3675 287 3717 xm
347 3659 650 3718 canonicis
698 3675 846 3731 quos
910 3660 1221 3718 saeculares
1276 3661 1593 3733 appellant,
1647 3660 1825 3732 ipsis·

183 3765 301 3825 que
374 3750 755 3824 pauperibus,
814 3750 1070 3808 moriens
1141 3751 1359 3809 ibidem
1424 3767 1585 3808 xxxvi
1650 3766 1825 3809 cano·

181 3841 346 3898 nicos
385 3840 686 3914 regulares
710 3855 846 3897 cum
869 3841 1029 3898 omni
1086 3840 1462 3898 aedificiorum
1520 3841 1824 3899 sufficien-

178 3928 280 3999 tia,
307 3932 366 3985 et
423 3930 714 3987 redituum
771 3931 937 4004 copia
990 3931 1319 4002 dereliquit.
1378 3933 1640 4003 Cumque
1695 3946 1823 3987 eam

178 4017 242 4073 in
271 4018 701 4088 temporalibus
730 4020 986 4075 nobilem
1018 4020 1385 4090 reddidisset,
1415 4021 1477 4076 in
1506 4019 1824 4092 spirituali-

182 4105 292 4162 bus
312 4121 549 4178 semper
570 4106 914 4164 nobiliorem
945 4109 1175 4165 studuit
1193 4111 1486 4176 exhibere,
1500 4111 1586 4167 vir
1605 4110 1825 4179 magni-

175 4193 322 4251 ficus
361 4201 416 4252 et
444 4195 608 4252 omni
659 4197 969 4254 sanctitate
999 4197 1324 4265 laudabilis,
1346 4199 1439 4255 cui
1470 4215 1575 4255 nec
1603 4200 1822 4256 sancti-

176 4287 266 4340 tas
279 4285 774 4356 magnificentiam
789 4285 1038 4353 tolleret,
1054 4304 1159 4344 nec
1171 4288 1602 4362 magnificentia
1611 4289 1827 4346 sancti·

174 4375 375 4429 tatem.
419 4372 584 4440 Quod
616 4372 836 4430 bonum
868 4392 900 4432 a
939 4376 1468 4447 praedecessoribus
1497 4377 1720 4446 vestris,
1745 4377 1824 4434 vi-

1937 3217 2280 3274 diaconatus
2328 3217 2530 3275 saltem
2564 3218 2637 3273 ad
2687 3216 2993 3273 saeculares
3025 3215 3286 3272 studebit
3312 3230 3583 3272 revocare

1936 3322 2238 3379 personas,
2269 3306 2491 3364 scilicet
2535 3311 2601 3363 ut
2646 3306 2858 3363 habeat
2887 3305 3136 3362 carnalis
3165 3304 3390 3361 affectio
3422 3303 3584 3377 quod

1938 3394 2241 3467 nepotibus
2281 3395 2496 3452 tribuat
2523 3399 2580 3451 et
2620 3394 2982 3467 propinquis.
3014 3394 3129 3451 Sed
3176 3394 3332 3450 hunc
3381 3395 3577 3465 ipsum

1934 3484 2165 3554 pietatis
2186 3486 2380 3558 specie
2401 3484 2663 3558 palliabit
2678 3485 2971 3552 affectum,
2986 3482 3248 3539 dicturus
3267 3482 3578 3540 ecclesiam

1936 3573 2093 3630 illam
2151 3574 2392 3632 idoneas
2423 3590 2537 3631 non
2604 3574 2819 3630 habere
2849 3588 3147 3645 personas,
3179 3588 3307 3645 quae
3356 3570 3578 3628 talibus

1935 3664 2205 3721 sufficere
2237 3664 2551 3735 probentur
2572 3662 2806 3728 officiis,
2827 3668 3103 3733 tanquam
3126 3660 3177 3716 si
3196 3663 3406 3718 sanctae
3429 3660 3580 3717 sim-

1937 3752 2176 3825 plicitati
2210 3752 2515 3824 praevalere
2545 3752 2753 3809 debeat
2782 3750 3076 3808 saecularis
3107 3749 3345 3819 astutia,
3377 3754 3479 3806 aut
3508 3751 3584 3806 de

1934 3841 2180 3900 ecclesia
2221 3842 2413 3899 Sancti
2463 3841 2736 3910 Victoris,
2769 3844 2874 3897 aut
2899 3840 3095 3897 Sancti
3141 3838 3297 3907 Buff,
3327 3839 3415 3895 vet
3448 3838 3582 3896 aliis

1935 3931 2229 3990 similibus
2282 3947 2540 4003 personae
2571 3948 2686 3987 non
2727 3928 3343 4003 possint'auctoritate
3387 3932 3583 3984 vestra

1934 4020 2007 4077 ad
2040 4020 2163 4077 haec
2192 4021 2384 4077 officia
2432 4018 2831 4092 dispensanda
2861 4017 3179 4074 transferri.
3214 4016 3280 4073 Et
3307 4032 3413 4089 ego
3443 4017 3582 4089 qui-

1933 4112 2065 4169 dem
2118 4110 2389 4168 Ecclesiae
2438 4110 2600 4168 iltius
2628 4109 3072 4167 archidiaconus
3110 4107 3326 4178 exstiti,
3359 4106 3586 4179 ipsius-

1934 4215 2048 4271 que
2073 4198 2373 4257 beneficiis
2393 4199 2673 4255 educatus
2704 4212 2858 4265 sum,
2892 4195 3079 4268 ipsius
3108 4193 3581 4251 institutionibus

1931 4288 2206 4359 creditus,
2238 4288 2592 4360 justumque
2620 4291 2711 4345 est
2752 4285 2936 4359 ipsius
2965 4301 3057 4342 me
3113 4299 3344 4358 semper
3394 4284 3583 4341 detri-

1933 4378 2149 4435 mentis
2193 4394 2496 4435 occurrere
2543 4381 2602 4434 et
2648 4374 3004 4435 utilitatibus
3034 4374 3229 4431 debita
3276 4372 3582 4447 diligentia

174 4460 258 4517 ris
278 4460 643 4534 apostolicis,
668 4462 918 4521 Honorio
947 4463 1226 4535 primum,
1249 4466 1622 4536 postmodum
1654 4468 1823 4525 Inno-
1850 4480 1900 4546 D
1934 4468 2252 4541 providere.
2282 4467 2393 4525 Sed
2418 4474 2474 4524 et
2502 4468 2723 4524 bouum
2750 4465 2904 4537 qnod
2937 4468 3094 4521 tanto
3125 4462 3344 4520 domini
3377 4467 3435 4519 et
3464 4463 3581 4520 fra·

172 4550 387 4619 centio,
418 4549 675 4624 denique
706 4552 963 4624 Eugenio
992 4561 1046 4609 et
1074 4553 1330 4611 Adriano
1359 4560 1615 4628 coeptum
1645 4560 1737 4613 est
1764 4562 1820 4613 et

174 4638 503 4709 firmatum,
534 4641 896 4713 praecedente
922 4641 1210 4714 siquidem
1230 4644 1639 4716 gloriosissimi
1662 4646 1819 4720 regis

170 4728 495 4802 Anglorum
545 4730 777 4787 Henrici
827 4732 1155 4802 devotione,
1205 4734 1307 4805 qui
1354 4749 1566 4804 magna
1601 4735 1717 4808 (34)
1747 4736 1822 4793 oh

173 4820 441 4877 eamdem
495 4838 739 4880 causam
789 4821 1045 4881 ecclesioe
1076 4823 1230 4881 bona
1285 4825 1533 4883 contulit
1576 4835 1634 4883 et
1690 4843 1823 4899 prae·

172 4910 324 4980 cepti
356 4909 569 4980 regalis
614 4911 861 4969 valituro
893 4913 952 4968 in
998 4916 1343 4985 perpetuum
1378 4914 1701 4974 munimine
1730 4933 1821 4974 ro·

172 4996 416 5053 boravit.
449 4998 713 5069 Cumque
771 5017 863 5058 res
894 5000 1016 5058 haec
1044 5020 1078 5059 a
1132 5003 1404 5074 praedicto
1434 5003 1555 5061 viro
1602 5004 1825 5080 religio·

175 5084 416 5142 sissimo
445 5084 702 5143 Honorio
749 5089 1024 5147 traxisset
1066 5090 1318 5162 initium,
1348 5092 1421 5150 ab
1461 5093 1823 5169 irreparabili

172 5174 296 5231 viro
325 5173 665 5232 Innocentio
697 5178 914 5235 meruit
955 5178 1400 5250 incrementum,
1431 5183 1602 5254 cujus
1629 5189 1824 5241 aucto·

171 5260 345 5319 ritate
401 5263 714 5334 pradictus
786 5266 1097 5340 episcopus
1178 5271 1394 5328 electus
1448 5271 1522 5328 ab
1579 5272 1823 5331 ecclesia

167 5351 367 5408 Sancti
394 5350 647 5410 Victoris
686 5355 1033 5415 Parisiensis
1062 5374 1345 5430 personas
1391 5362 1638 5436 accepit,
1666 5379 1821 5438 qna-

246 5530 364 5607 (34)
393 5531 457 5588 Β.
487 5549 603 5593 om.
630 5551 862 5609 meque.

1929 4556 2037 4613 tris
2068 4557 2180 4614 mei
2208 4556 2405 4614 labore
2450 4558 2814 4614 contractum
2844 4561 2952 4622 est,
2982 4551 3244 4609 humeris
3275 4552 3417 4609 meis
3445 4569 3579 4610 sus-

1929 4648 2234 4706 tinendum
2287 4645 2572 4704 memoria
2618 4644 2890 4701 fraternoe
2945 4640 3247 4699 charitatis
3303 4640 3580 4713 imponit,

1933 4741 2166 4811 propter
2196 4735 2354 4809 quod
2384 4735 2538 4792 inter
2556 4750 2649 4791 me
2676 4740 2732 4790 et
2755 4732 3091 4805 episcopum
3120 4730 3233 4789 loci
3257 4729 3413 4786 illius
3442 4746 3579 4786 cnm

1931 4825 2281 4884 domesticus
2313 4828 2509 4883 noster
2536 4818 3198 4905 exstiterit.·multisque
3226 4836 3262 4875 a
3288 4834 3381 4875 me
3412 4817 3579 4875 bene·

1931 4916 2080 4973 ficiis
2110 4915 2185 4972 sit
2231 4920 2577 4988 praeventus,
2627 4913 2850 4971 noviter
2877 4913 2966 4967 est
3016 4909 3221 4966 oborta
3267 4908 3580 4977 discordia,
3638 4901 3648 4908 ”

1931 5005 2067 5077 quia
2106 5004 2350 5062 fratrum
2380 5003 2614 5061 illorum
2653 5001 2906 5074 injurias
2946 4999 3235 5056 sustinere
3265 5014 3378 5053 non
3412 5001 3580 5070 pote·

1931 5112 2082 5166 ram,
2112 5095 2281 5168 eique
2310 5094 2383 5151 ad
2414 5093 2638 5151 ordinis
2670 5090 3137 5155 subversionem,
3169 5104 3339 5161 opem
3366 5092 3424 5143 et
3444 5103 3584 5143 cou—

1931 5185 2128 5243 silium
2162 5201 2277 5241 non
2306 5182 2672 5255 praestabam.
2706 5180 2867 5238 Unde
2903 5177 3072 5235 illum
3102 5183 3159 5234 et
3188 5193 3287 5235 eos
3308 5175 3411 5247 qui
3439 5192 3579 5232 cum

1931 5275 2060 5347 ipso
2090 5278 2228 5332 sunt
2257 5277 2537 5346 tanquam
2570 5268 2931 5329 adversarios
2975 5273 3203 5324 nostros
3233 5269 3293 5322 et
3323 5263 3579 5321 manife-

1930 5368 2055 5424 stos
2083 5364 2281 5423 hostes
2302 5363 2588 5436 sapienter
2607 5359 2872 5433 accipite,
2896 5356 3177 5429 quoniam
3205 5354 3439 5413 ultrices
3464 5352 3578 5412 lin-
