3784 6000
300 209 449 270 ¹3⁴3

882 359 884 362 ’
987 333 1258 392 ccxxm.

289 452 638 512 Monostsrii
658 451 725 510 S.
751 450 957 508 illst-iz
985 451 1056 507 de
1086 450 1390 507 Chai-itate
1406 448 1823 519 protectionem
1841 464 1941 505 su·

364 524 561 596 sapit,
585 523 1087 596 possessionesque
1099 527 1156 579 et
1186 520 1506 593 privileqia
1535 520 1870 590 confirmat.

791 640 1076 707 (veroum,
1109 640 1271 695 Mart.
1305 636 1420 710 19.)

295 756 492 828 [Hunc.
523 754 690 812 sacri
717 761 771 812 et
794 753 1065 812 canonici
1099 752 1326 809 ordinis
1352 752 1949 810 prantensis-,Anna-

750 843 855 910 les‚
883 845 926 899 t.
957 843 1027 910 11,
1062 842 1256 908 Prob„
1290 859 1350 914 p.
1378 841 1495 916 96.]

371 962 567 1017 Lucius
605 959 950 1032 episcopus,
1006 975 1212 1016 servus
1230 974 1541 1015 servorum
1565 959 1684 1029 Dei,
1718 957 1952 1014 dilectis

294 1048 431 1105 filiis
454 1049 646 1105 JOANM
674 1048 879 1105 abbati
926 1048 984 1104 S.
1016 1048 1205 1106 Marias
1234 1047 1310 1104 de
1359 1048 1654 1105 charitate
1701 1047 1952 1119 ejusque

294 1137 600 1204 fratribus,
657 1143 774 1194 tam
822 1137 1215 1210 prsesentibus
1240 1152 1428 1209 quam
1457 1135 1690 1203 futuris,
1719 1135 1954 1206 regula-

298 1241 422 1283 rem
452 1227 634 1283 vitam
657 1227 933 1299 professis
959 1226 1021 1282 in
1050 1229 1424 1299 perpetuum.

368 1315 797 1386 Religiosorum
823 1315 1007 1372 vitam
1019 1314 1376 1385 eligentibus
1389 1314 1784 1387 apostolicum
1809 1329 1949 1372 con·

298 1406 458 1461 venit
484 1405 695 1461 adesse
716 1403 1085 1477 praesidium.
1117 1404 1361 1461 neforto
1382 1403 1698 1475 cujuslibet
1717 1403 1956 1460 temeri-

297 1495 436 1550 tatis
476 1493 773 1561 incursus,
822 1497 924 1549 aut
956 1508 1058 1549 eos
1104 1508 1140 1549 a
1177 1493 1500 1566 proeposito
1543 1497 1799 1556 revocet.
1852 1496 1957 1550 aut

291 1581 678 1654 rohai-(quod
704 1580 865 1637 absit
888 1580 928 1651 l)
943 1596 1131 1637 sacras
1152 1581 1456 1652 religionis
1474 1581 1776 1652 infringat.
1794 1582 1958 1648 Qua-

1728 204 1926 265 Lucu
1968 204 2046 262 111
2084 205 2293 263 PAPAE

1973 332 2021 386 A
2048 329 2314 388 buslibet
2332 330 2463 389 aliis
2504 325 2925 387 ecclesiasticis
2978 320 3394 387 sacramentis,
3450 318 3656 377 nullus
3686 333 3719 377 s

3587 182 3719 255 {8st

2053 420 2242 486 vobis,
2273 425 2379 479 aut
2407 419 2524 476 sub
2552 417 2803 475 obtentu
2831 413 3307 479 consuetudinis,
3326 413 3439 468 aut
3456 407 3718 484 quolibet

2054 510 2239 566 modo
2262 509 2382 567 alio
2406 509 2743 582 quidquam
2762 503 2982 562 audeat
2999 499 3324 576 postulare.
3359 499 3421 557 Si
3454 498 3600 571 quis
3623 512 3711 555 au·

2056 604 2174 655 tem
2201 604 2407 656 contra
2456 598 2572 655 hoc
2620 595 2823 653 venire
2870 589 3345 666 praesumpserit,
3378 587 3712 660 portionem

2055 703 2195 745 cum
2243 688 2395 745 Giezi
2441 702 2505 744 se
2561 685 2787 743 noverit
2840 682 3213 747 habiturum,
3256 678 3439 749 cuius
3499 676 3712 733 factum

2054 779 2364 834 exactione
2394 775 2588 849 turpis
2621 772 2889 831 muneris
2914 771 3181 828 imitatur
3201 767 3314 842 (lv
3343 768 3481 838 Rea.
3510 767 3596 836 v).
3626 766 3711 823 Se-

2058 867 2359 939 pulturam
2394 879 2638 939 quoque
2663 862 2852 934 ipsius
2875 861 2990 918 loci
3010 858 3265 916 liberam
3292 871 3425 913 esse
3451 854 3707 911 decerni-

2059 971 2220 1022 mus,
2244 961 2536 1012 uteorum
2560 951 2862 1010 devotioni
2884 953 2942 1006 et
2965 953 3248 1005 extrema
3271 941 3597 1010 voluntati,
3617 944 3707 1016 qui

2060 1058 2128 1100 se
2152 1043 2268 1099 illic
2296 1042 2530 1116 sepeliri
2559 1035 3170 1103 deliberaverint,nisi
3190 1034 3341 1092 forte
3371 1045 3708 1089 excommn-

2061 1132 2241 1190 nicati
2267 1132 2360 1188 vel
2404 1129 2703 1187 interdicti
2727 1128 2964 1193 fuerint,
2994 1124 3196 1182 nullus
3226 1122 3507 1186 obsistat,
3555 1118 3708 1176 salvs

2062 1227 2265 1281 tamen
2290 1219 2525 1292 justitia
2548 1219 2786 1275 illarum
2799 1215 3206 1278 ecclesiarum.
3242 1210 3537 1285 aquibus
3567 1222 3709 1265 mor-

2066 1317 2302 1369 tuorum
2335 1324 2592 1383 corpora
2613 1311 3035 1365 assumuntur.

2135 1409 2515 1466 Decernimus
2569 1421 2712 1477 ergo
2763 1409 2828 1461 ut
2877 1401 3023 1459 nulli
3089 1400 3343 1459 omnino
3403 1396 3708 1456 hominum

2064 1499 2156 1556 fas
2214 1498 2288 1554 sit
2348 1496 2658 1569 praefatam
2722 1492 3037 1550 ecclesiam
3070 1496 3291 1547 temere
3348 1485 3709 1560 perturbare,

2064 1593 2167 1644 aut
2221 1587 2350 1658 ejus
2395 1584 2807 1658 possessiones
2864 1580 3115 1645 auferre,
3171 1577 3267 1636 vel
3310 1575 3555 1634 ablatas
3593 1571 3709 1630 reti-

294 1675 558 1743 propter,
585 1668 781 1726 dilecti
813 1670 872 1725 in
886 1669 1122 1726 Christo
1150 1669 1278 1736 filii,
1316 1670 1524 1726 vestris
1542 1670 1723 1743 justis
1753 1674 1956 1742 postu·
1990 1681 2036 1739 Β
2067 1692 2228 1741 nem,
2278 1675 2565 1738 minuere,
2622 1688 2728 1728 geu
2778 1667 3151 1743 quibuslibet
3201 1663 3625 1723 vexationibu.
3645 1661 3711 1718 [ι.

294 1758 621 1816 lationibus
651 1758 973 1815 elementer
987 1759 1317 1815 annuimus
1344 1763 1402 1814 et
1432 1758 1744 1830 praefatam
1776 1757 1959 1814 eccleu

296 1848 448 1906 siam
481 1849 713 1905 Sanetae
738 1847 932 1905 Mariis
964 1848 1039 1904 de
1090 1848 1404 1914 Charitate,
1438 1853 1608 1904 extra
1657 1848 1957 1904 civitatem

299 1936 570 1994 Roderici
596 1937 795 2002 sitam,
829 1936 890 1992 in
908 1951 1029 2010 qua
1056 1936 1261 1993 divino
1277 1936 1600 2008 mancipati
1625 1937 1765 1993 estis
1789 1935 1961 1993 obse-

300 2025 467 2098 quio,
493 2025 606 2081 sub
636 2026 693 2083 B.
721 2024 874 2082 Petri
890 2030 948 2082 et
963 2031 1168 2082 nostra
1188 2026 1556 2098 protectione
1573 2025 1958 2096 suscipimus,

298 2114 599 2187 imprimis
629 2113 927 2187 siquidem
955 2118 1276 2171 statuentes
1304 2119 1366 2170 ut
1393 2114 1544 2171 ordo
1610 2114 1959 2180 canonicus,

300 2204 404 2276 qui
425 2202 762 2260 secundum
793 2205 981 2260 Deum
1010 2208 1068 2259 et
1096 2203 1258 2260 beati
1307 2203 1636 2274 Augustini
1674 2202 1963 2273 Regulam

303 2298 484 2365 atque
511 2293 940 2349 institutionem
972 2291 1963 2349 Proemonstratensiumfratrumin

303 2382 518 2439 eadem
548 2380 799 2438 ecclesia
848 2381 1151 2437 institutus
1180 2395 1313 2437 esse
1343 2381 1735 2451 dignoscitur,
1762 2395 1967 2452 perpe-

306 2471 420 2526 tuis
444 2469 670 2526 ibidem
702 2470 1078 2542 temporibus
1131 2468 1558 2526 inviolabiliter
1583 2469 1961 2525 observetur.

305 2560 988 2632 Praetereaquaseunque
1000 2559 1799 2632 possessiones,quoecunque
1813 2558 1967 2615 bona

307 2646 522 2704 eadem
545 2646 794 2704 ecclesia
823 2647 883 2702 in
923 2647 1378 2719 praesentiarum
1402 2648 1560 2718 juste
1582 2653 1639 2703 et
1676 2648 1966 2703 canonice

309 2736 599 2808 possidet,
631 2736 817 2792 autin
859 2736 1127 2792 futurum
1158 2738 1565 2803 concessione,
1593 2736 1963 2808 pontificum,

302 2823 619 2894 largitione
637 2840 846 2894 regum
861 2823 951 2880 vel
970 2824 1332 2896 principum,
1350 2823 1654 2879 oblatione
1673 2823 1871 2878 tideliu
1884 2840 1964 2893 m,

307 2929 414 2969 seu
446 2912 574 2968 aliis
599 2913 778 2985 justis
818 2912 1037 2978 modis,
1085 2918 1398 2983 praestante
1447 2911 1717 2976 Domino,
1755 2911 1966 2983 poterit

2069 1767 2299 1837 tigare;
2363 1762 2472 1819 sed
2505 1762 2712 1818 omnia
2756 1759 2987 1829 integra
3048 1756 3486 1813 conserventur
3520 1765 3713 1809 eorum
3783 1803 3784 1810 ,

2069 1869 2179 1929 pro
2228 1868 2491 1927 quorum
2543 1846 2975 1906 sustentatione
3010 1860 3082 1901 ac
3111 1841 3560 1916 gubernatione
3587 1854 3717 1896 con·

2070 1951 2241 2000 cessa
2294 1944 2436 1997 sunt
2483 1939 2689 1995 usibus
2738 1934 3105 1993 omnimodis
3169 1931 3509 2005 profutura,
3565 1927 3718 1984 salvs

2070 2031 2234 2088 sedis
2261 2028 2607 2102 apostolicas
2638 2025 2986 2083 auctoritate
3022 2025 3081 2079 et
3104 2018 3437 2078 dioeoesani
3463 2016 3719 2090 episcopi

2074 2119 2367 2179 canonica
2416 2116 2665 2189 iustitia.
2697 2114 2754 2171 Si
2784 2129 2908 2187 qua
2938 2112 3116 2185 igitur
3144 2110 3204 2167 in
3232 2109 3506 2166 futurum
3545 2104 3720 2163 eccle·

2074 2210 2311 2268 siastica
2338 2205 2712 2264 saecularisve
2736 2217 3000 2278 persona
3016 2200 3176 2258 hanc
3201 2201 3421 2255 nostre
3447 2195 3721 2254 eonstitu-

2075 2298 2249 2358 tionis
2284 2297 2572 2372 paginam
2594 2293 2788 2350 sciens
2818 2296 3029 2349 eontra
3050 2304 3188 2348 eam
3219 2287 3427 2345 venire
3467 2290 3724 2343 tentave-

2077 2391 2170 2458 rit,
2197 2386 2466 2445 secundo
2486 2384 2730 2442 tertiove
2749 2378 3138 2448 commonita,
3156 2376 3276 2435 nisi
3292 2381 3534 2433 reatum
3557 2388 3725 2430 suum

2074 2492 2343 2550 congrua
2380 2472 2786 2533 satisfactione
2805 2468 3137 2535 correxerit,
3163 2464 3507 2538 potestatis,
3542 2462 3726 2520 hono·

2075 2568 2278 2639 risque
2317 2564 2407 2621 sui
2433 2563 2721 2634 dignitate
2746 2563 2967 2626 careat,
2998 2571 3288 2630 reamque
3308 2567 3373 2611 se
3399 2552 3612 2610 divino
3633 2550 3721 2623 ju·

2076 2656 2485 2714 dicioexistere
2501 2651 2576 2707 de
2603 2652 2943 2724 perpetrata
2961 2645 3278 2731 iniquitate
3299 2644 3653 2714 cognoscat.
3679 2643 3730 2696 et

2075 2764 2114 2805 a
2149 2744 2557 2802 sacratissimo
2594 2754 2844 2814 corpore
2866 2754 2938 2796 ac
2968 2735 3261 2810 sanguine
3291 2733 3397 2790 Dei
3418 2736 3481 2789 et
3502 2728 3728 2788 Domini

2078 2832 2485 2904 Redemptoris
2522 2828 2708 2887 nostri
2737 2828 2876 2884 lesu
2906 2825 3118 2885 Christi
3147 2823 3348 2880 aliena
3375 2820 3523 2888 δαὶς
3556 2822 3726 2892 atque

2075 2925 2136 2980 in
2158 2928 2424 2980 extremo
2435 2918 2713 2977 examine
2740 2914 2958 2973 divinas
2986 2911 3194 2971 ultioni
3222 2909 3562 2982 subjaceat.
3584 2909 3728 2965 Cun-

307 3002 582 3074 adipisci,
613 3003 790 3058 firma
839 3002 1007 3058 vobis
1040 3002 1372 3075 vestrisque
1403 3002 1854 3058 successoribus
1911 3007 1968 3058 et
2004 3035 2046 3093 C
2076 3012 2186 3071 ctis
2214 3015 2416 3069 autem
2432 3007 2629 3066 eidem
2656 3006 2792 3064 loco
2813 3018 2925 3061 sua
2947 3003 3087 3075 jura
3104 2999 3486 3057 servantibus
3517 2996 3593 3055 sit
3617 3010 3731 3071 pu

309 3090 540 3147 illibata
567 3095 981 3161 permaneant.
1017 3094 1079 3146 ln
1108 3090 1332 3162 quibus
1361 3089 1491 3146 haio
1523 3090 1777 3163 propriis
1797 3088 1969 3146 duxi-

315 3194 452 3235 mus
472 3179 868 3251 exprimenda
898 3178 1209 3236 vocabulis
1241 3196 1255 3234 ε

386 3269 607 3324 Locum
647 3268 850 3339 ipsum
879 3267 942 3323 in
978 3282 1100 3339 quo
1149 3266 1396 3338 proefata
1446 3266 1700 3325 ecclesia
1743 3268 1854 3324 sita
1884 3274 1972 3325 est

312 3372 453 3414 eum
482 3354 766 3413 omnibus
821 3356 1188 3428 pertinentiis
1238 3357 1364 3413 suis
1392 3361 1450 3414 et
1476 3357 1970 3430 possessionibus

311 3445 995 3517 circumadjacentibus3
1028 3444 1348 3502 ecclesiam
1392 3446 1455 3503 S.
1498 3445 1789 3502 Leonardi
1829 3460 1971 3503 cum

309 3534 674 3608 pertinentiis
700 3534 863 3606 suis;
899 3536 1308 3606 possessiones
1335 3550 1489 3607 quas
1521 3534 1706 3591 habet
1746 3534 1806 3591 in
1843 3535 1973 3592 Cal-

311 3623 461 3680 delis
486 3641 505 3695 ;
541 3623 952 3695 possessiones
982 3638 1138 3695 quas
1169 3623 1356 3679 habet
1376 3624 1439 3679 in
1463 3626 1767 3695 Gassapos
1792 3642 1805 3692 ;
1836 3639 1974 3698 pos·

314 3711 613 3769 sessiones
633 3726 789 3784 quas
815 3710 996 3768 habet
1025 3711 1086 3767 in
1114 3711 1252 3769 Eitis
1271 3726 1287 3778 ς
1313 3713 1552 3769 asenias
1571 3727 1726 3785 quas
1737 3712 1974 3769 habetis

316 3799 375 3856 in
409 3802 541 3857 rivo
567 3798 642 3856 de
665 3800 871 3872 Agada
897 3806 953 3856 et
981 3800 1197 3856 domos
1220 3816 1377 3873 quas
1391 3801 1625 3857 habetis
1647 3801 1709 3857 iu
1740 3801 1974 3858 civitate

317 3889 607 3946 Roderici.
643 3891 796 3946 Sane
824 3890 1132 3945 novalium
1157 3894 1513 3957 vestrorum,
1546 3906 1684 3963 ques
1714 3890 1975 3963 propriis

320 3978 600 4035 manibus
626 3985 729 4035 aut
751 3979 1095 4049 sumptibus
1127 3979 1337 4043 colitis,
1371 3978 1497 4036 sive
1541 3980 1617 4036 de
1645 3980 1975 4036 nutrimen-

322 4068 391 4124 tis
422 4068 777 4124 animalium
829 4073 1185 4135 vestrorum,
1222 4068 1421 4125 nullus
1449 4084 1487 4127 a
1514 4067 1680 4126 vobis
1708 4067 1977 4125 decimas

317 4158 553 4228 exigere
582 4158 676 4214 vel
713 4162 1065 4230 extorquere
1109 4161 1456 4230 proesumat.
1493 4158 1688 4216 Liceat
1733 4172 1978 4232 quoque

319 4245 494 4302 vobis
533 4245 781 4301 clericos
797 4246 887 4303 vel
911 4246 1116 4311 laicos,
1150 4246 1417 4304 esoeculo
1445 4246 1742 4317 fugientes
1755 4246 1980 4304 liberos

321 4338 379 4390 et
408 4332 721 4390 absolutos
757 4334 835 4389 ad
856 4335 1311 4391 conversionem
1328 4336 1609 4406 recipere,
1632 4342 1689 4393 et
1715 4351 1817 4392 eos
1842 4338 1982 4394 abs·

324 4437 444 4495 que
471 4422 946 4479 contradictione
977 4423 1184 4496 aliqua
1212 4425 1482 4480 retinere.

396 4511 796 4568 Prohibemus
822 4512 1067 4585 insuper
1094 4519 1152 4568 ut
1174 4511 1319 4569 nulli
1341 4511 1589 4569 fratrum
1620 4518 1982 4578 vestrorum,

322 4606 459 4675 post
484 4599 701 4658 factam
722 4600 784 4656 in
827 4601 1042 4658 eodem
1091 4599 1226 4659 loco
1272 4600 1734 4674 professionem,
1777 4600 1871 4659 fas
1909 4601 1985 4659 sit

324 4689 557 4762 absque
590 4689 828 4746 abbatis
869 4691 959 4746 sui
1000 4690 1236 4747 licentia
1274 4691 1350 4748 de
1378 4691 1594 4748 eodem
1621 4689 1755 4747 loco
1794 4691 1986 4748 disee-

324 4777 466 4834 dere
476 4779 920 4850 ;discedentem
949 4783 1150 4836 autem
1184 4779 1404 4851 absque
1418 4778 1986 4835 communiumlitte·

326 4882 533 4924 rarum
585 4867 858 4924 cautione
889 4866 1092 4924 nullus
1123 4868 1343 4924 audeat
1373 4867 1646 4925 retinere.
1688 4870 1836 4925 Cum
1882 4883 1989 4923 au·

327 4962 445 5014 tem
475 4955 752 5027 generale
775 4955 1152 5013 interdictum
1183 4961 1350 5014 terres
1377 4956 1571 5023 fuerit,
1592 4957 1764 5014 liceat
1794 4955 1985 5021 vobis,

325 5046 547 5103 clausis
562 5046 793 5116 januis,
824 5046 1363 5103 excommunicatis
1412 5050 1472 5102 et
1523 5044 1851 5103 interdictis
1895 5060 1990 5102 ex-

325 5136 667 5202 clusis,non
702 5135 953 5206 pulsatis
973 5136 1310 5208 campanis,
1344 5150 1670 5209 suppressa
1709 5151 1872 5201 voce,
1901 5134 1989 5191 di-

330 5224 471 5282 vina
499 5224 700 5281 officia
728 5223 1028 5281 celebrare
1055 5240 1071 5291 ;
1092 5240 1206 5298 pro
1224 5224 1550 5283 chrismate
1572 5240 1728 5290 vero,
1743 5223 1877 5281 oleo
1892 5240 1987 5283 sa·

328 5329 450 5381 cro,
491 5313 1044 5371 consecrationibus
1073 5312 1481 5385 eeclesiarum,
1505 5313 1986 5371 ordinationibus

325 5400 676 5459 clericorum
723 5402 828 5475 qui
874 5400 955 5459 ad
997 5416 1203 5460 sacros
1227 5401 1473 5460 ordines
1500 5401 1717 5459 fuerint
1748 5417 1983 5474 promo·

335 5490 535 5559 vendi,
564 5491 690 5549 sive
719 5491 940 5550 abbate
967 5490 1327 5552 deducendo
1352 5490 1430 5549 sd
1464 5490 1694 5560 sedem,
1724 5489 1817 5551 vel
1852 5491 1984 5565 qui·

2078 3099 2314 3158 Domini
2338 3097 2673 3156 nostri-lesu
2703 3092 3254 3166 Christi,quatenus
3276 3092 3339 3145 et
3357 3087 3456 3145 hic
3484 3086 3731 3144 fructum

2077 3194 2254 3247 bonas
2283 3187 2532 3246 actionis
2560 3183 2893 3258 percipiant
2921 3187 2979 3237 et
3008 3178 3175 3252 apud
3205 3177 3557 3234 districtum
3582 3173 3729 3232 ludi·

2078 3294 2211 3336 cem
2240 3275 2491 3350 praemia
2520 3272 2685 3347 pacis
2715 3269 3046 3328 inveniant.
3076 3271 3286 3324 Amen.

2152 3379 2273 3447 Ego
2302 3372 2520 3430 Lucius
2548 3367 2861 3427 catholica
2893 3364 3171 3423 Ecclesias
3210 3363 3569 3436 episcopus.

2152 3477 2275 3545 Ego
2292 3471 2553 3528 loannes
2574 3466 2887 3542 presbyter
2920 3461 3272 3527 cardinalis,
3305 3459 3460 3518 tituli
3487 3459 3705 3517 Calixti.

2153 3575 2271 3644 Ego
2304 3567 2609 3626 Laborans
2645 3563 2955 3638 presbyter
2978 3558 3306 3619 cardinalis
3360 3556 3519 3615 tituli
3551 3558 3607 3617 S.
3638 3558 3747 3614 Hs-

2080 3665 2188 3721 rioe
2223 3668 2387 3718 trans
2413 3654 2694 3714 Tiberim.

2152 3763 2271 3832 Ego
2302 3755 2598 3815 unbertus
2626 3749 2933 3825 presbyter
2972 3744 3298 3805 cardinalis
3330 3744 3485 3803 tituli
3517 3746 3577 3803 S.
3608 3743 3746 3802 Lan·

2082 3847 2254 3907 rentii
2277 3848 2338 3904 in
2370 3844 2654 3902 Damaso.

2157 3949 2276 4017 Ego
2290 3940 2663 4013 pandulphus
2674 3935 2981 4011 presbyter
2991 3930 3311 3991 cardinalis
3326 3930 3484 3989 tituli
3494 3929 3743 3989 basilica

2088 4034 2412 4094 Duodecim
2440 4027 2887 4103 Apostolorum.

2158 4136 2282 4203 Ego
2325 4129 2576 4188 Albinus
2607 4123 2760 4183 tituli
2813 4124 2872 4182 S.
2903 4119 3106 4181 Crucis
3132 4118 3196 4177 in
3224 4117 3568 4177 Jerusalem
3594 4132 3738 4192 pres-

2087 4226 2260 4297 byter
2284 4216 2632 4277 cardinalis.

2162 4314 2283 4382 Ego
2311 4309 2469 4366 Theo
2477 4303 2693 4362 baldus
2706 4299 2993 4361 Ostiensis
3017 4295 3390 4356 velleriensis
3403 4297 3740 4393 episcopus.

2014 4391 2061 4447 D
2162 4402 2278 4471 Ego
2318 4394 2658 4454 Theodinus
2699 4389 3037 4448 Portuensis
3094 4390 3153 4445 et
3202 4386 3262 4443 S.
3320 4384 3554 4444 Rufino
3601 4383 3744 4441 sedis

2093 4502 2598 4649 epllsssgcc?'gesti-ricus
2621 4566 2978 4626 Albanensis
3013 4565 3358 4637 episcopus.

2164 4669 2284 4737 Ego
2332 4660 2559 4720 Arditio
2586 4654 2912 4716 cardinalis
2963 4653 3258 4712 diaconus
3307 4650 3514 4710 Sancti
3566 4649 3742 4708 Tbeo·

2094 4758 2288 4925 do:gg-o
2315 4849 2635 4907 Gratianus
2660 4847 2759 4905 SS.
2792 4844 3023 4901 cosmo
3047 4845 3106 4898 et
3134 4837 3419 4899 Damieni
3437 4838 3740 4896 diaconus.

2168 4942 2288 5013 Ego
2317 4935 2623 4997 Soffredus
2653 4935 2713 4992 S.
2742 4931 2938 4991 Barim
2982 4932 3046 4988 in
3099 4928 3209 4987 Via
3262 4928 3414 4986 Lata
3462 4926 3745 4986 diaeonus

2096 5027 2446 5090 cardinalis.

2167 5130 2381 5185 Datum
2394 5126 2638 5181 Veronae
2659 5135 2766 5195 per
2778 5134 2996 5176 manus
3012 5114 3252 5183 Alberti,
3273 5113 3622 5189 presbyteri
3637 5127 3748 5171 cer·

2093 5216 2314 5277 dinalis
2336 5219 2393 5271 et
2415 5208 2776 5276 cancellarii,
2806 5223 2905 5264 xiv
2932 5204 3234 5264 Kalendas
3276 5203 3532 5276 Aprilis.
3557 5201 3749 5261 indict.

2094 5326 2172 5377 ιιι,
2223 5298 2658 5362 incarnationis
2697 5295 2933 5355 Domini
2980 5308 3144 5352 anno
3175 5290 3335 5358 1¹84,
3369 5291 3752 5366 pontificatus

2094 5411 2235 5455 vero
2247 5388 2479 5450 domini
2507 5387 2664 5445 Lucii
2695 5383 2951 5460 papolll
2976 5397 3141 5442 anno
3171 5397 3249 5438 iv.
