3784 6000
32 173 180 235 1¹5⁷

24 318 391 390 inscriptum
432 315 655 374 liabens
697 333 711 373 ε
748 310 991 373 ΒΑΜ-ωε
1028 314 1259 376 Pacius,
1300 310 1551 366 Sinarus
1587 305 1682 362 Ps-
1717 290 1766 343 Α

29 424 177 466 raus
210 424 224 474 ς
257 423 327 465 ex
358 407 542 464 altera
583 422 595 461 :
632 408 830 464 Lucius
858 420 998 462 rara
1035 417 1260 459 uarius
1300 399 1400 471 (7).

761 512 939 569 LXIV.

35 621 341 680 Universis
360 620 772 678 Ecclesiarnm
785 619 1054 690 praetatis
1077 616 1326 675 mandat
1356 620 1422 670 ut
1458 628 1686 671 excom·

107 693 407 749 manicent
425 707 518 748 eos
545 692 958 763 quimonachis
970 688 1336 761 advenerale
1360 684 1688 756 capitutum

112 764 506 822 cluniacense
542 764 817 821 euntibus
835 761 1083 819 insidias
1107 761 1436 831 posuerint.

601 879 876 952 (velletri,
905 880 933 934 J
941 877 1018 935 ul.
1059 879 1170 945 14.)

359 986 452 1061 [D.
479 991 756 1053 Bouousr,
789 985 1043 1051 Recaeih
1065 983 1177 1050 XV,
1206 983 1356 1055 414]

108 1075 309 1133 Lucius
338 1077 678 1150 episcopus,
719 1092 927 1134 servus
966 1089 1276 1132 servorum
1315 1071 1438 1140 Dei,
1463 1069 1694 1127 dilectis

34 1163 176 1221 filiis
235 1166 527 1222 universis
570 1165 966 1222 Ecclesiarum
1008 1163 1289 1236 praelatis,
1335 1163 1395 1217 in
1433 1174 1693 1233 quorum

32 1254 397 1312 dioecesibus
422 1255 833 1313 malefactores
851 1255 1131 1322 existunt,
1147 1252 1247 1326 qui
1275 1248 1586 1308 monachis
1600 1264 1695 1305 ve·

34 1343 343 1401 aientibus
375 1345 452 1401 ad
483 1344 760 1415 generale
781 1344 1112 1415 capitulum
1140 1341 1529 1398 cluniacense
1557 1337 1697 1396 insi-

35 1433 173 1490 dias
204 1439 459 1507 ponunt,
477 1435 596 1490 sive
621 1450 714 1490 res
733 1433 1006 1506 proprias
1024 1432 1320 1497 auferunt,
1348 1430 1602 1487 salutem
1642 1432 1696 1484 et

33 1524 432 1596 apostolicam
457 1522 965 1580 benedictionem.

1030 162 1402 227 EPISTOLAE
1440 159 1529 220 ET
1567 154 2009 219 vatLEGIA.
2051 193 2122 206 —
2157 161 2274 219 AN.
2319 163 2483 219 1182.

3310 161 3451 222 1158

2530 286 2711 343 wa.

1796 373 2149 433 Monosterii
2169 375 2229 432 S.
2245 375 2456 432 Marisa
2471 375 2540 431 Μ
2538 375 2825 433 ear-elensis
2837 379 3259 447 protectionem
3278 379 3455 434 susci·

2127 449 2218 517 pit
2240 451 2748 521 possessionesque
2786 449 3120 518 confirmat.

2298 535 2576 607 (Velletri,
2616 540 2760 594 Nov.
2800 537 2915 609 23.)

2034 623 2373 696 [blinamma
2408 627 2634 683 Annae.
2674 627 2941 694 cisterc..
2972 629 3062 692 ΙΙΙ,
3097 633 3208 697 25.]

1871 711 2074 770 Lucius
2112 715 2454 787 episcopus,
2494 731 2703 771 servus
2723 732 3032 774 servorum
3066 718 3191 780 Dei,
3223 722 3456 781 dilectis

1800 801 1935 858 filiis
1949 801 2133 859 Psi-ao
2157 803 2361 860 abbati
2392 805 2624 861 Sanctae
2648 805 3182 874 MariaetteMurelo‚
3205 809 3456 885 ejusque

1801 890 2104 959 fratribus,
2119 898 2240 950 tam
2257 892 2650 965 proesentibus
2665 910 2849 967 quain
2868 894 3100 963 futuris,
3114 899 3456 969 regularem

1803 979 1985 1037 vitam
2016 981 2315 1053 professis.

1874 1068 2235 1140 Religiosam
2249 1073 2433 1128 vitam
2457 1072 2745 1145 professis
2760 1075 3161 1145 apostolicum
3179 1078 3459 1137 convenit

1802 1159 2015 1217 adesse
2040 1161 2384 1232 proesidium
2418 1178 2432 1216 z
2461 1169 2847 1236 quapropter,
2888 1165 3086 1222 dilecti
3114 1168 3172 1222 in
3205 1169 3459 1226 Domino

1803 1248 1928 1315 filii,
1958 1250 2167 1305 vestris
2193 1251 2732 1323 supplicationibus
2758 1254 3082 1311 clementer
3111 1258 3458 1325 annuimus,

1804 1342 1863 1395 et
1889 1336 2214 1410 praefatum
2244 1341 2697 1410 monasterium,
2726 1341 2784 1397 in
2806 1359 2930 1414 quo
2958 1342 3163 1402 divino
3185 1347 3328 1401 estis
3355 1346 3462 1404 ob·

1804 1427 2017 1500 sequio
2048 1428 2393 1502 mancipati,
2418 1433 2531 1486 sub
2571 1429 2726 1488 beati
2761 1433 2906 1489 Petri
2946 1438 3002 1490 et
3036 1440 3239 1492 nostra
3269 1440 3463 1508 prote-

1806 1516 2000 1573 ctione
2029 1518 2410 1589 suscipimus,
2445 1523 2557 1576 etc.
2587 1520 2871 1578 Praeterea
2895 1538 3293 1596 quascunque
3325 1539 3466 1598 pos-

105 1611 196 1667 Ad
223 1615 449 1669 tantam
475 1612 627 1684 jam,
667 1611 820 1668 sicut
839 1610 1203 1682 accepimus,
1228 1624 1553 1682 pravorum
1584 1606 1697 1664 ho·
1729 1645 1769 1700 B
1806 1605 2517 1680 sessioneS,quaecunque
2533 1608 2691 1666 bona
2706 1609 2867 1667 idem
2885 1614 3467 1681 monasterium,aut

37 1701 271 1758 minum
301 1700 529 1759 malitia
550 1701 791 1757 devenit
814 1700 1140 1767 insaniam,
1168 1704 1224 1756 et
1250 1698 1332 1756 ita
1365 1713 1573 1754 eorum
1601 1712 1700 1753 cu-

38 1789 263 1862 piditas
307 1790 368 1846 in
405 1790 772 1847 immensum
815 1789 1055 1855 exarsit,
1096 1793 1160 1845 ut
1187 1804 1298 1846 nec
1338 1787 1555 1861 pudori
1590 1800 1700 1841 nec

37 1876 309 1949 religioni
327 1878 454 1950 jam
485 1885 725 1950 parcat;
751 1878 858 1934 sed
878 1878 1107 1951 passim
1127 1878 1389 1934 avaritiae
1427 1892 1552 1933 suae
1581 1891 1699 1931 un·

39 1967 361 2040 dequaque
373 1967 642 2024 fomenta
669 1967 1042 2040 perquirant.
1068 1967 1226 2023 Sicut
1247 1971 1448 2023 autem
1485 1963 1702 2021 nostris

40 2061 131 2113 est
158 2056 405 2113 auribus
433 2057 797 2122 intimatum,
838 2056 1090 2129 quidam
1132 2056 1543 2113 malefactores
1580 2070 1707 2111 mo-

43 2146 255 2201 nachis
269 2146 346 2203 ad
359 2145 636 2217 generale
649 2145 978 2217 capitulum
1010 2144 1396 2203 cluniacense
1423 2143 1705 2200 venienti-

44 2233 162 2290 bus
177 2240 408 2307 ponunt
439 2234 715 2302 insidias,
747 2234 900 2291 eteis
924 2250 1079 2309 quos
1096 2233 1542 2306 deprehendere
1574 2249 1708 2306 pos-

47 2327 209 2388 sunt,
225 2322 404 2378 rebus
421 2338 572 2395 quas
602 2322 877 2380 deferunt
902 2321 1190 2379 violenter
1204 2321 1440 2390 ablatis,
1455 2321 1534 2393 inj
1547 2322 1705 2378 urias

47 2417 420 2484 praesumunt
445 2411 738 2483 plurimas
757 2412 1040 2484 irrogare.
1072 2412 1345 2468 Volentes
1363 2413 1565 2484 itaque
1601 2410 1709 2467 hu-

35 2501 306 2573 jusmodi
331 2499 610 2559 homines
636 2516 673 2557 a
702 2505 866 2558 tanta
879 2502 1141 2575 nequitia
1170 2517 1463 2568 coercere,
1483 2499 1709 2558 discre-

40 2589 186 2647 tioni
216 2595 420 2647 vestm
447 2605 553 2663 per
568 2589 902 2663 apostolica
941 2591 1162 2665 scripta
1187 2590 1707 2663 mandamusqua·

41 2683 219 2737 tenus
235 2694 337 2735 eos
349 2695 503 2751 quos
517 2679 795 2735 noveritis
811 2679 1028 2736 talibus
1043 2680 1400 2738 criminibus
1428 2680 1706 2748 irretitos,

40 2767 277 2834 tandiu,
329 2767 485 2825 sicut
530 2769 1110 2836 excommunicatos,
1155 2770 1374 2827 nullius
1408 2769 1709 2827 contradi·

40 2858 237 2915 ctione
266 2857 544 2915 obstante
572 2857 805 2915 faciatis
825 2859 905 2915 ab
922 2860 1206 2916 omnibus
1229 2861 1452 2917 arctius
1472 2860 1704 2927 evitari,

40 2946 236 3004 donec
262 2946 490 3005 damna
525 2947 690 3007 illata
741 2949 1088 3017 resarciant,
1130 2954 1188 3007 et
1223 2949 1300 3008 de
1333 2949 1566 3023 injuriis
1610 2965 1705 3008 sa·
1740 2963 1782 3020 c

46 3036 353 3095 tisfaciant
391 3044 817 3111 competenter.

119 3126 336 3184 Datum
367 3126 601 3186 velletri
628 3129 895 3185 secundo
923 3128 1063 3185 Idus
1082 3128 1237 3186 Iulii.

811 3243 968 3301 LXV.

125 3356 226 3412 Ad
250 3355 622 3429 [Gnidonem]
656 3357 1038 3418 senonensem
1062 3358 1598 3431 archiepiscopum.

557 3482 832 3555 (velletri,
869 3488 1119 3554 August.
1154 3484 1233 3558 5.)

132 3605 488 3677 [Antiquitas
526 3606 600 3664 de
635 3606 1077 3679 Saint-Aiqnan
1115 3608 1453 3677 d’Orleans,
1489 3625 1551 3682 p.
1593 3610 1706 3683 85]

133 3721 334 3778 Lucius
375 3723 715 3796 episcopus,
757 3739 962 3781 servus
1019 3740 1330 3782 servorum
1380 3726 1502 3794 Dei,
1542 3742 1714 3786 vene·

56 3809 234 3868 rabili
269 3811 432 3870 fratri
470 3813 803 3870 senonensi
841 3813 1314 3888 archiepiscopo,
1361 3816 1618 3875 salutem
1659 3823 1716 3877 et

57 3900 458 3973 apostolicam
495 3902 994 3960 benedictionem.

136 3988 389 4045 Dilectus
428 3991 588 4047 filius
628 3997 833 4049 noster
869 3993 1062 4051 abbas
1089 3994 1144 4052 S.
1187 3996 1490 4053 Maximini
1530 4001 1714 4054 trans·

58 4081 252 4135 missa
279 4079 454 4134 nobis
486 4083 819 4152 quaestione
841 4084 1375 4158 monstravitquod
1415 4101 1552 4143 cum
1595 4102 1717 4144 mo·

55 4166 392 4227 nasterium
406 4171 660 4227 suumin
681 4171 936 4229 ecclesia
960 4175 1015 4229 S.
1039 4172 1255 4230 Auiani
1277 4174 1721 4232 Aurelianensis

60 4258 460 4333 praebendam
499 4260 831 4332 quamdam
862 4262 937 4318 de
976 4262 1226 4335 antiqua
1264 4264 1719 4333 consuetudine,

61 4353 338 4421 tempore
364 4347 717 4420 longissimo
744 4353 1131 4425 percepisset,
1163 4352 1434 4411 decanus
1463 4359 1520 4411 et
1545 4370 1724 4413 cano-

70 4439 190 4495 nici
220 4438 345 4494 sine
369 4438 598 4510 ¹iudicio
626 4444 684 4497 et
700 4440 934 4512 justitia
965 4441 1292 4500 temeritate
1320 4444 1562 4518 propria
1587 4445 1727 4502 sub-

71 4533 399 4587 traxerunt.
433 4531 550 4585 Nos
576 4530 779 4603 itaque
811 4530 1123 4603 providere
1146 4535 1414 4590 volentes
1440 4549 1519 4592 ne
1547 4551 1726 4592 suum

73 4620 510 4677 monasterium
550 4620 609 4676 in
639 4620 755 4678 hac
799 4627 966 4695 parte
1010 4622 1337 4693 fraudetur,
1375 4623 1728 4683 fraternitati

76 4714 195 4768 tuoe
247 4725 355 4781 per
379 4710 710 4782 apostolica
745 4710 967 4783 scripta
1022 4713 1390 4770 mandamus
1431 4723 1732 4787 quatenus

78 4798 354 4873 partibus
383 4801 748 4865 convocatis,
782 4802 832 4857 si
862 4817 965 4874 per
996 4808 1170 4859 testes
1194 4802 1496 4875 legitimos
1525 4805 1601 4863 de
1632 4806 1735 4862 ab·

82 4888 239 4946 batis
268 4892 592 4947 assertione
622 4891 967 4959 constiterit,
1000 4893 1390 4966 praebendam
1431 4910 1571 4952 cum
1595 4911 1736 4970 per-

1752 4318 1800 4375 D

1808 1709 1869 1749 in
1897 1697 2171 1766 proesenti
2200 1695 2483 1768 possidet,
2513 1699 2706 1754 autin
2730 1698 2996 1756 futurum
3026 1701 3238 1773 poterit
3276 1702 3463 1775 adipi·

1811 1784 1918 1849 sci,
1939 1783 2117 1840 firma
2145 1783 2320 1841 vobis
2353 1790 2412 1842 et
2439 1784 2668 1844 illibata
2701 1795 3114 1861 permaneant.
3150 1789 3212 1845 ln
3237 1790 3466 1863 quibus

1811 1870 1944 1930 hoec
1961 1871 2518 1944 propi-iisduximus
2532 1875 2932 1948 exprimenda
2945 1878 3327 1934 nominibus:
3363 1881 3470 1936 Lo·

1812 1977 1952 2017 cum
1992 1962 2191 2034 ipsum
2229 1962 2304 2018 de
2332 1963 2591 2029 Murello,
2624 1965 2682 2021 in
2715 1980 2837 2039 quo
2867 1967 3222 2039 praedictum
3257 1981 3469 2024 mona-

1816 2050 2065 2107 sterium
2085 2053 2262 2107 situm
2281 2057 2390 2119 est,
2405 2068 2544 2109 cum
2562 2053 2933 2125 pertinentiis
2946 2055 3069 2111 suis
3105 2072 3120 2122 ;
3153 2057 3467 2128 grangiam

1815 2139 1891 2198 de
1917 2140 2083 2198 ovila
2098 2156 2236 2197 cum
2264 2142 2631 2215 pertinentiis
2652 2143 2770 2199 suis
2806 2160 2821 2211 3
2853 2147 3171 2217 grangiam
3196 2147 3272 2202 de
3295 2145 3468 2203 Alca-

1818 2244 2169 2286 ramazcum
2184 2231 2557 2304 appendiciis
2577 2233 2701 2290 suis
2734 2249 2749 2298 3
2779 2234 3098 2305 grangiam
3110 2236 3469 2306 deAzagron

1816 2334 1955 2374 cum
1986 2320 2359 2391 appendiciis
2390 2321 2533 2386 suis,
2566 2326 2675 2378 etc.

1886 2407 2105 2466 Datum
2138 2409 2405 2477 veronae,
2447 2426 2609 2467 nono
2653 2410 2950 2468 Kalendas
2989 2414 3351 2484 Decembris,
3387 2415 3473 2470 in·

1816 2497 2071 2557 dictione
2100 2499 2316 2571 prima,
2334 2499 2765 2557 incarnationis
2788 2500 3111 2558 Dominicae
3124 2518 3287 2559 anno
3318 2505 3475 2568 1182,

1815 2588 2201 2662 pontificatus
2230 2587 2501 2660 ejusdem
2540 2588 2770 2645 domini
2810 2589 2970 2646 Lucii
2996 2606 3170 2664 papae
3212 2590 3282 2647 ΙΙΙ
3313 2605 3476 2648 anno

1817 2677 2106 2734 secundo.
2499 2715 2507 2723 .

2530 2766 2745 2824 vau.

1815 2853 2143 2912 Ecclesiam
2156 2853 2525 2924 Siqniensem
2538 2856 2822 2913 tuendam
2841 2857 3089 2928 suscipit
3109 2865 3162 2915 et
3178 2859 3303 2930 ejus
3316 2857 3471 2916 bona

2244 2941 2317 2983 ac
2334 2927 2656 2997 privieeqia
2696 2930 3030 2998 confirmat.

2356 3025 2632 3098 (velletri,
2667 3026 2803 3085 Dec.
2835 3031 2919 3098 2.)

2137 3105 2427 3177 [Uariana
2452 3105 2643 3164 Italia
2663 3123 2859 3176 sacra,
2897 3110 2944 3174 Ι,
2970 3107 3154 3183 1231]

1886 3194 2090 3251 Lucius
2115 3195 2455 3268 episcopus,
2484 3211 2693 3253 servus
2717 3214 3027 3256 servorum
3060 3200 3183 3266 Dei,
3224 3213 3478 3256 venera-

1816 3282 1920 3339 bili
1947 3282 2108 3340 fratri
2148 3283 2330 3340 Psi-ao
2359 3284 2606 3355 Signino
2625 3286 2877 3359 ejusque
2909 3289 3363 3346 successoribus
3383 3304 3483 3346 ca-

1818 3371 2035 3431 nonice
2070 3372 2431 3429 intrantibus
2452 3375 2510 3429 in
2537 3381 2919 3446 perpetuum.

1891 3463 1961 3518 Et
1983 3461 2134 3519 ordo
2150 3462 2398 3518 rationis
2419 3463 2777 3536 expostulat,
2793 3471 2851 3521 et
2871 3464 3196 3522 ecclesiast.
3213 3466 3486 3523 utilitatis

1821 3550 2222 3608 consideratio
2250 3566 2363 3608 nos
2391 3550 2600 3608 invitat
2627 3551 2839 3609 fratres
2867 3558 2924 3611 et
2957 3555 3347 3627 coepiscopos
3377 3569 3487 3611 no·

1824 3648 1978 3699 stros
2001 3638 2277 3712 ampliori
2303 3640 2590 3697 charitate
2611 3640 2875 3713 diligere,
2911 3649 2970 3701 et
3004 3644 3365 3700 commissas
3385 3658 3486 3701 eo-

1825 3729 2383 3802 rumgubernationi
2400 3732 2686 3788 Ecclesias
2702 3733 3043 3806 patrocinio
3056 3732 3215 3790 sedis
3238 3737 3487 3805 aposto·

1823 3818 1954 3879 licae
1966 3819 2329 3894 propensius
2341 3821 2863 3893 communire,quo
2875 3838 2947 3879 ex
2962 3822 3221 3894 suscepti
3235 3838 3454 3880 exsecu
3467 3850 3492 3865 -

1829 3913 1986 3970 tione
2006 3908 2187 3967 officii
2209 3913 2374 3967 tanto
2393 3909 2797 3982 vigilantiores
2830 3912 3062 3984 possint
3092 3927 3217 3967 sem
3228 3927 3334 3985 per
3359 3912 3488 3968 exi·

1828 4007 2000 4065 stere.
2033 4005 2260 4072 quanto
2284 4014 2661 4072 apravorum
2684 3999 3030 4057 incursibus
3064 4000 3393 4058 securiores
3421 4015 3487 4057 se

1831 4090 2090 4148 viderint
2137 4103 2512 4161 permanere.
2570 4090 2923 4162 Eapropter,
2969 4106 3104 4147 ven.
3146 4090 3208 4146 in
3254 4089 3491 4147 Christo

1831 4175 2011 4234 frater
2033 4177 2242 4250 episc„
2279 4177 2391 4234 tuis
2414 4177 2592 4249 justis
2626 4178 3136 4250 postulationibus
3174 4179 3496 4237 clementer

1834 4267 2576 4337 annuimus‚etSigninam
2609 4267 2948 4336 Ecclesiam,
2973 4270 3072 4326 cui
3103 4269 3222 4326 Deo
3250 4274 3495 4327 auctore

1836 4372 2095 4431 praeesse
2106 4356 2498 4428 dignosceris,
2513 4358 2591 4413 ad
2602 4357 2909 4431 exemplar
2922 4358 3106 4416 felicis
3131 4359 3498 4417 recordatio-

1836 4446 1934 4504 nis
1963 4446 2280 4503 Alexandri
2310 4461 2505 4520 papae,
2538 4447 3001 4521 praedecessoris
3041 4449 3248 4517 nostri,
3283 4448 3401 4505 sub
3436 4451 3496 4504 Β.

1839 4536 1993 4595 Petri
2022 4542 2080 4594 et
2099 4542 2301 4594 nostra
2328 4537 2692 4610 protectione
2706 4538 3088 4611 suscipimus,
3113 4542 3172 4594 et
3192 4536 3500 4609 praesentis

1839 4626 2043 4699 scripti
2060 4624 2369 4699 privilegio
2390 4628 2859 4692 communimus,
2879 4630 3203 4683 statuentes
3229 4640 3303 4681 ne
3322 4640 3501 4698 quas-

1841 4730 2082 4790 cunque
2110 4716 2938 4788 possessiones,quaecunque
2966 4715 3131 4772 bona
3152 4714 3368 4771 eadem
3392 4716 3503 4770 Ec·

1843 4805 2025 4864 clesia
2052 4805 2177 4861 sive
2206 4804 2583 4870 indomibus,
2604 4803 2975 4861 casularibus
2989 4803 3080 4861 vel
3094 4810 3261 4861 extra
3287 4804 3496 4861 civita-

1847 4899 1987 4964 tem,
2016 4899 2119 4951 aut
2147 4894 2209 4950 in
2233 4893 2436 4965 vineis,
2467 4892 2787 4950 arboribus
2814 4892 3127 4949 fructiferis
3164 4898 3221 4949 et
3239 4891 3506 4950 infructi-

81 4978 267 5051 ceptis
300 4979 587 5037 fructibus
615 4983 979 5039 monasterio
1017 4982 1203 5040 facias
1227 4982 1510 5043 dilatione
1550 4990 1607 5043 et
1633 5002 1738 5059 ap-
1846 4984 2011 5052 feris,
2055 4998 2160 5040 seu
2208 4982 2269 5039 in
2305 4983 2472 5040 terris
2511 4979 2682 5039 cultis
2721 4988 2777 5040 et
2818 4982 3075 5050 incultis,
3124 4981 3500 5050 nemoribus,

80 5066 400 5142 pellatione
417 5078 686 5128 cessante
712 5072 960 5142 restitui,
982 5072 1349 5131 restitutione
1362 5079 1563 5132 autem
1581 5073 1741 5134 facta
1848 5075 2062 5150 pratis,
2102 5072 2299 5147 aquis,
2334 5071 2713 5139 molendinis,
2746 5077 2805 5131 et
2833 5073 3096 5146 pascuis,
3130 5076 3235 5130 aut
3272 5071 3335 5128 in
3374 5070 3507 5129 aliis

83 5159 134 5215 si
149 5156 376 5229 aliquid
389 5162 729 5232 apparuerit
741 5162 1092 5234 quaestionis
1103 5162 1491 5235 diligentibus
1504 5165 1739 5237 audias,
1849 5171 1974 5223 tam
1991 5166 2052 5223 in
2079 5164 2406 5235 montibus,
2424 5178 2612 5237 quam
2630 5163 2689 5219 in
2707 5162 2951 5235 ptanitie
2977 5162 3503 5235 inpraesentiarum

87 5254 147 5305 et
179 5246 477 5305 mediante
496 5251 725 5321 justitia
752 5251 1016 5310 decidas.
1854 5255 2009 5329 juste
2034 5259 2094 5312 et
2119 5252 2407 5310 canonice
2432 5251 2719 5326 possidet,
2745 5252 2938 5309 autin
2968 5250 3233 5309 futurum
3263 5265 3507 5308 conces-

161 5340 373 5394 Datum
409 5338 658 5408 velletri,
690 5342 872 5399 Nonis
899 5343 1169 5416 Augusti.
1855 5347 2027 5404 sione
2039 5342 2736 5419 pontificum,largitione
2765 5356 2998 5414 regum,
3023 5341 3117 5400 vel
3139 5340 3508 5416 principum,

93 5427 591 5573 eogigglnigtzchivo
604 5432 911 5491 casinensi
928 5434 1216 5509 pleraque
1229 5434 1352 5494 alia
1373 5450 1585 5511 regum
1611 5438 2248 5513 sardiniaediplomata
2262 5437 2641 5508 comparent,
2655 5431 3201 5492 vernaculoinsulae
3220 5431 3510 5491 idiomate
