3784 6000
248 222 408 285 ,307
1370 210 1801 276 cuintsnm
1842 210 2227 275 TYastts
2268 211 2628 277 ascensa.
3591 186 3716 285 sol

292 357 540 426 tentata,
569 354 710 411 dum
741 354 801 412 in
831 350 1125 411 redeundo
1166 348 1241 406 ad
1271 346 1503 420 propria
1540 362 1806 403 remenso
1846 346 1941 402 iti·
1967 349 2020 415 Α
2049 349 2168 405 tem
2201 346 2421 404 militiae
2453 366 2570 405 suae
2603 364 2718 405 non
2755 347 3046 407 modicam
3075 349 3130 409 ei
3167 353 3558 425 concederet3
3607 371 3708 413 cu-

297 460 437 503 nere
459 444 530 500 ad
554 444 859 500 dominum
884 443 1287 513 imperatorem
1332 453 1401 494 ex
1425 435 1689 493 condicto
1719 436 1948 493 reditu-
2046 438 2145 508 jus
2169 438 2350 493 fretus
2363 438 2602 504 auxilio,
2626 444 2832 510 praeter
2853 454 3076 497 morem
3104 448 3346 514 patrum
3369 459 3637 507 suorum.
3653 444 3706 500 in

301 548 425 605 rus,
446 533 603 606 apud
634 529 1074 603 Adrianopolim
1112 527 1384 585 secundae
1419 524 1679 582 Thraciae
1726 523 1945 582 claram

301 621 670 694 metropolim
695 622 1081 693 pervenisset,
1104 634 1243 674 casu
1275 617 1512 672 sinistro
1547 619 1791 671 mortem
1827 614 1945 669 im-

298 713 540 768 meritus
572 710 756 766 subiit
784 708 1146 765 inauditam.
1181 705 1329 762 Nam
1359 706 1497 761 dum
1520 703 1666 759 bora
1688 702 1948 759 meridia-

292 815 387 869 na,
417 798 593 873 longo
636 800 912 872 fatigatus
952 798 1181 867 itinere,
1216 800 1348 868 post
1393 800 1701 867 sumptum
1746 792 1943 848 cibum

292 888 558 945 membra
607 888 807 961 sopori
853 885 1255 954 concessisset,
1284 883 1525 957 quidam
1558 882 1845 939 Robertus
1873 880 1947 938 de

291 976 572 1035 comitatu
610 978 761 1049 ejus,
794 992 968 1048 quem
1001 975 1127 1048 ipse
1157 974 1226 1029 ad
1257 971 1647 1030 sacerdotium
1671 986 1942 1045 provexe-

294 1071 387 1124 rat
414 1073 472 1125 et
501 1068 650 1124 inter
682 1064 994 1122 familiares
1027 1066 1338 1135 receperat,
1379 1063 1439 1118 in
1481 1061 1683 1116 eodem
1734 1059 1795 1116 in
1824 1076 1943 1132 quo

297 1156 574 1213 dominus
605 1156 919 1228 epiecopus
949 1151 1210 1210 conclavi
1233 1152 1457 1223 jaccae,
1491 1150 1615 1221 jam
1653 1149 1725 1205 de
1768 1148 1944 1221 longa

293 1245 654 1316 aegritudine,
701 1261 814 1316 qua
861 1242 1180 1315 plurimum
1245 1239 1625 1307 laboraverat,
1673 1237 1940 1296 convale-

290 1348 482 1404 scens,
530 1334 681 1390 l'uria
728 1334 1011 1403 invectae,
1063 1329 1371 1387 dominum
1418 1330 1757 1401 episcopum
1801 1328 1940 1384 dor-

286 1420 829 1492 mientem,arrepto
848 1419 1065 1491 gladio,
1102 1418 1374 1492 pluribus
1413 1416 1658 1473 inflictis
1677 1415 1942 1473 vulneri-

284 1509 415 1579 bus,
447 1508 735 1566 lethaliter
766 1508 1239 1576 confodit.Quem
1253 1523 1388 1564 cum
1436 1507 1530 1562 sui
1558 1507 1658 1578 qui
1689 1506 1940 1562 exterius

287 1606 451 1656 erant
477 1597 826 1656 clamantem
850 1599 1145 1664 audirent,
1181 1603 1237 1654 et
1267 1613 1382 1669 prae
1424 1596 1629 1652 mortis
1665 1595 1943 1668 angustia

286 1689 534 1762 gemitus
563 1690 832 1744 edentem
862 1693 921 1744 et
951 1687 1210 1760 suspiria
1239 1685 1649 1758 intelligerent,
1677 1684 1935 1741 volentes
1966 1709 2012 1776 B

285 1778 530 1846 irruere,
566 1783 631 1834 ut
658 1776 948 1833 laboranti
979 1778 1189 1833 ferrent
1221 1791 1389 1847 opem
1421 1773 1680 1842 domino,
1706 1772 1934 1829 ostioab

286 1867 448 1923 intus
472 1866 717 1923 tirmiter
745 1865 1011 1923 obserato
1029 1865 1254 1938 ingredi
1282 1880 1396 1920 non
1429 1866 1764 1935 potuerunt.
1787 1862 1936 1919 Tan-

287 1955 442 2022 dem,
464 1957 695 2013 effracto
713 1955 990 2013 violenter
1008 1955 1182 2024 ostie,
1199 1954 1506 2011 dominum
1534 1953 1932 2010 semianimem

280 2050 340 2102 et
357 2044 549 2102 adhuc
578 2047 729 2101 circa
762 2045 1079 2117 praecordia
1112 2043 1401 2100 modicum
1434 2042 1675 2114 spiritus
1708 2042 1935 2098 habeu-

280 2141 419 2202 tem,
452 2139 808 2208 repererunt.
841 2133 1113 2190 Volentes
1154 2133 1335 2203 igitur
1368 2132 1712 2205 praedictum
1746 2129 1934 2186 male-

277 2223 459 2279 ficum
492 2222 741 2280 vinculis
775 2224 1126 2294 mancipare,
1163 2227 1222 2277 et
1247 2220 1670 2277 homicidarum
1705 2220 1829 2290 lege
1858 2219 1929 2275 ad

280 2328 479 2384 poenaa
534 2328 734 2385 rapere
777 2312 1025 2381 debitas,
1071 2326 1211 2368 voce
1266 2316 1324 2366 et
1383 2325 1560 2365 manu
1611 2308 1930 2379 prohibuit,

283 2418 458 2460 orans
488 2408 545 2460 et
575 2411 796 2475 petens,
828 2406 893 2456 ut
922 2418 1025 2474 pro
1058 2400 1312 2456 remedio
1343 2400 1547 2454 animae
1578 2416 1695 2454 suae
1726 2398 1777 2454 ei
1809 2397 1930 2469 ple·

285 2492 417 2548 nior
446 2492 608 2548 [leret
635 2490 1035 2563 indulgentia;
1070 2506 1172 2545 nec
1202 2488 1273 2544 ad
1309 2493 1554 2544 mortem
1588 2489 1639 2544 ei
1678 2503 1931 2561 praesens

282 2580 499 2637 Iactum
546 2581 956 2652 imputaretur,
1003 2579 1313 2651 postulans
1360 2576 1612 2644 enixius,
1662 2575 1929 2632 ultimum

280 2669 531 2727 Domino
563 2668 803 2725 tradidit
834 2669 1109 2740 spiritum
1143 2685 1209 2723 111
1240 2666 1366 2722 Kal.
1397 2667 1554 2722 Julii.
1601 2666 1785 2737 BuJus
1819 2682 1933 2721 au-

278 2763 396 2816 tem
431 2759 575 2815 tanti
610 2758 881 2814 maleficii
914 2773 1150 2814 causam
1187 2757 1468 2812 hactenus
1491 2771 1605 2812 non
1630 2754 1931 2825 potuimus

286 2856 502 2906 certam
534 2847 983 2924 deprehendere.
1016 2849 1262 2913 Quidam
1311 2847 1468 2902 enim
1516 2845 1741 2914 dicunt,
1785 2862 1932 2916 prae-

292 2939 514 2997 dictum
560 2940 897 3009 Robertum,
948 2939 1099 2994 tanti
1167 2935 1403 2994 sceleris
1459 2940 1931 3009 perpetratorem,

292 3030 466 3102 longa
510 3029 852 3101 aegritudine
895 3028 1216 3095 laborasse,
1263 3032 1319 3083 et
1370 3028 1430 3081 in
1475 3025 1935 3082 convalescentia

290 3118 573 3192 positum,
604 3117 901 3190 phrenesis
934 3124 1166 3189 raptum
1186 3116 1478 3184 violentia,
1502 3115 1561 3170 in
1587 3124 1699 3170 tam
1726 3116 1933 3187 piacu-

293 3206 413 3263 lare
443 3206 729 3277 flagitium
759 3207 1126 3261 descendisse
1166 3204 1508 3259 nescienter.
1556 3201 1659 3257 Alii
1704 3203 1928 3272 dicunt,

290 3296 425 3354 odIo
455 3297 764 3368 cujusdam
797 3294 1140 3354 cubicularii
1170 3295 1317 3365 ejus,
1349 3293 1541 3365 quide
1563 3293 1787 3350 domini
1808 3295 1931 3366 epi·

291 3387 453 3460 scopi
472 3386 647 3443 nimis
669 3402 1025 3457 prissumens
1046 3386 1255 3457 gratia,
1284 3389 1402 3440 tam
1422 3400 1555 3441 eum
1588 3400 1760 3455 quam
1794 3384 1929 3439 reli·

287 3489 434 3546 quos
467 3473 616 3532 male
646 3473 951 3531 dicebatur
978 3479 1245 3541 tractare,
1275 3481 1389 3529 tam
1432 3473 1688 3528 immane
1733 3471 1930 3528 scelus

284 3574 670 3635 perpetrasse.
704 3564 919 3620 Eodem
955 3579 1107 3620 anno
1137 3563 1375 3634 quidam
1407 3562 1635 3617 Joscius
1664 3561 1926 3631 ejusdem

282 3653 540 3710 ecclesiis
569 3655 887 3711 canonicus
916 3657 973 3709 et
996 3653 1417 3718 subdiaconus,
1449 3667 1507 3706 ιι
1535 3649 1656 3706 Kal.
1682 3650 1927 3707 Decem-

279 3741 425 3807 bris,
456 3742 516 3800 in
547 3744 748 3799 eadem
780 3742 1024 3800 ecclesia
1052 3742 1406 3799 substitutus
1436 3745 1542 3796 est.

838 3848 1071 3906 CAPUT
1109 3847 1364 3905 xxviii.

278 3938 403 3994 uilo
430 3939 740 4010 Armenius,
771 3942 947 4010 frater
984 3939 1193 3994 domini
1234 3937 1410 4003 Toros,
1459 3934 1758 3998 Noradino,
1795 3948 1926 3989 con·

342 4015 588 4083 junctus,
612 4021 802 4081 parces
831 4017 993 4066 vexat
1040 4010 1405 4064 Antiocheam
1434 4027 1455 4075 ,-
1496 4022 1595 4063 rex
1623 4006 1768 4062 illud
1793 4020 1923 4077 pro·

347 4092 529 4152 perae,
558 4088 622 4138 nt
649 4084 765 4154 eju-5
793 4087 1093 4152 compescat
1122 4081 1421 4135 malitiam.

349 4185 456 4242 Per
486 4185 639 4242 idem
670 4192 919 4257 tempus,
980 4185 1250 4242 defuneto
1292 4184 1595 4257 magnifico
1643 4187 1700 4238 et
1742 4181 1920 4238 nobili

279 4271 427 4339 viro,
460 4273 530 4329 de
547 4289 663 4345 quo
693 4276 1026 4345 frequenter
1059 4273 1299 4330 lecimus
1324 4273 1699 4338 mentionem,
1722 4274 1923 4326 Arme-

279 4360 513 4416 niorum
546 4362 806 4433 principe
850 4365 1105 4419 maximo
1149 4363 1385 4419 domino
1433 4362 1637 4430 Toros,
1685 4360 1924 4432 quidam

2050 534 2351 600 paternam
2380 534 2438 585 et
2467 528 2680 586 avitam
2723 528 3124 588 hoereditatem
3171 534 3413 605 primus
3455 534 3710 592 infideles

2050 616 2393 675 introduxit.
2440 617 2744 690 Ingressus
2793 619 2993 692 itaque
3048 621 3340 679 violenter
3387 623 3454 680 in
3505 627 3708 682 terram

2049 704 2252 778 patris,
2290 715 2555 778 nepotem
2592 706 2828 778 expulit,
2860 714 2915 764 et
2936 708 3049 765 sibi
3076 709 3381 783 regionem
3403 712 3710 769 vindicavit

2060 794 2395 851 universam
2417 813 2434 865 3
2453 796 2771 867 statimque
2788 802 3130 869 potestatem
3161 799 3708 873 consecutus,quid-

2049 881 2192 953 quid
2218 881 2421 938 fratres
2448 883 2672 940 militiae
2687 884 2918 958 Templi
2939 886 2996 941 in
3019 888 3290 960 partibus
3311 888 3706 947 babebanlCi-

2048 969 2216 1041 liciae,
2249 971 2382 1029 licet
2411 988 2608 1031 eorum
2643 975 2822 1031 frater
2845 974 3163 1047 aliquando
3215 976 3462 1051 fuisset,
3509 979 3702 1052 primis

2049 1062 2326 1134 auspiciis
2357 1063 2449 1119 sui
2501 1063 2858 1136 principatus
2913 1066 3179 1124 {unditus
3229 1068 3508 1137 abstulit,
3557 1074 3700 1129 tanto

2051 1151 2263 1207 soedere
2321 1152 2598 1226 deinceps
2645 1152 2937 1211 Noradino
2985 1160 3042 1212 et
3071 1156 3286 1213 Turcis
3333 1159 3698 1231 conjunctus,

2048 1244 2267 1312 quanto
2296 1240 2390 1296 vix
2419 1241 2574 1298 inter
2600 1259 2664 1299 se
2692 1241 2876 1299 solent
2898 1244 3104 1301 fratres
3135 1247 3478 1304 convenire.
3501 1247 3700 1306 Factus

2048 1344 2184 1401 ergo
2216 1338 2492 1402 tanquam
2521 1331 2795 1401 infidelis,
2827 1332 2947 1404 lege
2968 1332 3200 1391 Domini
3224 1335 3523 1408 neglecta,
3556 1337 3702 1393 Chri·

2048 1418 2255 1475 stianis
2284 1426 2504 1492 quanta
2530 1425 2778 1494 poterat,
2802 1422 3082 1481 inferebat
3105 1423 3454 1498 dispendia,
3487 1432 3700 1498 captos·

2049 1525 2160 1580 que
2189 1525 2328 1565 casu
2361 1510 2480 1566 sive
2511 1510 2572 1566 in
2595 1509 2815 1582 praelio,
2837 1511 2956 1570 sive
2987 1514 3043 1569 in
3070 1514 3436 1587 expugnatis
3463 1514 3702 1573 munici-

2048 1598 2183 1670 piis,
2213 1598 2464 1655 vinculis
2496 1602 2879 1673 mancipatos,
2906 1601 2966 1657 in
2998 1606 3185 1660 terras
3216 1601 3490 1661 hostium
3517 1604 3704 1663 infere-

2046 1685 2145 1742 bat
2172 1686 2429 1744 venales.
2462 1688 2740 1760 Princeps
2771 1707 2908 1762 ergo
2938 1691 3346 1749 Antiochenus
3390 1698 3453 1751 et
3510 1694 3581 1751 de
3625 1711 3704 1751 re·

2049 1774 2222 1848 gione
2267 1774 2428 1832 illius
2479 1777 2748 1848 maiores,
2798 1780 3058 1836 videntes
3117 1779 3390 1853 quolibet
3456 1783 3700 1840 hostium

2046 1866 2374 1935 protervius
2397 1865 2737 1937 praedictum
2764 1883 3008 1940 nequam
3029 1868 3326 1927 hominem
3354 1871 3419 1927 in
3443 1870 3704 1929 Christia-

2047 1969 2156 2010 nos
2186 1955 2476 2023 desaevire,
2530 1972 2690 2012 arma
2741 1964 2942 2015 contra
2982 1975 3116 2016 eum
3168 1960 3528 2033 corripiunt,
3579 1960 3702 2018 licet

2043 2044 2374 2117 exemplum
2407 2043 2484 2100 sit
2515 2043 2927 2117 periculosum,
2960 2046 3161 2104 fideles
3193 2054 3405 2106 contra
3452 2065 3555 2107 eos
3611 2050 3700 2122 qui

2043 2132 2248 2188 eadem
2280 2133 2635 2206 professione
2665 2139 2997 2204 censentur,
3033 2152 3201 2194 arma
3246 2140 3570 2211 corripere,
3616 2140 3698 2197 in·

2043 2226 2281 2292 sterque
2315 2219 2447 2278 belli
2475 2221 2660 2278 civilis
2693 2223 2953 2279 videatur
2998 2224 3249 2294 babere;
3300 2227 3464 2284 mala
3509 2234 3698 2285 tamen

2043 2310 2434 2367 confratribus
2483 2310 2664 2382 illata,
2709 2329 2823 2370 non
2866 2314 3084 2370 audent
3129 2315 3556 2387 dissimulare;
3607 2318 3698 2375 sed

2043 2398 2255 2455 bellum
2289 2400 2548 2456 inferunt
2577 2406 2632 2456 et
2679 2400 2907 2458 bostem
2970 2402 3270 2474 publicum
3325 2406 3698 2464 denuntiant.

2041 2492 2262 2546 Interea
2288 2488 2565 2546 dominus
2595 2507 2694 2546 rex
2725 2493 2993 2561 audiens,
3025 2495 3174 2564 quod
3207 2494 3265 2549 in
3290 2496 3569 2568 partibus
3591 2498 3698 2555 illis

2040 2582 2305 2634 exortum
2335 2583 2454 2634 erat
2483 2580 2848 2649 scandalum,
2873 2587 3065 2653 partes
3087 2599 3225 2639 suas
3248 2583 3310 2639 in
3343 2585 3444 2641 bis
3473 2602 3606 2658 quae
3631 2586 3697 2644 ad

2041 2683 2244 2739 pacem
2286 2673 2445 2736 sunt,
2501 2669 2866 2740 interponere
2912 2672 3178 2744 cupiens,
3234 2688 3374 2729 cum
3438 2675 3696 2731 familiari

2040 2756 2320 2812 comitatu
2363 2758 2435 2812 ad
2486 2762 2679 2830 partes
2727 2760 3030 2816 descendit
3075 2762 3521 2835 Antiochenam
3574 2766 3696 2823 inde

2041 2846 2385 2902 domesticos
2433 2847 2667 2904 nuntios
2697 2847 2771 2904 ad
2819 2850 3158 2920 praedictum
3189 2852 3692 2911 immanissimum

2040 2939 2099 2992 et
2135 2953 2169 2991 a
2194 2936 2306 2992 Deo
2336 2936 2679 2993 destitutum
2714 2938 2913 2996 'Melier
2941 2940 3160 3012 dirigit,
3195 2948 3405 3015 petens
3436 2948 3516 3003 ab
3543 2960 3612 3004 eo
3644 2952 3692 3003 et

2043 3025 2253 3082 obnixe
2299 3026 2599 3099 postulans
2648 3034 2939 3099 quatenus
3002 3046 3136 3087 cum
3184 3048 3252 3089 eo
3298 3034 3363 3090 in
3413 3034 3544 3092 loce
3585 3035 3688 3092 sibi

2045 3114 2426 3187 benemar-ito,
2460 3118 2550 3172 die
2580 3123 2944 3189 competente
2972 3119 3043 3175 ad
3068 3120 3432 3193 colloquium
3454 3124 3689 3182 descen·

2036 3203 2221 3259 deret.
2254 3204 2414 3268 Quod
2449 3206 2687 3262 verbum
2719 3223 2854 3263 cum
2887 3206 2984 3264 ille
3007 3210 3175 3280 quasi
3198 3217 3511 3282 gratanter
3529 3213 3683 3270 vide·

2038 3295 2199 3347 retur
2214 3293 2529 3363 accepisse,
2551 3296 2723 3350 corde
2744 3300 2939 3352 tamen
2961 3294 3133 3369 longe
3153 3311 3274 3355 erat
3295 3301 3376 3356 ab
3401 3317 3492 3358 eo.
3515 3302 3682 3359 Cum·

2036 3396 2147 3451 que
2176 3384 2262 3436 ter
2292 3380 2377 3436 vel
2410 3387 2614 3453 quater
2637 3383 2911 3439 dominus
2941 3401 3041 3441 rex
3071 3385 3129 3441 id
3162 3387 3360 3459 ipsum
3394 3405 3505 3461 per
3531 3407 3684 3448 nun·-

2035 3468 2146 3526 tios
2176 3473 2459 3527 tentasset
2486 3471 2732 3540 efficere,
2766 3472 2824 3528 in
2858 3472 2972 3528 tine
3002 3479 3194 3530 tamen
3238 3477 3525 3537 malitiosi
3579 3480 3682 3538 bo-

2033 3558 2208 3615 minis
2236 3559 2513 3632 deceptus
2541 3562 2833 3629 versutiis,
2867 3561 2927 3619 in
2958 3578 3027 3618 ea
3055 3569 3219 3636 parte
3251 3582 3370 3623 non
3420 3569 3678 3640 profecit.

2033 3650 2317 3715 Tandem,
2342 3648 2595 3706 collectis
2618 3651 2689 3708 de
2713 3651 2987 3708 universa
3004 3653 3302 3726 provincia
3327 3657 3681 3715 militaribus

2032 3739 2239 3810 copiis,
2272 3738 2331 3793 in
2363 3743 2571 3794 terram
2605 3740 2734 3810 ejus
2765 3741 2958 3798 omnis
2989 3742 3216 3799 illarum
3237 3747 3499 3815 partium
3525 3747 3680 3804 Chri-

2032 3827 2261 3882 stianus
2295 3826 2590 3882 descendit
2621 3830 2949 3898 exercitus3
3002 3831 3099 3887 ubi
3130 3831 3188 3887 in
3238 3837 3675 3907 campestribus

2031 3914 2241 3971 Ciliciae
2274 3915 2433 3987 (nam
2465 3919 2853 3974 conscendere
2883 3919 2944 3975 in
2977 3927 3204 3978 montes
3234 3922 3442 3981 durum
3459 3935 3603 3994 erat,
3623 3931 3676 3982 et

2034 4002 2296 4076 difficile)
2331 4004 2625 4077 regionem
2658 4007 3054 4077 obambulant,
3092 4011 3284 4082 fruges
3328 4011 3674 4086 incendunt,

2031 4092 2348 4166 municipia
2396 4096 2759 4151 contendunt
2830 4113 3180 4169 expugnare,
3229 4116 3365 4158 ecce
3431 4106 3676 4161 nuntius

2028 4182 2182 4238 verbi
2217 4183 2439 4238 sinistri
2471 4183 2705 4255 baJulus
2745 4185 2819 4241 ad
2860 4187 3141 4244 dominun
3191 4205 3389 4262 regem
3433 4194 3675 4266 accedit,

2028 4271 2389 4343 significans,
2423 4273 2579 4343 quod
2606 4278 2663 4329 et
2692 4290 2895 4330 verum
2934 4280 3078 4345 erat,
3138 4280 3292 4350 quod
3345 4280 3676 4340 Noradinua

2028 4363 2297 4416 secundae
2325 4361 2547 4417 Arabiae
2582 4366 2947 4437 metropolim
2979 4365 3227 4432 Petram,
3260 4385 3391 4442 quas
3420 4370 3536 4428 alio
3577 4389 3676 4429 no·

273 4450 456 4507 frater
481 4452 604 4522 ejus
631 4452 829 4508 Melier
860 4452 1118 4523 nomine,
1149 4453 1234 4507 vir
1265 4451 1687 4522 nequissimus,
1721 4458 1781 4504 ut
1813 4449 1922 4503 sra—
1951 4461 1998 4527 D
2030 4451 2185 4505 mine
2216 4449 2356 4506 Grac
2388 4451 2734 4523 appellatur,
2766 4454 3095 4512 obsederat.
3146 4458 3268 4523 Quo
3305 4460 3536 4530 audito,
3585 4463 3676 4519 do-

273 4539 383 4596 tris
415 4540 810 4599 baereditatem
845 4541 958 4597 sibi
992 4550 1186 4612 posset
1217 4540 1532 4607 vindicare,
1577 4538 1818 4594 accessit
1848 4537 1921 4593 ad

274 4629 651 4699 Noradinum,
684 4638 890 4704 petens
930 4630 1002 4687 ab
1047 4646 1135 4699 eo,
1167 4636 1225 4686 et
1266 4645 1400 4686 cum
1441 4628 1600 4684 omni
1648 4626 1923 4682 instantia

273 4718 599 4791 postulans,
634 4728 694 4775 ut
727 4717 1012 4776 militares
1032 4718 1083 4775 ei
1102 4719 1444 4776 concederet
1460 4717 1675 4788 copias,
1700 4715 1916 4787 quibus

269 4806 470 4865 fratris
500 4807 897 4865 haereditatem
928 4808 1209 4865 violenter
1237 4807 1346 4864 sibi
1385 4812 1579 4879 posset
1607 4819 1911 4877 occupare;

271 4898 396 4967 ejus
426 4903 620 4954 autem
652 4900 823 4955 fratre
852 4899 1147 4964 defuncto,
1178 4898 1416 4971 quidam
1449 4897 1728 4963 Thomas,
1760 4911 1911 4953 com-

272 4988 472 5042 munis
500 5004 570 5044 ex
598 4989 905 5060 utriusque
934 5004 1129 5046 sorore
1169 5004 1369 5060 nepos,
1400 4985 1739 5043 vocantibus
1777 5001 1912 5042 eum

275 5075 529 5146 regionis
561 5078 947 5148 principibus,
968 5094 1195 5134 omnem
1221 5077 1495 5133 avunculi
1514 5075 1913 5148 principatum

272 5164 584 5237 tranquille
614 5166 966 5238 possidebat.
1000 5167 1135 5222 Erat
1164 5173 1360 5222 autem
1400 5163 1487 5220 vir
1522 5165 1778 5232 LatinuS,
1811 5163 1912 5218 sed

269 5255 469 5312 minus
500 5255 720 5311 habens
748 5256 1070 5324 industriae,
1102 5272 1207 5312 nec
1238 5254 1489 5311 multum
1536 5253 1793 5323 prudens
1829 5251 1916 5308 eis

268 5344 367 5415 qui
395 5360 459 5400 se
488 5350 833 5402 vocaverant
859 5345 1155 5402 liberalem
1196 5353 1249 5402 et
1280 5345 1635 5401 conformem
1666 5357 1729 5398 se
1755 5341 1918 5398 exhi-

272 5431 426 5489 bere.
453 5433 819 5508 Interpositis
849 5436 1044 5507 itaque
1078 5434 1533 5504 conditionibus,
1575 5429 1775 5505 quales
1796 5431 1914 5488 No·

272 5520 478 5582 radius
506 5523 855 5585 videbantur
880 5541 1053 5599 posse
1096 5523 1345 5599 placere,
1380 5523 1653 5596 obtinuit,
1684 5525 1750 5580 ut
1787 5536 1917 5594 par·

2033 4540 2229 4595 minus
2270 4556 2365 4595 rex
2412 4542 2622 4597 anxius
2677 4541 3024 4614 plurimum,
3065 4561 3202 4602 cum
3247 4563 3352 4604 suo
3402 4550 3676 4608 familiari

2031 4629 2334 4695 comitatu,
2366 4640 2602 4703 sumpta
2632 4649 2666 4688 a
2697 4631 2932 4689 domino
2963 4635 3227 4708 principe
3261 4639 3517 4710 licentia,
3547 4659 3672 4698 cum

2025 4718 2184 4774 omni
2200 4717 2493 4775 celeritate
2507 4722 2813 4778 revertitur
2836 4738 2851 4790 3
2875 4724 2995 4791 sed,
3013 4729 3325 4798 antequam
3344 4725 3405 4785 in
3429 4747 3672 4804 regnum

2021 4825 2084 4864 se
2115 4811 2413 4880 reciperet,
2449 4813 2741 4885 principes
2772 4814 3022 4886 regionis
3060 4816 3380 4890 prudenter
3424 4827 3486 4879 et
3533 4829 3675 4880 stre-

2024 4913 2138 4953 nue
2177 4899 2340 4970 regni
2384 4900 2561 4957 robur
2608 4902 2961 4973 collegerant
3008 4911 3384 4980 universum3
3434 4912 3674 4972 domino

2024 5001 2258 5057 quoque
2291 4986 2597 5060 Radulpbo
2628 4990 2901 5064 episcopo
2960 4993 3388 5056 Bethlehemita
3443 5016 3672 5058 erucem

2026 5072 2387 5129 Doininicam
2421 5078 2778 5147 deportante,
2821 5078 3055 5136 domino
3101 5083 3392 5142 Henl'redo
3441 5097 3672 5145 consta·

2022 5160 2250 5218 bulario
2284 5166 2569 5221 exercitus
2600 5182 2801 5222 curam
2833 5169 3235 5229 committunt.
3270 5171 3547 5248 Dumque
3573 5178 3674 5234 im·

2022 5252 2184 5323 pigre
2213 5258 2270 5309 et
2298 5254 2425 5311 sine
2453 5254 2731 5313 dilatione
2759 5257 2829 5312 ad
2856 5257 3043 5314 locum
3070 5270 3389 5335 properant
3418 5267 3670 5325 destina·

2022 5342 2173 5408 tum,
2206 5356 2339 5398 ecce
2373 5343 2614 5400 nuntius
2635 5344 3140 5415 proficiscentibus
3155 5354 3438 5426 occurrit,
3470 5357 3674 5415 dicens

2021 5429 2197 5503 (sicut
2226 5437 2284 5489 et
2312 5448 2509 5490 verum
2541 5437 2682 5507 erat)
2713 5434 3066 5494 Noradinum
3098 5438 3256 5499 salva
3287 5445 3459 5516 urbe,
3515 5447 3667 5506 obsi·

2023 5520 2196 5580 dione
2224 5521 2440 5595 soluta,
2470 5524 2542 5583 ad
2572 5524 2807 5599 propria
2832 5539 3150 5587 reversum.
3173 5532 3508 5595 Adveniens
3536 5552 3670 5614 ergo
