3784 6000
290 202 409 268 ⁸55

1359 206 1787 272 GUILLELMI
1832 208 2223 273 TYRENSIS
2265 205 2626 272 AacnmP.

3583 208 3710 279 488

292 358 671 415 possessurus
702 343 1000 399 aeternam.
1032 341 1188 398 Obiit
1218 345 1413 399 autem
1444 359 1517 400 xv
1546 343 1781 401 Kalend.
1815 348 1935 403 Au·
1963 349 2015 418 Α
2048 346 2340 419 Calvariae,
2373 346 2468 404 ubi
2496 362 2710 420 passus
2757 348 2845 403 est
2871 346 3192 417 Dominus;
3223 345 3326 403 ubi
3372 349 3430 404 et
3474 363 3710 408 sueces-

289 437 472 510 gusti‚
505 452 658 493 anno
687 435 759 491 ab
792 432 1190 490 incarnatione
1219 432 1449 490 Domini
1484 435 1641 490 1¹00.
1664 434 1943 508 Sepultus

286 530 380 583 est
428 541 561 583 vero
611 526 669 580 in
717 522 957 580 ecclesia
1005 521 1293 579 Dominici
1343 525 1616 597 sepulcri,
1659 524 1767 582 sub
1814 525 1939 585 loco

2052 437 2286 494 soribus
2316 439 2467 508 ejus,
2502 452 2690 508 usque
2719 436 2778 491 in
2813 440 3155 509 praesentem
3187 435 3366 509 diem,
3390 452 3495 510 pro
3526 439 3709 513 sepul·

2050 532 2183 582 tura
2211 526 2519 598 deputatus
2548 531 2640 583 est
2671 526 2856 582 locus.

1293 854 1702 942 INCIPIT
1760 853 2080 942 LIBER
2157 852 2685 941 DECIMUS.

810 1160 1043 1218 CAPUT
1087 1160 1394 1218 PRIMUM.

276 1249 544 1307 Dominus
600 1249 909 1307 Baldm‘nus
971 1250 1367 1307 Edessanomm
1427 1263 1621 1319 comes,
1668 1247 1932 1322 defuncto

725 1324 899 1394 fratri
923 1322 1161 1381 succedit
1199 1325 1256 1377 in
1288 1336 1474 1395 reque.

344 1428 664 1487 Recedente
690 1431 764 1487 ab
805 1430 915 1488 hac
946 1430 1100 1498 luce,
1131 1430 1233 1487 sed
1270 1434 1465 1487 tamen
1498 1427 1687 1486 lucem
1721 1427 1932 1486 melio-

275 1533 394 1576 rem
423 1523 757 1586 consecuto,
784 1519 1007 1593 inclytae
1041 1523 1099 1577 et
1145 1520 1252 1591 pias
1285 1519 1343 1575 in
1376 1518 1622 1575 Domino
1661 1517 1928 1574 recorda-

271 1607 470 1676 tionis,
519 1609 756 1665 domino
802 1610 949 1666 duce
996 1608 1327 1677 Godeirido,
1359 1607 1543 1680 primo
1589 1623 1658 1663 ex
1708 1606 1929 1663 Latinis

1949 1037 2018 1049 .—

2044 1157 2217 1214 fratre
2248 1155 2433 1214 multo
2481 1157 2688 1228 major,
2719 1156 2802 1213 ita
2831 1157 2896 1211 ut
2936 1153 3090 1212 sicut
3136 1157 3205 1213 de
3247 1154 3388 1214 Saul
3434 1157 3696 1220 dicitur:

2038 1247 2219 1305 Altior
2269 1253 2405 1303 essct
2470 1249 2731 1303 universo
2793 1245 3014 1318 popule,
3068 1246 3137 1302 ab
3210 1246 3451 1305 humeris
3525 1264 3700 1323 supro

2038 1337 2092 1409 (I
2115 1336 2241 1408 Rea.
2273 1352 2331 1403 x,
2360 1336 2450 1408 23)
2475 1352 2490 1405 3
2524 1334 2735 1408 capillo
2754 1339 2809 1392 et
2840 1335 3024 1392 barba
3052 1335 3272 1405 fuscus,
3295 1353 3468 1396 carne
3497 1341 3693 1396 tamen

2038 1425 2410 1484 mediocriter
2440 1426 2683 1494 niveus3
2724 1440 2867 1482 naso
2915 1424 3178 1498 aquilino
3225 1428 3284 1483 et
3327 1426 3695 1501 prominente

2040 1513 2318 1588 pusillum
2366 1514 2529 1572 labro
2577 1514 2893 1585 superiore,
2933 1530 3067 1570 cum
3118 1514 3383 1588 subJecto
3431 1516 3692 1574 dentium

2041 1606 2244 1662 ordine
2266 1605 2697 1677 aliquantulum
2721 1606 2998 1678 depresso
3022 1619 3037 1659 ε
3062 1609 3400 1664 nontamen
3428 1610 3691 1694 eatenus,

270 1697 434 1770 regni
465 1696 988 1770 Hierosolymorum
1022 1698 1384 1756 moderatore
1431 1696 1674 1770 insigni,
1707 1695 1931 1754 vacavit
1959 1697 2008 1765 Β
2041 1694 2195 1767 quod
2229 1711 2415 1766 usque
2436 1694 2508 1751 ad
2540 1695 2746 1751 vitium
2770 1694 2821 1750 ei
2854 1698 3048 1766 posset
3078 1694 3377 1768 imputari.
3402 1695 3602 1754 Gravis
3625 1697 3688 1754 in

271 1802 518 1860 regnum
569 1789 876 1845 mensibus
919 1789 1127 1845 tribus.
1178 1789 1438 1845 Tandem
1485 1804 1640 1856 vero,
1691 1789 1810 1845 sive
1858 1789 1931 1846 de

270 1891 548 1949 supremo
578 1877 799 1933 domini
849 1876 1016 1934 ducis
1054 1877 1302 1949 judicio,
1337 1879 1458 1934 sive
1507 1880 1578 1935 de
1627 1879 1928 1936 communi

269 1963 620 2038 principum,
668 1964 766 2037 qui
816 1966 989 2039 pauci
1039 1971 1231 2035 erant,
1277 1966 1543 2034 consilio,
1584 1967 1798 2025 citatus
1843 1972 1931 2025 est

268 2053 544 2111 dominus
576 2053 902 2112 Balduinus
931 2055 1267 2113 Edessanus
1299 2056 1755 2119 comes.domini
1789 2075 1930 2132 prse-

267 2143 409 2201 dioti
439 2145 608 2203 ducis
633 2161 704 2202 ex
733 2152 975 2218 utroque
1007 2151 1246 2218 parente
1273 2146 1466 2215 irater,
1491 2153 1559 2205 ut
1588 2149 1647 2206 in
1680 2164 1922 2221 regnum

266 2233 746 2306 accederet,jure
793 2234 907 2291 sibi
953 2235 1216 2292 debitum
1261 2235 1629 2294 haereditario
1678 2243 1734 2294 et
1763 2237 1924 2294 fratri

264 2322 602 2381 succederet
631 2324 689 2378 in
721 2324 924 2381 eadem
957 2340 1119 2381 cura.
1151 2324 1257 2381 Hic
1286 2324 1343 2381 in
1398 2326 1791 2384 adolescentia
1819 2343 1924 2385 sua

262 2413 605 2470 liberalibus
635 2412 965 2486 disciplinis
996 2413 1402 2472 convenienter
1432 2416 1719 2486 imbutus,
1752 2417 1918 2473 cleri-

260 2517 387 2572 cus,
421 2505 485 2558 ut
514 2500 757 2570 dicitur,
789 2505 976 2560 factus
1006 2507 1115 2569 est,
1142 2507 1200 2561 et
1229 2505 1287 2560 in
1321 2504 1617 2578 Remenei,
1650 2506 1919 2564 Camera-

260 2590 442 2659 censl,
467 2590 771 2647 Leodiensi
804 2590 1077 2649 Ecclesiis
1103 2591 1403 2661 beneficia,
1423 2611 1552 2667 quae
1582 2594 1754 2667 vulgo
1779 2611 1921 2667 prte-

260 2680 466 2737 bendae
500 2679 796 2751 dicuntur,
830 2681 1011 2754 gratia
1043 2683 1472 2753 generositatis,
1506 2700 1624 2756 qua
1651 2684 1915 2758 singula·

257 2768 399 2825 riter
413 2767 853 2842 praeeminebat,
877 2770 1126 2827 obtinuit
1147 2788 1162 2840 ;
1184 2769 1421 2828 tandem
1444 2788 1514 2829 ex
1533 2774 1726 2830 causis
1747 2774 1915 2832 nobis

257 2860 529 2929 occultis,
563 2877 727 2918 arma
750 2876 1063 2932 capessens
1095 2861 1392 2934 militaria,
1426 2863 1687 2936 deposito
1717 2864 1915 2923 clerici

255 2947 484 3021 habitu,
514 2949 685 3008 miles
735 2951 974 3008 effectus
1021 2957 1130 3010 est.
1158 2950 1520 3024 Domumque
1567 2954 1915 3027 procedente

257 3043 542 3112 tempore,
574 3056 811 3096 uxorem
841 3058 910 3096 ex
936 3041 1147 3114 Anglia
1184 3042 1352 3099 duxit
1379 3043 1667 3100 illustrem
1714 3049 1771 3101 et
1799 3061 1914 3102 no-
1939 3072 1982 3140 C

254 3126 457 3196 bilem,
488 3129 786 3185 dominnm
830 3129 1149 3187 Gutueram
1198 3132 1454 3202 nomine,
1484 3148 1660 3205 quam
1708 3150 1903 3193 secum

253 3217 568 3287 deducens,
588 3218 896 3275 dominum
919 3219 1126 3276 ducem
1148 3219 1553 3288 Godet'ridum,
1574 3222 1909 3281 dominum-

253 3321 369 3378 que
398 3306 778 3363 Eustacbium
804 3308 1008 3365 fratres
1038 3325 1200 3381 suos,
1224 3309 1377 3367 viros
1408 3311 1688 3368 virtutum
1715 3316 1772 3369 et
1799 3313 1907 3369 im·

250 3395 511 3455 mortalis
544 3398 862 3466 memoriae,
895 3397 954 3453 in
986 3397 1407 3470 expeditionem
1438 3398 1598 3456 illam
1631 3401 1903 3473 primam,

249 3484 502 3543 faustam
528 3489 588 3543 et
619 3486 841 3543 felicem
874 3502 977 3558 per
996 3487 1196 3545 omnia
1223 3492 1457 3547 secutus
1484 3493 1593 3545 est.
1625 3490 1904 3549 Praedicta

245 3590 379 3633 vero
409 3574 536 3646 ejus
564 3591 725 3643 uxor,
759 3584 1070 3648 antequam
1116 3577 1481 3634 Antiochiam
1529 3577 1718 3635 tidelis
1764 3596 1900 3652 per-

241 3663 470 3722 veniret
493 3666 804 3734 exercitus,
822 3664 995 3740 longo
1025 3667 1264 3740 fatigata
1286 3667 1502 3736 dolore,
1523 3669 1675 3741 apud
1710 3668 1899 3727 Mare-

239 3755 390 3812 siam
417 3756 641 3829 optimo
670 3755 783 3813 fine
826 3757 941 3812 vita
971 3756 1245 3823 decessit,
1277 3757 1477 3830 ibique
1523 3757 1754 3830 sepulta
1782 3764 1892 3828 est,

239 3849 305 3903 ut
320 3845 717 3918 praediximus.
734 3847 862 3918 Ipse
880 3850 1074 3902 autem
1100 3847 1474 3919 postmodum
1504 3848 1578 3904 ab
1598 3847 1893 3907 Edessano

232 3935 380 3991 duce
408 3941 649 3992 vocatus
679 3941 738 3991 et
766 3935 839 3992 ab
870 3951 935 3992 eo
967 3936 1281 4008 adoptatus
1314 3937 1371 3992 in
1416 3935 1633 4005 fllium,
1661 3943 1718 3996 et
1760 3943 1893 4012 post

231 4022 356 4093 eJus
387 4030 636 4081 mortem
668 4025 1008 4081 comitatum
1040 4042 1173 4083 cum
1207 4026 1333 4083 suis
1366 4026 1726 4098 pertinentiis
1757 4045 1889 4086 con-

229 4115 487 4181 secutus,
540 4113 694 4170 sicut
740 4112 1050 4185 diligenter
1093 4115 1458 4185 praemissum
1506 4122 1615 4185 est,
1648 4134 1884 4175 uxorem

233 4199 402 4256 duxit
433 4200 611 4256 filiam
645 4202 953 4271 cujusdam
988 4203 1202 4261 nobilis
1232 4209 1291 4260 et
1317 4206 1535 4278 egregii
1585 4209 1887 4265 Armenio-

230 4300 360 4342 rum
394 4288 699 4359 prinoipis,
729 4289 927 4345 Tasroo
959 4291 1215 4362 nomine,
1247 4293 1351 4363 qui
1378 4310 1510 4350 cum
1544 4296 1718 4354 fratre
1748 4297 1885 4356 Con-

225 4372 489 4432 stantino
519 4375 672 4432 circa
700 4376 961 4433 Taurum
995 4384 1248 4437 montem
1280 4383 1550 4452 praesidia
1595 4384 1887 4443 habebant

223 4463 724 4538 inexpugnabilia,
749 4465 1083 4540 multasque
1110 4468 1366 4528 virorum
1391 4471 1628 4529 fortium
1648 4476 1844 4547 copias
1867 4492 1882 4544 3

222 4553 377 4609 unde
398 4558 455 4609 et
475 4556 712 4626 propter
731 4552 1067 4612 divitiarum
1090 4560 1150 4614 et
1168 4555 1375 4614 virium
1399 4558 1877 4637 immensitatem,

219 4641 411 4715 gentis
439 4642 595 4700 illius
618 4658 786 4717 reges
815 4643 1200 4703 habebantur.
1225 4650 1301 4702 De
1331 4648 1652 4707 sementiva
1680 4655 1875 4709 autem

218 4732 350 4804 ejus
373 4733 695 4790 secundum
719 4749 957 4791 carnem
989 4734 1230 4809 origine,
1253 4741 1311 4793 et
1339 4738 1410 4794 de
1433 4740 1872 4811 progenitorum

214 4819 577 4891 excellentia,
597 4822 687 4880 vel
718 4823 1036 4881 nativitatis
1065 4824 1193 4882 loco
1226 4841 1339 4883 non
1374 4825 1628 4884 multum
1657 4832 1745 4886 est
1773 4845 1872 4887 ne-

212 4910 530 4968 cessarium
564 4914 840 4986 repetitos
874 4914 1046 4970 edere
1075 4918 1396 4985 tractatus;
1430 4933 1588 4987 nam,
1611 4920 1745 4975 dum
1774 4937 1874 4977 su-

211 4996 413 5071 perius
433 4999 656 5057 domini
677 5002 844 5059 ducis
856 5008 1022 5076 gesta
1041 5005 1568 5075 conscriberemus,
1583 5009 1870 5068 sussicien-

210 5093 296 5144 ter
314 5087 385 5144 de
405 5086 509 5144 illa
528 5105 655 5162 ques
669 5095 1000 5151 communis
1016 5096 1106 5151 est
1127 5094 1866 5166 ambobus,edisseruimus

206 5175 590 5251 ingenuitate.

862 5271 1092 5329 CAPUT
1131 5272 1203 5330 11.

202 5351 280 5410 De
306 5360 548 5430 corporis
596 5358 939 5432 habitudine,
970 5363 1320 5435 etqualitate
1356 5379 1571 5423 morum
1618 5367 1861 5440 eiusdem

758 5433 970 5491 domini
999 5433 1284 5492 Balduini.

2036 1783 2295 1852 incessu,
2316 1783 2524 1840 habitu
2554 1788 2612 1840 et
2630 1784 2803 1840 verbo
2825 1782 3011 1840 serius
3036 1803 3051 1853 ς
3084 1783 3435 1842 chlamidem
3458 1801 3691 1859 semper

2038 1873 2104 1929 de
2115 1878 2347 1946 portans
2366 1874 2437 1929 ab
2469 1873 2752 1940 humeris,
2775 1874 2855 1930 ita
2885 1877 2949 1930 ut
2969 1873 3179 1945 ignotis
3199 1874 3480 1948 gravitate
3507 1892 3684 1949 quam

2036 1964 2210 2020 verbo
2269 1964 2682 2036 praetendebat,
2744 1972 2797 2021 et
2854 1963 3078 2032 habitu,
3131 1965 3439 2038 episcopus
3498 1967 3687 2040 magis

2036 2069 2212 2126 quam
2235 2053 2528 2111 saecularis
2551 2070 2800 2126 persona
2823 2053 3130 2112 videretur.
3154 2054 3596 2129 Verumtamen,
3620 2060 3688 2115 ut

2032 2143 2248 2200 vitiatae
2269 2144 2604 2216 propaginis
2625 2148 2682 2200 et
2710 2143 2912 2214 primes
2944 2143 3371 2202 maledictionis
3400 2144 3685 2203 hieredem

2032 2248 2095 2289 se
2118 2248 2231 2288 non
2261 2233 2573 2299 dubitaret,
2597 2233 2789 2289 carnis
2820 2232 3037 2289 dicitur
3059 2233 3283 2291 lubrico
3312 2234 3689 2307 impatienter

2031 2319 2367 2388 laborasse;
2404 2321 2489 2377 ita
2515 2325 2709 2378 tamen
2738 2327 2908 2378 caute
2929 2337 3058 2394 quae
3090 2322 3161 2380 ad
3192 2322 3359 2379 illum
3391 2324 3684 2381 derectum

2030 2411 2370 2483 respiciunt,
2404 2413 2637 2484 negotia
2666 2429 2976 2485 procurare
3007 2412 3327 2485 satagebat,
3361 2416 3428 2469 ut
3458 2413 3682 2471 nemini

2028 2501 2390 2573 scandalum,
2416 2501 2560 2557 nulli
2592 2504 2676 2559 vis
2708 2502 2917 2574 major,
2941 2501 3086 2559 nulli
3115 2503 3371 2559 enormis
3394 2501 3684 2576 infligere·

2026 2594 2121 2646 tur
2147 2591 2401 2662 injuria3
2435 2592 2710 2665 quodque
2740 2609 2935 2649 rarum
2966 2596 3057 2649 est
3085 2592 3144 2649 in
3195 2593 3553 2665 hujusmodi.
3585 2594 3681 2651 vix

2026 2680 2096 2737 ad
2132 2697 2347 2752 paucos
2378 2697 2447 2737 ex
2497 2681 2878 2738 cubiculariis
2926 2683 3073 2754 eius,
3098 2681 3275 2753 hujus
3321 2681 3402 2739 rei
3453 2686 3679 2756 poterat

2023 2771 2325 2842 pervenire
2367 2771 2611 2839 notitia;
2645 2776 2864 2841 tamen,
2896 2773 2941 2828 si
2994 2788 3153 2828 more
3200 2775 3570 2844 peccatorum
3601 2772 3672 2829 ad

2022 2860 2383 2916 excusandas
2432 2860 2834 2917 excusationes
2882 2861 2941 2917 in
2995 2861 3270 2932 peccatis,
3302 2862 3431 2934 ejus
3482 2861 3677 2919 fautor

2021 2949 2231 3021 quoerit
2260 2950 2629 3020 descendere,
2648 2949 2876 3007 videtur
2903 2950 3159 3023 aliquam
3192 2950 3348 3024 apud
3377 2951 3670 3023 homines,

2022 3045 2079 3096 et
2108 3038 2158 3095 si
2189 3056 2305 3096 non
2354 3040 2510 3112 apud
2558 3040 2886 3097 districtum
2921 3040 3202 3111 judicem,
3233 3041 3672 3100 excusationem

2020 3127 2234 3186 habere
2282 3129 2354 3184 de
2399 3134 2657 3202 peccato,
2690 3128 2836 3185 sicut
2880 3130 2938 3185 in
2988 3130 3373 3202 sequentibus
3419 3131 3669 3192 dicetur.

2018 3217 2147 3275 Fuit
2167 3228 2356 3274 autem
2379 3234 2485 3274 nec
2516 3216 2697 3274 multa
2720 3218 3008 3274 distentus
3039 3217 3412 3290 pinguedine,
3435 3233 3543 3276 nen
3563 3218 3672 3277 im-

2017 3308 2315 3365 moderata
2343 3308 2530 3364 macie
2561 3306 2791 3376 tenuis3
2830 3307 2930 3363 sed
2963 3308 3157 3364 media
3188 3306 3440 3378 quadam
3470 3323 3674 3382 corpo-

2013 3398 2097 3454 ris
2126 3397 2508 3467 habitudine;
2544 3403 2842 3471 promptus
2872 3398 2944 3454 ad
2976 3414 3159 3466 armo,
3192 3398 3264 3453 ad
3290 3413 3508 3470 equum
3542 3400 3667 3474 agi·

2012 3487 2124 3557 lis;
2155 3487 2403 3561 impiger
2429 3491 2487 3544 et
2532 3488 2834 3558 sollicitus,
2867 3488 3091 3561 quoties
3120 3503 3254 3544 eum
3303 3488 3466 3560 regni
3495 3504 3668 3548 voca-

2010 3577 2155 3634 bant
2182 3578 2430 3650 negotia.
2465 3578 2645 3635 Porro
2684 3576 3200 3651 magnificentiam,
3226 3576 3662 3636 animositatem

2008 3670 2065 3723 et
2113 3667 2434 3739 disciplinae
2500 3666 2770 3724 militaris
2826 3666 3264 3739 experientiam,
3312 3670 3371 3723 et
3414 3672 3660 3726 ceteras

2006 3756 2186 3812 animi
2220 3756 2366 3812 bene
2389 3757 2653 3828 dispositi
2678 3759 2842 3814 dotes
2861 3757 3145 3829 egregias,
3170 3772 3320 3828 quas
3348 3757 3507 3814 velut
3521 3757 3660 3829 juro

2004 3844 2368 3902 haereditario
2409 3862 2443 3901 a
2474 3845 2944 3919 progenitoribus
2984 3846 3040 3901 in
3067 3862 3131 3902 se
3159 3845 3510 3914 transfusas,
3532 3851 3655 3904 tam

2004 3934 2127 4007 ipse
2148 3950 2321 4007 quam
2343 3935 2547 3991 fratres
2576 3936 2700 4005 ejus
2721 3940 2998 4008 perpetuo
3030 3935 3435 4006 possederunt,
3456 3950 3658 4008 super-

2002 4023 2183 4081 fluum
2212 4027 2440 4082 videtur
2486 4026 2546 4082 in
2577 4042 2643 4082 eo
2692 4026 3121 4092 commendare,
3153 4026 3474 4098 praesertim
3514 4041 3653 4085 eum

2000 4113 2224 4171 domini
2255 4114 2423 4171 ducis
2454 4115 2532 4171 ita
2561 4116 2848 4172 exstiterit
2889 4130 3202 4188 expressus
3232 4114 3559 4187 aemulator,
3591 4124 3655 4173 ut

1997 4205 2216 4261 crimen
2249 4204 2362 4261 sibi
2395 4213 2682 4278 reputaret
2730 4206 2802 4263 ab
2834 4207 2968 4277 ejus
3000 4205 3259 4277 vestigiis
3308 4203 3603 4264 declinare
3632 4224 3646 4262 ε

1995 4310 2061 4351 eo
2093 4297 2308 4362 minus,
2338 4311 2452 4369 quo
2482 4296 2785 4368 eujusdam
2815 4293 3063 4367 Arnulti,
3093 4294 3351 4352 hominis
3393 4311 3647 4369 nequam

1996 4386 2054 4441 et
2108 4384 2368 4455 pessimi,
2412 4386 2512 4457 qui
2551 4383 2972 4459 Hierosolymis
3013 4389 3137 4442 erat
3179 4384 3648 4456 archidiaconus,

1996 4475 2166 4547 cujus
2197 4476 2269 4532 ad
2300 4475 2521 4533 malum
2552 4491 2724 4532 omne
2753 4492 2902 4549 opus
2933 4483 2987 4532 et
3015 4474 3258 4532 intentio
3290 4491 3473 4547 prona
3497 4478 3649 4536 dice·

1991 4564 2184 4631 batur,
2213 4565 2284 4622 de
2316 4582 2429 4638 quo
2477 4564 2748 4638 superius
2781 4565 3028 4623 fecimus
3073 4564 3453 4635 mentionem,
3485 4570 3643 4640 quod

1987 4654 2175 4711 sedem
2203 4654 2497 4712 invaserat
2527 4654 3000 4726 patriarchalem,
3031 4654 3216 4711 nimia
3245 4655 3522 4714 utebatur
3549 4659 3642 4715 fa-

1985 4743 2432 4814 miliaritate,et
2460 4744 2763 4817 regebatur
2793 4744 3057 4813 consilio,
3081 4745 3234 4817 quod
3262 4744 3316 4803 ei
3337 4745 3411 4802 ad
3439 4751 3637 4806 notam

1980 4832 2401 4905 imputabatur.

2617 4979 2849 5039 CAPUT
2889 4980 2988 5038 111.

1978 5083 2160 5142 Comes
2183 5083 2487 5151 Gamerae,
2513 5084 2771 5156 defuncto
2800 5087 2951 5157 duce,
2976 5090 3181 5144 turrim
3204 5089 3430 5160 occupat
3446 5107 3469 5157 ,·
3487 5103 3635 5163 prae·

2094 5160 2305 5213 dictum
2334 5156 2681 5214 Batdm'num
2708 5161 2935 5216 occultis
2962 5161 3097 5216 citat
3124 5162 3510 5219 internuntiis.

2044 5282 2323 5339 Defuncto
2345 5281 2527 5355 igitur
2546 5284 2784 5342 domino
2806 5283 2954 5342 duce
2967 5290 3027 5341 et
3053 5283 3366 5358 sepulture
3382 5284 3627 5357 tradito,

1969 5375 2034 5429 ut
2072 5371 2481 5442 praemisimus,
2516 5374 2594 5443 hi,
2627 5375 2841 5446 quibus
2886 5373 2959 5432 de
3003 5390 3282 5448 suprema
3326 5375 3627 5434 voluntate

1966 5460 2339 5520 mandaverat
2360 5465 2692 5522 testamenti
2711 5465 2826 5534 sui,
2840 5465 3296 5534 exsecutionem,
3310 5464 3622 5525 arbitrium

272 5533 493 5595 Dicitur
521 5544 720 5599 autem
768 5540 946 5600 tuisse
994 5557 1234 5615 corpore
1277 5542 1449 5602 valde
1495 5563 1772 5619 procerus
1800 5555 1858 5611 et
1963 5550 2297 5611 deserentes
2317 5552 2597 5627 defuncti,
2621 5569 2789 5615 suam
2815 5553 3215 5628 illiusjudicio
3237 5552 3621 5628 protulerunt
