3784 6000
315 193 449 251 1191

1734 180 1926 245 LUCII
1966 187 2041 246 111
2083 184 2295 246 PAPAE

3617 188 3758 250 1191-

314 309 370 367 S.
393 309 613 375 Mariis,
646 308 704 364 in
729 306 1019 376 Longono
1048 303 1287 377 plebem
1316 304 1374 360 8.
1430 301 1866 370 Bartholomoei,
1901 304 1962 361 in
1997 304 2047 360 A
2152 308 2274 378 Ego
2297 306 2608 364 Bainerius
2639 304 2841 378 presb.
2870 303 3037 363 card.
3063 306 3162 365 88.
3181 305 3450 366 Ioannis
3477 312 3544 366 et
3563 308 3724 377 Pauli,
3751 346 3760 353 -

313 399 374 456 S.
418 399 672 472 Agapito
695 395 927 470 plebem
960 396 1017 452 8.
1049 393 1302 464 Nicolai,
1346 393 1407 448 in
1450 393 1687 464 Riperta
1730 393 1968 465 plebem

315 499 376 556 S.
411 493 756 560 salvatoris,
806 494 866 548 in
914 493 1147 547 Pizzuto
1203 490 1442 561 plebem
1482 490 1542 546 S.
1586 491 1855 561 Agathoe,
1903 492 1966 548 in

309 585 634 641 Pestorano
660 581 900 654 plebem
932 582 988 638 S.
1024 580 1238 649 Mariae,
1269 579 1331 634 in
1359 577 1699 650 carpinone
1721 579 1965 651 plebem

315 675 545 731 Sanctae
569 672 782 735 Mariae,
841 670 903 725 in
953 668 1189 731 Sexana
1236 666 1474 739 plebem
1520 667 1578 723 S.
1635 669 1846 733 Marioe,
1904 670 1964 725 in

310 763 460 817 Fara
489 758 726 832 plebem
772 759 834 815 S.
868 756 1113 822 Nicolai,
1164 758 1227 812 in
1268 758 1458 813 Monte
1513 755 1689 828 Nigro
1723 756 1964 830 plebem

313 851 370 908 S.
403 849 616 912 Mariae,
645 849 708 903 in
738 847 975 902 Roccba
1005 845 1236 903 Siconis
1281 844 1520 917 plebem
1552 846 1610 903 S.
1641 844 1960 912 Leonardi,

311 937 372 993 in
403 938 637 1003 Forulo,
669 935 909 1007 plebem
942 936 999 991 S.
1033 933 1226 1000 Blasii,
1256 933 1320 989 in
1347 932 1690 989 conestellis
1722 934 1962 1006 plebem

313 1028 370 1084 S.
400 1024 721 1088 Laurentii,
753 1023 812 1079 in
837 1022 1072 1079 Roccha
1101 1020 1326 1078 Beraldi
1357 1021 1598 1094 plebem
1633 1024 1690 1078 S.
1744 1024 1966 1079 Nican-

311 1113 426 1184 dri,
455 1115 517 1169 in
539 1117 803 1170 Armana
829 1111 1064 1184 plebem
1091 1111 1150 1166 S.
1170 1109 1394 1177 Crucis,
1418 1111 1478 1166 in
1506 1110 1810 1167 conveula
1840 1110 1964 1182 ple-

307 1203 450 1260 bem
481 1203 538 1261 S.
561 1200 797 1272 Angeli,
828 1200 890 1256 in
925 1200 1199 1258 meronda
1230 1199 1470 1272 plebem
1495 1202 1552 1256 8.
1601 1199 1848 1271 Nicolai,
1899 1199 1962 1256 in

310 1292 575 1349 Periculo
591 1291 827 1364 plebem
842 1292 899 1347 S.
918 1289 1136 1354 Mariis,
1177 1292 1239 1345 in
1261 1289 1465 1345 Ovano
1495 1287 1731 1361 plebem
1754 1289 1816 1345 S.
1845 1290 1962 1345 Ma-

309 1382 432 1448 riae,
454 1382 515 1436 in
555 1382 711 1437 Saxo
728 1379 966 1451 plebem
999 1378 1060 1434 S.
1094 1376 1389 1435 Laurentii
1411 1379 1473 1433 in
1506 1377 1667 1434 valle
1687 1377 1962 1450 lampelli

309 1470 547 1544 plebem
572 1470 628 1526 8.
661 1469 877 1535 Mariae,
898 1470 959 1523 in
998 1468 1258 1525 Maccbia
1286 1466 1525 1538 plebem
1546 1468 1602 1523 S.
1623 1466 1866 1534 Nicolai‚
1898 1468 1961 1524 in

310 1558 640 1616 Ravinilola
667 1557 906 1630 plebem
953 1555 1015 1612 S.
1063 1554 1288 1627 Angeli,
1349 1555 1408 1610 in
1426 1555 1689 1612 -veiiafro
1720 1555 1959 1629 plebem

310 1648 371 1704 S.
401 1649 594 1704 Marioe
638 1662 772 1702 cum
796 1645 1164 1717 pertinentiis
1193 1646 1341 1709 suis,
1374 1645 1431 1700 in
1466 1644 1699 1700 Bocche
1730 1645 1958 1701 venefri
1996 1678 2036 1733 Β

310 1735 623 1793 ecclesiam
651 1740 707 1792 S.
740 1736 958 1800 crucis,
990 1734 1052 1790 in
1082 1734 1320 1790 Roccba
1340 1733 1605 1805 Peperoli
1645 1733 1957 1790 ecclesiam

313 1828 371 1884 S.
400 1826 621 1891 Mariae,
649 1825 712 1881 in
755 1826 945 1881 Monte
984 1821 1198 1896 Aquilo
1247 1822 1484 1894 plebem
1527 1824 1583 1879 S.
1632 1824 1842 1889 Mariis,
1896 1825 1957 1879 in

308 1915 471 1971 Valle
502 1917 560 1972 S.
602 1913 844 1970 Locberi
887 1912 1124 1984 plebem
1174 1911 1237 1966 S.
1285 1913 1499 1977 Mariae,
1558 1912 1620 1967 in
1677 1911 1956 1968 cerasolo

307 2004 546 2078 plebem
574 2006 629 2059 S.
665 2001 1092 2074 cbristopbori,
1119 2000 1179 2057 in
1212 2000 1404 2063 casali
1427 2000 1664 2072 plebem
1695 2003 1753 2057 S.
1775 2002 1955 2057 Joan-

308 2095 421 2161 nis,
464 2093 525 2149 in
550 2093 838 2149 territorio
865 2091 1199 2147 venafrano
1229 2089 1542 2147 ecclesiam
1568 2090 1630 2145 S.
1656 2090 1952 2157 Barbarie,

310 2183 366 2240 S.
401 2181 699 2247 Nicandri,
733 2188 790 2237 et
826 2182 882 2238 S.
916 2182 1139 2245 Crucis,
1186 2181 1246 2235 in
1298 2179 1580 2251 Peperolo
1636 2180 1954 2238 ecclesiam

305 2270 370 2329 S.
401 2271 652 2341 Georgii,
680 2276 737 2326 et
757 2271 817 2328 S.
839 2269 1088 2335 Nazarii,
1123 2269 1183 2324 in
1205 2272 1611 2341 camposacco
1635 2269 1956 2325 ecclesiam

306 2361 363 2417 S.
390 2362 664 2426 Andreae,
690 2361 749 2416 in
777 2361 967 2416 Monte
989 2360 1238 2415 Rodono
1269 2357 1585 2414 ecclesiam
1616 2360 1673 2413 S.
1697 2359 1950 2427 Nazarii,

302 2451 367 2506 in
394 2448 658 2506 Maccbia
682 2448 999 2505 ecclesiam
1051 2450 1106 2503 S.
1155 2448 1369 2514 Mariae,
1405 2449 1465 2503 in
1510 2446 1739 2504 lsernia
1763 2447 1954 2504 eccle-

303 2539 457 2595 siam
480 2542 537 2594 S.
560 2538 688 2605 viti,
718 2539 775 2593 S.
809 2537 1062 2609 agapiti,
1091 2542 1150 2593 et
1176 2536 1491 2593 ecclesiam
1523 2539 1585 2594 S.
1626 2536 1952 2595 Salvatoris

301 2626 379 2683 de
411 2627 698 2683 territorio
724 2626 797 2681 de
827 2629 1049 2695 Exano,
1080 2632 1138 2682 et
1161 2626 1593 2683 monasterium
1648 2627 1705 2684 S.
1756 2625 1952 2682 Marias

302 2714 483 2772 situm
546 2713 701 2771 inira
753 2731 958 2771 muros
1004 2714 1277 2785 ejusdem
1306 2714 1560 2770 civitatis
1590 2715 1846 2783 lserniae,
1889 2715 1952 2770 in

302 2805 597 2862 territorio
650 2805 947 2877 Longanae
1003 2803 1313 2859 ecclesiam
1357 2804 1417 2859 S.
1466 2803 1733 2875 Sepulcri
1786 2808 1847 2859 et
1890 2804 1950 2858 S.

302 2895 551 2960 Erasini,
596 2894 657 2950 in
707 2895 765 2950 S.
812 2894 1066 2965 Agapito
1112 2892 1428 2948 ecclesiam
1472 2895 1531 2947 S.
1583 2892 1831 2960 Helenae,
1886 2893 1951 2948 in

2079 395 2165 451 tit.
2198 395 2586 453 pammachii.

2150 486 2270 555 Ego
2302 485 2552 541 Ubertus
2581 485 2779 557 presb.
2811 483 2975 543 card.
3031 485 3241 543 eccles.
3315 488 3374 544 S.
3431 485 3762 545 Laurentii.

2076 573 2137 630 in
2180 575 2462 630 Damaso.

2147 664 2268 732 Ego
2316 661 2574 719 lacobus
2603 661 2897 719 diaconus
2951 662 3272 721 cardinalis
3305 666 3363 721 S.
3419 662 3634 721 Mai-im
3683 664 3726 721 iii

2073 751 2421 810 cosmedin.

2143 842 2265 911 Ego
2296 840 2522 896 Arditio
2546 839 2702 896 diac.
2733 840 2899 899 card.
2929 843 2986 897 S.
3012 840 3328 899 Theodori.

2145 931 2263 1000 Ego
2291 929 2609 999 Gregorius
2639 930 2739 986 88.
2793 930 3020 986 cosman
3052 937 3105 986 et
3126 930 3407 988 Damiani
3436 929 3728 989 diaconus

2072 1015 2416 1075 cardinalis.
3783 1074 3784 1085 ,

2141 1106 2352 1162 Datum
2379 1105 2635 1170 Velletri,
2656 1119 2762 1177 per
2776 1120 2997 1162 manus
3026 1106 3245 1163 alberti
3264 1109 3324 1165 S.
3341 1110 3414 1165 R.
3441 1111 3508 1165 E.
3537 1109 3726 1181 presb.

2070 1195 2234 1251 card.
2268 1201 2322 1250 et
2365 1193 2723 1259 cancellarii,
2753 1210 2854 1250 xiii
2900 1195 3028 1252 Kal.
3056 1196 3270 1269 Aprilis
3297 1197 3431 1254 ind.
3468 1213 3512 1265 i,
3547 1198 3729 1256 lncar-

2071 1283 2328 1340 nationis
2354 1283 2678 1340 Dominicae
2713 1299 2872 1340 anno
2930 1283 3085 1351 1182,
3141 1286 3546 1357 pontificatus
3601 1303 3728 1344 vero

2068 1371 2299 1428 domini
2325 1371 2485 1427 Lucii
2515 1385 2690 1443 papae
2721 1371 2789 1426 lll
2812 1386 2975 1428 anno
3000 1372 3296 1431 secundo.

2833 1477 2947 1534 cll.

2280 1565 2664 1638 Privileqium
2715 1581 2828 1635 pro
2867 1565 3110 1624 abbatia
3137 1567 3204 1625 S.
3255 1568 3523 1627 Gislem‘.

2594 1654 2867 1726 (velletri,
2898 1654 3083 1727 April.
3117 1656 3199 1728 4.)

2278 1743 2700 1818 [RittFRENBERG,
2732 1743 3129 1810 Monuments,
3164 1744 3301 1814 vtil,
3354 1744 3522 1820 393]

2142 1835 2336 1889 buatius
2365 1831 2708 1903 episcopus,
2743 1846 2952 1888 servus
2982 1846 3293 1893 servorum
3329 1835 3463 1899 Dei,
3494 1835 3726 1893 dilectis

2064 1921 2200 1978 filiis
2218 1919 2420 1978 abbati
2443 1920 2794 1975 monasterii
2816 1920 3017 1977 Sancti
3039 1918 3286 1988 Gisleni‚
3318 1922 3590 1997 eiusque
3623 1923 3729 1981 fra—

2067 2011 2272 2075 tribus,
2299 2015 2418 2065 tam
2457 2008 2858 2080 praesentibus
2883 2025 3070 2081 quam
3118 2009 3334 2068 futuris
3380 2013 3724 2084 regularem

2065 2100 2246 2156 vitam
2275 2095 2576 2171 protessis,
2604 2096 2667 2152 in
2698 2103 3073 2169 perpetuum.

2137 2186 2421 2243 Effectum
2440 2188 2603 2257 justa
2629 2183 3073 2257 postulantibus
3097 2185 3438 2261 indulgere,
3468 2194 3528 2247 et
3561 2190 3729 2261 vigor

2066 2276 2362 2350 aequitatis
2387 2281 2445 2332 et
2468 2275 2619 2331 ordo
2652 2275 2835 2345 exigit
2880 2275 3151 2341 rationis,
3194 2278 3536 2349 praesertim
3585 2295 3721 2336 cum

2065 2366 2392 2439 petentium
2427 2363 2761 2420 voluntates
2789 2369 2846 2420 et
2884 2365 3077 2436 pietas
3119 2364 3368 2437 adjuvat
3400 2375 3462 2425 et
3506 2368 3720 2425 veritas

2063 2470 2186 2511 non
2206 2453 2575 2525 relinquitur.
2610 2454 2957 2526 Eapropter3
2986 2452 3179 2510 dilecti
3203 2453 3266 2511 in
3301 2457 3567 2513 Domino
3593 2456 3712 2521 lilii,

2062 2542 2276 2598 vestris
2297 2540 2476 2613 justis
2491 2540 2997 2612 postulationibus
3033 2542 3361 2599 clementer
3385 2544 3707 2602 annuimus

2062 2635 2116 2688 et
2138 2630 2453 2704 prael'atum
2478 2630 2929 2700 monasterium,
2951 2634 3148 2704 inquo
3171 2632 3546 2691 estisdivino
3559 2650 3709 2691 man-

2061 2720 2240 2794 cipati
2260 2719 2570 2792 obsequio,
2605 2721 2721 2775 sub
2736 2718 2891 2775 beati
2905 2720 3056 2776 Petri
3078 2725 3138 2776 et
3162 2727 3381 2778 nostra
3404 2725 3708 2796 protectio-

2059 2824 2136 2865 ne
2166 2808 2531 2881 suscipimus
2560 2814 2618 2863 et
2651 2809 2959 2879 praesentis
2982 2808 3184 2880 scripti
3209 2810 3534 2885 privilegio
3557 2828 3707 2871 com·

2063 2898 2392 2964 munimus,
2422 2897 2718 2969 imprimis
2743 2898 3040 2970 siquidem
3093 2903 3433 2956 statuentes
3486 2908 3550 2957 ut
3571 2902 3710 2958 ordo

302 2984 532 3042 Gualdo
557 2982 874 3041 ecclesiam
920 2985 978 3039 8.
1004 2981 1246 3050 Nicolai,
1277 2983 1335 3037 in
1392 2980 1600 3039 Pizzuti
1630 2981 1948 3040 ecclesiam
2063 2984 2922 3058 monasticus,quisecundum
2946 2984 3135 3042 Deum
3158 2992 3216 3043 et
3241 2988 3402 3045 Beati
3425 2988 3712 3048 Benedicti

301 3075 359 3130 S.
387 3074 687 3130 Laurentii
716 3071 1111 3128 etecclesiam
1162 3072 1220 3129 S.
1276 3073 1446 3137 Petri,
1491 3073 1553 3127 in
1607 3071 1950 3144 carpinone
2059 3074 2347 3145 Regulam
2378 3075 2439 3131 in
2464 3073 2679 3131 eoloco
2695 3075 2997 3131 institutus
3013 3090 3145 3132 esse
3170 3075 3714 3153 dignoscitur,per·

299 3160 617 3218 ecclesiam
650 3163 706 3218 S.
747 3162 930 3217 Mauri
950 3168 1007 3216 et
1035 3159 1348 3217 ecclesiam
1363 3161 1558 3217 Sancti
1577 3162 1854 3228 Romani,
1886 3162 1950 3218 in

295 3249 536 3307 Sexanti
565 3251 881 3306 ecclesiam
909 3248 966 3304 S.
994 3249 1200 3319 Angeli
1227 3253 1283 3305 et
1302 3248 1621 3306 ecclesiam
1649 3249 1711 3305 S.
1761 3250 1952 3307 Bene-

297 3339 459 3405 dicti,
484 3340 547 3396 in
570 3341 835 3397 miranda
876 3337 1192 3394 ecclesiam
1226 3340 1284 3393 8.
1330 3338 1561 3410 Angeli,
1610 3340 1673 3395 in
1730 3338 1948 3396 Forulo

290 3430 605 3487 ecclesiam
642 3430 700 3484 S.
745 3429 912 3496 Petri,
953 3434 1009 3486 et
1037 3429 1351 3484 ecclesiam
1397 3428 1457 3483 S.
1519 3428 1832 3501 onuphrii,
1889 3435 1952 3486 et

295 3519 607 3577 ecclesiam
632 3518 834 3575 Sancti
860 3517 1173 3585 Pancratii,
1206 3518 1265 3573 in
1287 3520 1478 3573 Monte
1503 3518 1724 3590 Aquilo
1751 3518 1951 3574 eccle-

294 3609 449 3666 siam
479 3611 537 3665 S.
569 3608 733 3665 Pauli
758 3623 896 3664 cum
926 3608 1115 3663 tribus
1181 3605 1425 3678 capellis
1477 3611 1538 3663 et
1566 3608 1946 3679 pertinentiis

297 3713 536 3756 earum.

368 3820 752 3878 Decernimus
777 3834 920 3891 ergo
939 3827 1001 3876 ut
1020 3819 1166 3877 nulli
1182 3820 1429 3876 omnino
1439 3820 1761 3876 hominum
1774 3819 1953 3879 liceat

294 3908 607 3983 praefatam
662 3911 1058 3967 iserniensem
1099 3909 1423 3965 Ecclesiam
1463 3917 1682 3965 temere
1712 3913 1951 3981 pertur-

296 4000 464 4066 bare,
495 4005 601 4056 aut
649 4001 781 4070 eius
811 3999 1226 4072 possessiones
1271 3999 1531 4065 auferre,
1565 4000 1657 4055 vel
1713 4000 1947 4055 ablatas

291 4091 564 4159 retinere,
615 4093 902 4156 minuere,
955 4104 1060 4144 seu
1105 4088 1475 4161 quibuslibet
1525 4088 1946 4145 vexationibus

290 4179 563 4248 fatigare,
606 4178 713 4234 sed
755 4179 963 4234 omnia
1006 4179 1239 4248 integra
1295 4192 1656 4234 conservare
1705 4192 1947 4245 eorum,

298 4281 409 4337 pro
432 4281 695 4336 quorum
731 4267 1168 4337 gubernatione
1225 4270 1285 4321 et
1335 4267 1769 4323 sustentatione
1810 4282 1953 4324 con-

293 4368 466 4410 cessa
513 4361 654 4410 sunt
710 4355 918 4410 usibus
969 4353 1335 4410 omnimodis
1396 4354 1729 4427 profutura,
1781 4356 1951 4414 salva
1982 4393 2029 4451 D

297 4443 639 4515 apostolicae
669 4443 829 4499 sedis
856 4444 1231 4509 auctoritate,
1272 4447 1332 4499 et
1385 4443 1654 4516 capuani
1683 4447 1952 4518 episcopi

295 4531 499 4590 debita
533 4534 879 4589 reverentia.
908 4532 1113 4604 Siqua
1137 4531 1315 4602 igitur
1340 4533 1401 4588 in
1451 4533 1721 4591 futurum
1762 4534 1953 4591 eccle-

296 4622 537 4680 siastica
559 4622 936 4679 saecularisve
967 4637 1249 4696 persona,
1266 4628 1380 4678 etc.

368 4719 492 4790 Ego
514 4720 733 4778 Lucius
771 4720 1079 4778 catholicis
1108 4719 1378 4777 Ecclesiae
1403 4719 1744 4793 episcopus.

369 4822 492 4891 Ego
519 4819 860 4877 Theodinus
914 4821 1251 4875 Portuensis
1299 4825 1357 4875 et
1389 4819 1454 4877 S.
1513 4818 1740 4876 Ruflnae
1785 4819 1948 4876 sedis

299 4912 646 4982 episcopus.

370 5000 487 5070 Ego
508 4997 795 5055 Henricus
823 4996 1178 5055 albanensis
1215 4997 1563 5070 episcopus.

369 5099 490 5171 Ego
521 5098 727 5154 Petrus
753 5096 953 5169 presb.
985 5095 1150 5152 card.
1178 5097 1236 5152 S.
1264 5095 1585 5152 Susannae.

371 5200 493 5268 Ego
525 5197 808 5253 vivianus
836 5193 985 5253 tituli
1012 5195 1068 5251 S.
1096 5193 1379 5266 Stephani
1413 5194 1476 5250 in
1530 5192 1714 5251 Coelio
1744 5197 1935 5253 Monte

300 5287 501 5363 presb.
533 5286 699 5344 card.

372 5385 491 5457 ligo
523 5383 828 5442 Laborans
850 5381 1053 5457 presb.
1080 5379 1245 5440 card.
1280 5382 1343 5439 S.
1391 5381 1577 5440 nariae
1624 5385 1789 5441 trans
1839 5383 1938 5441 ‘ri-

295 5469 491 5532 bei-im
513 5474 603 5531 tit.
630 5474 692 5531 S.
714 5471 951 5532 calixti.

2060 3164 2249 3236 petuis
2272 3162 2498 3218 ibidem
2514 3162 2884 3236 temporibus
2900 3163 3319 3222 inviolabiliter
3331 3165 3712 3226 observetur.

2058 3253 2365 3321 Praeterea,
2391 3266 2788 3324 quascunque
2829 3254 3271 3324 possessiones,
3326 3270 3712 3330 quocunque

2057 3340 2222 3398 bona
2248 3340 2407 3398 idem
2440 3342 2876 3397 monasterium
2906 3340 2970 3397 in
2987 3343 3456 3414 praesentiarum
3468 3346 3632 3417 juste
3659 3350 3716 3403 et

2056 3430 2345 3487 canonice
2375 3428 2664 3502 possidet,
2682 3435 2786 3486 aut
2801 3430 2861 3485 in
2872 3429 3141 3487 futurum
3154 3435 3559 3492 concessione
3575 3450 3718 3509 pon-

2056 3518 2308 3584 tificum,
2330 3516 2644 3590 largitione
2665 3532 2877 3589 regum
2900 3518 2990 3576 vel
3015 3520 3383 3593 principum,
3408 3522 3714 3582 oblatione

2059 3607 2347 3673 fidelium,
2377 3621 2483 3663 seu
2512 3607 2643 3663 aliis
2678 3607 2856 3678 justis
2893 3608 3113 3673 modis,
3144 3607 3263 3666 Deo
3285 3613 3586 3684 propitio,
3619 3629 3718 3685 po·

2058 3698 2192 3753 terit
2216 3695 2487 3770 adipisci,
2512 3695 2686 3752 firma
2708 3696 2875 3752 vobis
2901 3699 3234 3769 vestrisque
3253 3703 3716 3760 successoribus

2059 3787 2116 3841 et
2149 3783 2380 3840 illibata
2409 3790 2837 3858 permaneant;
2886 3785 2949 3842 in
2999 3786 3224 3859 quibus
3275 3787 3414 3845 hoc
3457 3792 3717 3864 propriis

2059 3873 2343 3929 duximus
2367 3872 2763 3945 exprimenda
2793 3873 3103 3931 vocabulis
3132 3891 3150 3933 ε

2128 3962 2351 4019 Locum
2380 3963 2582 4034 ipsum
2604 3963 2667 4019 in
2692 3979 2816 4036 quo
2834 3964 3155 4035 praetatum
3178 3968 3632 4028 monasterium
3648 3969 3712 4027 si·

2059 4055 2186 4108 tum
2238 4057 2325 4108 est
2354 4067 2492 4108 cum
2525 4051 2811 4109 omnibus
2845 4055 3214 4126 pertinentiis
3240 4057 3370 4113 suis
3391 4075 3412 4129 ;
3464 4059 3538 4115 in
3576 4061 3704 4117 villa

2057 4140 2244 4213 Logia
2271 4140 2523 4214 (Sloqia)
2550 4147 2801 4206 curtem,
2820 4142 3256 4200 dominicatam
3268 4151 3713 4207 etcarrucatam

2061 4236 2230 4287 terrae
2252 4230 2497 4288 arabilis
2536 4246 2675 4287 cum
2701 4230 3035 4298 curtilibus,
3088 4247 3230 4290 cum
3259 4236 3433 4292 omni
3461 4236 3712 4304 decima.

2062 4323 2183 4375 tam
2209 4319 2398 4392 ipsius
2429 4325 2597 4376 terrm
2609 4334 2797 4392 quam
2814 4318 3420 4381 omniumfeodorum
3449 4327 3715 4400 ejusdem

2063 4406 2212 4464 villoe
2243 4407 2550 4475 ;decimas
2578 4424 2734 4481 quas
2762 4408 2997 4467 habetis
3019 4409 3081 4466 in
3113 4412 3280 4467 terris
3323 4413 3538 4474 Sancti
3553 4417 3712 4485 Petri,

2060 4494 2364 4554 decimam
2388 4496 2639 4554 decimis
2665 4494 2766 4571 [de
2798 4496 2994 4573 vinea]
3019 4497 3310 4571 Hugonis,
3325 4501 3544 4562 villare
3565 4507 3712 4582 quod

2060 4585 2280 4642 dicitur
2309 4585 2698 4644 ultramontes
2721 4602 2863 4645 cum
2892 4589 3260 4659 pertinentiis
3287 4590 3441 4660 suis.
3475 4599 3538 4652 st
3574 4598 3716 4670 ejus·

2060 4672 2202 4731 dem
2224 4674 2340 4731 loci
2368 4675 2686 4732 ecclesiam
2698 4692 2839 4733 cum
2853 4676 3228 4750 appendiciis
3240 4679 3371 4737 suis
3387 4683 3713 4742 Harminia·

2059 4777 2133 4819 co
2161 4769 2219 4819 et
2246 4764 2573 4820 Beuweniis
2591 4782 2612 4832 ,·
2630 4766 2932 4824 decimam
2950 4766 3026 4823 de
3037 4772 3202 4823 curte
3219 4768 3366 4825 etde
3378 4773 3570 4831 terris
3589 4775 3714 4833 San—

2060 4852 2135 4908 cti
2160 4852 2471 4910 Landolini
2499 4870 2515 4923 ;
2567 4854 2630 4911 in
2660 4855 2904 4914 Novella
2934 4861 3151 4913 terram
3199 4857 3511 4919 arabilem
3555 4865 3712 4921 unius

2059 4950 2403 5014 carrucatoe,
2427 4949 2710 5014 quartam
2741 4951 2974 5017 partem
2990 4944 3140 5002 villoe
3164 4944 3428 5019 Blelgiis,
3443 4965 3714 5026 cumper-

2061 5031 2321 5088 tinentiis
2348 5032 2472 5087 suis
2503 5036 2562 5089 et
2588 5034 2887 5100 districto;
2918 5034 2978 5090 in
3000 5034 3135 5092 villa
3158 5051 3298 5109 quas
3327 5037 3560 5098 dicitur
3587 5042 3712 5100 Wa-

2061 5121 2186 5177 mia
2208 5120 2499 5178 allodium
2528 5120 2767 5180 Gonteri
2798 5129 2856 5179 et
2881 5123 3092 5193 AEgidii
3121 5124 3226 5180 lilii
3258 5126 3395 5197 ejiis
3423 5130 3508 5187 de
3539 5131 3706 5204 Cing;

2057 5214 2399 5283 terramque
2428 5212 2691 5282 lingonis
2723 5212 2834 5268 0de·
2869 5213 3134 5283 Aengien
3164 5230 3308 5271 cum
3367 5216 3512 5276 aliis
3539 5223 3706 5282 terris.

2055 5298 2386 5366 curtilibus,
2399 5299 2759 5368 redditibus,
2792 5301 2978 5373 pratis
2999 5307 3056 5359 et
3078 5301 3244 5359 silvis
3269 5313 3553 5379 ;partem
3574 5311 3704 5368 vute

2055 5387 2239 5448 Burni
2267 5403 2408 5445 cum
2424 5389 2560 5446 villa
2585 5395 2644 5447 et
2670 5388 3172 5457 districto,villam
3191 5391 3268 5450 de
3301 5393 3636 5458 Waberias
3659 5403 3702 5456 st

2052 5481 2284 5536 curtem
2291 5477 2746 5553 dominicatam,
2761 5479 2842 5539 ab
2853 5481 3022 5539 omni
3034 5479 3445 5545 advocatione
3463 5493 3530 5548 et
3569 5488 3706 5550 deci.
