3784 6000
109 281 233 348 753

105 416 288 474 lecto.
329 413 404 472 ad
454 412 738 471 ulteriora
768 412 927 486 regni
970 427 1106 471 cum
1154 415 1408 473 exercitu
1457 432 1563 475 suo
1592 417 1766 476 vellet
1792 419 1847 487 A

105 505 486 573 contendere,
509 502 740 560 nullum
775 501 932 559 aliud
965 503 1226 561 arbitrati
1249 520 1312 561 se
1331 504 1544 565 habere
1563 511 1767 566 contra

105 594 371 669 impetus
401 598 740 650 nostrorum
792 594 1143 663 remedium,
1193 595 1384 668 ruptis
1432 597 1764 670 aggeribus,

106 685 216 758 qui
251 682 499 740 fluvium
531 685 966 755 restagnantem
999 699 1188 755 usque
1216 684 1288 740 ad
1320 688 1478 741 certa
1504 689 1767 759 tempora

105 773 382 832 cohibere
411 770 625 842 solent,
660 770 878 841 Nilum,
910 774 1012 844 qui
1038 772 1165 844 Jam
1199 782 1474 831 consueta
1495 791 1766 848 suscepe-

111 866 206 920 rat
236 861 619 928 incrementa,
666 859 1081 917 exuberantem
1113 862 1431 933 inducunt3
1466 871 1526 920 ut
1556 864 1765 921 saltem

105 951 200 1011 vel
251 950 349 1008 his
380 949 673 1024 repagulis
721 953 1056 1006 nostrorum
1087 951 1433 1008 cobibebent
1471 953 1761 1025 incursus,

107 1047 174 1100 st
203 1056 268 1099 se
305 1041 384 1097 flu
396 1040 572 1096 minis
593 1039 876 1096 beneflcio
898 1041 1291 1112 restagnantis
1311 1046 1634 1100 tuerentur.
1659 1045 1766 1100 Do-

111 1132 317 1190 minus
347 1146 482 1187 vero
507 1144 627 1200 rex,
655 1128 843 1186 babito
870 1145 939 1185 ex
960 1128 1231 1188 hostibus
1253 1132 1566 1206 triumpho,
1592 1134 1764 1191 rebus

107 1220 359 1278 feliciter
398 1218 760 1292 compositis,
801 1217 938 1275 inde
988 1219 1256 1276 victorin
1299 1237 1543 1294 regnum
1588 1239 1762 1279 suum

108 1327 250 1367 cum
283 1309 475 1383 gloria
512 1323 778 1365 reversus
818 1317 926 1365 est.
963 1310 1141 1366 Porro
1173 1309 1397 1382 Dargan
1429 1311 1560 1376 iste,
1590 1328 1760 1383 quem

110 1398 301 1458 totius
331 1397 558 1471 AEgypti
582 1401 1016 1470 procuratorem
1041 1398 1320 1467 diximus,
1353 1403 1410 1456 et
1431 1400 1761 1473 soldanum,

110 1487 433 1562 quemdam
450 1484 629 1542 alium
652 1489 944 1558 potentem
963 1488 1029 1542 ad
1039 1487 1298 1556 modum,
1311 1489 1760 1560 Savarnomine,

111 1575 318 1650 paucis
340 1580 475 1633 ante
495 1575 702 1632 diebus
723 1576 795 1632 ab
809 1575 1009 1632 eadem
1028 1576 1534 1635 administratione
1546 1580 1761 1651 partim

112 1665 270 1736 dolo,
302 1664 512 1738 partim
544 1665 765 1721 viribus
797 1665 1136 1737 expulerat3
1169 1665 1266 1737 qui
1292 1682 1426 1723 cum
1458 1667 1662 1724 amicis
1703 1671 1761 1725 et

113 1753 502 1811 familiaribus
531 1757 586 1810 et
618 1752 803 1826 copiis
825 1769 972 1826 quas
1003 1769 1201 1810 secum
1226 1756 1412 1827 potuit
1431 1756 1758 1827 deportare,
1793 1786 1838 1852 B
1868 1809 1913 1865 D

113 1843 254 1917 t'uga
282 1842 537 1915 elapsus,
568 1843 643 1900 ad
669 1844 885 1900 Arabes
915 1844 1268 1901 contribules
1288 1862 1445 1917 suos,
1480 1846 1758 1904 auxilium

111 1931 187 1989 ab
226 1933 311 1990 eis
334 1932 763 2003 postulaturus,
803 1947 862 1990 se
911 1933 1177 1989 contulit.
1209 1934 1533 2006 Expectans
1579 1935 1761 2008 igitur

111 2022 198 2078 rei
228 2021 476 2090 exitum,
515 2025 573 2077 st
609 2028 878 2079 eventum
910 2020 1194 2079 bellorum
1227 2024 1513 2095 operiens,
1545 2025 1761 2082 latebat

114 2110 277 2183 apud
307 2126 466 2179 suos,
490 2113 557 2167 ut
586 2110 865 2182 diximus,
898 2114 1157 2184 tempore
1187 2117 1516 2186 opportuno
1537 2113 1758 2185 aliquid

113 2203 323 2258 contra
362 2197 642 2256 emulum
690 2198 1021 2257 moliturus.
1080 2201 1336 2258 Audiens
1392 2217 1547 2276 ergo,
1607 2202 1756 2274 quod

116 2288 398 2347 dominus
429 2304 529 2345 rex
574 2290 631 2346 in
683 2305 928 2362 regnum
969 2306 1137 2346 suum
1185 2292 1452 2360 redierat,
1502 2300 1556 2348 et
1604 2292 1758 2364 quod

117 2395 269 2436 suus
296 2379 684 2447 adversarius,
717 2378 775 2434 in
806 2395 914 2434 sua
943 2380 1452 2438 administratione
1482 2383 1654 2438 solito
1675 2382 1760 2438 in-

118 2466 496 2534 solentior,et
523 2467 690 2540 quasi
721 2466 1044 2540 gloriosior,
1076 2485 1142 2526 eo
1174 2471 1326 2542 quod
1346 2474 1575 2528 tantum
1599 2471 1758 2543 prin·

116 2555 302 2628 cipem
336 2556 394 2612 in
427 2555 623 2628 praelio
670 2556 1053 2625 sustinuerat,
1104 2560 1375 2631 quodque
1422 2575 1601 2632 regno
1643 2576 1757 2616 non

115 2644 374 2702 multum
403 2646 540 2701 loeso
569 2645 810 2715 abierat,
842 2645 900 2701 in
937 2647 1135 2703 eodem
1177 2646 1506 2720 principatu
1554 2653 1758 2722 potens

107 2740 171 2793 et
205 2735 369 2792 sortis
386 2741 804 2809 perseverarem
834 2737 905 2791 ad
931 2736 1278 2795 Noradinum
1298 2740 1760 2811 potentissimum

107 2822 464 2897 principem,
503 2823 1005 2882 Damascenorum
1046 2841 1261 2899 regem,
1312 2834 1598 2901 properat,
1650 2831 1759 2886 im-

101 2914 348 2988 plorans
380 2913 453 2970 ab
497 2929 563 2972 eo
595 2914 900 2981 auxilium,
951 2931 1065 2986 quo
1115 2917 1298 2974 fretus
1346 2918 1406 2974 in
1447 2919 1758 2992 AEgyptum

114 3004 377 3073 rediens,
408 3004 640 3063 excluso
679 3005 890 3063 aemulo
932 3022 1174 3079 regnum
1216 3024 1510 3067 resumere
1540 3017 1756 3083 posset.

637 279 839 342 fflST.
890 280 1162 345 RERUM
1207 281 1760 351 TRANSMAMN.
1808 317 1884 332 —
1924 285 2072 351 Lm.
2118 284 2276 348 x1x.
2323 278 2778 346 AMALRIGUS
2825 276 3004 339 REX.

3406 270 3527 336 754

2517 413 2750 472 CAPUT
2786 411 2881 469 VI.

1874 508 2073 565 Petrus
2117 508 2556 577 archiepiscopus
2597 503 2841 575 Tyr-amis
2883 498 3235 571 defungitur-3
3281 492 3526 552 succedit

2017 582 2070 636 ci
2096 580 2349 636 dominus
2373 576 2698 634 Fredericus
2727 571 3051 631 Acconensis
3079 570 3385 640 episcopus.

1944 686 2050 750 Per
2095 686 2249 743 idem
2280 695 2515 761 tempus
2573 681 2852 739 dominus
2907 676 3131 742 Petrus,
3178 670 3523 731 venerabilis

1872 786 2217 865 Tyrensiurn
2250 777 2725 849 archiepiscopus
2754 771 2862 843 pire
2888 775 2947 824 in
2978 762 3222 822 Domino
3252 761 3520 820 recorda-

1874 877 2076 945 tionis,
2106 889 2259 931 anno
2292 865 2553 943 praedicti
2583 858 2810 920 domini
2839 854 2992 929 ragis
3020 851 3294 919 secundo,
3318 863 3521 907 mense

1872 967 2098 1033 Martio,
2150 961 2343 1035 prima
2378 956 2474 1012 die
2513 950 2760 1020 mensis,
2799 946 2954 1004 viam
2993 942 3277 999 universis
3320 937 3520 995 carnia

1873 1059 2177 1130 ingressus
2206 1054 2316 1107 eat.
2348 1044 2453 1102 Cui
2484 1044 2636 1098 intra
2666 1052 2878 1111 paucos
2908 1034 3053 1099 dies,
3084 1030 3287 1088 eodem
3317 1041 3519 1084 mense

1873 1145 2233 1204 substitutus
2262 1143 2370 1202 est,
2402 1132 2639 1191 domino
2662 1141 2796 1199 rege
2827 1122 3147 1196 plurimum
3179 1118 3251 1174 ad
3281 1116 3339 1172 id
3370 1114 3522 1186 aspi·

1871 1239 2057 1302 rante,
2091 1229 2354 1302 ejusdem
2386 1219 2643 1282 ecclesio
2672 1216 3091 1280 suffraganeus,
3124 1206 3400 1265 dominus
3426 1203 3515 1260 vi-

1872 1326 2081 1384 delicet
2126 1315 2488 1380 Fredericus,
2531 1302 2876 1366 acconensis
2915 1300 3254 1371 episcopus;
3290 1292 3380 1353 vir
3417 1307 3517 1351 se-

1872 1416 2130 1473 cundum
2149 1421 2381 1466 carnem
2400 1399 2635 1465 nobilis,
2652 1407 2889 1467 corpore
2906 1402 3181 1463 procerus
3195 1382 3513 1441 admodum

1872 1505 2107 1564 natione
2135 1498 2544 1566 Lotbaringus,
2573 1485 2799 1545 modice
2827 1481 3141 1545 litteratus,
3175 1474 3275 1532 sed
3305 1470 3517 1530 milita-

1870 1596 1952 1651 ris
1984 1592 2137 1650 ultra
2165 1587 2426 1645 modum.

2492 1702 2729 1762 CAPUT
2766 1699 2891 1755 vn.

1915 1822 2092 1878 aryan
2122 1801 2382 1860 soldanus
2411 1799 2473 1854 in
2520 1796 2778 1878 AEaypto,
2802 1786 2928 1844 doto
2957 1797 3187 1869 suorum
3214 1777 3510 1879 occiditur.

1940 1855 3512 2022 {5351533‘3222}‚2tiimit5402:t³⁶m„1t‚’zss;iz²fi’expiat-’3

1941 2031 2050 2079 tur.

1941 2129 2091 2185 Dum
2122 2126 2241 2182 haec
2280 2140 2414 2181 cum
2446 2117 2681 2177 domino
2712 2128 2847 2186 rege
2890 2103 3150 2183 proedicti
3186 2097 3361 2173 legati
3390 2102 3508 2154 tra·

1869 2225 2112 2287 cierent,
2135 2228 2398 2287 peneque
2410 2224 2611 2268 eorum
2629 2200 2932 2262 desideriis
2946 2199 3105 2254 esset
3120 2189 3507 2255 satisfactam,

1866 2311 2180 2379 antequam
2212 2305 2282 2360 ad
2320 2300 2555 2374 propria
2584 2295 2860 2358 redirent,
2896 2278 3303 2360 proenominati
3333 2278 3510 2334 Savar

1867 2403 1926 2456 st
1954 2399 2292 2463 Siraccnus,
2332 2393 2393 2448 in
2430 2389 2740 2462 AEgyptum
2784 2395 2921 2437 cum
2951 2376 3077 2432 suis
3112 2368 3349 2429 auxiliis
3380 2366 3506 2438 iam

1867 2487 2326 2552 descenderant,
2373 2488 2428 2537 et
2473 2493 2610 2537 cum
2654 2471 2898 2532 soldano
2942 2466 3171 2535 Dargan
3223 2455 3508 2516 hostiliter

1867 2575 2188 2649 congressi,
2221 2572 2408 2646 primo
2461 2564 2729 2625 conuictu
2788 2555 3113 2620 inferiores,
3162 2552 3220 2605 et
3257 2545 3510 2619 graviter

1866 2664 2176 2737 prostrati3
2210 2667 2524 2731 antequam
2555 2649 2811 2711 secundo
2840 2646 3041 2704 eadem
3073 2643 3203 2712 lege
3231 2631 3507 2693 conveni-

1867 2759 2020 2824 rent,
2053 2752 2400 2826 saepedictus
2440 2749 2687 2816 Dat-gan,
2716 2756 2751 2796 a
2779 2735 3034 2810 quodam
3073 2746 3143 2787 ex
3169 2725 3297 2784 suis
3353 2723 3505 2781 clam

1865 2845 2080 2914 sagitta
2109 2854 2439 2914 percussus,
2474 2833 2592 2891 suis
2615 2827 2883 2902 ugendus
2922 2819 3162 2879 interiit.
3192 2817 3316 2881 Quo
3352 2827 3507 2870 mor·

1868 2940 1988 3003 tuo,
2038 2933 2213 2989 Savar
2264 2935 2544 2998 tanquam
2594 2920 2797 2986 victor,
2845 2914 2959 2971 voti
2991 2923 3248 2980 compos,
3288 2903 3509 2960 Cehere

1863 3024 2191 3098 ingressus,
2234 3029 2620 3093 quoscunque
2657 3012 2729 3068 de
2774 3004 3001 3072 amicis,
3040 2992 3507 3070 consanguineis,

99 3100 206 3158 Cui
256 3098 592 3158 noradinus
640 3099 984 3156 muneribus
1036 3105 1095 3156 et
1141 3101 1446 3173 promissis
1498 3101 1749 3172 illectus,
1782 3129 1825 3196 C
1861 3120 1920 3172 οι
1952 3110 2339 3170 familiaribus
2372 3107 2532 3163 imus
2563 3099 2814 3174 reperire
2859 3094 3069 3169 potuit,
3117 3087 3311 3163 gladio
3357 3100 3504 3142 con·-

101 3205 352 3263 sperans
382 3190 539 3262 quod
573 3188 624 3245 si
656 3188 832 3245 semel
866 3189 1151 3245 exercitus
1193 3191 1322 3262 ejus
1350 3192 1575 3266 AEgypti
1606 3193 1752 3249 fines

101 3282 305 3350 posset
328 3276 590 3344 introire,
625 3292 868 3350 regnum
900 3278 1011 3334 sibi
1044 3283 1243 3351 posset
1270 3296 1606 3352 comparare
1633 3283 1755 3340 vio-

103 3369 318 3440 lenter,
367 3368 597 3425 l'acilem
640 3368 887 3440 proebuit
927 3383 1272 3437 assensum;
1306 3373 1658 3443 tradensque
1701 3372 1755 3429 ei

109 3458 435 3532 principem
471 3456 692 3513 militiae
745 3474 888 3527 suoe,
933 3457 1124 3515 virum
1161 3459 1542 3529 industrium,
1589 3466 1648 3518 ct
1694 3462 1753 3518 in

111 3548 296 3607 armis
324 3552 655 3613 strenuum,
692 3546 987 3605 liberalem
1028 3565 1209 3620 supra
1237 3550 1387 3607 vires
1419 3550 1754 3623 patrimonii

115 3638 227 3709 sui,
260 3636 456 3710 glorio
512 3636 816 3707 cupidum,
863 3641 923 3694 et
953 3638 1011 3693 in
1045 3654 1104 3695 re
1152 3639 1389 3696 militari
1433 3640 1754 3698 admodum

100 3725 590 3795 exercitatum,mi
602 3724 798 3782 litibus
811 3726 1054 3783 charum
1065 3727 1349 3785 efficiente
1364 3729 1757 3787 munificentia

104 3820 163 3873 et
197 3819 524 3887 acceptum,
558 3815 900 3872 Siraconum
927 3816 1181 3885 nomine,
1205 3833 1337 3874 cum
1363 3819 1586 3891 ingenti
1608 3820 1757 3876 mili·

105 3904 190 3962 tia
241 3904 453 3961 direxit
493 3903 553 3960 in
602 3908 930 3978 AEgypium.
981 3905 1118 3962 Erat
1166 3910 1359 3964 autem
1410 3908 1585 3964 homo
1625 3910 1753 3980 jam

106 3994 327 4065 senior,
361 3992 613 4066 pusillus
644 3998 891 4066 statura,
926 3995 1159 4066 pinguis
1191 3995 1438 4053 multum
1462 4002 1518 4052 et
1547 4013 1756 4070 corpu-

102 4082 340 4154 lentior,
372 4098 442 4138 ex
469 4082 684 4138 humili
718 4082 1059 4155 locupletior
1087 4085 1296 4155 iactuS,
1336 4088 1392 4141 st
1421 4086 1753 4159 suffragan-

100 4173 268 4229 tibus
300 4172 546 4237 meritis,
579 4187 650 4229 ex
679 4172 873 4230 servili
895 4173 1226 4232 conditione
1249 4175 1518 4249 princeps
1541 4176 1757 4233 consti-

101 4265 297 4324 tutus:
330 4262 388 4318 in
419 4261 604 4318 altero
634 4261 934 4318 oculorum
960 4263 1185 4320 habens
1205 4264 1570 4336 albuginem;
1593 4264 1753 4323 labo-

100 4352 183 4408 ris
214 4350 701 4424 patientissimus,
735 4351 840 4407 sed
872 4357 928 4407 et
966 4352 1124 4409 sitim
1157 4358 1213 4408 et
1244 4353 1458 4410 samem
1496 4356 1754 4427 aequani·

1862 3202 2061 3273 rossia,
2085 3204 2297 3259 iterum
2320 3214 2428 3254 sua
2447 3193 2667 3267 potitus
2693 3192 2751 3246 et
2770 3185 3076 3259 dignitate.
3099 3180 3245 3236 Nam
3272 3187 3506 3233 summo

1860 3306 2061 3351 eorum
2095 3287 2342 3364 principi
2377 3299 2479 3357 pro
2511 3280 2756 3338 minimo
2787 3279 2898 3345 est,
2922 3277 3052 3329 uter
3069 3270 3141 3326 da
3162 3264 3508 3325 contenden-

1863 3382 2022 3439 tibus
2053 3384 2156 3436 aut
2184 3375 2552 3442 succumbat,
2581 3371 2685 3426 aut
2729 3365 3007 3423 obtineat.
3038 3356 3355 3415 dummodo
3387 3366 3502 3410 non

1860 3471 2032 3541 desit,
2062 3468 2163 3541 qui
2193 3482 2303 3523 sua
2330 3467 2386 3521 ct
2418 3461 2578 3534 regni
2611 3454 2844 3529 negotia
2865 3452 3154 3525 procuret,
3184 3449 3325 3501 etse
3346 3441 3504 3498 illius

1863 3558 2163 3630 mancipet
2202 3552 2489 3612 servituti.
2519 3549 2835 3605 siraconus
2862 3557 2998 3597 vero
3027 3536 3320 3594 civitatem
3351 3533 3504 3589 inva-

1860 3650 2005 3707 dens
2036 3645 2370 3712 finitimam,
2410 3636 2654 3707 Belbeis,
2695 3631 2950 3697 nomine,
2997 3642 3126 3684 eam
3176 3620 3289 3680 sibi
3335 3617 3503 3691 quasi

1859 3738 2157 3812 propriam
2199 3732 2372 3805 coepit
2409 3729 2743 3786 constanter
2792 3718 3108 3782 vindicare,
3159 3708 3503 3781 significans

1860 3845 2055 3902 opere,
2088 3832 2144 3882 et
2172 3825 2412 3881 fortasse
2449 3830 2720 3874 sermone
2772 3811 2829 3866 id
2890 3808 3085 3880 ipsum
3141 3803 3500 3863 contestans,

1861 3917 2015 3990 quod
2050 3915 2300 3986 reliquas
2319 3909 2584 3983 ejusdem
2616 3900 2779 3977 regni
2812 3901 3006 3972 partes
3039 3908 3160 3950 auoe
3187 3886 3418 3955 ditioni,
3449 3885 3501 3942 si

1857 4007 1943 4065 ita
1971 4008 2231 4069 daretur,
2262 3999 2444 4056 invito
2474 3995 2717 4053 soldano
2748 3998 2803 4048 et
2831 3984 3082 4058 calipha,
3123 3979 3298 4038 veliet
3328 3992 3503 4033 man-

1858 4095 2073 4167 cipare.
2099 4093 2341 4149 Timens
2371 4102 2507 4160 ergo
2532 4088 2728 4150 Savar,
2762 4095 2834 4135 ne
2865 4074 3154 4146 hospitem
3199 4066 3375 4125 talem
3405 4064 3499 4121 in-

1860 4180 2243 4249 troducendo,
2274 4193 2438 4235 suam
2469 4179 2527 4232 at
2557 4170 2778 4228 domini
2806 4167 2900 4223 sui
2920 4161 3311 4223 conditionem
3333 4154 3501 4212 fecis·

1860 4272 2299 4330 setdeteriorem
2318 4287 2334 4339 ;
2354 4282 2494 4323 nove
2512 4263 2687 4320 talem
2710 4256 3084 4329 suscepisset,
3108 4248 3499 4322 quitanquam

1860 4378 1991 4420 mus
2020 4362 2080 4418 in
2109 4375 2267 4434 para,
2298 4363 2358 4414 et
2377 4369 2616 4427 serpens
2639 4351 2697 4408 in
2719 4347 2967 4423 gremio,
2989 4341 3144 4399 male
3162 4348 3501 4394 remunera·

103 4441 278 4500 miter
306 4440 795 4542 tolerans-supra
828 4441 881 4496 id
916 4443 1070 4513 quod
1098 4447 1235 4500 aetas
1259 4443 1361 4500 illa
1381 4444 1567 4501 soleat
1585 4445 1753 4503 susti·
1781 4473 1829 4536 D
1859 4457 1950 4509 ret
1985 4451 2247 4523 hospites
2276 4462 2450 4514 suos3
2481 4456 2617 4502 cum
2648 4437 2809 4497 omni
2840 4428 3177 4493 festinantia
3194 4426 3416 4499 legatos
3442 4422 3503 4478 et

104 4545 262 4588 nere.
329 4529 539 4587 Verum
597 4532 1126 4588 intercurrentibus
1176 4532 1424 4602 nuntiis,
1484 4542 1538 4591 et
1600 4536 1753 4592 t'arna
1858 4541 2099 4598 verbum
2125 4537 2284 4611 pacis
2304 4533 2506 4607 dirigit
2524 4531 2594 4588 ad
2619 4526 2919 4586 dominum
2945 4534 3140 4591 regem
3163 4516 3223 4571 in
3244 4510 3499 4587 Syrium

105 4618 342 4692 publica
381 4617 661 4675 soldanus
708 4621 938 4693 Dargan
988 4622 1251 4687 edoctus,
1303 4621 1529 4679 bostem
1577 4640 1749 4696 quem

107 4711 273 4782 prius
301 4709 625 4781 expulerat,
666 4726 799 4766 cum
834 4710 1080 4769 infinitis
1117 4713 1436 4770 Turcorum
1488 4715 1749 4773 millibus

105 4798 438 4866 adventare,
470 4799 749 4856 diffidens
781 4800 955 4856 rebus
989 4803 1259 4874 propriis,
1293 4803 1366 4859 ad
1388 4805 1750 4861 emendicata

105 4887 324 4943 recurit
353 4888 650 4961 suffragia.
689 4890 935 4961 Legatos
966 4891 1121 4946 enim
1153 4907 1287 4947 cum
1319 4894 1511 4950 verbis
1542 4895 1750 4966 pacili-

104 4979 214 5042 cis,
259 4978 328 5032 ad
361 4977 664 5035 dominum
712 4993 900 5049 regem
948 4978 1170 5051 dirigit,
1218 4997 1392 5038 orans
1439 4986 1497 5038 et
1546 4989 1749 5053 petens

103 5070 306 5122 contra
336 5066 676 5139 ingruentes
695 5066 887 5124 hostes
908 5067 1187 5125 auxilium
1207 5087 1221 5137 ;
1243 5070 1530 5128 tributum
1553 5075 1745 5128 autem

103 5170 220 5210 non
253 5153 464 5215 solum,
489 5154 658 5226 quale
677 5172 807 5213 cum
832 5157 1068 5213 domino
1093 5157 1377 5214 Balduino
1400 5176 1530 5229 rege
1561 5160 1749 5216 iuerat

101 5244 513 5315 constitutum,
553 5261 753 5302 verum
794 5247 975 5304 multo
1015 5249 1226 5319 majus,
1284 5252 1343 5304 et
1383 5266 1483 5321 pro
1523 5250 1747 5306 domini

97 5332 256 5408 regis
283 5334 529 5392 arbitrio
575 5337 990 5407 praestandum,
1037 5336 1295 5409 policens
1325 5338 1747 5410 subjectionem

103 5428 472 5498 perpetuam,
519 5426 825 5499 foedusque
856 5441 1106 5498 perenne
1133 5428 1364 5484 firmare
1392 5427 1542 5485 datis
1573 5445 1747 5500 para-

101 5518 201 5573 tus
232 5512 559 5572 obsidibus.

1857 4631 1958 4704 qui
1984 4631 2154 4701 juxta
2203 4623 2617 4684 conventiones
2665 4619 2821 4675 inter
2861 4611 3165 4670 dominum
3208 4616 3405 4674 regem
3444 4602 3504 4654 st

1861 4720 2094 4792 Dargan
2127 4717 2456 4780 soldanum,
2492 4710 2652 4783 prius
2692 4706 2891 4769 initas,
2923 4716 3039 4758 non
3070 4694 3260 4753 solum
3300 4689 3500 4759 verbo,

1855 4810 1959 4866 sed
1999 4816 2056 4863 et
2084 4822 2255 4879 opere
2295 4802 2472 4860 satim
2512 4795 2925 4868 adimplerent,
2964 4792 3022 4845 et
3049 4786 3099 4844 si
3128 4797 3277 4855 opus
3326 4784 3498 4846 asset,

1854 4902 2334 4969 supererogarent
2377 4888 2684 4959 ampliora.
2737 4880 2928 4938 Paetis
2977 4877 3156 4949 igitur
3200 4868 3501 4928 hincinde

1853 4983 2126 5050 firmatis,
2159 4998 2258 5037 rex
2286 4994 2420 5035 cum
2454 4976 2723 5033 universo
2754 4981 2991 5026 suorum
3022 4961 3301 5025 exercitu,
3344 4969 3500 5013 anno

1853 5073 2020 5148 regni
2047 5072 2176 5144 ejus
2204 5068 2484 5133 secundo,
2513 5064 2627 5122 iter
2652 5059 2960 5132 arripiens,
2980 5047 3286 5109 descendit
3301 5047 3498 5104 denuo

1852 5165 1915 5221 in
1962 5168 2293 5236 AEgyptum.
2345 5156 2453 5213 Ubi
2505 5164 2815 5211 occurrens
2855 5146 2908 5203 ei
2948 5148 3128 5200 Savar
3173 5153 3306 5196 cum
3328 5136 3499 5207 AEgy-

1854 5253 2016 5326 ptiis,
2075 5248 2455 5322 saepedictum
2500 5243 2845 5299 siraconum
2893 5236 2955 5291 in
2995 5230 3221 5289 civitate
3250 5224 3497 5290 Beibeis,

1853 5342 2022 5415 quasi
2045 5341 2105 5396 in
2128 5337 2427 5411 proprium
2452 5330 2788 5406 praesidium
2812 5343 2873 5384 ss
2895 5323 3311 5393 receptantem,
3337 5314 3499 5373 obse·

1854 5432 2091 5500 derunt,
2116 5427 2455 5497 diutinaque
2472 5420 2775 5480 obsidione
2794 5424 2848 5473 et
2864 5413 3278 5472 alimentorum
3299 5402 3500 5475 inopia

1853 5518 2188 5590 fatigatum,
2206 5516 2275 5573 ed
2294 5515 2367 5571 de
2382 5512 2678 5570 dationem
2695 5502 3121 5577 compulerunt,
3138 5493 3498 5569 interpositis

1853 5608 2311 5675 conditionibus,
2334 5603 2493 5677 quod
2524 5615 2659 5661 cum
2688 5597 2811 5658 suis
2849 5592 3127 5654 omnibus
3159 5587 3411 5647 liberum
3438 5587 3499 5643 et
