3784 6000
211 227 325 289 43¹

1264 228 1703 292 GUILLELMI
1744 228 2131 293 TYRENSIS
2174 226 2551 290 Attumne.

3503 225 3628 288 1³2

210 375 492 431 magnum
525 362 695 418 nobis
726 363 927 418 futuroe
959 363 1398 420 resurrectionis
1432 371 1848 437 argumentum
1883 365 1932 431 Α
1973 364 2117 419 Nam
2147 363 2407 420 omnium
2439 377 2638 419 eorum
2670 377 2800 434 quae
2821 360 2976 418 circa
3007 358 3211 414 urbem
3243 358 3625 431 gerebantur,

210 449 651 518 pretendentes.
686 450 1058 523 Dignumque
1087 457 1231 517 erat,
1257 459 1319 506 ut
1347 452 1493 507 sicut
1518 464 1857 525 resurgente

207 535 454 596 Domino
500 539 686 596 multa
714 554 958 612 corpora
997 545 1332 597 sanctorum
1365 542 1463 614 qui
1494 542 1858 601 dormierant

210 632 600 697 surrexerunt,
631 631 688 684 et
712 628 770 683 in
794 628 1023 685 civitate
1052 635 1253 686 sancta
1271 637 1672 702 apparuerunt
1703 630 1857 688 mul-

209 714 324 772 tis:
356 716 439 773 ita
466 714 738 774 fidelibus
770 718 1001 790 populis
1040 723 1253 775 sanctae
1285 718 1744 778 Resurrectionis
1773 720 1857 778 lo·

208 818 366 873 cum,
389 820 425 861 a
452 804 652 877 gentili
682 807 1098 878 superstitione
1117 807 1559 878 mundantibus,
1592 808 1851 881 priscum

206 902 643 951 renoravaretur
657 896 1032 967 miraculum,
1057 901 1190 954 utet
1209 896 1321 970 ipsi
1343 896 1402 954 in
1425 899 1634 972 spiritu
1657 915 1851 957 resur·

205 980 426 1042 rexisse
471 986 866 1054 crederentur,
910 987 1011 1061 qui
1054 987 1411 1061 resurgentis
1459 989 1689 1046 Domini
1730 994 1849 1046 tam

202 1072 318 1145 piis
347 1089 411 1130 se
440 1074 842 1146 manciparant
865 1076 1186 1148 obsequiis.
1215 1076 1319 1134 His
1351 1077 1529 1150 igitur
1556 1080 1616 1134 et
1641 1077 1852 1150 hujus-

206 1161 366 1218 modi
414 1179 517 1235 per
571 1165 1150 1223 suberabundantem
1227 1167 1516 1223 coelestem
1575 1168 1848 1239 gratiam,

204 1249 360 1322 plebi
387 1252 488 1308 Dei
511 1252 572 1310 in
593 1253 825 1312 civitate
845 1260 1068 1325 sancta,
1092 1255 1435 1313 miraculose
1462 1257 1647 1329 magis
1667 1273 1845 1327 quam

203 1341 552 1398 mirabiliter
577 1342 874 1415 exhibitis,
919 1350 1077 1401 tanta
1123 1350 1243 1402 erat
1292 1345 1352 1401 in
1387 1346 1599 1418 populo
1630 1346 1846 1404 mentis

201 1428 484 1498 hilaritas,
529 1437 586 1489 et
622 1431 850 1490 interna
895 1433 1087 1490 cordis
1135 1434 1430 1501 exultatio,
1481 1440 1547 1491 ut
1578 1433 1843 1492 laborum

198 1521 597 1591 immemores,
629 1539 776 1595 quos
823 1525 1183 1597 pertulerant
1229 1526 1512 1592 infinitos,
1562 1525 1754 1583 felices
1784 1542 1846 1585 se

199 1611 479 1681 dicerent,
512 1613 726 1685 quibus
758 1615 816 1671 id
848 1614 1028 1672 divini
1081 1616 1336 1673 muneris
1371 1618 1569 1673 datum
1600 1622 1722 1674 erat
1751 1617 1842 1674 in·-

200 1701 370 1758 tueri.
402 1701 637 1759 Clamor
662 1709 789 1761 erat
817 1705 1197 1777 spiritualiter
1244 1705 1554 1763 exultantis
1593 1707 1842 1765 civitatis
1877 1742 1921 1808 B

198 1789 269 1845 ad
302 1788 641 1859 Dominum,
662 1796 718 1850 et
742 1794 909 1866 quasi
933 1795 1300 1867 praecipiente
1327 1794 1593 1864 Domino,
1627 1796 1842 1856 solem-

199 1879 353 1936 nitas
384 1880 663 1951 agebatur
691 1881 972 1939 celebris:
1003 1883 1084 1939 ita
1123 1887 1190 1940 ut
1217 1883 1361 1940 illud
1412 1886 1705 1957 prophetie
1735 1886 1843 1943 im-

196 1969 415 2041 pletum
444 1970 514 2025 ad
545 1969 795 2028 litteram
837 1972 1128 2029 videretur
1173 1975 1515 2031 oraculum:
1550 1977 1848 2033 Laetamini

195 2075 318 2116 cum
348 2060 718 2129 Hierusalem,
757 2065 812 2117 et
839 2061 1108 2119 exsultate
1136 2062 1197 2119 in
1237 2079 1319 2133 ea,
1353 2079 1538 2120 omnes
1567 2065 1666 2136 qui
1705 2064 1845 2120 ‹tili-

195 2148 326 2218 92'11'5
353 2165 477 2207 eam
508 2149 633 2222 (lsa.
667 2167 813 2216 nxvr,
859 2152 972 2221 10).

789 2255 1025 2314 CAPUT
1056 2256 1245 2313 XXIII.

206 2344 329 2401 Viri
348 2344 559 2427 fideles,
590 2345 688 2418 qui
717 2348 776 2429 in
814 2346 947 2402 urbe
983 2345 1328 2428 habitabant,
1380 2348 1537 2403 Petro
1567 2348 1840 2419 Eremitoe,

265 2432 359 2473 cm
388 2432 542 2472 suem
569 2422 955 2473 commiserant
975 2418 1328 2487 levationem,
1361 2421 1602 2489 inqentes
1628 2423 1846 2492 qratias

262 2487 523 2544 exolvunt
551 2495 602 2544 et
633 2488 833 2546 honore
861 2490 1040 2545 debito
1076 2498 1496 2563 prosequuntur.

266 2592 530 2666 Denique
561 2594 777 2664 fideles,
811 2595 911 2668 qui
946 2596 1132 2651 virum
1179 2596 1567 2654 venerabilem
1609 2597 1837 2656 Petrum

196 2684 531 2756 Eremitam,
563 2693 768 2756 quarto
809 2686 893 2742 vel
929 2685 1135 2758 quinto
1169 2686 1328 2757 prius
1358 2704 1510 2744 anno
1545 2688 1604 2743 in
1636 2689 1840 2745 eadem

78 2842 83 2847 ¹
194 2774 422 2830 civitate
451 2775 750 2842 viderant;
784 2781 841 2831 et
886 2775 979 2832 cui
1030 2780 1148 2831 tam
1195 2776 1465 2833 dominus
1513 2778 1841 2849 patriarcha

194 2877 373 2934 quam
403 2861 522 2934 alii,
548 2866 666 2918 tam
699 2864 768 2920 de
799 2863 952 2920 clero
994 2880 1169 2936 quam
1209 2864 1279 2921 de
1312 2867 1524 2938 populo
1570 2867 1838 2938 majores,

191 2967 294 3023 pro
322 2952 643 3010 excitandis
672 2952 1115 3011 occidentalium
1135 2970 1445 3028 regnorum
1481 2955 1843 3030 principibus

188 3041 460 3114 epistolas
508 3059 640 3099 suas
697 3044 1074 3113 tradiderant,
1134 3045 1349 3102 iterum
1397 3054 1834 3118 cognoscentes,

187 3131 319 3188 ssxis
348 3131 587 3203 genibus
617 3149 751 3188 cum
785 3134 946 3189 omni
998 3133 1335 3191 humilitate
1381 3137 1831 3206 venerabantur,

188 3222 503 3278 referentes
535 3222 605 3276 ad
639 3222 981 3279 memoriam
1008 3223 1260 3295 priorem
1284 3225 1409 3296 ejus
1430 3226 1838 3297 adventum,et

184 3308 604 3365 familiaritatis
635 3310 908 3382 gratiam,
937 3327 1114 3383 quam
1155 3330 1287 3369 cum
1317 3313 1464 3386 ipsis
1495 3315 1833 3373 contrahere

184 3396 455 3472 dignatus
483 3399 673 3456 fuerat
706 3417 719 3455 :
752 3402 971 3472 gratias
991 3403 1372 3474 exsolventes,
1395 3405 1550 3477 quod
1585 3414 1697 3462 tam
1731 3423 1831 3464 se·

184 3488 321 3545 dule
366 3492 606 3562 tamque
655 3489 901 3547 fideliter
948 3491 1072 3548 solo
1105 3491 1338 3564 pietatis
1377 3493 1595 3551 intuitu
1629 3512 1829 3552 eorum

182 3583 588 3649 procuraverat
640 3579 1034 3651 legationem;
1096 3581 1410 3639 Dominum
1453 3585 1622 3640 etiam
1655 3602 1833 3657 super

182 3672 382 3729 omnia
418 3671 833 3743 collaudantes,
863 3674 961 3744 qui
1019 3674 1078 3731 in
1136 3675 1319 3732 servis
1369 3676 1491 3733 suis
1540 3677 1829 3750 gloriosus

182 3764 305 3831 est;
354 3761 450 3833 qui
507 3761 584 3818 ita
608 3766 821 3833 praeter
858 3780 1019 3835 spem
1071 3763 1398 3834 hominum,
1433 3766 1688 3837 praedicti
1722 3768 1828 3824 viri

178 3850 304 3907 vias
334 3850 622 3909 direxerat
662 3856 719 3907 et
751 3867 1078 3909 sermonem
1110 3853 1169 3908 in
1224 3870 1399 3910 manu
1430 3856 1554 3922 ejus
1595 3856 1831 3913 dederat

179 3939 499 4009 efficacem,
530 3946 592 3996 ut
621 3946 679 3996 et
709 3945 911 4013 gentes
940 3947 999 3998 et
1028 3959 1205 4012 regna
1233 3945 1305 3999 ad
1357 3948 1550 4001 tantos
1598 3944 1828 4003 labores

180 4042 284 4101 pro
314 4028 525 4085 Christi
556 4029 793 4085 nomine
823 4028 1178 4098 tolerandos,
1199 4031 1828 4090 sinedifiicultatecon·

177 4122 445 4174 verteret.
478 4118 616 4176 Vere
640 4134 893 4190 namque
907 4120 1207 4176 videbatur
1226 4136 1413 4177 sermo
1438 4122 1531 4178 hic
1551 4138 1824 4194 egressus

176 4206 444 4274 Domino,
496 4207 598 4280 qui
648 4206 767 4263 ait:
805 4207 1041 4264 Verbum
1079 4208 1220 4281 quod
1265 4211 1571 4281 eyredietur
1622 4214 1686 4269 de
1730 4231 1824 4272 ore

176 4310 315 4363 meo,
348 4311 454 4351 non
480 4299 783 4352 revertetur
810 4297 881 4352 ad
908 4313 994 4353 me
1039 4315 1292 4367 vacuum,
1330 4300 1420 4356 sed
1465 4303 1820 4374 prosperabi-

175 4391 270 4442 tur
295 4388 356 4442 in
384 4386 641 4444 omnibus
686 4389 756 4445 ad
802 4407 921 4463 quae
959 4393 1185 4447 mittam
1231 4392 1373 4448 illud
1407 4395 1534 4465 (lsa.
1584 4412 1669 4464 nv,
1713 4397 1819 4467 11).

1969 469 2209 526 prorsus
2237 459 2357 510 erat
2380 452 2643 525 ignarus,
2666 452 2812 507 etad
2850 453 3168 506 consuetus
3195 449 3365 520 quasi
3406 448 3622 505 reditu·

1972 559 2075 600 rus
2099 543 2356 616 pericula
2385 542 2625 598 timebat
2648 561 2662 610 ς
2687 541 2777 596 cui
2803 540 3091 596 Dominus
3122 538 3376 608 interim,
3411 542 3623 610 prater

1964 647 2152 704 spem,
2182 631 2423 704 quidem
2457 634 2863 704 procuraverat
2893 625 3298 699 tranquillam.

2556 738 2787 796 CAPUT
2824 735 3022 794 XXIV.

1959 846 2162 903 Civitas
2207 845 2506 902 mundatur
2576 845 2643 902 de
2721 845 3181 914 interemptorum
3223 841 3611 900 cadaveribus.

2031 919 2138 988 Qui
2185 919 2245 973 in
2310 933 2496 973 arcem
2544 931 2602 972 se
2666 916 3031 984 contulerant,
3093 915 3350 971 Toletano
3415 915 3619 972 comiti

2025 1005 2081 1047 se
2106 987 2333 1045 dedunt.
2362 988 2609 1045 Diesztla
2652 990 2712 1043 in
2758 996 3083 1061 perpetuam
3111 985 3348 1043 celebris
3395 988 3605 1043 consti-

2028 1063 2242 1119 mitur.

2030 1167 2340 1240 Completis
2383 1167 2567 1241 igitur
2609 1166 2968 1224 orationibus
2999 1172 3051 1222 et
3084 1165 3224 1224 locis
3255 1165 3608 1222 venerabili·

1958 1258 2065 1315 bus
2097 1273 2230 1314 cum
2262 1257 2420 1314 omni
2454 1256 2754 1312 devotione
2805 1255 3073 1322 visitatis,
3098 1255 3282 1311 visum
3315 1259 3407 1312 est
3435 1271 3612 1328 expe·

1956 1347 2079 1404 dire
2108 1346 2484 1418 principibus,
2510 1361 2580 1402 ne
2604 1361 2672 1401 ex
2693 1345 3174 1415 interemptorum
3199 1345 3606 1413 cadaveribus,

1955 1438 2103 1494 aeris
2150 1435 2477 1508 pestilentis
2529 1440 2838 1503 generetur
2882 1433 3235 1505 corruptela,
3293 1433 3502 1491 urbem
3553 1440 3610 1490 et

1956 1527 2207 1584 maxime
2223 1524 2724 1597 templiambitum
2748 1527 2883 1580 ante
2896 1524 3094 1580 omnia
3111 1522 3423 1579 mundari:
3452 1524 3608 1579 unde

1952 1617 2176 1673 civibus
2223 1616 2320 1687 qui
2372 1629 2509 1671 casu
2551 1618 2796 1669 mortem
2847 1618 3169 1680 evaserant,
3223 1612 3610 1679 compedibus

1953 1704 2204 1775 alligatis
2225 1704 2281 1760 id
2308 1702 2565 1759 muneris
2594 1701 2922 1774 injungitur
2945 1719 2959 1769 3
2984 1701 3084 1757 sed
3109 1702 3248 1772 quia
3281 1702 3354 1757 ad
3375 1705 3604 1759 tantum

1952 1812 2103 1853 onus
2135 1811 2248 1852 non
2297 1793 2643 1850 videbantur
2685 1806 2857 1863 posse
2900 1790 3195 1859 sufficere,
3245 1791 3610 1863 pauperibus

1950 1885 2126 1943 etiam
2156 1886 2225 1940 de
2277 1883 2551 1942 exercitu,
2604 1896 2820 1937 merces
2868 1879 3208 1951 quotidiana
3240 1880 3613 1953 proponitur,

1951 1979 2016 2030 ut
2033 1975 2313 2047 proedictae
2326 1972 2794 2042 reidentoperam
2816 1973 2873 2026 et
2893 1969 3019 2025 sine
3047 1968 3362 2026 dilationes
3395 1969 3609 2027 urbem

1950 2063 2281 2136 expediant.
2315 2064 2437 2130 Quo
2468 2060 2752 2132 deposito,
2794 2059 3087 2131 principes
3132 2059 3203 2115 ad
3255 2058 3492 2131 propria
3525 2075 3619 2116 re·

1949 2156 2121 2224 versi,
2173 2156 2378 2211 domos
2421 2150 2619 2223 quales
2674 2150 2904 2206 interim
2980 2148 3200 2206 familia
3263 2149 3610 2208 discurrens

1951 2245 2391 2318 praeparaverat,
2421 2258 2525 2314 pro
2570 2240 2840 2313 hospitiis
2873 2239 3227 2295 habuerunt.
3260 2238 3477 2296 Urbem
3513 2256 3615 2297 au·

1950 2342 2061 2390 tem
2120 2331 2472 2406 reperientes
2511 2328 3026 2388 commoditatibus
3074 2327 3310 2400 plenam
3344 2332 3404 2384 et
3434 2328 3605 2385 bonis

1948 2423 2223 2482 omnibus
2263 2422 2707 2491 redundantem,
2753 2434 2957 2476 omnes
2988 2435 3021 2474 a
3056 2418 3275 2490 majore
3307 2434 3500 2490 usque
3529 2421 3601 2476 ad

1951 2513 2263 2570 minimum
2312 2515 2609 2583 coeperunt
2636 2509 2933 2583 copiosius
2970 2508 3287 2565 abundare.
3323 2507 3607 2579 Reperie-

1949 2604 2160 2660 bantur
2201 2602 2355 2658 enim
2390 2601 2450 2656 in
2499 2600 2750 2657 effractis
2780 2597 3077 2666 domibus,
3104 2597 3229 2655 auri
3258 2604 3317 2654 et
3345 2597 3604 2672 argenti,

1948 2707 2313 2766 gemmarum
2345 2695 2402 2747 et
2423 2691 2808 2763 pretiosarum
2836 2688 3109 2756 vestium,
3152 2686 3454 2756 frumenti,
3483 2687 3607 2744 vini

1952 2786 2009 2839 et
2037 2781 2169 2849 olei,
2203 2782 2303 2838 sed
2337 2785 2395 2838 et
2426 2797 2610 2852 aquae,
2644 2779 2816 2850 cujus
2847 2778 3155 2836 obsidione
3185 2776 3339 2848 passi
3374 2777 3609 2834 fuerant

1950 2870 2270 2944 penuriam,
2305 2870 2571 2943 ingentes
2592 2868 2809 2941 copias:
2847 2868 3004 2924 unde
3034 2872 3092 2924 et
3118 2866 3234 2939 ipsi
3265 2865 3365 2938 qui
3393 2865 3607 2924 domos

1950 2963 2062 3021 sibi
2084 2962 2536 3030 vindicaverant,
2562 2964 2823 3032 poterant
2843 2958 3057 3016 habere
3077 2958 3149 3015 ad
3173 2972 3408 3015 omnem
3431 2956 3608 3014 suffi-

1950 3053 2245 3123 cientiam,
2278 3060 2332 3109 et
2360 3050 2759 3124 indigentibus
2807 3048 3089 3105 fratribus
3128 3047 3471 3105 charitative
3501 3046 3607 3104 mi·

1947 3143 2216 3200 nistrare.
2270 3142 2627 3214 Factumque
2670 3145 2778 3210 est,
2826 3141 2888 3194 ut
2934 3137 3193 3195 secunda
3231 3143 3287 3194 et
3334 3136 3510 3194 tertia
3545 3139 3608 3195 et

1942 3232 2216 3304 deinceps
2246 3230 2359 3297 die,
2391 3230 2450 3285 in
2485 3230 2605 3285 soro
2638 3228 2891 3300 publico,
2942 3241 3136 3281 rerum
3165 3223 3468 3282 venalium
3500 3239 3606 3297 op·

1941 3321 2104 3377 timis
2152 3317 2586 3376 conditionibus
2635 3315 3007 3372 exhiberetur
3034 3315 3484 3381 commercium,
3517 3311 3603 3369 ita

1941 3410 2138 3477 etiam,
2167 3414 2231 3465 ut
2261 3408 2426 3482 plebs
2446 3404 2706 3474 inferior,
2730 3404 3071 3461 necessariis
3104 3401 3382 3460 omnibus
3413 3403 3606 3460 abun·

1941 3501 2122 3556 daret.
2163 3498 2295 3555 Dies
2325 3497 2506 3570 igitur
2536 3496 2832 3553 solemnes
2855 3504 2907 3549 et
2939 3492 3065 3549 dies
3086 3496 3328 3565 agentes
3357 3490 3597 3558 letitia,

1939 3590 2136 3647 cibum
2164 3594 2222 3645 et
2251 3587 2529 3660 requiem,
2555 3585 2770 3659 quibus
2794 3583 3046 3639 maxime
3078 3581 3439 3654 indigebant,
3469 3597 3598 3638 cor·

1937 3678 2180 3751 poribus
2226 3675 2617 3748 indulgentes,
2669 3672 2911 3731 recreati
2945 3675 3085 3727 sunt
3113 3668 3592 3740 aliquantulum3

1940 3765 2143 3823 divinae
2174 3768 2435 3821 numeris
2478 3763 2804 3836 largitatem
2837 3760 3214 3825 admirantes,
3246 3764 3304 3816 et
3339 3758 3593 3817 coelestis

1936 3857 2160 3929 gratim,
2193 3873 2312 3929 qua
2339 3871 2478 3928 erga
2514 3871 2612 3911 eos
2652 3854 2924 3927 dignatus
2954 3860 3040 3909 est
3079 3851 3368 3907 Dominus
3398 3850 3590 3908 abun-

1936 3945 2077 4002 dare
2104 3950 2401 4018 perpetem
2435 3960 2549 4018 prae
2580 3943 2766 4000 oculis
2789 3942 3072 3998 habentes
3096 3939 3461 3996 memoriam.
3496 3941 3588 3997 Ad

1935 4036 2217 4107 majorem
2250 4043 2440 4090 autem
2472 4033 2614 4089 tanti
2635 4032 2769 4089 facti
2800 4032 3159 4097 memoriam,
3182 4046 3250 4087 ex
3280 4027 3588 4086 communi

1935 4125 2164 4181 decreto
2195 4124 2485 4182 sancitum
2517 4127 2574 4180 et
2602 4120 2901 4179 communi
2938 4119 3201 4176 omnium
3233 4123 3366 4176 voto
3398 4134 3586 4177 susce-

1936 4220 2100 4285 ptum
2132 4217 2190 4270 et
2221 4214 2601 4286 approbatum
2646 4216 2756 4277 est,
2807 4215 2869 4266 ut
2900 4208 2993 4266 hic
3033 4209 3157 4266 dies
3185 4208 3342 4281 apud
3374 4223 3587 4266 omnes

1933 4303 2213 4361 solemnis
2242 4310 2298 4360 et
2328 4304 2480 4360 inter
2524 4302 2785 4358 celebres
2832 4298 3112 4357 celebrior
3162 4301 3443 4371 perpetuo
3474 4298 3584 4356 ha·

1931 4392 2157 4459 beatur,
2190 4390 2248 4446 in
2294 4408 2410 4462 qua
2439 4390 2668 4446 laudem
2726 4393 2784 4446 et
2830 4388 3074 4461 gloriam
3124 4384 3384 4443 nominis
3406 4385 3584 4443 chri-

175 4479 397 4548 ltaque,
429 4476 771 4548 singillatim
804 4485 861 4534 et
888 4480 945 4536 in
973 4481 1292 4548 communi,
1329 4482 1635 4553 multiplici
1669 4483 1814 4539 nite·
1848 4502 1896 4566 D
1927 4480 2122 4548 atiani,
2151 4481 2434 4552 quidquid
2465 4479 2523 4534 in
2557 4478 2854 4551 prophetis
2873 4477 2943 4533 de
2961 4476 3070 4532 hoc
3098 4476 3246 4532 facto
3277 4475 3452 4547 quasi
3483 4492 3584 4532 va·

176 4565 386 4622 bantur
432 4583 566 4625 eum
607 4566 825 4626 honore
872 4570 1208 4642 provenire,
1240 4570 1290 4626 ei
1324 4570 1431 4627 soli
1465 4576 1589 4642 post
1620 4572 1815 4629 Domi-

175 4672 319 4712 num
351 4658 730 4723 ascribentes,
763 4660 914 4730 quod
962 4660 1117 4715 durae
1150 4660 1469 4727 servantia,
1502 4676 1681 4732 quam
1712 4678 1817 4733 per

173 4748 260 4803 tot
291 4763 475 4804 annos
510 4748 667 4821 passi
701 4748 946 4819 fuerant,
979 4749 1171 4804 soluta
1211 4751 1333 4804 erat
1361 4749 1615 4805 conditio
1652 4754 1711 4806 et
1739 4752 1816 4808 ci·

171 4835 318 4892 vitas
346 4843 552 4894 sancta
583 4837 841 4909 pristinae
893 4837 1159 4894 restituta
1212 4836 1483 4893 libertati.
1535 4839 1816 4899 Dominus

170 4932 363 4982 autem
395 4928 742 4997 patriarcha,
774 4932 838 4984 ut
886 4927 1282 4999 praediximus,
1327 4943 1432 5000 pro
1481 4929 1815 5002 reipublicae

170 5015 328 5067 statu
357 5015 416 5069 et
443 5011 628 5070 salute
655 5014 890 5082 civium,
924 5014 1104 5072 multo
1129 5015 1313 5087 pretio
1338 5020 1731 5088 comparanda
1752 5019 1814 5077 in

167 5100 419 5173 Cyprum
450 5104 845 5174 navigaverat,
876 5103 1327 5175 eleemosynasa
1359 5106 1630 5164 fidelibus
1656 5108 1814 5165 illius

167 5193 418 5266 regionis
465 5195 924 5266 mendicaturus,
975 5198 1130 5253 unde
1184 5197 1402 5253 tributa
1441 5206 1496 5253 et
1533 5197 1811 5270 imposita

166 5284 617 5342 extraordinarie
646 5289 703 5340 et
731 5303 908 5355 supra
933 5286 1085 5342 vires
1105 5286 1410 5360 vectigalia
1447 5286 1811 5360 persolveret,

167 5385 239 5426 ne
269 5388 372 5443 pro
401 5389 604 5431 eorum
636 5376 862 5431 defectu
901 5385 1000 5432 aut
1028 5376 1305 5434 ecclesias
1352 5377 1670 5447 dejicerent
1702 5380 1813 5436 tri-

168 5461 435 5521 butorum
465 5471 780 5536 exactores,
814 5472 916 5525 aut
962 5468 1240 5541 populum
1272 5468 1485 5540 gladiis
1519 5472 1818 5545 mancipa-

166 5553 321 5623 rent,
352 5550 507 5612 sicut
542 5556 931 5615 anterioribus
978 5561 1402 5615 consueverant
1430 5559 1809 5632 temporibus.

1926 4570 2197 4626 ticinium
2232 4570 2571 4642 proedictum
2621 4569 2829 4637 fuerat,
2882 4566 3195 4636 referatur3
3235 4569 3294 4622 et
3339 4581 3445 4637 pro
3474 4580 3581 4623 eo-

1924 4676 2053 4717 rum
2085 4659 2392 4717 animabus
2440 4659 2538 4715 flat
2584 4660 2650 4714 ad
2683 4657 2994 4715 Dominum
3033 4653 3399 4723 intercessio,
3429 4671 3583 4727 quo·

1924 4767 2050 4808 rum
2082 4750 2280 4808 labore
2298 4748 2747 4807 commendabili
2764 4754 2821 4806 et
2843 4745 3142 4806 favorabili
3163 4746 3317 4817 apud
3341 4761 3577 4816 omnes,

1923 4840 2200 4913 predicta
2243 4839 2358 4898 Deo
2399 4840 2670 4897 amabilis
2718 4838 2944 4907 civitas,
2974 4841 3033 4893 et
3062 4835 3199 4892 fidei
3224 4833 3574 4907 Christiano

1923 4939 1976 4988 et
2001 4929 2256 5003 pristinas
2279 4934 2386 4998 est,
2426 4929 2666 4987 restitus
2693 4927 2964 4985 libertati.
2996 4927 3225 4983 Interea
3271 4941 3404 4983 vero
3436 4942 3578 4997 pars

1924 5020 2178 5078 hostium
2212 5037 2417 5093 eaquae
2436 5020 2494 5076 in
2523 5036 2656 5076 arce
2675 5017 2878 5085 David,
2910 5034 2943 5072 a
2976 5016 3119 5072 facie
3145 5013 3322 5090 gladii
3339 5014 3578 5086 fugiens

1924 5127 1987 5168 se
2015 5111 2359 5177 contulerat,
2390 5111 2650 5166 videntes
2681 5108 2834 5181 quod
2863 5108 3066 5164 urbem
3096 5106 3432 5162 universam
3453 5105 3577 5162 sibi

1923 5203 2175 5274 populus
2242 5211 2433 5257 noster
2471 5201 2859 5256 vindicaverat
2894 5204 2952 5254 et
2998 5196 3152 5269 quod
3182 5193 3295 5266 ipsi
3338 5195 3574 5252 diutius

1924 5291 2285 5347 obsidionem
2324 5290 2570 5347 tolerare
2613 5306 2728 5346 non
2776 5293 3033 5361 possent,
3085 5283 3266 5357 petita
3301 5287 3361 5340 et
3389 5282 3578 5359 impe·

1921 5386 2074 5438 trata
2121 5399 2156 5438 a
2193 5379 2430 5438 domino
2459 5382 2671 5438 comite
2698 5379 2983 5436 Tolosano
3014 5374 3251 5443 fiducia,
3276 5372 3377 5447 qui
3418 5375 3576 5435 cim

1922 5477 2116 5543 partes
2141 5471 2242 5528 illa
2271 5470 2419 5527 turri
2439 5471 2682 5528 vicinior
2709 5469 3038 5542 hospitatus
3064 5468 3208 5532 erat,
3241 5464 3402 5537 quod
3431 5481 3571 5526 cum

1923 5560 2201 5619 uxoribus
2220 5563 2278 5618 et
2305 5560 2508 5619 liberis
2526 5566 2585 5619 ct
2610 5559 2772 5619 omni
2791 5554 3123 5618 substantia
3150 5569 3332 5630 quam
3363 5570 3570 5614 ”cnm

2749 5837 2784 5864 0
