3784 6000
1341 187 1767 253 GUILLELMI
1811 190 2197 254 TYRENSIS
2237 192 2602 256 anonim).

3559 201 3685 266 236

275 342 366 396 tes
384 335 754 405 exhibebant,
772 332 968 406 plebes
988 345 1128 387 suas
1142 329 1210 385 ad
1236 328 1293 384 id
1309 327 1505 400 ipsum
1521 327 1923 395 invitantes,et
1951 331 2005 397 Α
2035 327 2383 400 obligarent,
2406 328 2643 386 vivificas
2662 328 2856 387 crucis
2875 328 3135 389 salutare
3159 331 3399 406 signum
3417 336 3685 395 vestibus

272 429 705 486 circumeuntes
737 419 1041 494 parochias
1062 434 1225 487 suas,
1245 417 1483 474 verbnm
1501 418 1631 473 vitae
1651 417 1921 475 dissemi-

270 516 494 574 nabant
520 516 580 571 in
613 510 870 586 populis,
899 524 1007 565 nec
1037 507 1280 565 cadebat
1309 506 1398 565 vel
1431 523 1586 563 unus
1615 523 1760 580 apex
1790 506 1919 563 sine

274 607 467 663 fructu
498 618 677 676 super
702 604 916 656 terram
946 614 959 653 :
995 597 1075 655 ita
1111 601 1177 653 ut
1206 612 1339 652 vere
1366 596 1482 653 dici
1512 601 1729 668 posset,
1763 596 1914 668 quod

274 710 407 752 vere
450 692 599 750 illud
642 689 886 747 verbum
940 687 1169 745 Domini
1201 686 1584 758 impleretur:
1639 687 1757 743 Non
1785 688 1916 743 veni

260 798 449 856 pacem
474 782 714 848 mium,
743 776 836 836 sed
863 776 1122 850 alodium
1167 774 1387 848 (Mami.
1420 791 1480 840 x,
1527 774 1640 848 34).
1683 775 1912 833 Divide-

259 872 436 928 batur
462 869 618 928 enim
648 868 896 925 maritus
927 866 1001 923 ab
1028 880 1226 933 uxore,
1260 881 1406 922 uxor
1434 882 1465 921 a
1512 865 1722 923 marito
1753 881 1768 933 3
1801 882 1909 938 pa·

258 964 381 1018 tres
410 978 445 1018 a
472 958 634 1030 filiis,
665 957 771 1015 filii
799 975 831 1013 a
861 955 1202 1029 parentibus
1234 972 1249 1024 3
1301 970 1406 1012 nec
1435 958 1562 1011 erat
1604 954 1907 1013 eharitatis

253 1049 581 1119 vinculum,
612 1048 770 1122 quod
822 1046 961 1103 huic
991 1044 1199 1102 t'srvori
1249 1049 1449 1117 posset
1495 1042 1903 1117 praejudicium

254 1139 483 1198 facere:
513 1138 594 1196 ita
623 1140 688 1195 ut
715 1137 789 1195 de
813 1133 1083 1193 claustris
1125 1132 1295 1191 multi
1337 1133 1751 1205 egrederentur
1777 1149 1903 1191 mo-

252 1228 425 1287 nachi
454 1245 471 1299 3
520 1230 579 1285 et
624 1225 839 1284 inclusi
869 1225 942 1282 de
982 1222 1341 1289 carceribus,
1375 1221 1433 1278 in
1463 1221 1679 1294 quibus
1708 1237 1775 1278 se
1804 1223 1904 1279 in-

252 1318 545 1376 cluserant
572 1313 881 1389 spontanei
913 1316 1153 1386 propter
1189 1309 1527 1368 Dominum.
1557 1309 1674 1368 Nec
1705 1317 1898 1368 tamen

251 1408 407 1481 apud
460 1421 665 1465 omnes
702 1411 829 1462 erat
858 1402 920 1460 in
950 1418 1128 1460 causa
1174 1400 1460 1458 Dominus
1485 1417 1502 1468 3
1532 1404 1589 1459 et
1616 1399 1897 1458 virtutum

250 1502 437 1555 mater
463 1495 737 1554 discretio
767 1497 965 1552 votum
996 1491 1287 1550 excitabat
1316 1507 1331 1561 3
1381 1490 1481 1547 sed
1540 1490 1785 1562 qnidam
1822 1506 1897 1549 ne

248 1586 467 1644 amicos
494 1583 844 1653 desererent,
868 1581 1109 1655 quidam
1151 1595 1225 1638 nc
1253 1578 1486 1637 desides
1515 1579 1895 1652 haberentur,

2030 416 2437 489 imprimerent
2467 435 2482 487 3
2516 422 2575 475 et
2605 418 2665 474 in
2697 418 2962 476 humeris
2999 419 3160 477 illius
3203 422 3318 479 sibi
3375 428 3683 496 portarent

2028 507 2388 578 memoriam,
2419 508 2588 579 quus
2636 507 2928 581 passionis
2961 509 3147 566 locum
3192 511 3431 572 visitare
3459 530 3680 587 propo-

2025 599 2264 652 suerant
2286 612 2301 664 3
2350 595 2510 653 illum
2543 597 2868 666 imitantes,-
2915 596 3010 655 cui
3039 600 3110 655 ad
3148 605 3410 659 nostram
3442 606 3674 663 redem-

2023 685 2279 754 ptionem
2313 685 2669 757 properanti,
2699 687 2894 743 Factus
2922 692 3003 743 ost
3028 690 3376 762 principatus
3404 692 3525 762 eius
3565 710 3673 750 su-

2018 788 2116 843 per
2142 774 2436 831 humerum
2463 775 2580 847 ejus
2606 775 2741 847 (Iso.
2800 792 2878 847 ιι,
2907 777 2988 848 6).
3038 777 3117 835 De
3165 795 3283 852 quo
3338 783 3517 839 etiam
3552 799 3669 842 non

2018 861 2313 918 immerito
2332 862 2565 920 videtur
2579 880 2750 936 posse
2772 863 3017 938 intelligi
3041 866 3183 923 illud
3210 868 3370 926 Isaiae
3395 885 3410 927 τ
3442 872 3669 930 Leunoi!

2015 952 2279 1009 Dominus
2290 954 2523 1025 tionum
2552 957 2614 1011 in
2632 956 2970 1027 nationibus,
3000 963 3058 1013 et
3075 960 3430 1032 concrepabit
3442 961 3661 1036 disper·

2012 1056 2099 1098 sos
2128 1042 2298 1114 lsrael
2354 1044 2488 1116 (lm.
2546 1061 2627 1114 ιι,
2668 1045 2778 1117 12).
2830 1044 2942 1103 Sed
2994 1051 3054 1103 et
3107 1046 3252 1105 illud
3307 1052 3656 1109 mandatum

2011 1129 2245 1188 Domini
2270 1132 2439 1202 Juxta
2476 1132 2735 1191 litteram
2771 1134 3072 1193 videbatur
3099 1136 3365 1209 implerit
3400 1141 3509 1209 Qui
3539 1143 3659 1199 vult

2009 1221 2195 1276 venire
2212 1227 2331 1291 post
2359 1237 2468 1293 me,
2499 1223 2725 1295 abneget
2751 1226 3106 1297 semetipsum
3123 1244 3147 1291 ,-
3174 1233 3228 1283 et
3251 1229 3416 1284 tollat
3436 1246 3661 1287 enicem

2005 1324 2189 1380 suom,
2215 1314 2270 1367 et
2291 1315 2555 1383 sequatur
2580 1329 2670 1369 me
2696 1313 2922 1385 (naith.
2953 1331 3073 1378 xvi,
3103 1315 3217 1389 24).

2610 1419 2845 1478 CAPUT
2881 1420 3058 1479 XVII.

2004 1503 2238 1562 Nomine
2263 1509 2578 1580 principum
2604 1512 2700 1581 qui
2726 1509 2792 1566 de
2828 1526 2996 1583 rcqno
3036 1514 3371 1572 Francorum
3416 1526 3468 1574 et
3507 1519 3656 1574 Teu-

2370 1581 2677 1637 tonicorum
2705 1581 2815 1639 iter
2841 1594 3271 1656 assumpserunt.

246 1674 486 1750 qnidam
557 1673 681 1731 sola
735 1670 986 1730 levitatis
1042 1686 1244 1739 causa,
1300 1675 1402 1727 aut
1459 1673 1523 1726 ut
1577 1669 1892 1728 creditores
1922 1661 1972 1727 B
2072 1667 3654 1753 Deutroqueitaqueregno,inarrhamiuturaeperegri—

244 1780 383 1822 suos
411 1763 650 1839 (quibus
679 1760 997 1820 multorum
1049 1759 1382 1817 debitorum
1432 1759 1689 1830 pondere
1740 1764 1900 1818 tene-

243 1856 461 1913 bantur
487 1851 756 1926 obligati)
783 1850 1144 1910 declinantes
1186 1848 1505 1917 eluderent,
1538 1848 1672 1906 aliis
1704 1865 1764 1907 se
1794 1849 1897 1906 ad·

238 1944 591 2018 jungebant.
623 1942 844 2000 Omnes
872 1940 1053 2015 igitur
1091 1955 1160 1998 ex
1188 1938 1383 1996 causis
1412 1937 1590 1995 variis
1621 1955 1898 2012 propera-

240 2034 407 2093 bant.
455 2037 585 2092 Non
634 2036 758 2090 erat
814 2032 871 2089 in
930 2030 1126 2103 regnis
1163 2027 1642 2096 occidentalibus,
1666 2029 1762 2101 qui
1794 2032 1898 2086 aut

240 2123 446 2191 etatis,
478 2127 582 2181 aut
608 2138 801 2191 sexus,
833 2125 937 2179 ant
967 2118 1339 2189 conditionis,
1371 2121 1473 2174 aut
1507 2121 1695 2174 status
1724 2118 1895 2176 vellet

232 2229 366 2271 esse
393 2229 657 2282 memor-3
691 2215 794 2268 aut
814 2208 1114 2282 aliquibus
1148 2207 1627 2280 persuasionibus
1649 2207 1893 2263 deterri-

232 2304 332 2359 tus
361 2300 436 2359 ab
465 2301 716 2373 incoepto
742 2299 1090 2365 desisteret3
1124 2297 1225 2353 sed
1259 2311 1465 2352 omnes
1493 2294 1893 2352 indifferenter

237 2406 452 2447 manus
480 2390 699 2446 dabant
732 2405 748 2458 3
779 2403 985 2445 omnes
1015 2384 1374 2442 unanimiter
1402 2383 1576 2440 corde
1596 2386 1653 2440 et
1683 2399 1780 2441 ore
1798 2399 1892 2441 vo-

231 2482 356 2534 tum
391 2478 839 2550 profitebantur.
871 2475 1194 2532 Videbatur
1242 2474 1313 2530 ad
1367 2473 1620 2529 litteram
1658 2472 1887 2546 impleri

230 2569 390 2642 quod
422 2565 483 2623 in
513 2567 698 2625 Tobia
726 2567 1014 2640 scriptum
1045 2568 1135 2622 est
1165 2579 1178 2620 τ
1210 2563 1521 2621 Jerusalem
1548 2563 1741 2619 civitas
1771 2563 1888 2647 Dei,

228 2657 484 2714 notiones
502 2673 575 2714 ex
603 2657 900 2729 lonqinquo
929 2655 1002 2711 cd
1031 2659 1084 2712 te
1112 2655 1349 2722 venient,
1381 2657 1433 2709 et
1471 2667 1708 2709 munero
1735 2652 1890 2722 defe-

225 2755 427 2816 rentes,
457 2746 772 2804 adorabunt
803 2746 865 2801 in
891 2747 945 2801 te
967 2743 1262 2801 Dominum
1284 2761 1303 2800 .·
1332 2747 1385 2799 et
1408 2750 1615 2799 terram
1645 2749 1802 2799 tuam
1825 2744 1883 2800 in

222 2837 669 2907 sanctificatione
701 2835 997 2902 habebunt,
1028 2849 1229 2891 nomen
1260 2848 1527 2903 maenum
1574 2835 1882 2891 invocantes

219 2924 282 2981 in
311 2929 363 2982 ts
390 2924 541 2998 (Tob.
565 2941 689 2994 xm,
725 2923 835 2996 13).
871 2923 952 2981 De
982 2923 1366 2997 presentibus
1399 2921 1576 2993 igitur
1607 2921 1709 2994 qui
1732 2937 1879 2978 con-

2005 1758 2283 1826 nationis,
2313 1759 2483 1832 signo
2506 1762 2699 1819 crucis
2745 1776 2807 1818 ss
2853 1764 3369 1836 communiverant,
3400 1768 3488 1824 vir
3510 1768 3651 1826 illu-

2003 1845 2143 1901 stris
2173 1846 2443 1905 dominus
2462 1851 2627 1921 Hugo
2651 1851 2921 1922 Magnus,
2939 1852 3163 1909 domini
3185 1853 3442 1927 Philippi
3463 1856 3649 1916 Fran-

1992 1949 2201 1991 ·corum
2235 1936 2386 2010 regis
2414 1937 2591 1995 frater
2620 1958 2634 2010 3
2665 1940 2932 1998 dominus
2962 1943 3273 2012 Robertus,
3312 1944 3648 2004 Flandren-

2000 2022 2154 2079 sium
2180 2040 2413 2093 comes3
2444 2027 2719 2085 dominus
2746 2029 2882 2085 item
2912 2029 3221 2098 Robertus,
3258 2048 3454 2090 comes
3493 2033 3646 2093 Nor-

2000 2127 2370 2185 memorum,
2386 2117 2608 2175 domini
2630 2117 2911 2176 Willelmi
2932 2117 3250 2192 Anglorum
3275 2123 3430 2194 regis
3454 2123 3643 2192 filius3

1998 2201 2269 2259 dominus
2300 2204 2652 2276 Stephanus,
2702 2208 3149 2264 carnotensium
3204 2224 3399 2267 comes
3429 2221 3484 2269 et
3517 2214 3645 2270 Ble-

1997 2290 2281 2359 sensium,
2313 2293 2559 2350 senioris
2585 2293 2905 2352 Theobaldi
2935 2296 3166 2353 comitis
3197 2307 3360 2368 pater
3388 2316 3403 2367 3
3446 2301 3643 2357 domi-

1998 2394 2110 2435 nus
2174 2382 2522 2452 Ademarus,
2582 2385 2885 2442 Podiensis
2937 2386 3251 2460 episcopus
3281 2403 3296 2455 3
3358 2389 3641 2450 dominus

1999 2467 2343 2539 willelmus,
2375 2472 2786 2530 Aurasicensis
2822 2475 3166 2546 episcopus3
3200 2475 3471 2535 dominus
3502 2479 3642 2536 Rai-

1993 2559 2275 2626 mundus,
2307 2575 2501 2617 coines
2530 2561 2857 2620 Tolosanus
2897 2566 2956 2619 et
2983 2563 3179 2620 Sancti
3207 2564 3415 2637 AEgidii
3443 2582 3460 2634 3
3488 2585 3638 2625 eum

1992 2643 2125 2702 aliis
2157 2646 2356 2704 multis
2385 2648 2614 2723 inclytis
2644 2654 2700 2706 et
2731 2652 3118 2709 nobilioribus
3145 2653 3318 2710 viris:
3366 2656 3459 2710 vir
3486 2673 3635 2728 quo-

1991 2751 2102 2806 que
2124 2740 2402 2795 strenuus
2433 2744 2490 2796 et
2519 2741 2790 2814 insignis,
2825 2741 3097 2799 dominus
3130 2743 3502 2816 Godel'ridus,
3523 2747 3631 2804 Lo·

1990 2825 2297 2898 tharingiae
2336 2829 2472 2895 dux,
2511 2835 2568 2886 et
2615 2846 2749 2886 cum
2803 2846 2871 2888 eo
2929 2833 3134 2889 fratres
3173 2835 3321 2905 ejus,
3351 2835 3631 2893 domiuus

1986 2913 2256 2972 videlicet
2285 2915 2626 2986 Balduinus,
2658 2924 2717 2975 et
2746 2920 3020 2977 dominus
3049 2921 3396 2980 Eustachius
3428 2940 3443 2980 ε
3495 2924 3629 2980 Bal·

216 3015 352 3073 cilio
382 3016 794 3086 interfuerant,
826 3014 993 3072 multi
1040 3030 1172 3071 cum
1219 3012 1433 3084 gaudio
1485 3015 1876 3085 susceperunt
1903 3039 1946 3105 C
1986 3003 2205 3061 duinus
2253 3006 2475 3078 itidem,
2529 3008 2629 3080 qui
2666 3013 3101 3082 cognominatus
3148 3015 3237 3068 est
3291 3014 3360 3069 de
3411 3014 3629 3087 Bur-go,

214 3102 466 3161 insitum
491 3106 746 3167 verbum.
770 3121 1024 3177 quorum
1048 3103 1275 3174 primus
1299 3102 1405 3158 luit
1425 3102 1704 3159 dominus
1728 3104 1870 3160 Ade-

214 3206 442 3262 marus,
490 3192 655 3249 honre
711 3193 997 3250 memoriae
1055 3191 1356 3247 Podiensis
1394 3190 1727 3264 episcopus,
1784 3193 1872 3249 vir

210 3280 343 3338 vito
371 3280 749 3350 venerabilis,
783 3281 884 3354 qui
926 3285 1127 3353 postea
1155 3279 1483 3352 spostolicoe
1528 3280 1683 3336 sedis
1715 3280 1868 3352 lega-

208 3369 367 3426 tione
388 3370 652 3431 iunctus‚
675 3369 733 3425 iu
765 3368 966 3425 eadem
1001 3368 1367 3441 expeditione
1389 3366 1603 3439 populo
1624 3367 1725 3424 Dei
1749 3378 1865 3425 tam

208 3456 459 3515 fideliter
477 3473 659 3532 qnam
684 3459 1002 3530 prudenter
1027 3455 1295 3530 prefuit:
1327 3455 1610 3514 Dominus
1631 3473 1866 3530 quoque

213 3546 548 3606 willelmus
576 3548 976 3606 Aurasicensis
997 3548 1328 3620 episcopus,
1350 3546 1436 3602 vir
1464 3561 1598 3603 vere
1626 3547 1865 3619 religio-

204 3654 327 3709 sus,
351 3654 417 3695 ac
438 3639 654 3696 timens
687 3638 895 3697 Deum.
928 3638 1007 3695 De
1035 3637 1377 3695 absentibus
1397 3652 1533 3692 vero
1556 3636 1864 3710 utriusque

202 3728 367 3799 regni
390 3727 785 3801 principibus,
806 3729 1007 3785 eodem
1023 3728 1240 3785 fervore
1262 3726 1552 3795 succensi,
1576 3726 1649 3782 ad
1673 3726 1784 3783 iter
1802 3742 1862 3783 se

200 3817 607 3891 accingebant,
646 3822 856 3876 mutuo
890 3835 952 3876 se
982 3823 1038 3874 et
1070 3817 1410 3889 frequenter
1438 3816 1810 3873 exhortantes
1842 3834 1858 3886 3

199 3909 258 3961 et
285 3914 510 3964 certum
542 3907 816 3979 prefigen
828 3911 914 3964 tes
932 3906 1109 3977 diem,
1135 3909 1198 3963 ut
1220 3905 1477 3963 collectis
1500 3905 1856 3977 necessariis,

198 3997 255 4050 et
283 3993 393 4049 viae
423 3995 815 4053 consortibus
845 3995 1198 4065 convocatis,
1241 3994 1354 4051 iter
1381 3994 1722 4068 arriperent.
1762 3992 1854 4050 Vi·

197 4083 371 4139 detur
396 4099 532 4140 vere
562 4084 845 4141 divinitus
878 4088 1253 4156 procuratum
1289 4100 1569 4155 proesens,
1601 4085 1755 4141 unde
1772 4084 1856 4142 lo-

198 4171 459 4243 quimur,
494 4175 809 4244 negotium,
844 4181 899 4230 et
925 4173 1159 4229 verbum
1184 4188 1313 4230 vere
1342 4189 1645 4245 egressum
1678 4191 1712 4229 a
1744 4174 1854 4231 Do·

197 4258 380 4315 mino.
413 4258 559 4315 Nam
591 4261 918 4317 catervatim
950 4262 1376 4318 concurrebant
1407 4261 1625 4335 populi,
1669 4279 1850 4320 unum

1983 3095 2393 3165 praedictorum
2478 3100 2973 3170 consanguineus,
3067 3101 3288 3157 domini
3368 3103 3629 3176 Bugonis

1980 3185 2214 3242 comitis
2243 3188 2315 3242 de
2342 3190 2537 3244 Retest
2579 3188 2738 3245 filius
2769 3204 2784 3243 ε
2836 3189 2973 3245 item
3005 3206 3200 3246 comes
3228 3191 3524 3250 Garnerus
3553 3195 3629 3251 de

1980 3274 2117 3330 Gres
2148 3290 2163 3341 3
2196 3275 2534 3345 Balduinus,
2564 3293 2758 3335 comes
2791 3278 3221 3337 Hamaucorum
3249 3297 3263 3349 3
3316 3284 3625 3351 isuardus»,

1976 3378 2171 3421 comes
2204 3364 2429 3422 Diensis
2457 3387 2473 3436 3
2509 3367 2892 3440 RainbalduS,
2923 3386 3121 3426 comes
3170 3371 3622 3442 Aurasicensis3

1977 3455 2326 3524 willelmus,
2356 3473 2552 3514 comes
2582 3459 2653 3515 de
2684 3459 2915 3529 Foreis3
2947 3476 3145 3518 comes
3173 3461 3509 3533 Stephanus
3551 3465 3627 3521 de

1972 3545 2351 3603 Albamarla:
2398 3546 2703 3617 Retrodus,
2752 3564 2947 3605 comes
2998 3549 3387 3620 Perticensis3
3424 3568 3625 3611 comes

1973 3635 2137 3708 Hugo
2168 3635 2238 3692 de
2261 3635 2470 3691 Sancto
2502 3636 2699 3693 Paulo.
2750 3638 2858 3693 Sed
2905 3641 2962 3693 et
2994 3637 3067 3694 de
3099 3638 3240 3694 viris
3273 3640 3623 3711 majoribus,

1971 3726 2072 3798 qui
2102 3730 2299 3784 tamen
2327 3727 2569 3783 comites
2592 3744 2704 3783 non
2736 3732 2922 3797 erant,
2947 3729 3016 3786 ad
3048 3728 3111 3785 id
3138 3727 3328 3801 ipsum
3362 3730 3483 3788 Deo
3506 3731 3624 3805 pla-

1968 3816 2148 3871 citum
2179 3816 2527 3887 obsequium
2560 3823 2769 3889 sponte
2797 3834 2859 3874 se
2896 3818 3240 3876 obtulerunt
3270 3819 3471 3894 inclyti
3501 3822 3619 3880 viri

1966 3909 2025 3962 et
2056 3904 2315 3962 nobiles:
2349 3906 2628 3963 Henricus
2657 3908 2729 3963 de
2757 3907 2962 3978 Ascha,
2986 3908 3269 3965 Radult'us
3298 3909 3371 3967 de
3392 3909 3623 3984 Bagen-

1966 3994 2141 4060 tiaco,
2188 3995 2518 4052 Hebrardus
2566 3996 2639 4052 de
2684 3997 2920 4064 pusato,
2965 3996 3286 4054 Gentonins
3335 3999 3406 4054 de
3447 4000 3615 4073 Bear,

1965 4083 2297 4141 willelmus
2310 4084 2858 4156 Amanen,Guastus
2870 4087 2937 4142 de
2950 4086 3529 4155 Bederz,Willelmus
3544 4092 3619 4151 de

1964 4173 2498 4247 Montepessulano,
2512 4174 2804 4231 Gerardus
2820 4175 2891 4232 de
2905 4174 3218 4246 Russelun,
3232 4176 3526 4235 Gerardus
3539 4182 3613 4235 de

1960 4264 2277 4326 CeresiacO.
2300 4263 2560 4336 Roget-us
2572 4266 2644 4320 de
2656 4264 2803 4320 Barn
2812 4263 3009 4335 avilla,
3024 4264 3213 4322 Gnido
3226 4266 3297 4322 de
3309 4266 3612 4338 Possessa,

193 4348 530 4421 ubicunque
560 4350 632 4408 de
654 4350 1024 4424 principibus
1053 4352 1161 4407 iter
1179 4350 1407 4408 vovisse
1436 4352 1762 4423 audierant,
1788 4357 1853 4409 ut
1962 4352 2619 4421 etGuidodeGarlanda,
2638 4353 2994 4409 Francorum
3008 4354 3165 4426 regis
3185 4354 3441 4426 dapifer3
3467 4358 3617 4415 Tho-

189 4455 252 4497 se
280 4438 443 4497 illius
473 4441 772 4499 comitatui
805 4440 1136 4509 sociarent3
1170 4441 1415 4512 ejusque
1464 4458 1645 4514 super
1696 4459 1759 4499 se
1789 4443 1849 4499 in

188 4532 308 4585 toto
337 4528 548 4587 itinere
571 4530 908 4587 invocarent
931 4544 1166 4598 nomon,
1190 4529 1470 4601 obsequia
1500 4530 1842 4602 promitten-

182 4621 270 4675 tes
289 4621 349 4673 et
364 4616 562 4676 fldem.
579 4619 645 4675 Et
667 4618 802 4693 quia
827 4618 1061 4676 verbum
1085 4619 1229 4675 illud
1257 4618 1489 4691 publice
1511 4618 1837 4678 diceretur:

251 4706 481 4780 Occupet
508 4717 817 4766 extremum
846 4708 1073 4776 scabies,
1110 4708 1248 4765 mihi
1291 4714 1449 4782 turpe
1476 4708 1728 4782 relinqui
1744 4729 1768 4777 ,-

180 4793 526 4854 laborabant
582 4798 869 4869 certatim,
918 4814 981 4855 se
1044 4798 1392 4855 necessariis
1450 4800 1836 4870 communire,

181 4891 380 4942 mutuo
405 4902 468 4943 se
499 4890 818 4959 praevenire
849 4888 1182 4961 cupientes.
1219 4887 1370 4946 Vere
1401 4888 1680 4946 divinitus
1706 4907 1837 4962 pro·

179 4979 478 5043 curatum3
512 4979 879 5035 necessarius
910 4979 1067 5035 enim
1099 4986 1216 5035 erat
1251 4977 1344 5034 hic
1369 4978 1524 5052 ignis
1556 4988 1833 5054 purgato-

178 5060 322 5129 rius,
354 5077 472 5134 quo
502 5067 814 5135 praeterita,
849 5084 977 5138 quae
1010 5067 1197 5125 nimia
1226 5071 1414 5134 erant,
1465 5069 1834 5127 diluerentur

175 5151 522 5223 commissa3
553 5157 610 5209 et
639 5155 942 5228 occupatio
969 5156 1086 5212 ista
1107 5155 1292 5224 utilis,
1328 5174 1446 5230 qua
1467 5158 1831 5217 declinaren-

173 5240 271 5297 tur
300 5240 514 5299 t'utura.
547 5241 672 5301 Non
703 5242 862 5300 enim
885 5248 1005 5301 erat
1039 5244 1190 5301 inter
1211 5246 1487 5304 mortales
1520 5252 1824 5319 respectus

175 5326 297 5398 Dei,
334 5346 436 5387 nec
466 5331 539 5388 ad
571 5331 836 5390 homines
869 5334 1207 5390 reverentia.
1239 5334 1598 5392 Convenerat
1628 5341 1822 5394 autem

172 5417 328 5487 apud
358 5434 565 5478 omnes
587 5425 645 5479 et
671 5421 728 5478 id
759 5421 956 5494 ipsum
987 5422 1059 5479 de
1087 5422 1358 5480 mandato
1405 5422 1628 5481 domini
1661 5441 1819 5498 papae

168 5502 506 5580 injunctum
532 5508 740 5579 fuerat,
763 5513 829 5568 ut
847 5513 1132 5584 quotquot
1154 5511 1442 5583 predictis
1475 5511 1578 5570 viis
1605 5518 1736 5573 voto
1756 5532 1822 5573 se

1962 4457 2086 4499 mas
2109 4443 2178 4498 de
2203 4443 2381 4514 Fet-ia,
2404 4442 2545 4499 Galo
2570 4442 2643 4498 de
2661 4441 2829 4501 Calvo
2853 4447 3046 4499 monte
3070 4463 3085 4513 3
3119 4443 3433 4516 predictus
3456 4464 3613 4519 quo-

1955 4548 2069 4604 que
2094 4533 2300 4589 Petrus
2320 4532 2570 4589 Eremita
2590 4547 2720 4588 cum
2746 4532 2966 4604 ingenti
2996 4531 3393 4606 multitudine,
3416 4551 3600 4607 quam

1951 4627 2080 4681 tum
2101 4638 2168 4679 ex
2188 4637 2385 4694 regno,
2402 4627 2607 4678 tumex
2628 4620 2873 4693 imperio
2894 4620 3075 4679 multo
3094 4621 3292 4679 labore
3310 4628 3607 4681 contraxe-

1949 4717 2054 4768 rat.
2080 4711 2245 4769 Circa
2267 4709 2440 4783 Alpes
2458 4726 2593 4767 vero
2617 4710 2893 4768 dominus
2917 4710 3315 4777 Boamundus,
3336 4712 3613 4770 Tarenti-

1947 4815 2158 4857 norum
2190 4800 2481 4873 princeps,
2512 4798 2738 4856 domini
2772 4799 3005 4856 Roberti
3039 4799 3350 4857 Guiscardi
3381 4801 3608 4874 Apuliae

1945 4888 2112 4945 ducis
2145 4888 2337 4958 iilius3
2372 4887 2646 4944 dominus
2678 4903 2915 4961 quoque
2963 4886 3326 4958 Tancredus,
3370 4889 3500 4960 qius
3533 4906 3608 4948 ex

1944 4994 2141 5036 sorore
2173 4993 2391 5049 nepos3
2422 4984 2479 5032 et
2510 4974 2605 5032 alii
2642 4976 2830 5045 multi,
2866 4993 3114 5049 quorum
3158 4992 3473 5035 numerum
3509 4980 3600 5036 vel

1941 5068 2183 5124 nomina
2209 5084 2324 5122 non
2346 5072 2632 5122 tenemus.
2656 5064 2725 5121 Hi
2757 5082 2963 5123 omnes
2986 5071 3225 5138 tempus
3247 5073 3610 5140 exspectan-

1938 5153 2942 5230 tesopportunum,cumingentibus
2957 5154 3301 5212 militarium
3322 5156 3591 5216 virorum

1935 5248 2142 5321 copiis,
2169 5246 2241 5303 ad
2270 5245 2534 5303 militiam
2567 5245 2752 5317 parati
2788 5244 3182 5303 Christianam
3225 5253 3391 5303 erant
3415 5263 3599 5305 acce-

1935 5338 2070 5395 dere
2106 5355 2119 5405 3
2181 5341 2238 5394 et
2292 5353 2356 5394 se
2385 5340 2558 5391 tantae
2603 5335 3085 5408 peregrinationis
3139 5334 3446 5393 laboribus
3481 5354 3597 5411 pro

1932 5424 2147 5482 Christi
2176 5426 2414 5484 nomine
2443 5426 2645 5481 devote
2676 5423 3027 5498 mancipare.
3060 5424 3425 5483 Transcursa
3468 5428 3597 5485 ita-

1930 5530 2045 5587 que
2073 5513 2283 5587 bieme,
2312 5530 2450 5574 cum
2478 5514 2669 5588 prima
2694 5511 2845 5571 veris
2891 5513 3384 5587 subsequentisse
3413 5515 3593 5576 obtu-
