3784 6000
171 221 289 285 663

1239 209 1669 276 GUILLELMI
1709 206 2099 270 TYRENSIS
2142 206 2507 272 ARcmEP.

3451 210 3574 274 664

133 396 139 403 .
174 353 398 408 stanter
423 348 742 417 affirmant,
762 343 1084 417 opitulante
1097 342 1367 413 Domino,
1387 340 1539 397 intra
1559 339 1816 396 triduum
1846 341 1901 410 Α
1931 334 2129 394 buisse
2158 339 2217 394 et
2242 335 2452 394 habere
2483 337 2662 395 Graeci
2693 337 2962 396 dicuntur
3010 341 3301 409 nostrum,
3322 338 3578 397 maxime

180 441 489 499 universas
517 439 781 496 Iconium
839 442 1176 508 perventum
1234 432 1305 489 iri
1375 432 1651 504 legiones.
1681 428 1820 496 Qui-

171 532 289 588 bus
318 529 862 600 verbisimperator,
877 524 1025 582 sicut
1045 523 1133 579 vir
1161 521 1407 595 simplex
1421 524 1562 589 erat,
1585 535 1820 592 persua·

173 635 279 675 sus
311 617 523 688 adjecit
542 620 608 672 ut
635 614 812 671 etiam
853 612 963 670 hoc
993 612 1251 669 triduum
1314 609 1596 683 patienter
1636 608 1821 666 susti-

172 711 357 773 neret,
392 705 567 761 ssdem
592 703 813 760 habens
850 717 1050 759 eorum
1101 699 1609 775 promissionibus.
1641 701 1819 755 Nocte

169 811 306 869 ergo
333 795 697 866 insequente,
728 791 931 848 castris
970 806 1130 848 more
1156 789 1362 847 locatis
1378 788 1572 857 solito,
1591 787 1813 844 caeteris

171 901 287 958 pres
319 882 515 940 labore
537 881 718 952 quieti
752 881 1018 938 membra
1042 879 1522 948 concedentibus,
1555 875 1815 950 proedicti

168 972 504 1046 pestilentes
525 971 652 1040 viri,
673 971 1042 1042 intempestae
1074 969 1261 1026 noctis
1293 968 1554 1034 silentio,
1576 967 1729 1024 clam
1744 965 1815 1022 ab

171 1062 428 1119 exercitu
460 1059 792 1131 diffugiunt,
834 1059 1035 1115 relicto
1092 1058 1216 1115 sine
1253 1058 1397 1113 duce
1444 1056 1677 1128 populo,
1711 1053 1815 1127 qui

170 1167 368 1208 eorum
404 1149 534 1205 fidei
568 1149 759 1205 fuerat
826 1147 1304 1204 commendatus.
1346 1144 1550 1203 Relata
1579 1146 1816 1200 demum

170 1239 322 1299 luce.
357 1254 488 1294 cum
513 1238 640 1308 jam
670 1242 902 1308 tempus
929 1236 1261 1292 immineret
1307 1238 1369 1290 ut
1426 1232 1816 1307 proficiscere·

172 1331 274 1384 tur
301 1328 612 1392 exercitus,
643 1342 759 1382 non
792 1325 1165 1381 suntinventi
1188 1324 1372 1397 quide
1400 1323 1817 1380 consuetudine

172 1415 461 1489 praeibant
491 1414 724 1486 agmina
758 1431 773 1480 ς
806 1414 1162 1485 tandemque
1192 1414 1262 1469 ad
1322 1413 1732 1485 imperatorem
1765 1419 1818 1467 et

172 1503 467 1577 principes
496 1501 804 1571 exercitus,
829 1500 1209 1574 fugitivorum
1250 1501 1410 1558 fraus
1432 1500 1610 1558 relata
1629 1505 1740 1567 est,
1762 1504 1819 1557 et

174 1592 249 1648 ab
277 1591 554 1649 omnibus
583 1590 1135 1662 compertamalitia.
1164 1590 1251 1647 Illi
1284 1595 1480 1648 autem
1502 1601 1568 1646 ut
1590 1589 1820 1662 prolon-

1922 425 2398 496 Teutonicorum,
2413 432 2697 501 tanquam
2711 428 3030 502 imperium
3048 428 3480 500 aemulantium,
3500 430 3581 487 in·

1922 521 2290 574 crementum
2319 533 2513 575 omne.
2566 517 2807 576 Moleste
2856 517 3147 590 siquidem
3181 518 3374 576 ferunt
3421 521 3581 593 quod

1927 620 2131 662 eorum
2165 621 2269 662 rex
2298 606 2698 664 Romanorum
2730 623 2792 664 se
2821 607 2965 664 dicit
3024 607 3438 681 imperatorem
3471 627 3488 678 ;
3522 609 3582 665 in

1918 693 2028 753 hoc
2056 695 2213 754 enim
2246 713 2349 754 suo
2376 697 2626 753 nimium
2647 697 2873 754 detrahi
2932 696 3163 755 videtur
3218 697 3580 770 imperatori,

1919 800 2094 856 quem
2124 784 2240 858 ipsi
2255 787 2658 857 monarcham,
2680 786 2738 843 id
2769 786 3239 858 estsingulariter
3249 787 3576 860 principari

1920 873 2195 932 omnibus
2224 873 2449 942 dicunt,
2480 882 2757 949 tanquam
2790 876 3187 934 Romanorum
3238 875 3486 935 unicum
3518 880 3577 934 et

1920 961 2113 1019 solum
2142 961 2546 1039 imperatorem
2560 1006 2573 1021 .

2529 1071 2762 1129 CAPUT
2790 1072 2962 1130 XXII.

1919 1160 2153 1215 Iri-aunt
2180 1175 2211 1217 e
2237 1168 2452 1231 repente
2478 1176 2644 1234 super
2673 1161 3085 1218 Teutonicornm
3114 1161 3355 1231 leqiones
3390 1162 3573 1230 Turci,

2063 1240 2223 1287 eleas
2250 1234 2583 1288 obtruncant
2597 1251 2621 1299 ,·
2648 1233 2827 1289 evadit
2858 1239 3046 1289 tamen
3090 1235 3416 1306 imperator.

1994 1320 2087 1377 Sic
2114 1321 2311 1394 igitur,
2344 1338 2469 1379 cum
2499 1323 2650 1380 same
2682 1328 2737 1379 et
2787 1322 3049 1380 locorum
3108 1323 3462 1396 ignorantia,
3491 1322 3573 1382 la-

1921 1409 2079 1466 boris
2106 1426 2340 1485 quoque
2356 1411 2762 1482 diuturnitate,
2777 1412 3115 1470 difficultate
3132 1412 3381 1482 viarum,
3396 1430 3580 1487 equo·

1921 1515 2052 1556 rum
2084 1499 2393 1573 defectum,
2419 1501 2784 1559 sarcinarum
2817 1504 3092 1576 pondere,
3141 1503 3366 1559 domini
3392 1502 3577 1577 impe·

1919 1589 2128 1645 ratoris
2158 1589 2444 1647 laboraret
2493 1592 2802 1663 exercitae,
2845 1595 3168 1650 Turcorum
3217 1597 3488 1665 satrape,
3514 1597 3575 1650 et

118 1725 123 1730 .
173 1684 379 1754 garent
405 1681 776 1755 iniquitatem
799 1680 909 1737 sibi
939 1684 996 1737 et
1027 1684 1328 1752 peccatum
1382 1683 1619 1751 peccato
1641 1679 1817 1735 adde·
1846 1714 1897 1781 B
1923 1678 2133 1735 diversi
2159 1679 2392 1751 generis
2424 1681 2816 1753 magistratus,
2849 1682 3180 1739 convocatis
3227 1682 3390 1754 prius
3419 1681 3571 1738 adid

175 1776 326 1842 rent,
356 1771 465 1828 viri
495 1769 696 1839 Belial,
724 1770 795 1825 ad
829 1770 1180 1827 Francorum
1212 1770 1387 1842 regis,
1417 1769 1516 1842 qui
1542 1768 1602 1826 in
1626 1769 1820 1842 proxi-

175 1877 273 1918 mo
303 1860 603 1918 dicebatur
634 1875 782 1928 esse,
815 1867 1127 1933 properant
1149 1862 1490 1929 exercitum,
1533 1860 1819 1917 mentien-

171 1954 262 2008 tes
291 1950 597 2006 dominum
629 1948 1057 2022 imperatorem,
1090 1950 1189 2021 qui
1215 1954 1591 2022 praecesserat
1618 1964 1818 2006 eorum

174 2040 393 2096 fretum
424 2040 660 2106 ducatu,
705 2039 905 2095 omnia
959 2038 1146 2111 egisse
1204 2055 1478 2112 prospere
1509 2055 1524 2095 ε
1557 2039 1821 2095 Iconium

175 2129 460 2187 violenter
510 2132 926 2201 expugnatam,
978 2128 1242 2186 funditus
1290 2130 1591 2202 dejecisse,
1640 2133 1697 2186 et
1751 2128 1824 2183 de

175 2218 442 2277 hostibus
469 2217 866 2289 triumphasse
913 2217 1271 2274 solemniter.
1329 2222 1461 2275 Hoec
1508 2223 1727 2287 autem,
1760 2222 1826 2275 ut

175 2308 492 2377 credimus,
535 2323 601 2363 ea
648 2306 996 2363 videbantur
1051 2307 1374 2364 intentione
1422 2323 1704 2375 asserere,
1735 2307 1825 2365 vel

177 2401 244 2455 ut
273 2398 581 2461 dominum
603 2412 799 2468 regem
815 2395 1043 2452 inidem
1059 2395 1486 2468 praecipitarent
1495 2397 1824 2471 periculum

184 2493 242 2544 et
257 2487 458 2542 eadem
492 2485 761 2541 incedere
773 2484 865 2541 via
889 2485 1307 2555 persuaderent
1327 2505 1341 2554 ;
1360 2491 1462 2542 aut
1482 2487 1829 2555 fortasse,ut

183 2574 661 2647 periclitantibus
675 2574 953 2629 fratribus
976 2589 1090 2631 non
1121 2575 1517 2645 subvenirent,
1542 2577 1683 2632 dum
1709 2576 1827 2631 illis

189 2662 392 2720 omnia
413 2663 727 2719 succedere
747 2663 1048 2719 crederent
1071 2664 1140 2719 ad
1171 2672 1363 2720 votum
1393 2681 1407 2731 ;
1437 2670 1539 2721 aut
1585 2666 1829 2723 sortasse

180 2751 328 2810 illud
361 2752 787 2820 confinxerunt,
819 2767 893 2807 ne
921 2752 972 2808 si
1004 2752 1320 2810 exercitum
1348 2754 1643 2825 deperisse
1672 2754 1826 2812 dice-

184 2844 337 2908 rent,
375 2839 487 2912 ipsi
519 2847 801 2912 tanquam
848 2841 1190 2911 proditores,
1235 2857 1484 2913 quorum
1545 2841 1827 2900 maleficio

185 2927 497 2985 corruisset
517 2929 785 3002 populus,
819 2934 1162 3002 raperentur
1189 2930 1262 2986 ad
1295 2947 1517 3003 poenas.
1559 2932 1828 2996 Quacun-

185 3034 300 3092 que
326 3024 525 3075 tamen
559 3018 881 3075 intentione
915 3018 1056 3075 illud
1090 3018 1361 3089 dixerint,
1404 3026 1624 3077 certum
1660 3021 1828 3078 estil-

1928 1769 2124 1841 ipsum
2160 1768 2515 1827 militaribus
2563 1771 2821 1838 auxiliis,
2870 1781 3105 1844 repente
3156 1789 3337 1844 supra
3365 1788 3573 1830 eorum

1928 1862 2119 1915 castra
2147 1856 2435 1915 hostiliter
2462 1860 2712 1932 irruunt,
2745 1866 2804 1916 et
2824 1861 3148 1934 irruptione
3174 1861 3392 1932 subita,
3425 1861 3578 1918 nihil

1928 1944 2043 2002 tale
2105 1951 2390 2015 verentes,
2450 1947 2802 2004 conturbant
2841 1948 3122 2021 legiones.
3195 1949 3349 2006 Freti
3375 1953 3577 2006 autem

1931 2034 2100 2109 equis
2130 2033 2446 2107 velocibus,
2478 2037 2695 2108 quibus
2727 2054 2841 2094 non
2865 2039 3169 2096 defuerant
3215 2037 3570 2109 necessaria,

1932 2129 1992 2181 et
2020 2139 2315 2181 armorum
2346 2125 2592 2194 levitate,
2627 2143 2868 2185 arcuum
2890 2126 3155 2186 videlicet
3175 2130 3233 2184 et
3271 2125 3583 2200 pharetra-

1932 2220 2283 2285 rum,castra
2297 2217 3584 2291 magnisvociserationibuscircumstrepunt,

1934 2307 1991 2362 et
2020 2305 2275 2378 agilitate
2304 2305 2497 2377 solita,
2529 2305 2588 2362 in
2615 2311 2846 2365 nostros
2879 2307 3067 2365 lentos
3098 2312 3155 2364 et
3197 2308 3378 2365 armis
3400 2324 3592 2365 onus·

1934 2398 2026 2452 tos
2049 2394 2347 2467 gravibus,
2380 2396 2634 2468 impetus
2658 2402 2925 2454 exercent
2954 2396 3334 2471 periculosos.
3362 2398 3432 2453 At
3452 2413 3586 2454 vero

1937 2481 2123 2539 nostri
2156 2482 2374 2552 loricis,
2401 2483 2589 2540 ocreis
2637 2488 2695 2540 et
2744 2484 2959 2558 clypeis
3008 2485 3249 2554 onerati,
3302 2484 3586 2541 habentes

1934 2589 2118 2646 equos
2143 2573 2287 2628 t'ame
2320 2577 2377 2628 et
2429 2572 2654 2630 itineris
2714 2574 3082 2647 longitudine
3129 2575 3403 2649 fatigatos
3436 2576 3582 2631 etad

1936 2660 2312 2718 sustinendos
2331 2660 2633 2719 discursus
2651 2662 3091 2727 insufficientes,
3120 2663 3256 2721 licet
3284 2663 3512 2720 viribus
3535 2648 3618 2719 et'

1935 2765 2232 2806 armorum
2267 2766 2378 2806 usu
2437 2752 2867 2822 praeminerent,
2915 2752 3151 2825 longius
3194 2756 3395 2810 tamen
3428 2769 3463 2808 a
3491 2768 3594 2810 ca-

1939 2840 2107 2907 stris,
2139 2856 2245 2896 nec
2271 2839 2465 2896 hostes
2494 2841 2747 2915 insequi,
2775 2859 2880 2900 nec
2910 2859 3046 2899 cum
3075 2844 3157 2900 eis
3216 2843 3587 2900 committere

1936 2928 2230 2986 volebant.
2258 2928 2467 2985 Hostes
2495 2946 2526 2986 e
2554 2945 2830 2988 converso
2880 2931 3215 2989 catervatim
3271 2930 3587 3002 irruentes,

1940 3020 2171 3076 eminus
2187 3018 2556 3091 sagittarum,
2578 3020 2763 3078 instar
2773 3022 3100 3093 grandinis,
3118 3022 3194 3077 im
3205 3022 3379 3078 missa
3396 3021 3564 3077 multi

191 3108 379 3165 lorum
411 3108 653 3181 pertidia
680 3108 986 3164 seductum
1004 3108 1414 3180 exercitum,in
1446 3127 1514 3167 ea
1536 3110 1690 3168 unde
1710 3128 1828 3168 cor·
1859 3087 1911 3155 C
1941 3108 2147 3165 tudine
2177 3107 2424 3176 infinita,
2449 3124 2629 3181 equos
2649 3125 2973 3183 corumque
3001 3109 3593 3168 sessoresvulneran-

190 3198 306 3252 ruit
336 3196 710 3254 descendisse
729 3197 936 3254 mortis
952 3196 1318 3255 discrimina.
1337 3198 1552 3256 Videns
1570 3217 1703 3273 ergo
1720 3202 1837 3256 im-

191 3284 684 3357 peratorducihus
717 3283 944 3341 itineris
974 3286 1319 3343 destitutum
1348 3289 1838 3356 exercitum,con-

191 3377 393 3430 vocato
435 3374 838 3429 universorum
889 3375 1217 3446 principum
1247 3382 1419 3447 coetu,
1486 3378 1628 3451 quid
1685 3379 1837 3438 racto

191 3478 339 3535 opus
367 3462 447 3518 sit
499 3463 806 3518 deliberat.
854 3464 994 3519 Aliis
1046 3465 1242 3537 itaque
1286 3467 1660 3538 redeuntum,
1712 3468 1841 3527 aliis

191 3566 327 3608 vero
375 3550 808 3622 procedendum
865 3568 997 3609 esse
1046 3553 1395 3626 dicentibus,
1449 3555 1515 3612 fit
1571 3562 1837 3616 votorum

193 3644 350 3698 tanta
381 3638 770 3708 dissonantia,
795 3648 859 3696 ut
916 3657 1046 3697 vere
1096 3641 1207 3699 dici
1238 3648 1435 3714 posset
1465 3660 1479 3700 z
1513 3647 1706 3718 Effusa
1761 3654 1841 3704 est

191 3729 467 3785 contentio
495 3744 663 3800 super
690 3730 986 3800 principes,
1011 3739 1064 3787 et
1090 3746 1281 3787 errare
1304 3734 1434 3803 fecit
1462 3749 1549 3791 eos
1579 3735 1841 3793 Dominus

193 3817 256 3873 in
285 3821 455 3882 invio,
481 3823 533 3875 et
560 3834 669 3875 non
699 3821 761 3873 in
790 3818 881 3875 via
905 3818 1088 3892 (psal.
1118 3836 1230 3890 cvr,
1281 3822 1393 3895 40).
1443 3823 1709 3897 Dumque
1756 3825 1842 3882 sic

193 3905 460 3963 locorum
489 3906 702 3979 ignari,
732 3912 788 3964 et
817 3924 922 3979 pro
952 3908 1359 3967 alimentorum
1377 3913 1664 3970 defectum
1686 3913 1843 3971 solli-

195 3996 296 4052 citi
327 3996 676 4054 fluctuarent
696 3996 1010 4067 (defecerat
1038 3999 1197 4056 enim
1229 4000 1460 4073 penitus
1499 4005 1621 4060 tam
1670 4004 1839 4077 equis

197 4088 256 4139 et
282 4084 564 4154 iumentis
595 4084 901 4155 pabulum,
950 4103 1125 4158 quam
1175 4087 1512 4148 hominibus
1543 4092 1841 4165 quodlibet

198 4173 462 4229 ciborum
494 4174 701 4244 genus)
723 4174 1045 4246 nuntiatur,
1074 4193 1178 4234 nec
1207 4183 1330 4235 erat
1356 4196 1537 4238 avero
1582 4182 1839 4256 longius,

199 4260 259 4315 in
291 4259 480 4314 vicino
511 4259 767 4316 hostium
791 4263 1104 4319 consistere
1124 4266 1298 4335 acies,
1326 4272 1384 4323 st
1409 4269 1729 4329 Turcorum
1757 4272 1842 4330 in·

202 4359 505 4400 numeram
535 4346 740 4402 adesse
773 4347 1231 4408 multitudinem.
1265 4355 1396 4411 Erat
1442 4364 1635 4415 autem
1667 4364 1724 4416 tn
1748 4378 1842 4418 so·

1944 3201 2053 3267 tes,
2087 3202 2142 3253 et
2172 3214 2379 3254 causas
2404 3198 2598 3254 mortis
2615 3199 2683 3254 de
2698 3206 2920 3257 remoto
2953 3200 3588 3273 inserentes,equorum

1944 3285 2274 3354 velocitate,
2300 3291 2635 3344 nostrorum
2679 3289 2948 3362 persequi
3004 3288 3329 3346 volentium
3377 3288 3591 3362 gladiIs

1948 3378 2258 3451 fugientes,
2280 3377 2728 3449 eriepiebantur.
2761 3381 2853 3437 Sic
2876 3395 3012 3453 ergo
3044 3381 3102 3437 in
3126 3396 3333 3454 gyrum
3364 3389 3597 3438 nostro-

1948 3483 2080 3524 rum
2114 3468 2359 3537 vallatus
2388 3469 2700 3535 exercitus,
2735 3469 2984 3526 telorum
3020 3473 3076 3527 et
3120 3470 3465 3541 sagittarum
3490 3470 3595 3527 im·

1949 3558 2333 3615 missionibus
2364 3559 2533 3617 anxie
2565 3558 2764 3627 nimis,
2793 3563 2848 3616 et
2870 3576 3057 3633 usque
3088 3560 3160 3616 ad
3190 3568 3434 3617 mortem
3465 3576 3595 3634 pre-

1952 3649 2247 3717 mebatur;
2282 3663 2387 3705 nec
2418 3648 2965 3706 dabaturreferendi
2996 3650 3201 3716 vicem,
3224 3656 3434 3706 etcum
3466 3650 3603 3707 hos-

1952 3737 2111 3794 tibus
2144 3737 2409 3793 cominus
2462 3738 2806 3795 conserendi
2866 3740 3076 3811 copia:
3136 3738 3351 3812 quippe
3381 3739 3596 3813 quibus

1952 3825 2481 3898 comprehendendi
2505 3827 2873 3883 adversarios
2931 3827 3095 3883 nulla
3150 3832 3272 3885 erat
3322 3828 3591 3888 facultas.

1954 3914 2187 3979 Quoties
2211 3914 2368 3971 enim
2400 3914 2460 3971 in
2492 3915 2688 3972 hostes
2713 3925 3043 3974 nostrorum
3066 3917 3219 3973 acies
3241 3917 3502 3991 impetus
3516 3919 3599 3975 fa-

1956 4021 2085 4063 cere
2097 4003 2445 4075 nitebantur,
2467 4004 2548 4061 illi
2565 4004 2867 4063 dissolutis
2890 4006 3593 4079 agminibus,nostrorum

1956 4094 2255 4152 eludentes
2283 4097 2545 4165 conatus,
2603 4095 2677 4151 ad
2698 4096 2927 4151 diversa
2975 4095 3310 4153 ferebantur
3338 4096 3595 4155 :iterum

1957 4184 2176 4241 nostris
2198 4184 2258 4240 in
2289 4188 2475 4241 castra
2499 4199 2557 4241 se
2588 4185 3029 4258 recipientibus,
3055 4184 3137 4241 illi
3168 4185 3404 4256 agmina
3434 4203 3599 4244 revo-

1959 4276 2157 4332 cantes
2203 4290 2330 4341 sua,
2390 4279 2657 4331 nostrum
2707 4274 3017 4347 cingebant
3044 4274 3397 4346 exercitum;
3436 4278 3610 4333 etin-

1959 4366 2178 4419 stantes
2211 4362 2423 4433 acrius,
2456 4363 2623 4436 quasi
2678 4363 2935 4422 obsessis
2986 4364 3248 4437 requiem
3278 4366 3601 4439 negabant.

199 4433 451 4532 litudine
471 4435 677 4532 sterili,
705 4435 876 4509 longe
908 4454 941 4493 a
970 4439 1124 4496 culto
1147 4441 1272 4498 solo
1303 4446 1657 4505 constitutus
1684 4466 1848 4507 exer·
1876 4463 1925 4530 1)
1957 4450 2196 4507 Factum
2229 4455 2318 4507 est
2346 4452 2773 4510 autemocculto
2808 4454 2901 4510 Dei
2929 4454 3177 4524 judicio,
3199 4453 3358 4525 justo
3382 4459 3599 4526 tamen,

203 4525 354 4577 citus
387 4536 401 4578 :
434 4530 583 4578 sicut
612 4524 891 4597 studiose,
944 4532 1009 4583 ut
1039 4530 1457 4600 praemisimus,
1488 4551 1522 4590 a
1558 4538 1846 4608 praedictis
1957 4540 2111 4612 quod
2145 4540 2337 4596 omnis
2368 4539 2466 4596 illa
2497 4544 2793 4598 tantorum
2827 4541 3162 4616 principum
3221 4542 3431 4612 virtus,
3468 4561 3596 4617 quae

202 4609 608 4667 seductoribus
642 4612 827 4669 fuerat
857 4614 1239 4677 introductus.
1276 4620 1420 4677 Nam
1482 4622 1844 4685 declinantes

203 4716 238 4756 a
265 4700 470 4756 dextra
501 4700 864 4773 Lycaoniam,
898 4721 1000 4777 per
1029 4723 1203 4778 quam
1225 4710 1332 4766 iter
1360 4709 1446 4767 eis
1483 4727 1610 4770 esse
1640 4715 1850 4774 debue-

204 4793 313 4857 rat,
347 4805 481 4845 cum
514 4798 773 4864 tempore
810 4794 1082 4853 recisiore
1111 4797 1251 4854 illuc
1298 4799 1466 4857 facile
1517 4803 1844 4875 potuissent

203 4879 534 4950 pervenisse
564 4885 621 4937 st
649 4882 926 4941 omnibus
965 4885 1289 4946 abundasse
1322 4890 1671 4964 copiia,loca
1692 4895 1847 4953 culta

204 4976 511 5038 sequentes
534 4985 549 5036 ;
573 4967 774 5027 laevam
797 4976 1132 5046 tenuerunt,
1165 4984 1221 5033 et
1247 4976 1306 5033 in
1345 4980 1718 5054 Cappadocioe
1744 5001 1847 5042 so-

206 5054 510 5125 litudines,
532 5055 701 5128 longe
730 5060 802 5116 ab
834 5064 1047 5133 Iconio,
1081 5066 1422 5126 universum
1436 5071 1668 5128 deviare
1691 5090 1847 5130 com-

205 5144 481 5218 pulerunt
507 5148 842 5207 exercitum.
877 5152 1183 5211 Dicebatur
1212 5157 1458 5227 publice,
1507 5177 1613 5217 nec
1633 5179 1668 5219 a
1695 5164 1843 5220 veri-

205 5235 383 5290 simili
416 5234 671 5294 multum
703 5237 1076 5314 abhorrebat,
1114 5246 1267 5317 quod
1300 5247 1370 5304 de
1395 5250 1750 5308 conscientia
1787 5258 1846 5309 et

207 5325 480 5381 mandato
510 5325 879 5399 imperatorls
898 5330 1244 5402 Graecorum,
1264 5341 1598 5396 nostrorum
1614 5357 1844 5411 provee-

208 5412 366 5469 tibus
393 5413 731 5488 invidentis,
760 5424 1097 5478 constructa
1127 5423 1366 5483 fuerunt
1395 5425 1660 5486 bractam
1688 5432 1844 5504 peri-

210 5501 411 5559 culosa
432 5504 772 5576 molimina3
824 5516 1165 5583 suspectum
1196 5514 1354 5572 enim
1383 5533 1616 5592 semper
1650 5524 1710 5577 et
1736 5520 1842 5579 ha·

1955 4630 2121 4702 priua
2151 4630 2348 4697 armiS,
2371 4630 2615 4697 viribus,
2671 4630 2888 4689 animis
2917 4637 2976 4689 et
3031 4649 3276 4690 numero
3300 4633 3603 4692 videbatur

1955 4717 2458 4791 incomparabilis,
2490 4719 2684 4775 subito
2715 4720 2988 4792 contrita,
3011 4720 3288 4792 languido
3331 4721 3603 4781 lacessita

1953 4806 2153 4875 Marte,
2185 4809 2421 4874 corruit,
2453 4810 2532 4866 ita
2563 4813 2628 4865 ut
2653 4810 2747 4866 vix
2778 4814 3146 4867 remanerent
3193 4810 3435 4871 illorum
3467 4829 3602 4871 ves-

1952 4895 2089 4969 tigia
2116 4895 2336 4967 gloriae,
2359 4902 2417 4953 et
2446 4902 2738 4955 tantarum
2769 4899 2862 4956 vix
2912 4904 3247 4972 superesset
3290 4902 3592 4961 residuum

1951 4984 2270 5056 copiarum.
2304 4986 2448 5044 Nam
2464 4988 2533 5045 de
2563 4988 2935 5062 septuaginta
2953 4988 3215 5046 millibus
3241 4989 3607 5050 loricatorum

1950 5075 2232 5147 equitum,
2269 5080 2324 5131 et
2348 5075 2602 5133 detenta
2633 5076 2988 5148 pedestrium
3037 5078 3344 5136 turbarum
3398 5096 3608 5154 manu,

1949 5164 2488 5235 quoruminflnitus
2518 5170 2641 5222 erat
2687 5182 2991 5237 numerus,
3049 5167 3166 5236 vix,
3218 5176 3281 5224 ut
3327 5176 3602 5229 asserunt

1951 5252 2053 5324 qui
2110 5259 2423 5325 praesentes
2481 5255 2739 5324 fuerunt,
2785 5256 3010 5312 decima
3058 5271 3193 5328 pars
3235 5257 3434 5326 evasit,
3469 5259 3603 5317 aliis

1951 5341 2124 5408 fame,
2154 5342 2286 5400 aliis
2315 5343 2508 5415 gladio
2537 5343 2929 5417 interemptis,
2948 5344 3250 5403 nonnullis
3281 5347 3461 5404 stiam
3479 5349 3607 5407 vin·

1949 5429 2096 5487 culis
2126 5432 2384 5489 hostium
2417 5433 2793 5505 mancipatis.
2831 5434 3023 5492 Evasit
3075 5442 3269 5492 tamen
3322 5435 3603 5497 dominus

1948 5517 2272 5593 imperator
2301 5538 2433 5582 eum
2456 5523 2662 5596 paucis
2692 5540 2762 5581 ex
2785 5523 3151 5599 principibus
3181 5523 3347 5599 suis3
3390 5529 3603 5589 etcum
