3784 6000
221 260 338 326 1⁴0
1717 277 2146 345 EPISTOLAE.
3515 300 3635 362 150

217 397 354 455 dere
371 395 950 472 detrImentum3sed
965 406 1190 477 oportet
1207 408 1272 464 ut
1286 423 1387 467 vos
1408 408 1867 485 iacietisabsque
1897 416 1950 484 Α
1983 413 2172 488 beuta,
2205 423 2442 478 secutus
2471 437 2624 493 sum,
2657 423 2976 483 humilitati
3005 425 3165 485 illios
3193 434 3253 487 et
3299 435 3627 504 paupertati

215 483 502 546 dilatione
529 491 591 545 et
631 489 1019 550 diminutione
1065 495 1333 567 persolvi.
1367 499 1671 572 Praecipiat
1692 501 1869 574 igitur
1974 504 2215 575 cupiens
2235 508 2690 569 omnidesiderio
2706 513 3080 584 conformari,
3103 522 3388 589 quantum
3404 519 3627 580 scilieet

215 575 664 648 magnificentia
692 584 884 638 vestra
912 583 1232 657 utrumque
1251 585 1400 657 fleri,
1431 589 1567 660 quia
1596 594 1764 663 Hugo
1795 590 1867 649 de
1972 593 2112 650 mihi
2143 596 2312 653 fuerit
2341 597 2529 671 ipsius
2560 601 2963 659 misericordia
2986 611 3283 677 praeeunte
3312 607 3621 668 donatum.

211 661 496 722 Nunanut
551 665 878 740 plurimum
932 672 1240 732 terruisset
1267 690 1381 747 me,
1413 676 1465 733 si
1521 692 1627 750 ego
1673 678 1864 737 verbis
1970 681 2095 739 Vixi
2130 684 2412 745 hactenus
2449 690 2609 746 carni
2642 706 2806 761 meai,
2839 694 3038 751 minus
3067 694 3140 752 de
3167 697 3381 756 animo
3427 700 3623 762 salute

213 750 406 823 ipsius
435 753 802 815 credendum
841 774 972 816 esse
1001 767 1288 834 putarem.
1320 763 1491 822 Vient
1518 766 1672 824 enim
1705 766 1861 824 Pari·
1969 770 2623 851 sollicitus,proponens
2641 783 2839 837 tamen
2861 789 2918 838 et
2937 782 3281 843 desiderans
3301 786 3622 848 novissima

208 840 347 908 sios,
379 845 445 899 et
474 859 614 900 cum
645 860 753 918 ego
783 848 958 906 verba
1005 847 1220 909 laetitiae
1261 862 1680 927 exspectarem,
1716 856 1862 913 dixit
1966 859 2176 919 saltem
2209 879 2337 922 mea
2366 865 2613 926 Domino
2643 885 2984 929 consecrare
3011 888 3027 930 x
3069 873 3226 945 quod
3257 877 3617 949 propositum

207 927 348 987 mibi
397 947 603 990 coram
636 933 844 994 abbate
888 942 946 995 et
997 938 1273 999 iratribus
1320 944 1737 1015 promissiones
1763 962 1858 1003 ve-

1967 966 2154 1023 usque
2185 953 2257 1009 ad
2288 958 2522 1029 tempus
2560 962 2957 1030 opportunum
2987 960 3186 1020 dlvina
3215 962 3618 1025 misericordia

208 1022 354 1076 strss
386 1021 541 1078 mibi
572 1021 907 1083 nullatenus
934 1027 1357 1104 adimplendas,
1381 1033 1645 1106 mihique
1665 1050 1860 1093 neces·
1963 1044 2341 1113 conservavit,
2373 1049 2430 1101 et
2478 1061 2572 1103 me
2600 1047 2965 1106 debilitatum
3011 1051 3250 1123 quidem
3293 1059 3611 1123 senectute,

206 1108 424 1167 sarium
458 1125 595 1170 esse
614 1112 851 1174 aliunde
879 1131 1082 1190 parare
1110 1118 1463 1179 subsidium.

922 1242 1162 1302 CXXIX.

382 1361 466 1401 an
506 1362 810 1407 mussona
845 1366 1297 1411 wmromsrcsau
1331 1371 1673 1413 sriscoruu.

255 1466 603 1529 Venerabili
622 1475 681 1529 et
699 1472 912 1531 dilecto
931 1475 1170 1534 domino
1190 1481 1249 1534 et
1267 1480 1424 1535 Patri
1453 1496 1563 1537 suo
1578 1480 1849 1549 chsaoo,

193 1555 290 1615 Dei
321 1557 525 1632 gratia
553 1559 946 1621 wintoniensi
991 1566 1285 1640 episcopo,
1317 1568 1493 1625 irater
1536 1569 1851 1628 Annunrus

188 1647 385 1704 Sancti
416 1647 681 1709 Victoris
699 1651 1051 1713 Parisiensis
1071 1657 1411 1726 canonicus,
1437 1658 1661 1715 utinam
1685 1674 1849 1733 regu·

185 1735 344 1805 laris,
390 1740 870 1813 prosperitatem,
896 1743 1164 1817 gloriam,
1196 1750 1254 1803 et
1282 1747 1555 1804 salutem.

241 1826 290 1881 Α
323 1828 527 1885 multo
548 1833 811 1904 tempore
833 1832 1074 1891 sinceras
1095 1833 1397 1894 charitatis
1421 1836 1586 1894 vobis
1609 1851 1699 1894 me
1715 1851 1843 1910 gra·
1875 1803 1923 1870 B

183 1914 257 1972 tia
281 1916 623 1990 copulavit,
653 1924 972 1996 exortaque
1017 1923 1250 1982 dilectio
1273 1926 1554 1997 jucundis
1609 1942 1843 2001 semper

185 2004 472 2076 proficere
530 2024 648 2066 non
704 2010 929 2069 destitit
973 2012 1368 2072 incrementis.
1426 2016 1686 2088 Cumque
1735 2032 1840 2075 nos

183 2094 485 2168 regalibus
514 2098 780 2157 consiliis
811 2117 1091 2174 prospera
1119 2103 1366 2161 consilia
1393 2106 1608 2177 saepius
1636 2107 1835 2164 admo·

180 2192 362 2255 verat,
381 2188 686 2262 multoque
717 2192 1019 2266 complexu
1049 2195 1231 2266 gratia
1260 2213 1363 2253 nos
1392 2195 1604 2269 regalis
1620 2196 1842 2254 astrin-

181 2281 364 2351 geret,
383 2279 550 2336 nulla
565 2295 821 2353 unquam
848 2282 1000 2340 ultro
1020 2284 1279 2357 citroque
1296 2286 1581 2358 procescit
1596 2286 1832 2354 invidia,

181 2368 274 2425 sed
307 2373 569 2442 uterque
601 2371 673 2427 de
701 2371 965 2443 alterius,
998 2378 1278 2447 tanquam
1312 2375 1383 2433 de
1413 2376 1646 2450 proprio
1675 2392 1835 2433 coin-

179 2456 380 2525 modo,
429 2455 760 2515 letabatur.
794 2461 1105 2518 Laudabile
1158 2467 1284 2519 erat
1325 2463 1435 2520 hoc
1465 2468 1524 2519 et
1568 2480 1600 2520 a
1628 2465 1833 2523 multis

177 2545 356 2602 etiam
390 2544 662 2605 mirabile
682 2549 1007 2621 dicebatur,
1024 2552 1159 2624 quia
1181 2551 1239 2608 in
1263 2552 1658 2610 familiaritate
1679 2553 1834 2627 prin·

177 2634 375 2708 cipum
395 2641 733 2694 consortem
757 2654 871 2695 non
884 2639 1143 2696 admittit
1164 2640 1400 2708 invidia,
1419 2642 1519 2699 sed
1534 2642 1832 2713 repulsam

179 2722 424 2781 alterium
466 2725 615 2784 alter
641 2742 812 2783 sunm
843 2744 1075 2801 semper
1105 2733 1272 2802 putat
1300 2745 1429 2787 esse
1462 2736 1830 2803 proventum,

177 2813 413 2887 sibique
433 2814 510 2870 de
529 2813 691 2874 illins
708 2817 1027 2875 remotione
1053 2818 1295 2891 gratiam
1318 2819 1625 2892 duplicari,
1639 2824 1696 2876 et
1717 2820 1828 2877 sibi

177 2918 517 2962 accrescere
557 2904 845 2979 quidquid
877 2905 1037 2965 alteri
1067 2907 1397 2965 constiterit
1424 2909 1828 2968 imminutum.

177 2993 354 3050 Porro
375 2991 544 3049 inter
560 3009 665 3051 nos
675 2993 748 3052 de
767 2994 1105 3054 alterutrius
1125 2998 1431 3056 commodo
1454 2998 1599 3056 tides
1622 3005 1829 3057 mutua

173 3082 508 3151 letabatur,
524 3097 629 3139 nec
642 3082 866 3157 aliquid
887 3085 1138 3143 alterum
1158 3086 1233 3145 ab
1258 3086 1614 3145 exhibitione
1642 3090 1824 3147 verio-

1963 1134 2083 1187 toto
2099 1146 2307 1188 sanum
2331 1150 2569 1208 corpore
2590 1141 2648 1193 et
2666 1137 2939 1196 omnibus
2970 1141 3405 1212 membris,tota
3436 1145 3613 1203 etiam

1963 1220 2144 1277 animi
2172 1222 2405 1292 virtute,
2428 1225 2727 1295 conduxit,
2748 1229 3031 1300 quoniam
3052 1230 3113 1286 in
3135 1229 3240 1288 hac
3256 1248 3360 1304 spe
3379 1249 3614 1306 semper

1959 1308 2282 1366 confitebar
2301 1310 2547 1370 Domino
2566 1319 2625 1371 et
2647 1315 2701 1372 in
2726 1316 2913 1388 ipsius
2937 1317 3337 1377 misericordia
3359 1321 3613 1395 respira-

1961 1396 2115 1453 bam.
2147 1397 2494 1459 Benedictus
2523 1407 2720 1461 autem
2751 1403 2927 1478 Deus,
2950 1407 3051 1479 qui
3081 1407 3236 1465 viam
3269 1409 3418 1467 hanc
3446 1410 3609 1468 vobis

1961 1500 2090 1542 meo
2117 1488 2435 1562 assignavit
2465 1494 2753 1566 exemplo,
2784 1499 2842 1551 et
2872 1510 3288 1570 quamcunque
3315 1498 3479 1555 vobis
3501 1500 3610 1556 mi-

1959 1572 2134 1648 hique
2164 1578 2471 1649 paraverit,
2504 1581 2574 1636 ad
2605 1582 2876 1639 eumdem
2910 1584 3202 1643 conducat
3233 1587 3443 1644 divina!
3476 1586 3602 1645 teli-

1955 1662 2147 1721 citatis
2177 1665 2473 1725 effectum.

2672 1741 2878 1801 CXXX.

2305 1844 2378 1885 so
2417 1846 2721 1889 nsuatcuu
2761 1850 2958 1891 asom
2998 1850 3245 1895 anonim.

2018 1911 2274 1972 Henaton
2296 1914 2398 1973 Dei
2419 1919 2608 1991 gratia
2636 1919 2852 1978 illustri
2873 1928 2930 1979 et
2949 1922 3200 1997 glorioso
3222 1925 3343 1999 regi
3374 1926 3595 2000 Angliae

1946 2000 2184 2060 domino
2231 2021 2340 2062 suo
2369 2005 2736 2079 charissimo,
2770 2010 2945 2068 frater
2969 2014 3366 2072 Aasuuunus
3395 2016 3597 2076 Sancti

1944 2089 2191 2150 Victoris
2236 2093 2584 2154 Parisiensis
2630 2101 2963 2171 canonicus,
3012 2104 3239 2160 utinam
3282 2104 3592 2176 regularis,

1942 2180 2406 2253 prosperitatem,
2439 2185 2682 2257 gloriam
2714 2198 2768 2246 et
2805 2189 3079 2249 salutem.

2013 2267 2164 2327 Dum
2193 2273 2263 2328 ad
2287 2273 2395 2329 huc
2418 2274 2843 2337 inNormannia
2863 2280 3016 2352 apud
3046 2297 3148 2337 vos
3177 2297 3591 2353 commorarer,

1940 2361 2338 2419 commovebat
2368 2362 2708 2439 plerumque
2726 2368 3031 2425 adversum
3065 2385 3156 2427 me
3172 2386 3242 2427 ex
3263 2369 3423 2428 falsis
3453 2386 3591 2429 cau-

1938 2447 2020 2506 sis
2031 2449 2494 2522 indignationem
2508 2463 2758 2513 vestram
2774 2457 3108 2530 malignitas
3119 2460 3448 2531 iniquorum
3459 2476 3589 2537 sug·

1938 2544 2268 2613 gerentium
2291 2544 2451 2601 vobis
2478 2544 2699 2618 aliquid
2725 2563 2814 2603 me
2842 2557 3043 2604 contra
3061 2548 3304 2621 gloriam
3337 2556 3585 2610 vestram

1937 2632 2192 2703 cogitare
2204 2632 2312 2705 vel,
2331 2632 2478 2691 velle
2490 2632 2593 2691 sed
2622 2634 2934 2693 falsitatem
2947 2637 3310 2697 suamnullis
3324 2656 3584 2714 unquam

1936 2722 2209 2793 operibus
2241 2732 2457 2781 certam
2489 2725 2675 2781 facere
2706 2730 3038 2797 potuerunt.
3071 2727 3263 2785 Testis
3292 2729 3582 2802 siquidem

1934 2815 2026 2868 est
2053 2812 2203 2869 Deus
2233 2828 2409 2884 quem
2439 2813 2742 2871 criminale
2772 2817 2862 2871 est
2889 2815 2948 2870 in
2980 2816 3388 2874 testimonium
3418 2817 3583 2876 falsi-

1935 2901 2073 2958 tatis
2102 2901 2328 2969 offerre,
2353 2918 2654 2975 nunquam
2682 2919 2797 2975 me,
2816 2920 3177 2978 quocunque
3207 2908 3589 2978 processisset

1934 2992 2180 3062 occasio,
2215 2993 2274 3050 in
2303 2992 2721 3052 detrimentum
2745 2994 2982 3053 honoris
3012 2995 3181 3054 vestri
3214 2996 3436 3069 aliquid
3456 2998 3585 3056 effe-

1934 3081 2101 3150 cisse,
2131 3083 2230 3139 sed
2262 3083 2517 3156 antiquae
2548 3084 2941 3142 beneficentio
2971 3093 3169 3143 vestro
3199 3101 3432 3158 semper
3462 3102 3586 3145 me-

171 3172 252 3230 ris
279 3172 491 3246 gratio
522 3177 750 3246 poterat
794 3174 1135 3245 absterrere,
1166 3177 1268 3235 eed
1298 3176 1626 3236 libertatem
1656 3195 1827 3237 eoem
1858 3167 1904 3236 G
1942 3172 2128 3228 moria
2155 3170 2524 3246 praevalebat.
2558 3172 2717 3230 Licet
2763 3177 2958 3231 autem
2988 3190 3059 3232 ex
3084 3190 3153 3231 ea
3189 3191 3364 3233 causa
3401 3176 3589 3234 multa

172 3259 228 3316 in
259 3260 551 3319 omnibns
584 3262 792 3319 veritas
820 3260 1172 3323 inconcussa
1200 3266 1493 3336 servabat,
1522 3265 1832 3340 ipsamque

172 3350 583 3408 sinceritatem
598 3367 767 3408 suam
782 3353 1107 3412 manifestis
1128 3357 1823 3431 argumentisapprobare

173 3440 495 3516 gaudebat.
527 3440 661 3497 Vidi
706 3456 816 3515 ego
843 3443 1170 3516 principem
1218 3450 1487 3503 nostrum
1518 3446 1828 3516 aliquando

175 3530 341 3588 taleis
368 3529 770 3588 delationibus
799 3536 1206 3604 exasperatum
1229 3535 1536 3593 adversum
1561 3550 1673 3604 me,
1694 3551 1828 3594 cum

175 3619 356 3677 etiam
387 3618 588 3692 aliqua
616 3619 678 3676 in
699 3635 795 3677 me
822 3620 1246 3694 indignationis
1274 3639 1395 3679 suae
1415 3625 1579 3696 qnasi
1603 3624 1829 3696 spicula

175 3712 614 3782 contorqueret,
631 3709 961 3783 mitigatum
984 3728 1019 3768 a
1039 3711 1200 3768 vobis
1248 3713 1392 3769 adeo
1415 3715 1556 3770 utin
1575 3714 1824 3786 gratiam

173 3796 533 3871 quandoque
576 3796 879 3856 iracundia
915 3804 1254 3866 verteretur,
1285 3804 1343 3857 et
1384 3802 1667 3860 securitas
1715 3800 1825 3859 ali-

172 3886 395 3961 quibus
424 3889 819 3960 prestaretur,
849 3904 1161 3947 commune
1184 3904 1411 3947 mecum
1445 3889 1686 3948 miscere
1706 3890 1823 3950 col-

170 3974 447 4049 loquium
475 3982 531 4032 et
557 3974 801 4050 publicai
834 3977 1247 4036 familiaritatis
1276 3984 1337 4036 et
1365 3979 1619 4052 gratium
1641 3996 1821 4053 copu-

171 4066 314 4124 lare.
349 4066 417 4122 ln
438 4081 557 4139 quo
584 4082 740 4141 saepe
757 4066 942 4124 virtus
959 4071 1017 4124 et
1041 4069 1255 4126 veritas
1274 4073 1472 4125 vestrae
1494 4067 1823 4125 dilectionis

169 4155 438 4225 emicuit,
468 4171 598 4228 qua
643 4171 759 4213 non
819 4156 1158 4214 meticulose
1205 4158 1430 4229 cedere,
1478 4158 1580 4214 sed
1626 4158 1819 4230 potius

171 4260 310 4301 eum
333 4244 787 4302 mansuetudine
806 4251 866 4303 et
878 4246 1093 4303 virtute
1112 4245 1405 4319 gaudebat
1424 4261 1744 4315 occurrere,
1763 4249 1821 4304 et

171 4351 266 4392 me
292 4334 376 4391 ad
402 4333 632 4391 Domini
666 4335 780 4392 mei
807 4335 1056 4408 gratiam
1087 4350 1375 4393 revocare.
1409 4335 1820 4394 Gaudebamus

169 4422 448 4485 invicem.
480 4423 712 4497 sibique
738 4440 842 4497 par
869 4424 1103 4482 dilectio
1133 4424 1258 4497 pari
1304 4426 1688 4482 concurrebat
1720 4440 1820 4482 oc-

170 4513 636 4583 cursu,stndens
664 4514 960 4571 communi
992 4515 1190 4587 gratie
1219 4514 1632 4571 communibus
1667 4513 1817 4571 utili·

169 4601 396 4659 tatibus
423 4604 484 4659 et
509 4601 808 4676 obsequiis
827 4602 1123 4672 inservire,
1146 4603 1284 4675 quia
1305 4602 1353 4659 si
1385 4618 1571 4676 usque
1601 4603 1673 4658 ad
1696 4603 1817 4659 haec

169 4696 440 4765 tempora
469 4691 617 4748 inter
648 4706 755 4749 nos
784 4690 1057 4750 fidelibus
1073 4695 1302 4750 constat
1320 4691 1526 4749 studiis
1554 4693 1819 4750 observa-

167 4784 328 4847 tum,
347 4796 420 4837 ex
447 4780 556 4837 hcc
585 4795 743 4838 nunc
763 4795 856 4838 me
884 4779 1223 4854 diligentius
1240 4785 1468 4853 oportet
1494 4780 1815 4850 attendere,

169 4877 233 4928 ut
253 4869 523 4942 jucundo
555 4869 741 4927 fidelis
787 4870 1216 4945 perseverantia
1262 4874 1706 4928 consummetur
1732 4871 1815 4928 οῖ-

167 4958 350 5016 fectu.
383 4958 578 5016 Nostis
603 4958 700 5015 diu
731 4963 823 5016 est
852 4960 1004 5031 quod
1036 4974 1452 5033 proposueram
1481 4961 1555 5017 ad
1577 4959 1816 5032 religio-

165 5066 296 5107 sam
318 5049 501 5106 vitam
540 5048 888 5123 propitiante
916 5048 1165 5107 Domino
1205 5050 1556 5123 demigrare,
1578 5050 1681 5109 sed
1722 5065 1816 5107 me

165 5139 376 5198 multis
391 5137 711 5197 obstaculis
729 5137 1027 5197 secularis
1041 5140 1344 5212 occupatio
1364 5141 1617 5198 detinuit
1635 5141 1818 5212 impe-

165 5229 384 5287 ditum.
414 5225 542 5283 Vici
571 5234 764 5284 tamen
795 5228 1029 5285 tandem
1058 5227 1261 5285 omnia
1287 5244 1393 5301 per
1436 5229 1681 5303 gratiam
1711 5227 1820 5293 Dei

163 5326 220 5377 et
249 5317 330 5376 ad
357 5316 666 5375 ecclesiam
705 5315 902 5374 Sancti
922 5315 1171 5374 Victoris
1199 5316 1570 5388 Parisiensis,
1602 5317 1816 5375 relictis

163 5406 450 5468 omnibus
474 5420 608 5478 qun
624 5420 970 5478 processum
998 5410 1058 5461 st
1087 5410 1418 5477 provectum
1442 5421 1638 5464 meum
1658 5407 1818 5463 vide-

93 5562 100 5571 ,
165 5498 388 5558 bantur
427 5494 735 5569 impedire,
763 5493 1027 5563 transivi,
1058 5493 1473 5568 Christumque
1502 5511 1815 5570 pauperem

163 5592 224 5649 st
279 5585 536 5655 nudum,
574 5599 794 5658 pauper
843 5592 902 5643 et
951 5583 1167 5654 nudus,
1192 5583 1319 5659 ipso
1346 5586 1590 5645 docente
1617 5590 1817 5646 ettra-

1942 3260 2085 3316 mibi
2119 3260 2485 3318 incommoda
2515 3261 2954 3335 processissent,
2990 3261 3134 3321 nihil
3158 3281 3420 3338 unquam
3442 3263 3587 3323 mihi

1941 3347 2240 3406 molestius
2267 3350 2512 3419 exstitit,
2536 3367 2712 3424 quam
2737 3352 2896 3424 quod
2919 3352 3184 3410 animum
3206 3359 3462 3413 vestrum
3484 3356 3586 3412 ad-

1939 3454 2168 3497 versum
2193 3454 2284 3496 me
2304 3446 2665 3499 commotum
2689 3457 2982 3509 noveram,
2999 3458 3187 3515 neque
3210 3441 3419 3502 licebat
3441 3443 3587 3501 mihi

1937 3528 2008 3586 de
2028 3527 2354 3586 dilectionis
2376 3537 2575 3588 vestrae
2609 3529 3157 3601 conscientia,sicut
3189 3532 3587 3606 semperiece-

1936 3636 2083 3689 ram,
2100 3618 2414 3678 exsultare.
2430 3619 2721 3693 Quidquid
2742 3629 2933 3678 autem
2947 3621 3220 3687 dixerint,
3240 3639 3356 3681 non
3382 3628 3586 3696 potue-

1936 3714 2075 3766 runt
2098 3713 2295 3767 tamen
2326 3710 2632 3767 adversum
2665 3725 2759 3766 me
2799 3711 2952 3782 apud
2986 3710 3300 3768 bonitatem
3332 3716 3584 3770 vestram

1936 3815 2124 3871 nsque
2154 3800 2225 3855 ad
2247 3798 2480 3869 aliquod
2496 3814 2671 3872 grave
2692 3797 3037 3856 scandalum
3051 3814 3253 3856 eorum
3278 3802 3582 3859 mendacia

1932 3886 2253 3945 convalere.
2274 3888 2561 3945 Ser-vastis
2580 3903 2671 3944 me
2692 3903 2925 3959 semper
2938 3889 2996 3943 et
3032 3889 3104 3944 ab
3116 3889 3389 3946 omuibus
3418 3888 3581 3947 exhi·

1932 3977 2145 4033 buistis
2173 3975 2442 4045 illaesum,
2467 3976 2899 4033 tabescentibus
2919 3975 3207 4048 siquidem
3229 3977 3583 4036 adversariis

1933 4066 2080 4122 meis
2106 4065 2246 4137 quia
2273 4064 2489 4121 invidia
2517 4080 2719 4122 eorum
2764 4065 3075 4123 adversum
3116 4081 3209 4123 me
3237 4071 3430 4141 optato
3462 4084 3579 4127 non

1931 4155 2227 4229 gaudebat
2273 4154 2501 4211 effectu.
2532 4154 2780 4212 Vivebat
2807 4155 2867 4212 in
2900 4156 3098 4212 animo
3131 4161 3318 4214 vestro
3365 4159 3578 4216 indeti-

1930 4245 2094 4301 oiens
2123 4243 2361 4316 quidem
2389 4243 2555 4316 regia
2606 4242 2879 4301 bonitatis
2910 4244 3226 4317 igniculus,
3258 4245 3359 4318 qui
3389 4245 3576 4304 since-

1928 4335 2160 4392 ritatem
2192 4338 2483 4406 perpetuae
2514 4332 2646 4390 fidei
2678 4348 2820 4391 meai
2849 4338 2907 4390 et
2936 4334 3171 4408 pristini
3201 4335 3574 4394 sedulitatem

1926 4426 2189 4498 obsequii
2210 4425 2378 4482 vobis
2407 4424 2482 4482 ad
2512 4424 2854 4484 memoriam
2874 4428 3196 4495 revocabat,
3222 4442 3327 4484 nec
3347 4428 3578 4485 sinebat

1928 4530 2350 4588 usquequaque
2404 4514 2714 4587 praevalere
2763 4514 3073 4584 malitiam,
3132 4516 3232 4572 sed
3287 4517 3574 4574 adversus

1924 4603 2122 4662 omnia
2150 4604 2455 4660 mendacia
2482 4619 2684 4661 eorum
2713 4603 2877 4660 vivax
2920 4603 3367 4674 praecedentium
3403 4604 3573 4660 meri·

1924 4697 2119 4751 torum
2153 4708 2415 4750 meorum
2448 4691 2725 4749 memoria
2755 4690 3095 4763 refulgebat.
3130 4690 3191 4747 Si
3219 4691 3375 4749 enim
3409 4708 3569 4763 pror-

1925 4798 2029 4840 sus
2060 4783 2316 4854 pristinae
2349 4780 2651 4839 charitatis
2670 4780 3015 4852 exspirasset
3036 4778 3286 4848 affectio,
3309 4795 3425 4837 non
3448 4783 3569 4837 tam

1925 4870 2079 4928 facili
2110 4886 2406 4941 resurgere
2437 4870 2722 4943 potuisset
2751 4868 2986 4929 affectu.
3017 4868 3117 4925 sed
3149 4868 3209 4924 in
3250 4869 3570 4927 novissime

1926 4960 2184 5016 discessu
2217 4975 2344 5016 meo
2374 4960 2530 5032 apud
2579 4957 2891 5015 Gisortium
2941 4955 3275 5030 benignitas
3322 4960 3570 5032 perfecte

1926 5048 2071 5106 mibi
2101 5049 2268 5124 regia!
2300 5048 2577 5105 bonitatis
2597 5046 2811 5105 arrisit.
2835 5045 2993 5105 Licet
3012 5050 3209 5105 autem
3241 5048 3568 5107 discessum

1926 5155 2123 5196 meum
2145 5136 2416 5211 prosequi
2437 5136 2649 5209 regalis
2673 5136 3083 5195 munificentiae
3113 5138 3282 5210 copia
3302 5154 3417 5195 non
3446 5141 3567 5196 tar-

1927 5230 2111 5298 daret,
2143 5228 2294 5284 inter
2319 5226 2519 5282 omnia
2549 5233 2765 5296 tamen,
2796 5227 2914 5283 imo
2945 5240 3124 5299 super
3151 5227 3351 5283 omnia
3378 5225 3569 5298 majus

1926 5318 2126 5385 habui,
2141 5315 2296 5390 quod
2317 5315 2592 5390 deinceps
2613 5332 2843 5387 semper
2862 5315 3158 5372 veritatem
3191 5314 3337 5371 mihi
3360 5330 3569 5386 peren·

1927 5408 2018 5464 nis
2049 5408 2247 5480 gratio
2297 5405 2652 5477 repromisit.
2689 5405 2806 5461 Hoc
2834 5405 2990 5463 enim
3018 5410 3126 5471 est,
3159 5403 3219 5459 in
3251 5403 3417 5474 cnjus
3454 5404 3568 5461 sre-

1926 5497 2128 5571 quenti
2145 5497 2695 5554 commemoratione
2710 5495 2967 5568 respiro,
2989 5492 3144 5567 quod
3177 5494 3420 5566 mejam
3452 5511 3569 5553 uon

1926 5591 2048 5647 tam
2078 5586 2478 5659 corporalibus
2498 5584 2682 5644 sentio
2710 5583 2943 5642 Domini
2972 5583 3110 5651 mei,
3131 5599 3308 5656 quam
3327 5584 3569 5643 sincero
