3784 6000
102 256 233 323 697

557 252 756 315 HIST.
806 250 1078 316 RERUM
1120 250 1651 314 TRANSMARIN.
1698 284 1776 297 -
1817 252 1974 315 LIB.
2020 250 2212 315 xvn.
2257 246 2713 313 BALDUINUS
2758 247 2840 310 111
2888 246 3060 309 REX.

3398 243 3520 308 698

99 388 294 447 maris
314 389 508 460 jacet3
540 386 1001 446 circumferentia
1025 387 1334 454 verm-sive
1362 401 1552 454 arcus,
1577 401 1753 458 super
1779 389 1839 455 A
1869 386 2162 459 expensis,
2189 402 2375 454 arma,
2407 384 2625 441 victum
2657 386 2713 440 et
2745 385 3033 438 recentem
3074 379 3367 452 militiam,
3395 395 3520 437 cer·

96 484 327 536 terram
358 477 431 534 ad
477 476 759 534 orientem
806 475 1145 547 respiciens.
1193 475 1357 533 Jacet
1405 481 1600 531 autem
1632 478 1754 530 tota

95 569 309 625 civitas
341 567 503 640 quasi
532 567 593 624 in
627 566 808 635 fovea,
840 569 964 623 tota
993 565 1235 623 declivis
1267 566 1338 621 ad
1371 580 1550 635 mare,
1589 580 1758 636 agge·

94 659 271 715 ribus
301 656 562 729 undique
591 656 780 713 cincta
817 655 1195 723 manufactis,
1237 672 1410 727 supra
1439 670 1586 725 quos
1618 670 1759 710 moe-

95 748 224 816 nia,
258 750 421 814 sunt,
439 762 573 802 cum
598 744 859 802 turribus
895 745 1321 816 frequentibus,
1343 759 1517 817 opere
1548 742 1754 812 solido,

96 836 384 893 duritiem
399 835 615 908 lapidis
636 835 903 891 vincente
924 838 1208 892 coemento
1234 848 1544 902 nexorum3
1569 831 1755 890 muris

96 925 301 982 debita
331 923 715 996 spissitudine
768 923 902 980 tatis
951 927 1008 980 et
1063 939 1325 996 congrua
1381 921 1756 996 proportione

98 1013 464 1071 sublimibus
491 1031 504 1082 ;
538 1029 737 1070 verum
761 1013 937 1070 etiam
968 1017 1025 1069 et
1054 1012 1536 1080 antemuralibuS,
1569 1011 1763 1091 eadem

102 1103 406 1160 soliditate
465 1102 817 1172 fabrefactis,
876 1104 1061 1158 cincta
1108 1108 1198 1159 est
1257 1119 1359 1176 per
1413 1118 1644 1174 gyrum,
1701 1105 1759 1156 et

100 1194 476 1250 communita
514 1192 867 1266 diligentius.
903 1196 1110 1250 Fontes
1161 1198 1358 1248 autem
1391 1207 1575 1263 neque
1608 1192 1758 1246 infra

103 1297 427 1337 murorum
453 1281 759 1345 ambitum,
803 1296 993 1354 neque
1023 1281 1130 1337 sibi
1163 1281 1382 1337 vicinos
1415 1280 1631 1337 babent
1663 1279 1759 1336 ati·

103 1385 277 1442 quos,
327 1370 425 1425 sed
477 1370 664 1441 puteis
695 1373 814 1425 tum
862 1374 1044 1436 extra,
1092 1375 1216 1426 tum
1257 1370 1518 1437 inferius,
1579 1385 1757 1441 aquas

108 1458 347 1531 sapidas
364 1463 421 1514 et
433 1461 505 1514 ad
526 1463 728 1530 potum
747 1458 967 1515 habiles
987 1458 1453 1514 ministrantibus
1465 1458 1723 1514 abundat
1741 1474 1755 1513 ε

105 1551 397 1606 cisternas
439 1564 672 1621 quoque
724 1564 1012 1620 aquarum
1046 1548 1382 1620 pluvialium
1416 1547 1759 1620 receptivas,

107 1638 181 1696 ad
216 1639 500 1709 maJorem
526 1637 838 1707 cautelam,
870 1637 1022 1694 cives
1055 1638 1299 1694 interius
1322 1641 1761 1693 construxerant

1866 475 1944 533 tis
1992 475 2350 548 temporibus
2418 474 2757 545 dirigentes,
2800 477 2860 527 ut
2921 471 3138 528 nostris
3195 470 3348 527 circa
3414 484 3515 525 eos

1863 565 2182 637 occupatis,
2219 564 2407 621 minor
2434 579 2530 619 eos
2561 564 2631 619 de
2673 565 3008 618 nostrorum
3047 559 3337 632 suspectis
3370 557 3516 615 viri-

1866 653 1985 710 bus
2007 657 2292 726 premeret
2321 652 2675 710 sollicitudo.

2464 794 2696 851 CAPUT
2735 792 2930 849 xxm.

1874 905 2183 961 Ordinatur
2210 902 2450 969 obsidio,
2483 911 2532 958 et
2552 900 2935 973 praeficiuntur
2966 897 3063 971 qui
3081 899 3246 954 classi
3260 899 3512 970 praesine,

2092 981 2145 1031 et
2174 978 2267 1047 qui
2297 975 2538 1044 leqiones
2559 989 2658 1044 per
2689 979 2894 1030 terram
2922 970 3291 1026 moderentur.

1936 1106 2096 1159 Hanc
2141 1101 2319 1172 igitur
2371 1098 2591 1167 urbem,
2623 1114 2723 1169 per
2764 1111 2949 1152 annos
2999 1092 3426 1167 quinquaginta
3454 1092 3513 1147 et

1869 1190 2145 1261 amplius,
2195 1193 2506 1261 postquam
2564 1187 2846 1243 Dominus
2891 1193 3059 1240 terroe
3102 1178 3512 1254 promissionis

1867 1285 2061 1354 partes
2083 1278 2339 1351 reliquas
2361 1276 2573 1351 populo
2609 1275 2936 1332 Christiano
2959 1272 3300 1337 tradideret,
3318 1269 3511 1324 adbuc

1868 1367 2239 1425 resistentem
2272 1369 2328 1420 et
2359 1363 2573 1420 nostris
2602 1362 2909 1420 conatibus
2935 1359 3231 1423 aemulam,
3272 1356 3507 1411 tandem

1866 1456 2137 1513 obsidere
2165 1455 2356 1511 conati
2385 1460 2541 1521 sunt,
2574 1469 2696 1509 rem
2723 1449 2982 1523 aggressi
3011 1448 3255 1503 arduam
3287 1449 3344 1501 et
3369 1458 3515 1515 pene

1868 1545 2313 1620 impossibilem.
2341 1543 2511 1611 Nam,
2542 1546 2744 1614 praeter
2773 1540 2831 1596 id
2860 1538 3009 1611 quod
3056 1535 3242 1592 muris
3272 1538 3328 1589 et
3348 1537 3518 1589 ente-

1868 1637 2219 1706 muratibus‚
2253 1634 2512 1691 turribus
2534 1638 2592 1690 et
2618 1647 2847 1706 aggere,
2873 1630 3053 1686 armis
3074 1635 3128 1684 et
3165 1624 3518 1682 victualibus

109 1726 453 1784 nonnullas.
490 1726 668 1782 Erant
718 1731 911 1783 autem
968 1730 1025 1782 et
1073 1727 1131 1782 in
1183 1742 1478 1782 murorum
1536 1725 1759 1780 ambitu
1867 1731 1990 1785 erat
2018 1742 2196 1798 supra
2237 1741 2472 1781 omnem
2506 1723 2839 1796 opinionem
2873 1718 3181 1782 instructa,
3231 1712 3515 1786 populum

107 1824 287 1888 portae
317 1820 589 1886 quatuor,
620 1815 882 1872 turribus
913 1813 1159 1871 excelsis
1190 1818 1247 1871 et
1277 1813 1483 1870 solidis
1513 1814 1754 1885 diligen·

107 1903 339 1961 tissime
369 1905 780 1972 communitae3
814 1919 1060 1976 quarum
1093 1905 1288 1976 prima
1318 1920 1444 1975 quae
1476 1904 1549 1959 ad
1578 1902 1759 1957 orien-

109 2001 231 2050 tem
291 1994 547 2064 respicit,
600 1994 816 2049 dicitur
882 1994 1049 2049 Porta
1118 1994 1324 2063 major,
1375 1997 1758 2066 cognomento

106 2081 657 2154 Hierosolymitana,
679 2097 744 2137 eo
768 2083 921 2154 quod
956 2082 1155 2138 urbem
1184 2086 1442 2139 sanctam
1467 2082 1757 2151 respiciat,

113 2172 336 2227 habens
361 2171 514 2226 circa
545 2186 607 2226 se
636 2171 783 2226 duas
829 2174 1021 2226 turres
1052 2170 1391 2238 altissimas,
1435 2187 1560 2242 quae
1590 2169 1759 2242 quasi

112 2262 293 2318 robur
317 2266 381 2317 'et
411 2260 748 2332 praesidium
780 2260 1055 2330 subjectae
1097 2261 1367 2317 videntur
1398 2275 1646 2333 praeesse
1677 2259 1762 2315 ci-

110 2350 272 2405 vitati
298 2373 313 2416 3
339 2348 465 2405 haec
493 2356 629 2405 ante
677 2365 738 2405 se
768 2353 884 2405 tres
913 2353 1013 2405 aut
1064 2354 1309 2422 quatuor
1338 2349 1397 2405 in
1431 2353 1763 2406 antemura-

112 2439 272 2494 libus
304 2442 500 2510 portas
559 2437 734 2493 babet
783 2440 1059 2507 minores,
1106 2438 1322 2510 quibus
1373 2440 1443 2494 ad
1491 2454 1619 2493 eam
1663 2454 1765 2511 per

120 2528 402 2600 quosdam
452 2527 752 2583 anfractus
805 2529 1155 2598 pervenitur,
1202 2529 1473 2584 Secunda
1518 2531 1608 2584 est
1638 2543 1764 2598 quae

119 2616 189 2671 ad
225 2614 585 2671 occidentem
631 2616 884 2688 respicit,
917 2621 975 2672 et
1007 2615 1220 2672 dicitur
1269 2616 1437 2672 Porta
1469 2617 1665 2683 mariS,
1698 2630 1765 2670 eo

124 2701 289 2776 quod
320 2718 422 2774 per
476 2720 597 2760 eam
630 2707 698 2760 ad
735 2722 893 2762 mare
945 2706 1172 2762 civibus
1230 2710 1425 2778 pateat
1471 2721 1765 2779 egressus.

125 2793 324 2848 Tertia
356 2795 425 2849 ad
458 2801 738 2861 austrum,
762 2793 971 2848 Gazam
1005 2795 1230 2862 urbem,
1264 2795 1335 2849 de
1363 2811 1480 2866 qua
1499 2794 1771 2865 superius

124 2880 376 2938 fecimus
401 2882 773 2951 mentionem,
797 2882 1053 2954 respicit,
1078 2884 1232 2939 unde
1268 2887 1325 2940 et
1362 2885 1433 2939 ab
1471 2899 1541 2940 ea
1569 2899 1774 2954 cogno·

128 2986 261 3027 men
293 2970 474 3027 ducit.
500 2973 720 3039 Quarta
755 2972 823 3027 ad
864 2971 1317 3044 septentrionem
1338 2971 1677 3044 respiciens,
1700 2970 1771 3028 ab

127 3062 269 3117 urbe
301 3060 571 3132 finitima,
607 3061 664 3117 in
696 3061 898 3117 eodem
931 3062 1043 3118 sita
1093 3062 1309 3129 littore,
1337 3062 1652 3135 Joppensis
1681 3062 1772 3117 di-

1789 1772 1838 1839 B

1870 1815 2114 1873 habebat
2143 1831 2318 1870 usum
2345 1819 2401 1869 et
2428 1811 2846 1885 experientiam
2879 1822 3138 1863 amorum
3171 1803 3501 1871 habentem,

1868 1905 1925 1960 in
1951 1913 2108 1961 tanta
2128 1903 2454 1975 quantitate
2476 1904 2560 1969 ut,
2593 1919 2624 1956 a
2646 1898 2835 1972 prima
2856 1895 3179 1952 obsidionis
3210 1893 3303 1948 die
3328 1904 3513 1962 usque

1869 2004 1944 2060 ad
1958 2002 2367 2068 novissimum,
2384 2015 2658 2056 numerus
2671 1994 3063 2053 obsidentium
3079 2010 3111 2047 a
3133 1986 3515 2046 multitudine

1866 2093 2243 2150 obsessorum
2273 2089 2332 2144 in
2382 2088 2560 2160 duplo
2608 2087 2951 2142 vinceretur.
3002 2079 3287 2136 Dominus
3332 2077 3514 2149 igitur

1869 2199 1988 2251 rex,
2019 2179 2293 2237 dominus
2338 2193 2570 2250 quoque
2614 2172 2940 2249 patriarcha
2965 2189 2978 2239 ;
3010 2169 3282 2227 dominus
3331 2165 3505 2224 etiam

1870 2272 2095 2338 Petrus,
2131 2267 2518 2341 praedecessor
2565 2271 2775 2332 noster,
2807 2259 3078 2334 Tyrensis
3109 2254 3508 2328 archiepisco-

1869 2376 2002 2434 pus,
2049 2358 2146 2415 alii
2195 2370 2425 2431 quoque
2474 2353 2634 2425 regni
2685 2355 3010 2425 magnates,
3051 2355 3167 2403 tam
3214 2343 3508 2418 principes

1871 2465 2050 2522 quam
2079 2445 2470 2503 Ecclesiarum
2512 2442 2753 2515 praelati,
2796 2453 3030 2510 unaque
3068 2451 3199 2493 cum
3245 2433 3329 2489 eis
3359 2431 3513 2488 cives

1875 2537 2107 2595 urbium
2140 2533 2442 2607 singularu
2455 2539 2544 2602 m,'
2557 2528 2907 2604 segregatim
2932 2522 3300 2583 tabernacula
3329 2521 3514 2593 figen-

1877 2634 1987 2690 tes,
2040 2625 2239 2682 urbem
2267 2640 2373 2696 par
2410 2626 2597 2680 terras
2629 2619 3011 2684 obsederant3
3045 2613 3345 2670 dominum
3379 2625 3512 2666 vero

1875 2714 2182 2773 Girardum
2230 2711 2657 2778 Sidoniensem,
2709 2722 2892 2762 unum
2962 2705 3031 2759 de
3084 2700 3313 2773 magnis
3352 2695 3516 2770 regni

1878 2805 2232 2878 proceribus,
2271 2800 2603 2874 quindecim
2656 2798 2891 2853 navium
2942 2798 3323 2848 rostratarum
3356 2791 3413 2844 et
3440 2787 3514 2842 ad

1878 2908 2120 2952 cursum
2166 2890 2561 2962 expeditarum
2610 2886 2783 2943 classi
2844 2882 3234 2957 praefecerant,
3296 2880 3361 2932 ut
3415 2890 3520 2948 per

1880 2998 2039 3041 mare
2068 2979 2398 3038 volentibus
2438 2977 2728 3046 accedere,
2770 2973 2990 3031 aditum
3031 2969 3377 3042 impediret;
3425 2980 3525 3022 vo·

1879 3072 2137 3130 lentibus
2189 3069 2384 3142 egredi
2427 3068 2809 3124 nihilominus
2857 3062 3148 3119 inhiberet
3195 3071 3520 3129 egressum.

125 3149 296 3206 1311111·
328 3150 460 3206 11aess
510 3154 705 3206 ⁸⁰¹⁸OE
754 3150 979 3221 (11111ῑᾶ3,
1014 3151 1128 3207 81111
1155 3152 1331 3207 1118118
1373 3150 1590 3206 nullam
1626 3166 1768 3220 Pfae·
1798 3142 1843 3210 C
1883 3164 2054 3220 Porro
2104 3158 2285 3216 nostri
2317 3175 2462 3233 pene
2497 3156 2701 3214 diebus
2736 3154 3031 3218 omnibuS‚
3078 3165 3235 3207 nunc
3273 3146 3522 3220 equites,

122 3239 298 3294 bente
318 3238 727 3311 aptitudinem,
755 3244 989 3309 portum
1021 3240 1105 3295 vel
1157 3239 1413 3311 aliquam
1445 3244 1630 3295 tutam
1666 3255 1771 3296 na-

118 3327 295 3382 vibus
318 3341 433 3382 non
475 3325 648 3382 habet
696 3325 782 3382 vel
817 3327 1018 3383 habuit
1067 3328 1376 3385 stationem
1410 3327 1551 3397 ;sed
1610 3327 1769 3384 littus

118 3420 352 3472 tantum
386 3430 718 3484 arenosum,
744 3420 801 3471 et
829 3416 981 3472 circa
1014 3415 1073 3472 id
1103 3432 1281 3487 mare,
1312 3417 1497 3472 ventis
1526 3417 1770 3473 intuma.

120 3505 446 3572 scentibus,
491 3504 773 3561 fretosum
821 3505 1005 3574 valde,
1051 3509 1108 3561 et
1165 3505 1597 3575 accedentibus,
1653 3502 1767 3563 nisi

120 3594 311 3650 multa
341 3593 579 3649 f‘ueritid
609 3595 748 3649 mari
770 3594 1180 3664 tranquillitas,
1209 3594 1387 3651 nimis
1418 3599 1765 3666 suspectum.

120 3682 328 3739 Solum
386 3686 575 3739 autem
627 3684 881 3738 exterius
942 3683 1067 3739 urbi
1121 3683 1399 3753 adjacens
1455 3699 1631 3739 arena
1681 3688 1770 3741 est

120 3774 399 3839 obsitum,
451 3771 819 3843 agriculturae
874 3774 1158 3841 nesciens,
1216 3774 1422 3830 vinetia
1472 3778 1670 3830 tamen
1702 3777 1770 3843 get

120 3864 436 3922 fructiferis
479 3864 783 3920 arboribus
824 3866 1302 3932 accommodum;
1344 3865 1601 3937 exceptis
1631 3865 1767 3922 valli

120 3954 275 4010 cutis
305 3954 364 4008 in
409 3958 571 4025 parte
620 3952 1063 4025 septentrionali
1115 3954 1333 4026 paucis,
1382 3971 1509 4026 quaa
1552 3955 1767 4025 injecto

122 4043 447 4101 fecundatoe
485 4042 773 4100 laetamine
793 4048 851 4100 et
900 4044 1069 4117 aquis
1100 4044 1355 4116 irrigatae
1413 4044 1766 4117 putealibus,

123 4133 435 4190 herbarum
477 4141 531 4189 et
578 4134 867 4191 fructuum
919 4134 1181 4205 aliquam
1232 4133 1455 4188 civibus
1494 4139 1771 4206 proestant

122 4222 621 4280 commoditatem.
667 4224 800 4278 Erat
830 4228 1022 4279 autem
1055 4222 1113 4278 in
1151 4238 1217 4279 ea
1247 4221 1475 4278 civitate
1516 4223 1768 4295 populus

123 4311 378 4376 multus,
411 4326 660 4382 quorum
689 4312 741 4367 ei
771 4313 870 4383 qui
903 4313 1185 4368 minimus
1242 4313 1386 4378 erat,
1418 4314 1475 4367 et
1506 4315 1570 4367 ut
1599 4311 1768 4383 vulgo

124 4402 450 4461 dicebatur,
483 4400 655 4457 etiam
691 4417 892 4457 recens
925 4406 1081 4467 nato,
1108 4401 1175 4456 de
1198 4400 1487 4457 thesauris
1516 4401 1770 4474 AEgyptii

1879 3268 2033 3310 nuno
2056 3249 2298 3323 pedites,
2322 3249 2381 3306 in
2415 3248 2618 3304 urbem
2641 3247 2969 3318 frequentes
2992 3243 3211 3299 dabant
3231 3238 3520 3295 assultus:

1878 3342 1964 3399 illi
1997 3357 2130 3398 vero
2172 3341 2542 3396 occurrentes
2574 3337 2919 3399 animosius,
2950 3329 3296 3388 resistebant
3334 3324 3519 3382 virili-

1877 3437 1984 3500 ter,
2017 3447 2120 3504 pro
2175 3428 2453 3484 uxoribus
2484 3430 2539 3482 et
2586 3425 2803 3493 liberis,
2850 3427 2906 3479 et
2955 3421 3109 3495 quod
3160 3417 3512 3490 praecipuum

1877 3525 1987 3585 est,
2023 3535 2124 3590 pro
2143 3515 2406 3571 libertate
2430 3513 2867 3571 contendentes.
2902 3510 3127 3576 Quibus
3153 3504 3520 3579 congressio-

1879 3610 2052 3666 nibus
2077 3621 2228 3662 nunc
2268 3605 2354 3669 hi,
2388 3619 2542 3658 nunc
2575 3601 2684 3668 illi,
2715 3601 2866 3656 sicut
2899 3599 2956 3654 in
2999 3595 3339 3667 hujusmodi
3373 3591 3523 3650 solet

1878 3699 2161 3763 accidere,
2185 3693 2402 3749 fiebant
2427 3691 2755 3762 superiores
2780 3705 2794 3756 3
2831 3686 3011 3744 nostri
3037 3690 3233 3740 tamen
3259 3683 3522 3753 frequen-

1879 3788 1996 3844 tius
2063 3782 2362 3840 meliorem
2420 3778 2710 3836 calculum
2768 3775 3162 3848 reportabant.
3218 3771 3521 3828 Dicebatur

1876 3879 2070 3933 autem
2101 3875 2159 3929 et
2186 3871 2245 3927 in
2270 3868 2479 3927 castris
2499 3871 2662 3925 tanta
2682 3881 2834 3937 esse,
2854 3881 2987 3920 cum
3009 3879 3201 3920 rerum
3222 3860 3518 3917 venalium

1876 3961 2210 4020 omnimoda
2240 3956 2670 4018 commoditate,
2710 3955 3011 4022 securitas,
3043 3960 3102 4007 ut
3143 3950 3226 4006 ita
3246 3965 3310 4005 se
3338 3947 3520 4004 habe·

1879 4056 1963 4110 ret
1997 4050 2245 4123 populus
2274 4048 2333 4103 in
2353 4045 2613 4102 tentoriis
2637 4048 2695 4100 et
2716 4040 3110 4100 tabernaculis
3132 4036 3512 4110 quibuslibet,

1878 4142 2031 4199 sicut
2061 4138 2218 4196 domi
2247 4138 2309 4194 in
2353 4135 2599 4192 muratis
2631 4133 2873 4190 urbibus
2910 4147 2973 4187 se
3003 4130 3379 4186 consueverat
3408 4125 3522 4181 ha·-

1876 4232 2033 4287 bere.
2077 4226 2290 4284 Urbani
2322 4229 2542 4293 autern,
2563 4239 2702 4279 cura
2733 4221 3024 4295 praecipua
3049 4219 3241 4275 locum
3264 4217 3333 4272 de
3355 4218 3524 4272 nocte

1878 4317 2303 4382 custodientes,
2330 4313 2628 4386 deputatis
2667 4309 2998 4368 alternatim
3022 4306 3315 4381 vigilibus,
3337 4308 3395 4361 et
3413 4302 3525 4375 ipsi

1878 4410 2133 4480 majores
2163 4406 2423 4462 vicissim
2456 4401 2841 4461 nibilominus
2859 4400 3253 4458 custodientes
3275 4394 3526 4468 vigilias,

123 4491 372 4563 caliphas
403 4490 694 4547 dabantur
723 4491 1026 4561 stipendia.
1061 4490 1302 4547 Multam
1334 4490 1486 4546 enim
1506 4498 1561 4547 et
1593 4495 1769 4550 maxi·
1799 4512 1852 4578 D
1887 4498 2100 4554 moenia
2131 4495 2567 4568 perlustrantes,
2600 4498 2798 4549 noctes
2828 4508 2898 4548 ex
2927 4495 3086 4562 parte
3121 4486 3374 4560 plurima
3404 4492 3522 4539 tra·

122 4597 304 4651 mam,
326 4591 441 4636 tam
462 4580 769 4652 praedictus
788 4582 1084 4648 dominus,
1109 4598 1285 4653 quam
1300 4584 1427 4654 ejus
1450 4584 1764 4657 principes,

122 4688 226 4743 pro
258 4671 462 4726 eadem
497 4672 636 4726 urbe
664 4671 1414 4742 gerebantsollicitudinem
1441 4690 1455 4742 ;
1487 4673 1772 4731 arbitran-

1877 4588 2103 4646 hebant
2126 4586 2450 4641 inssmnes.
2473 4583 2652 4638 Erant
2682 4585 2874 4637 autem
2907 4586 2961 4634 et
2981 4580 3039 4634 in
3062 4576 3307 4633 circuitu
3329 4587 3524 4628 muro-

1875 4692 2008 4733 rum
2058 4680 2116 4731 et
2162 4674 2412 4729 turrium
2464 4671 2523 4726 in
2575 4666 3027 4743 propugnaculis
3075 4665 3273 4721 locatae
3328 4661 3520 4716 vitreae

122 4768 216 4818 tes
239 4760 413 4831 quod,
474 4758 524 4815 si
573 4759 671 4815 illa
709 4760 998 4821 deficeret,
1051 4760 1106 4816 in
1155 4766 1486 4820 nostrorum
1533 4764 1769 4821 veniens
1873 4765 2171 4836 lampades
2199 4762 2471 4835 opercula
2498 4759 2777 4816 babentes
2812 4757 3009 4826 vitrea,
3034 4755 3227 4826 ignem
3265 4749 3366 4822 qui
3395 4749 3522 4805 oleo

124 4850 437 4915 ditionem,
487 4848 631 4904 nihil
674 4853 922 4905 restaret
960 4848 1118 4904 aliud
1165 4866 1341 4923 quam
1383 4857 1449 4909 ut
1504 4853 1685 4910 libero
1716 4859 1771 4911 et

124 4938 259 4994 sine
276 4937 612 4994 difficultate
641 4954 879 4995 accessu
922 4940 1103 4995 nostri
1137 4940 1429 5014 principes
1462 4942 1522 4999 in
1551 4947 1773 5016 AEgyp-

125 5032 251 5083 tum
289 5026 725 5095 descenderent,
790 5042 1034 5099 regnum
1092 5026 1361 5085 violenter
1407 5031 1768 5104 occupaturi.

126 5114 455 5170 Utebantur
475 5130 611 5187 ergo
642 5133 710 5172 ea
741 5132 841 5187 pro
866 5131 1053 5182 mur0,
1078 5120 1134 5171 et
1169 5118 1772 5188 profusaliheralitate

131 5205 338 5275 quater
360 5201 420 5257 in
453 5218 628 5271 anno,
663 5208 780 5260 tam
815 5220 914 5275 per
946 5219 1105 5260 mare
1136 5221 1312 5277 quam
1354 5223 1456 5278 per
1484 5211 1668 5266 terras
1689 5208 1773 5265 ci-

127 5292 303 5347 vibus
334 5290 747 5348 ministrabant
777 5294 1080 5350 subsidia:
1134 5298 1198 5350 ut
1236 5310 1303 5352 ea
1349 5299 1685 5369 superstite,
1716 5301 1774 5354 et

129 5381 340 5436 nostris
367 5380 517 5436 circa
548 5397 677 5438 eam
708 5382 969 5438 studium
1025 5384 1508 5442 consumentibus
1545 5393 1599 5443 et
1626 5402 1772 5458 ope-

129 5486 279 5537 ram,
314 5469 425 5541 ipsi
469 5476 664 5542 optata
694 5471 925 5528 interim
970 5472 1384 5547 tranquillitate
1425 5475 1770 5533 fruerentur.

130 5559 332 5622 Multis
357 5573 492 5632 ergo
513 5567 816 5638 propterea
845 5562 975 5621 urbi
1006 5563 1338 5624 necessaria
1366 5565 1776 5627 ministrabant

1878 4855 2176 4911 fovebatur
2224 4852 2418 4907 infuso
2463 4850 2895 4917 conservantes,
2926 4860 2995 4900 ex
3043 4841 3259 4915 quibus
3309 4837 3528 4894 moenia

1880 4941 2129 4998 circuire
2158 4938 2507 5003 volentibus,
2536 4936 2737 4993 lumen
2786 4940 3068 5005 tanquam
3100 4931 3171 4986 de
3201 4930 3294 4986 die
3343 4925 3524 4984 mini-

1879 5034 2196 5087 strabatur.
2227 5025 2456 5084 Nostris
2487 5042 2719 5098 quoque
2750 5024 2851 5096 qui
2881 5023 2941 5077 in
2974 5019 3176 5078 castris
3206 5022 3388 5086 erant,
3424 5029 3525 5089 pro

1879 5124 2141 5192 tempore
2189 5116 2495 5174 turmatim
2548 5114 2983 5187 deputabantur
3008 5109 3245 5184 vigiliae,
3285 5106 3525 5176 etjugis

1878 5228 1997 5267 non
2028 5211 2222 5266 deerat
2253 5207 2537 5274 custodia,
2573 5204 2916 5262 timentibus
2947 5218 3018 5259 ne
3052 5198 3260 5256 urbani
3292 5202 3525 5251 noctur-

1880 5299 2356 5372 nasirruptiones
2402 5297 2462 5353 in
2507 5300 2693 5353 castra
2732 5296 3018 5351 facerent:
3051 5297 3153 5347 aut
3186 5281 3436 5358 AEgyptii
3464 5281 3526 5337 in

1881 5407 2082 5447 eorum
2117 5388 2448 5446 subsidium
2499 5389 2895 5459 properantes,
2926 5381 3137 5438 subitis
3182 5371 3531 5445 etimprovi-

1883 5478 1967 5535 sis
1997 5477 2436 5535 incursionibus
2477 5475 2758 5532 laederent
2798 5471 3108 5528 exercitum
3135 5487 3152 5536 ς
3178 5462 3446 5541 quamvis
3475 5467 3531 5518 et

1883 5568 2042 5627 circa
2068 5568 2277 5627 Gazam
2309 5566 2369 5625 in
2393 5566 2538 5626 locis
2558 5564 2826 5642 pluribus
2855 5577 2974 5621 non
3007 5560 3248 5618 deerant
3275 5553 3532 5631 explora-
