3784 6000
277 186 415 245 1327

263 311 433 371 locus
461 311 588 384 ipse
608 326 646 367 a
672 309 845 366 vobis
859 325 996 366 cum
1018 309 1393 382 appendiciis
1409 310 1570 383 juste
1600 310 1920 383 etpacifice

1706 182 1916 241 LUCII
1953 179 2031 241 111
2070 178 2274 238 PAPAE

3584 175 3706 235 1328

2030 304 2512 364 confirmationis
2565 302 2906 375 infringere,
2956 301 3052 360 vel
3108 301 3163 360 ei
3196 316 3365 360 ausu
3399 301 3710 359 temerarie

263 398 624 475 possidetur,
655 399 824 455 vobis
853 403 909 455 et
949 399 1310 456 monasterio
1338 405 1532 457 vestro
1571 401 1919 456 auctoritate
2028 394 2343 452 contraire.
2392 395 2448 450 Si
2478 392 2614 466 quis
2666 396 2868 448 autem
2896 392 3015 449 hoc
3069 395 3371 449 attentare
3425 405 3712 464 prosum-

267 488 596 562 apostolica
619 487 1072 557 confirmamus,
1095 492 1149 544 et
1164 490 1476 561 praesentis
1494 489 1696 560 scripti
1724 494 1921 560 patro-

267 577 429 634 cinio
457 575 924 634 communimus.
947 575 1096 631 Nulli
1128 591 1293 646 erge,
1319 582 1433 633 etc.

338 666 553 722 Datum
588 667 852 730 veronis,
881 680 920 721 x
944 664 1247 722 Kalendas
1279 663 1648 722 Novembris.

1028 772 1176 827 CCV.

396 860 496 916 Ad
520 859 909 929 Raducpltum
929 859 1404 930 Andeqavensem
1429 860 1786 930 episcopum.

805 950 1092 1020 (Veronae,
1127 950 1252 1006 Oct.
1284 949 1397 1019 27.)

269 1040 526 1112 [nomem
544 1038 850 1094 Memoires
870 1053 1026 1107 pour
1043 1037 1282 1096 servir-d
1306 1037 1489 1094 l’ltist.
1507 1038 1580 1095 de
1606 1040 1922 1110 Breeaqne,

984 1128 1204 1199 1,699.]

341 1218 542 1274 Lucius
568 1215 908 1289 episcopm,
952 1231 1157 1272 servus
1196 1234 1506 1275 servorum
1545 1218 1662 1284 Dei,
1688 1231 1929 1273 venera-

271 1305 374 1363 bili
397 1305 559 1361 t'ratri
589 1304 1002 1373 Andegavensi
1023 1306 1328 1379 episcopo,
1357 1312 1415 1362 et
1439 1306 1669 1362 dilectis
1695 1304 1831 1360 filiis
1861 1306 1926 1361 G.

272 1394 718 1459 archidiacone,
752 1399 808 1449 et
837 1392 860 1446 J
872 1435 883 1446 .
907 1393 1424 1467 archipresbytero
1454 1395 1802 1463 Turonensi,
1833 1409 1931 1450 sa-

272 1482 457 1539 lutem
488 1487 543 1538 et
574 1480 971 1553 apostolicam
1012 1483 1509 1540 benedictionem.

2030 483 2230 557 pserit,
2295 482 2773 555 indignationem
2839 479 3281 555 omnipotentis
3351 478 3464 536 Dei
3511 483 3576 536 et
3617 480 3708 538 BB.

2031 572 2179 629 Petri
2227 577 2285 629 et
2333 569 2494 628 Pauli
2546 569 2961 643 apostolorum
3016 586 3081 627 se
3134 569 3385 628 noverit
3439 567 3711 626 incursu·

2034 676 2250 807 ruga-ta
2310 749 2581 812 veronis,
2611 761 2670 803 iv
2699 746 2830 806 Kal.
2864 746 3247 807 Novembris.

2767 837 2977 896 CCth.

2031 928 2318 987 Mauricio
2338 930 2606 1000 episcopo
2634 922 3230 985 Pan‘siensiconcecffl
3251 923 3539 996 nefeoda
3557 925 3710 983 Pan·-

2104 1001 2308 1057 siensis
2360 1002 2733 1071 episcopatus
2761 1000 2890 1055 sine
2926 1011 3214 1054 consensu
3239 994 3442 1067 ipsius
3465 996 3712 1068 obliqua·

2103 1072 2354 1142 possim,
2383 1073 2478 1130 vel
2516 1071 2714 1129 vendi.

2576 1162 2864 1231 (Veronae,
2897 1158 3025 1214 Oct.
3052 1156 3171 1227 30.)

2336 1246 2655 1320 [Theodori
2680 1245 3117 1310 Poenitentiale,
3142 1247 3205 1311 tl,
3240 1242 3411 1319 aaa]

2109 1338 2326 1402 Lucius,
2360 1339 2639 1395 Mluairto
2666 1335 2977 1395 parisiensi
2999 1334 3316 1407 episeopo.

2109 1426 2448 1483 Devotionis
2505 1430 2562 1483 et
2614 1424 2931 1497 probitatis
2980 1428 3097 1479 tuoe
3145 1422 3444 1481 meritum
3493 1425 3711 1497 exigere

2038 1514 2486 1587 comprobatur,
2521 1518 2587 1571 ut
2609 1513 2776 1588 quod
2805 1512 2938 1570 aliis
2952 1512 3268 1569 communi
3280 1512 3426 1584 jure
3450 1512 3707 1581 debetur,

346 1572 582 1637 Quanto
623 1570 1055 1626 monasterium
1101 1573 1156 1627 S.
1205 1572 1476 1629 Florentii
1526 1569 1928 1629 salmurensis
2038 1603 2385 1661 fraternitati
2417 1608 2554 1668 tuae’
2575 1618 2713 1676 quae
2744 1603 2804 1659 id
2831 1600 3136 1657 humiliter
3173 1605 3233 1657 οἱ
3258 1600 3499 1659 (κνοω
3529 1603 3710 1676 Μαί.

274 1656 637 1733 specialibus
659 1658 847 1715 nostri
865 1674 935 1714 ac
958 1660 1017 1715 B.
1047 1661 1193 1716 Petri
1218 1661 1371 1731 juris
1395 1662 1604 1729 existit,
1633 1666 1798 1717 tanto
1825 1674 1926 1716 no·
1961 1667 2010 1726 Β

271 1748 367 1806 bis
399 1746 577 1803 debet
599 1762 730 1802 esse
761 1745 1065 1803 molestius
1089 1764 1228 1804 cum
1248 1750 1388 1821 J'ura
1403 1750 1592 1821 ipsius
1622 1764 1728 1821 per
1751 1747 1932 1805 alicu-

265 1838 368 1910 jus
390 1835 666 1891 imminui
697 1836 1087 1892 temeritatem
1116 1837 1425 1894 audimus.
1448 1838 1827 1911 Propositum
1858 1836 1933 1892 si·

269 1924 519 1999 quidem
562 1922 843 1979 noveritis
873 1940 1005 1980 esse
1045 1927 1294 1982 auribus
1324 1927 1563 1997 nostris,
1585 1926 1750 1999 quod
1790 1941 1929 1981 cum

272 2012 616 2071 coenobium
663 2014 719 2068 S.
763 2011 994 2070 Melanii
1042 2015 1413 2071 Redonensis
1462 2015 1544 2072 ita
1583 2018 1810 2087 spectat
1851 2013 1930 2069 ad

269 2101 703 2161 monasterium
754 2101 1180 2171 Salmuriense,
1228 2104 1394 2177 quod
1430 2106 1605 2160 unius
1649 2102 1930 2159 monachi

271 2191 388 2249 sint
413 2190 625 2247 fratres
656 2188 916 2255 alterius,
945 2196 1000 2246 et
1039 2207 1161 2248 non
1182 2191 1404 2248 debeat
1425 2192 1485 2248 in
1521 2208 1593 2249 eo
1620 2193 1814 2249 abbas
1845 2192 1932 2247 in-

275 2278 438 2336 stitui
468 2278 580 2333 nisi
595 2278 670 2334 de
697 2279 1115 2336 convenientia
1136 2281 1377 2338 abbatis
1401 2280 1841 2347 salmuriensis,
1873 2285 1932 2337 et

271 2367 348 2424 de
373 2367 651 2425 coenobio
681 2367 955 2440 ipsorum
993 2368 1177 2426 altero
1213 2369 1501 2440 eligatur;
1539 2369 1795 2444 quidam
1824 2385 1932 2443 per

272 2455 603 2530 potentiam
622 2455 841 2512 nobilis
862 2457 968 2513 viri
996 2459 1060 2514 G.
1093 2459 1406 2514 Britannias
1423 2458 1681 2527 comitis,
1714 2459 1777 2515 in
1803 2458 1927 2531 jam

272 2545 500 2603 dictum
534 2545 589 2601 S.
617 2543 847 2602 Melanii
880 2547 1309 2603 monasterium
1336 2547 1577 2604 aliunde
1607 2547 1926 2614 adductus,

271 2633 558 2708 praedicto
571 2631 790 2689 abbate
812 2632 1199 2691 salmuriensi
1215 2653 1282 2692 ac
1304 2636 1584 2693 fratribus
1600 2635 1926 2692 reclaman-

273 2721 456 2788 tibus,
482 2726 570 2779 est
592 2720 876 2787 intrusus,
896 2730 949 2777 et
978 2723 1290 2780 initlorum
1307 2724 1693 2796 dispendium
1725 2738 1931 2780 mona-

275 2809 523 2867 sterium
539 2810 738 2882 ipsum
769 2808 1368 2869 detinerecontendit.
1386 2812 1538 2879 Quia
1561 2813 1738 2882 igitur
1762 2812 1929 2885 quod

269 2899 543 2971 nequiter
574 2902 772 2954 actum
810 2899 969 2954 estin
996 2900 1211 2956 eodem
1229 2900 1510 2957 coenobio
1538 2899 1616 2956 ad
1629 2899 1928 2956 rectitudi-

272 2988 368 3045 nis
395 2986 672 3044 convenit
693 2987 988 3044 tramitem
1018 2989 1306 3056 revocari,
1347 2987 1694 3046 discretioni
1716 2992 1927 3047 vestroe
1961 3021 2004 3080 C

272 3089 382 3148 per
402 3074 727 3148 apostolica
785 3076 1005 3148 scripta
1044 3076 1442 3149 praecipiendo
1498 3077 1925 3134 mandavimus

271 3167 573 3235 quatenus
603 3167 919 3235 utramque
942 3170 1173 3237 partem
1193 3165 1271 3222 ad
1285 3171 1545 3223 vestram
1558 3165 1927 3223 audientiam

272 3256 688 3316 convocantes,
718 3251 974 3308 audiatis
997 3254 1261 3310 rationes
1285 3259 1342 3311 et
1369 3254 1759 3325 allegationes
1787 3254 1927 3311 hinc

271 3339 414 3397 inde
430 3339 788 3412 propositas,
812 3345 869 3396 et
900 3342 1360 3415 causamipsam
1382 3343 1682 3401 mediante
1694 3342 1928 3414 Justitia

275 3429 626 3487 terminetis.

350 3520 561 3576 Datum
596 3518 869 3587 Veronae,
895 3536 954 3576 vt
978 3520 1106 3578 Kal.
1149 3522 1526 3580 Novembris.

1009 3628 1188 3685 chl.

282 3723 645 3780 Monasterio
687 3725 734 3780 Α
749 3726 1377 3810 ltemberyensivillam
1396 3727 1750 3786 Isaclterode
1767 3742 1926 3786 asse-

1076 3806 1177 3854 rte.

805 3885 1097 3956 (Veronae,
1129 3887 1251 3944 Oct.
1280 3888 1394 3954 29.)

510 3972 884 4045 [Laconum
938 3974 1445 4038 ΠνΙευηάεηὸιιεΙι,
1470 3975 1512 4046 1,
1560 3973 1713 4050 347.]

345 4064 544 4119 Lucius
584 4062 930 4133 episcopus,
960 4078 1167 4119 servus
1201 4079 1505 4120 servorum
1538 4063 1660 4131 Dei,
1691 4063 1924 4120 dilectis

267 4149 426 4219 filiis,
464 4151 671 4207 abbati
722 4156 778 4207 et
800 4150 1083 4208 fratribus
1120 4151 1533 4223 Bergensib'us.
1587 4153 1841 4210 salutem
1869 4158 1926 4209 et

270 4238 663 4310 apostolicam
688 4239 1191 4298 benedictionem.

336 4325 517 4381 Justis
555 4328 880 4398 petentium
909 4327 1218 4385 desideriis
1244 4330 1494 4400 dignum
1535 4335 1624 4387 est
1657 4347 1767 4388 nos
1784 4330 1925 4387 faci-

267 4413 384 4470 lem
415 4415 683 4486 praebere
698 4430 1082 4471 consensum,
1097 4425 1152 4473 et
1170 4424 1308 4475 vota
1325 4433 1461 4490 quoe
1491 4419 1783 4477 arationis
1816 4424 1927 4478 tra-

269 4502 407 4559 mite
439 4518 560 4561 non
590 4503 1169 4562 discordanteffectu
1190 4509 1923 4581 prosequentecomplere.

266 4593 612 4665 Eapropter,
666 4593 861 4650 dilecti
917 4595 978 4651 in
1026 4595 1281 4652 Domino
1312 4595 1442 4667 tilii,
1498 4597 1707 4653 vestris
1746 4598 1925 4668 justis

262 4680 771 4754 postulationibus
827 4689 996 4753 grato
1040 4690 1466 4741 concurrentes
1497 4701 1751 4742 assensu
1783 4686 1925 4744 allo-

263 4768 433 4825 dium
462 4769 611 4826 villae
666 4771 1019 4828 lsacherotte
1056 4789 1194 4829 cum
1233 4772 1517 4839 omnibus
1556 4775 1925 4846 pertinentiis

263 4858 387 4914 suis
409 4859 471 4916 in
496 4874 567 4914 ea
593 4859 968 4918 immunitate
996 4866 1052 4916 et
1074 4862 1408 4932 integritate
1433 4862 1494 4920 in
1511 4878 1635 4935 qua
1655 4862 1924 4920 Willhel·

261 4946 484 5003 musde
509 4947 918 5022 Solebendorp
934 4957 991 5007 et
1014 4966 1160 5007 uxor
1184 4951 1330 5021 ejus,
1363 4950 1438 5006 de
1461 4967 1713 5009 assensu
1734 4956 1789 5008 et
1815 4969 1925 5009 vo-

257 5032 486 5091 luntate
506 5036 762 5093 tiliorum
785 5055 1054 5104 suorum,
1085 5039 1167 5095 ob
1197 5039 1532 5096 remedium
1559 5041 1921 5098 animaesuae

259 5122 405 5181 illud
446 5125 615 5182 vobis
658 5142 767 5199 pro
820 5127 1132 5184 devotione
1163 5127 1462 5186 dederunt
1491 5132 1549 5185 et
1579 5144 1685 5186 vos
1716 5129 1921 5202 ipsum

252 5214 273 5285 j
284 5220 410 5270 uste
431 5215 746 5287 etpacitice
776 5216 1113 5289 possidetis,
1145 5217 1321 5274 vobis
1354 5224 1409 5273 et
1432 5220 1799 5276 monasterio
1817 5235 1923 5276 ve-

257 5307 377 5360 stro
392 5304 740 5361 auctoritate
758 5306 1087 5378 apostolica
1113 5307 1548 5373 confirmanus,
1584 5314 1917 5379 etpraesen·

258 5389 331 5446 tis
360 5393 560 5464 scripti
590 5395 917 5464 patrocinio
944 5394 1394 5450 communimus
1425 5411 1439 5463 ;
1489 5399 1817 5454 statuentes
1858 5400 1923 5455 ut

257 5475 405 5533 nulli
432 5480 682 5538 omniuo
695 5482 1013 5540 hominum
1028 5482 1203 5540 liceat
1223 5483 1376 5541 hanc
1389 5482 1678 5557 paginam
1697 5490 1921 5544 nostro

2040 1693 2132 1757 rit,
2155 1691 2395 1764 speciali
2422 1692 2807 1764 indulgentias
2831 1690 3124 1761 largitate,
3159 1703 3270 1761 per
3293 1689 3582 1749 officium
3607 1706 3710 1765 quo

2038 1780 2366 1851 fungimur.
2398 1781 2781 1837 concedatur.
2830 1781 3177 1851 Eapropter,
3232 1779 3619 1836 venerabilis
3661 1780 3708 1836 in

2040 1871 2290 1926 Domino
2315 1869 2515 1936 frater,
2531 1869 2927 1942 proesentibus
2939 1866 3043 1924 tibi
3059 1865 3279 1923 litteris
3303 1866 3710 1940 indulgemus,

2040 1973 2117 2015 ne
2138 1958 2344 2031 aliqua
2388 1957 2787 2015 ecclesiastica
2809 1955 3192 2013 saecularisve
3242 1970 3525 2029 persona
3552 1956 3711 2014 feoda

2041 2052 2143 2105 tua
2167 2047 2294 2104 sine
2333 2062 2656 2112 consensu,
2687 2045 2800 2103 sub
2829 2044 3371 2118 pignorarecipere
3391 2051 3506 2103 aut
3535 2061 3710 2104 emere

2039 2136 2246 2209 aliqua
2288 2135 2640 2193 auctoritate
2672 2140 3017 2208 proesumat.
3055 2133 3114 2189 Si
3172 2133 3324 2207 quis
3365 2139 3582 2193 autem
3609 2134 3708 2192 hoe

2039 2230 2328 2284 attentare
2356 2225 2829 2297 praesumpserit,
2880 2226 2938 2280 et
2966 2226 3325 2279 contractus
3355 2224 3455 2279 sui
3481 2222 3701 2298 dispen-

2039 2313 2208 2370 dium
2233 2319 2290 2370 et
2318 2312 2789 2383 indignationem
2817 2314 3087 2369 nostram
3113 2325 3180 2366 se
3232 2311 3482 2370 noverit
3533 2314 3702 2369 incur-

2041 2418 2275 2458 surum.

2113 2491 2331 2548 Datum
2366 2494 2628 2557 veronae,
2661 2506 2720 2547 m
2759 2488 2895 2547 Kal.
2934 2491 3078 2546 Nov.

2766 2577 2989 2636 ccvlu.

2037 2670 2365 2726 Abbatilms
2396 2666 2736 2725 monasterii
2772 2667 2836 2724 S.
2879 2665 3119 2737 Georgii
3161 2666 3236 2723 in
3285 2666 3491 2726 Salva
3535 2669 3698 2740 Niara
3781 2702 3784 2725 .

2037 2757 2206 2798 usum
2221 2737 2906 2810 mitrae,clzirochecarum
2918 2743 2974 2795 et
2984 2737 3434 2796 sandaliorum
3445 2740 3700 2798 concedit.

2590 2826 2886 2898 (Vei-onte,
2916 2823 3041 2894 Oct,
3072 2826 3195 2898 3¹.)

2036 2915 2340 2992 [Ganuenta
2357 2914 2550 2973 codex
2566 2912 3270 3059 diplomatgcuisoloiffloriae
3279 2915 3483 2976 Silva
3499 2916 3700 2989 Niara,
3783 2888 3784 2899 ἵ

2110 3077 2314 3134 Luctus
2346 3076 2693 3150 episcopus,
2721 3089 2929 3132 servus
2973 3089 3291 3133 servorum
3347 3076 3483 3147 Dei,
3512 3078 3701 3135 dilecto
3773 3057 3784 3178 Ι

2035 3165 2159 3223 filio
2198 3166 2535 3221 Mnestheo
2559 3163 2768 3221 abbati
2820 3165 2876 3221 S.
2911 3162 3147 3235 Georgii
3179 3163 3260 3221 de
3319 3165 3494 3225 Silva
3545 3167 3704 3238 Nigra
3777 3183 3784 3218 :

2039 3255 2292 3313 salutem
2312 3263 2368 3310 et
2398 3253 2793 3325 apostolicam
2823 3250 3348 3310 benedictionem.

2108 3346 2254 3401 Cum
2297 3340 2730 3398 monasterium
2757 3345 2949 3406 tuum,
3003 3339 3100 3397 cni
3134 3345 3408 3400 auctore
3438 3343 3558 3401 Deo
3582 3359 3706 3417 pre·

2036 3448 2169 3489 esse
2197 3430 2584 3503 dignosceris,
2609 3427 2867 3503 speciale
2894 3428 3057 3486 beati
3087 3429 3248 3487 Petri
3282 3431 3457 3503 juris
3487 3433 3706 3500 existat,

2035 3527 2094 3580 et
2121 3520 2412 3592 regularis
2440 3519 2820 3576 observantia
2847 3516 3449 3592 polleatdisciplinoe‚
3476 3522 3708 3597 dignum

2034 3616 2146 3679 est,
2172 3615 2234 3666 ut
2245 3609 2454 3666 honori
2475 3615 2599 3676 tuo,
2614 3608 2709 3664 cui
2723 3607 2995 3680 ejusdem
3009 3609 3380 3667 monasterii
3395 3610 3710 3670 sollicitudo

2036 3697 2571 3758 administrationis
2628 3695 2946 3764 incumbit,
2996 3699 3057 3752 et
3086 3693 3379 3766 illorum,
3439 3701 3571 3773 qui,
3621 3700 3712 3758 lsr-

2034 3790 2232 3860 giente
2261 3785 2540 3850 Domino,
2569 3784 2631 3840 in
2651 3783 2867 3840 eadem
2894 3782 3173 3842 tibicura
3198 3787 3573 3861 succedent,
3604 3805 3713 3863 spe·

2035 3876 2243 3933 cialius
2294 3874 2702 3937 intendamus,
2756 3876 2813 3930 et
2841 3871 2906 3927 in
2934 3877 3244 3945 quantum
3290 3890 3450 3935 cum
3476 3877 3708 3934 Domino

2036 3980 2383 4039 possumus,
2410 3963 2525 4020 tuis
2558 3962 2670 4034 piis
2695 3960 3006 4018 desideriis
3031 3966 3330 4034 optatum
3381 3965 3449 4023 in
3479 3966 3708 4024 Domino

2034 4054 2111 4110 de
2141 4052 2512 4123 indulgentia
2535 4052 2693 4108 sedis
2714 4050 3062 4123 apostolicae
3104 4051 3566 4124 impertiamus
3595 4055 3712 4114 elfe-

2036 4148 2222 4201 ctum.
2255 4143 2374 4199 Hac
2408 4140 2707 4213 siquidem
2731 4141 2960 4197 ratione
2989 4137 3253 4209 inducti,
3289 4148 3357 4201 et
3389 4145 3712 4203 considers·

2038 4233 2194 4292 tione
2220 4229 2578 4288 venerabilis
2602 4228 2803 4285 fratris
2835 4226 3018 4285 nostri
3041 4227 3352 4289 Gotel'ridi
3373 4235 3710 4308 patriarche

2036 4321 2428 4395 Aquileiensis
2441 4319 2548 4393 qui
2566 4318 2742 4377 nobis
2754 4324 2936 4391 prote
2947 4323 3007 4375 et
3034 4316 3310 4379 ecclesia
3327 4327 3442 4381 tua
3461 4323 3714 4382 affectuo-

2038 4411 2119 4467 sis
2170 4409 2447 4483 precibus
2501 4406 2880 4481 supplicavit,
2944 4404 3369 4467 nihilominus
3401 4413 3714 4486 provocati.

2036 4515 2213 4558 usum
2255 4498 2462 4564 mitra,
2487 4497 2928 4556 chirotecarum
2955 4500 3015 4554 et
3034 4495 3490 4560 sandaliorum
3518 4503 3716 4577 inpre-

2035 4587 2227 4662 cipuis
2258 4584 2762 4653 solemnitatibus,
2794 4591 2917 4643 tam
2942 4583 3384 4648 inmissarum
3399 4591 3714 4672 solemniis,

2033 4693 2220 4752 quam
2272 4675 2332 4732 in
2363 4675 2623 4732 ecclesias
2685 4680 2801 4732 tute
2830 4673 3348 4747 possessionibus
3385 4679 3476 4738 de
3505 4685 3712 4757 apem

2032 4766 2162 4824 licae
2203 4764 2363 4823 sedis
2407 4764 2724 4821 clementia
2773 4764 2880 4820 tibi
2936 4767 2994 4820 et
3046 4766 3392 4826 canonicis
3441 4784 3710 4830 sueono-

2032 4857 2200 4914 ribus
2227 4854 2344 4912 tuis
2387 4851 2802 4924 concedimus,
2831 4858 2888 4909 et
2920 4852 3248 4925 praesentis
3283 4858 3514 4933 scripti
3543 4865 3709 4934 patro·

2034 4945 2188 5002 cinio
2240 4941 2695 5000 confirmamus.
2753 4939 2910 4998 Nulli
2956 4954 3212 5014 quoque
3247 4947 3533 5007 omnino
3561 4947 3711 5006 homi·

2033 5050 2179 5091 num
2200 5032 2373 5089 liceat
2404 5032 2690 5104 paginam
2737 5037 2957 5088 nostrai
2992 5027 3522 5094 confirmationis
3548 5037 3713 5097 intr-in-

2032 5139 2192 5197 gere,
2227 5121 2320 5177 vel
2335 5120 2885 5177 eiausutemerario
2901 5117 3231 5178 contraire.
3271 5123 3335 5181 Si
3367 5127 3528 5200 quis
3549 5133 3710 5186 antem

2031 5217 2244 5272 contra
2264 5212 2377 5267 hoc
2392 5214 2684 5267 attentare
2713 5207 3200 5282 praesumpserit,
3233 5209 3710 5289 indignationem

2031 5298 2460 5374 omnipotentis
2493 5297 2615 5365 Dei,
2651 5298 3043 5356 etbeatorum
3071 5296 3244 5358 Petri
3265 5307 3330 5360 et
3363 5305 3552 5366 Pauli
3579 5320 3710 5381 apo·-

2034 5391 2295 5451 telorum
2323 5390 2454 5463 ejus
2493 5403 2558 5445 se
2590 5387 2820 5445 noverit
2845 5387 3272 5452 incursurum.

2103 5482 2325 5540 Datum
2345 5477 2617 5546 Verona,
2639 5492 2679 5533 n
2708 5473 2966 5537 Kalend.
2993 5477 3320 5544 novemb.
