3784 6000
113 276 235 337 533

603 271 809 335 ntsr.
857 269 1126 334 annun
1169 271 1724 337 'reat-ismarum.
1767 308 1846 321 —
1890 278 2042 340 Lm.
2087 283 2218 345 xn.
2263 285 2718 355 BAanNus
2760 293 2817 355 11
2863 295 3042 358 anx.-

3405 305 3525 368 534

111 405 294 464 tionis
323 405 611 478 ejusdem,
646 420 682 462 a
709 403 863 461 clero
901 407 959 460 et
987 402 1201 475 populo
1240 419 1373 460 cum
1421 405 1657 481 hymnis
1708 411 1768 465 et
1795 410 1849 477 Α
1880 427 2025 483 pus;
2050 415 2360 491 Gildonus,
2379 422 2599 481 electus
2620 425 2801 484 abbas
2820 432 3043 487 Sanctoe
3067 431 3259 492 Maria
3277 435 3349 493 de
3371 436 3526 495 valle

111 494 360 552 canticis
391 493 805 567 spiritualibus
843 493 922 549 sit
971 492 1286 550 honorifice
1327 498 1577 567 recepta.
1640 496 1771 568 lpse

111 588 310 641 autem
343 589 579 656 propter
609 582 950 655 ingruentes
978 580 1235 654 regionis
1266 584 1664 650 necessitates,
1708 585 1769 640 in

111 671 316 729 eadem
349 670 649 742 provincia
670 686 892 726 moram
923 669 1107 726 iacere
1136 671 1477 742 compulsus
1502 677 1625 728 est:
1671 672 1769 728 ubi

116 765 241 819 tam
270 761 551 817 dominus
581 758 913 832 patriarcha
960 776 1137 832 quarn
1187 761 1439 816 universi
1501 777 1765 832 proceres

118 866 238 908 una
259 866 394 906 cum
427 849 585 907 clero
614 856 669 905 et
730 848 967 921 populo,
1025 850 1296 906 consonis
1352 849 1654 907 desideriis
1713 855 1771 907 et

112 940 373 1012 gratuito
405 955 650 996 assensu
681 938 1045 1011 principatus
1079 939 1425 996 Antiocheni
1479 956 1682 996 curam
1712 944 1770 997 et

109 1029 517 1087 omnimodam
534 1031 872 1101 potestatem
897 1028 1016 1099 regi
1037 1028 1300 1098 tradunt,
1323 1031 1401 1084 ita
1420 1034 1480 1084 ut
1501 1029 1768 1103 liberam,

105 1118 266 1174 sicut
295 1118 356 1175 in
390 1133 562 1190 regno
590 1117 861 1188 habebat,
894 1118 954 1174 in
988 1116 1315 1190 principatu
1366 1116 1767 1175 habeatinsti-

108 1206 335 1272 tuendi,
371 1205 748 1274 destituendi,
780 1210 836 1261 et
864 1207 1060 1262 omnia
1083 1222 1185 1278 pro
1207 1206 1447 1262 arbitrio
1477 1206 1766 1263 tractandi

114 1296 478 1355 facultatem.
510 1295 745 1353 Collatia
767 1296 949 1370 igitur
979 1297 1198 1365 liberis,
1230 1296 1318 1353 vel
1350 1296 1598 1352 aliorum
1642 1313 1766 1368 gra-

113 1386 300 1442 duum
331 1387 813 1460 consanguineis,
841 1402 1045 1443 eorum
1077 1387 1175 1459 qui
1210 1387 1268 1442 in
1291 1388 1413 1443 acie
1434 1386 1765 1443 ceciderant

113 1474 605 1547 possessionibus,
639 1479 814 1548 prout
844 1476 992 1532 ratio
1012 1476 1101 1530 vel
1124 1474 1380 1547 regionis
1401 1475 1762 1531 consuetudo

112 1564 491 1637 deposcebat3
521 1564 720 1621 viduis
750 1579 987 1636 quoque
1011 1565 1166 1636 apud
1199 1580 1501 1635 compares
1524 1567 1581 1619 et
1601 1578 1761 1620 com-

112 1653 364 1726 petentis
396 1651 587 1710 meriti
616 1653 796 1721 viros,
830 1653 1038 1726 nuptui
1085 1653 1420 1710 collocatis:
1474 1653 1759 1725 praesidiis

1878 500 2197 574 Josaphat3
2231 510 2460 578 Patrue,
2483 513 2666 570 abbas
2688 514 2758 571 de
2782 524 2978 576 monte
3005 520 3237 579 Thabor
3260 540 3276 593 ;
3300 525 3523 581 Achar-

1880 590 2013 659 due,
2047 594 2204 665 prior
2232 599 2839 676 Templi3'Arnaldus,
2872 609 3038 679 'prior
3096 614 3311 670 montis
3350 613 3521 684 Siou;

1876 681 2188 753 Gerardns,
2222 686 2382 759 prior
2405 689 2667 761 Sepulcri
2694 694 2958 767 Domini;
3021 701 3311 771 Paganus,
3367 702 3520 776 regie

1878 772 2678 848 cancellarius;,Eustachius
2710 783 3005 856 Graniers,
3055 788 3392 848 Willelmus
3449 791 3522 848 dc

1878 859 2069 930 Buris,
2103 867 2446 934 Barisanus,
2475 871 2658 942 Joppe
2681 877 3175 948 constabularius,
3195 879 3520 939 Balduinus

1877 948 1951 1005 de
1982 950 2211 1021 Rames,
2243 959 2301 1012 et
2330 955 2426 1012 alii
2458 958 2630 1015 multi
2655 962 2955 1037 utriusque
2997 966 3240 1037 ordinis,
3264 984 3517 1040 quorum

1878 1054 2191 1098 numerum
2216 1044 2303 1099 vel
2327 1047 2570 1103 nomina
2591 1051 3019 1123 nonitenemus.

2480 1136 2715 1195 CAPUT
2763 1141 2912 1198 XIV.

1874 1218 2113 1276 Rursum
2143 1221 2315 1279 Gaszi
2350 1225 2669 1296 praedictus,
2706 1232 2984 1287 renovatis
3038 1234 3480 1304 expeditionibus
3491 1251 3517 1303 ;

1944 1291 2083 1360 fines
2103 1294 2416 1365 inqreditur
2433 1299 2816 1367 Antiocheam,
2838 1306 2930 1359 cui
2950 1321 3051 1360 rex
3063 1307 3324 1361 occurrit.
3351 1303 3519 1363 Gaui

1947 1380 2070 1420 vero
2099 1368 2397 1438 apoplexia
2429 1373 2606 1427 tactus
2633 1376 2893 1434 moritur.

1941 1456 2107 1511 Anno
2135 1459 2420 1528 sequenti,
2448 1460 2760 1531 praedictus
2792 1465 2921 1521 tidei
2973 1469 3032 1522 et
3077 1467 3331 1524 nominis
3358 1467 3520 1525 Chri-

1871 1543 2046 1600 stiani
2079 1547 2341 1617 pertinax
2370 1556 2422 1606 et
2454 1550 2785 1609 indefessus
2812 1561 3146 1625 persecutor
3172 1557 3358 1628 Garsi,
3390 1564 3518 1616 tan·

1870 1652 2048 1708 quam
2072 1638 2642 1712 vermisssinquietus,
2665 1660 2893 1716 semper
2914 1663 3181 1719 quaerens
3210 1665 3385 1723 quem
3412 1650 3517 1708 ltn-

111 1758 370 1815 qucque,
393 1742 612 1815 quibus
630 1743 937 1799 videbatur
957 1744 1374 1810 necessarium,
1397 1741 1559 1814 viris,
1578 1742 1757 1810 victu,
1790 1777 1838 1844 B
1869 1725 2007 1781 dem
2037 1727 2244 1830 Ρῠθξῑῐ,
2278 1734 2513 1830 {lu-mpla
2560 1733 2863 1790 ⁰0⁰a⁸i⁰¹10
2911 1751 2979 1791 0¹
3011 1738 3166 1810 1·θὸῑῦ
3224 1738 3513 1809 Βῧῠθῦῑῑῑν

109 1833 294 1890 armis
324 1831 665 1906 diligentius
683 1832 1060 1889 communitis
1081 1838 1318 1904 sumpta
1333 1833 1406 1889 ad
1430 1836 1665 1904 tempus
1686 1832 1758 1887 ab
1865 1821 2197 1873 ⁰⁰¹¹V00⁸²¹⁸
2227 1821 2575 1877 m¹¹¹¹⁸f¹b⁰³
2606 1823 2812 1894 copiis,
2846 1828 3086 1897 ⁸PP⁰¹¹i²
3122 1827 3301 1884 05⁸OE
3349 1846 3514 1902 ⁴1¹¹ae-

109 1924 194 1980 eis
225 1922 485 1991 licentia,
516 1920 577 1979 in
609 1938 851 1995 regnum
875 1938 1139 1979 reversus
1158 1925 1261 1979 est.
1287 1921 1394 1977 Ubi
1425 1922 1484 1977 in
1515 1922 1761 1977 ecclesia

108 2010 592 2069 Bethlehemitica
620 2011 861 2069 solemni
921 2011 1193 2067 navitatis
1255 2008 1567 2066 Dominicis
1623 2025 1758 2065 cum

109 2116 291 2158 uxore
318 2105 631 2158 coronatus
659 2109 764 2157 est.

723 2189 960 2246 CAPUT
999 2189 1152 2246 Xlll.

108 2280 270 2355 Apud
323 2280 628 2354 Neapolim,
686 2281 892 2408 arberg-
931 2279 1217 2408 fumaria?
1260 2278 1567 2338 concilium
1618 2278 1756 2335 cele·

893 2369 925 2407 a
955 2370 1041 2409 ur.

179 2443 401 2500 Eodem
432 2458 608 2513 anno,
637 2441 733 2515 qui
762 2447 889 2499 erat
929 2443 1001 2498 ab
1061 2440 1467 2498 iucarnatione
1522 2438 1758 2496 Domini

107 2533 272 2601 1¹20,
303 2547 436 2588 cum
485 2534 743 2605 peccatis
802 2531 1020 2588 nostris
1080 2529 1456 2603 exigentibus
1513 2544 1757 2601 regnum

100 2620 642 2694 Hierosolymorum
674 2621 873 2678 multis
912 2621 1310 2677 vexationibus
1391 2617 1755 2691 fatigaretur,

105 2714 165 2768 et
185 2718 398 2781 proter
434 2726 533 2766 eas
564 2726 689 2783 quae
720 2711 792 2767 ab
823 2709 1087 2765 hostibus
1118 2708 1516 2765 inferebantur
1574 2706 1757 2763 mole·

105 2799 283 2869 stiae,
315 2798 673 2857 locustarum
705 2800 1050 2872 intemperie
1080 2803 1138 2857 et
1163 2798 1440 2855 edacibus
1464 2796 1753 2863 muribus,

97 2890 231 2961 Jsm
263 2888 437 2962 quasi
472 2889 858 2962 quadriennio
889 2888 1162 2944 continuo
1203 2888 1400 2960 fruges
1420 2885 1500 2942 ita
1521 2884 1755 2957 penitus

104 2979 497 3051 deperissent,
519 2984 583 3035 ut
610 2995 783 3037 omne
810 2978 1237 3035 firmamentum
1277 2975 1446 3049 panis
1475 2973 1756 3032 defecisse

104 3069 435 3137 videretur3
478 3069 750 3126 dominus
790 3069 1170 3126 Gormundus
1216 3067 1749 3138 Hierosolymorum

1868 1904 2001 1960 dam
2034 1911 2370 1963 nostrornm
2396 1911 2669 1980 praesidia
2708 1913 3014 1984 obsidet-03
3049 1933 3164 1987 quo
3189 1918 3511 1991 paecognito

1867 1993 2175 2050 dominum
2200 2011 2390 2069 regem
2423 2000 2831 2070 urgentissime
2858 2011 3084 2060 vocant.
3114 2004 3217 2062 Ille
3241 2022 3374 2064 vero
3405 2007 3514 2063 im—

1867 2082 2052 2154 piger,
2082 2089 2389 2156 assumpto
2410 2087 2518 2142 sibi
2551 2089 2859 2147 salutiferae
2890 2095 3080 2150 crucis
3118 2094 3297 2165 ligno,
3349 2096 3511 2169 equi·

1864 2175 2112 2245 tumque
2135 2174 2377 2233 honesto
2400 2180 2698 2249 comitatu,
2722 2183 2795 2237 ad
2819 2187 3012 2253 partes
3029 2183 3162 2241 illas
3199 2189 3507 2258 properat:

1865 2265 2066 2318 vocato
2097 2264 2534 2338 etiam'jdomino
2563 2268 2857 2328 Joscelino
2919 2274 3212 2330 Edessano
3269 2275 3505 2345 comite,

1865 2350 2210 2425 sociatisque
2267 2354 2379 2411 sibi
2431 2358 2811 2416 Antiochenis
2877 2364 3231 2433 proceribus,
3307 2369 3513 2422 contra

1865 2444 2208 2517 praedictum
2235 2450 2535 2517 potentem
2565 2453 2754 2506 castra
2783 2450 2995 2521 dirigit,
3019 2469 3133 2525 quo
3154 2469 3286 2510 cum
3308 2471 3513 2527 perve-

1867 2534 2072 2602 nisset,
2106 2544 2404 2608 sperantes
2425 2537 2485 2592 in
2517 2539 2775 2610 proximo
2797 2539 3016 2597 bellum
3050 2557 3111 2597 se
3151 2542 3507 2611 habiturum,

1864 2624 2110 2695 contigit
2137 2625 2290 2695 quod
2326 2626 2549 2695 morbo,
2581 2628 2679 2700 qui
2708 2630 3008 2701 apoplexia
3029 2629 3374 2703 appellatur,
3418 2635 3511 2690 te-

1864 2709 2145 2781 tigiteum
2170 2728 2383 2768 manus
2406 2714 2658 2773 Domini.
2682 2717 2846 2772 Unde
2870 2726 3167 2788 magnates
3185 2719 3363 2792 quiin
3380 2721 3511 2792 ejus

1864 2808 2027 2856 erant
2056 2802 2334 2869 exercitu,
2368 2804 2649 2874 principis
2674 2805 2767 2860 sui
2797 2807 3060 2863 destituti
3099 2808 3330 2877 solatio,
3384 2809 3512 2868 bel-

1864 2889 1983 2944 lum
2042 2891 2352 2961 prudenter
2406 2910 2670 2967 sanoque
2726 2896 2972 2952 consilio
3031 2896 3468 2956 declinaverunt
3494 2916 3508 2954 ε

1862 2981 2282 3053 dominumque
2301 2998 2471 3039 suum
2495 2983 2554 3039 in
2576 2984 2777 3042 lectica
2797 2986 3143 3045 semivivum
3164 2989 3513 3048 deserentes.

1874 3068 2173 3142 Halapiam
2208 3071 2615 3144 properabant.
2647 3075 2726 3128 Ad
2748 3089 2923 3145 quam
2948 3075 3293 3148 priusquam
3317 3093 3515 3148 perve-

106 3156 462 3230 patriarcha,
484 3159 575 3213 vir
597 3158 905 3230 religiosus
928 3175 993 3213 ac
1019 3159 1232 3215 timens
1251 3160 1457 3224 Deum,
1481 3173 1597 3212 una
1618 3171 1754 3211 cum
1786 3143 1830 3211 C
1860 3157 2075 3229 nitent,
2107 3159 2205 3215 ille
2235 3159 2466 3216 aeternis
2496 3162 2816 3218 tradendus
2846 3162 3154 3232 incendiis,
3210 3165 3501 3224 infelicem

105 3247 353 3304 domino
372 3263 503 3320 rege
522 3248 827 3316 Balduino,
847 3247 1100 3320 praelatis
1123 3263 1356 3321 quoque
1385 3245 1758 3302 ecclesiarum

106 3342 165 3395 et
198 3337 365 3411 regni
395 3338 776 3411 principibus,
799 3340 952 3410 apud
984 3339 1285 3411 Neapolim
1312 3338 1517 3393 urbem
1558 3337 1763 3393 Sama·

106 3428 214 3483 rin
231 3427 662 3492 convenientes,
697 3432 1049 3484 conventum
1093 3428 1389 3501 publicum
1421 3431 1478 3482 et
1535 3426 1760 3482 curiam

103 3516 439 3588 generalem
477 3518 909 3574 ordinaverunt.
946 3517 1053 3574 Ubi
1075 3533 1345 3574 sermone
1384 3516 1455 3572 ad
1476 3514 1757 3586 populum

103 3605 331 3674 habito,
352 3605 773 3664 exhortationis
797 3607 1016 3679 gratia;
1041 3621 1176 3662 cum
1200 3605 1354 3678 apud
1381 3619 1586 3660 omnes
1616 3618 1759 3659 oon-

105 3700 269 3753 stare
299 3695 615 3764 videretur,
646 3697 797 3767 quod
830 3696 1029 3769 populi
1060 3703 1296 3769 peccata
1325 3694 1638 3751 Dominum
1688 3692 1756 3747 ad

104 3782 482 3840 iracundiam
514 3789 954 3855 provocassent,
995 3785 1077 3841 He
1136 3782 1435 3840 communi
1495 3784 1764 3838 statuunt

102 3875 359 3934 consitio
391 3881 582 3933 errata
613 3876 923 3947 corrigere,
954 3879 1013 3930 et
1040 3890 1315 3931 excessus
1385 3873 1642 3945 redigere
1701 3871 1761 3926 in

106 3965 374 4036 modum,
409 3969 475 4021 ut
495 3963 723 4019 tandem
758 3965 826 4019 ad
850 3965 1070 4034 frugem
1097 3963 1353 4018 melioris
1377 3961 1502 4015 vitre
1525 3966 1765 4018 redeun-

104 4056 220 4119 tes,
252 4057 310 4109 et
328 4070 432 4126 pro
454 4053 787 4110 commissis
817 4054 989 4125 digne
1016 4052 1455 4118 satisfacientes,
1496 4064 1628 4104 eum
1654 4047 1764 4103 sibi

108 4142 418 4199 redderent
452 4143 818 4215 placabilem,
851 4143 949 4214 qui
986 4141 1300 4211 peccatoris
1324 4155 1437 4194 non
1467 4140 1584 4193 vult
1615 4154 1765 4192 mor-

117 4241 258 4299 tem,
291 4232 398 4288 sed
447 4234 634 4304 magis
695 4235 761 4287 ut
817 4236 1185 4286 convertatur
1229 4238 1287 4285 et
1333 4228 1486 4282 vivat
1547 4226 1756 4300 (Ezech.

107 4322 337 4392 xxxin).
373 4321 635 4378 Deterriti
667 4337 802 4391 ergo
835 4321 1021 4391 signis
1053 4321 1125 4374 de
1154 4318 1295 4374 coelo
1324 4316 1669 4383 minacibus,
1704 4319 1763 4371 et

109 4416 440 4468 terraemotu
474 4410 786 4483 frequenti,
821 4410 981 4464 clade
1013 4424 1260 4480 quoque,
1294 4406 1476 4463 simul
1506 4412 1563 4463 et
1593 4406 1760 4462 famis

1869 3249 2084 3305 dicitur
2108 3249 2366 3306 animam
2398 3251 2722 3307 exhalasse.
2758 3254 2873 3309 Rex
2901 3270 3131 3326 quoque
3163 3254 3314 3311 l'acta
3355 3256 3512 3327 apud

1867 3339 2237 3395 Antiochiam
2271 3357 2453 3408 mora,
2486 3357 2612 3411 quae
2643 3341 2948 3397 videbatur
2975 3360 3081 3415 pro
3112 3348 3374 3416 tempore
3420 3359 3510 3401 ne-

1868 3430 2140 3495 cessaria,
2173 3430 2231 3484 in
2266 3445 2527 3501 regnum,
2562 3436 2794 3486 auctore
2815 3430 3087 3502 Domino,
3106 3449 3309 3505 sospes
3330 3449 3516 3491 rever-

1868 3534 1972 3575 sus
2001 3522 2120 3584 est3
2154 3519 2307 3589 apud
2331 3524 2612 3591 utrosque
2634 3524 2751 3575 tam
2775 3519 2834 3573 in
2867 3535 3040 3592 regno
3063 3537 3238 3591 quam
3260 3522 3321 3577 in
3352 3522 3517 3595 prin-

1869 3609 2088 3682 cipatu,
2124 3610 2350 3665 meritis
2381 3611 2506 3665 suis
2537 3610 2593 3663 id
2627 3608 3013 3677 exigentibus,
3062 3609 3278 3665 charus
3308 3612 3515 3668 admo-

1871 3696 2009 3753 dum
2043 3703 2099 3754 et
2129 3703 2434 3767 acceptus:
2471 3703 2782 3767 utramque
2812 3695 3092 3752 nimirum
3135 3697 3515 3756 administra-

1872 3788 2087 3843 tionem
2124 3787 2372 3842 fideliter
2400 3787 2716 3856 devoteque
2747 3785 3042 3858 implebat,
3067 3787 3228 3858 regni
3250 3785 3516 3846 videlicet

1871 3881 1931 3931 et
1964 3875 2345 3945 principatus,
2377 3874 2511 3930 licet
2540 3872 2791 3929 multum
2814 3875 3102 3930 distarent
3129 3875 3201 3929 ab
3239 3874 3510 3932 invicem.

1872 3965 1986 4020 Nec
2017 3969 2143 4019 erat
2176 3963 2339 4019 l‘acile
2368 3964 2718 4022 discernere.
2752 3961 2941 4017 utrius
2970 3961 3362 4019 sollicitudine
3385 3981 3513 4020 ma·

1871 4054 1959 4124 gis
1990 4053 2344 4124 angebatur:
2381 4052 2517 4107 licet
2548 4067 2792 4122 regnum
2824 4053 2949 4121 eJus
2980 4058 3135 4108 esset
3167 4053 3511 4125 proprietas,

1872 4159 2045 4215 quam
2078 4144 2250 4200 etiam
2277 4143 2348 4200 ad
2380 4158 2744 4199 successores
2766 4158 2904 4198 suos
2941 4143 3073 4212 jure
3099 4149 3293 4214 posset
3324 4149 3514 4201 trans-

1872 4235 2139 4301 mittere;
2176 4234 2533 4303 principatus
2563 4247 2716 4300 vero,
2770 4231 3147 4288 commissus.
3201 4232 3515 4305 Majorem·

1872 4323 2177 4394 quostiam
2202 4322 2499 4378 videbatur
2522 4338 2622 4391 pro
2645 4325 2802 4377 statu
2824 4321 3320 4378 Antiochenorum
3355 4322 3515 4379 exhi-

1873 4413 2006 4469 bere
2022 4412 2385 4485 diligentiam
2411 4429 2427 4480 ;
2452 4412 2509 4467 in
2531 4427 2715 4481 eoque
2736 4427 2798 4466 ee
2819 4411 3183 4467 continuavit
3203 4411 3356 4468 bona
3377 4413 3515 4480 fide,

106 4500 402 4573 angustia,
432 4507 491 4557 ot
513 4500 768 4556 hostium
801 4504 1064 4572 proterva
1095 4498 1267 4554 nimie
1296 4501 1353 4553 et
1384 4512 1525 4567 pene
1555 4494 1748 4570 quoti·
1789 4501 1845 4567 D
1879 4520 2066 4576 usquo
2106 4504 2175 4557 ad
2227 4503 2537 4558 adventum
2595 4502 2816 4558 domini
2875 4500 3201 4557 Boamundi
3242 4502 3519 4571 junioris.

109 4589 310 4646 dianis
339 4589 641 4658 instantia,
673 4606 774 4661 per
802 4605 980 4661 opera
1012 4587 1246 4660 pietatis
1274 4589 1589 4643 Dominum
1643 4584 1757 4641 eibi

111 4678 485 4739 reconciliare
505 4684 851 4751 quaerentes,
884 4678 955 4733 ad
989 4693 1217 4733 morum
1249 4676 1589 4747 erigendam
1631 4689 1761 4731 cou-

110 4769 581 4840 servandamque
595 4768 974 4840 disciplinam,
988 4766 1463 4839 vigintiquinque
1480 4765 1760 4837 capitula,

111 4858 278 4931 quasi
305 4856 421 4913 vim
453 4856 601 4929 legis
629 4856 973 4922 obtinentia,
1008 4855 1078 4910 de
1108 4853 1410 4910 communi
1448 4857 1764 4910 sanxerunt

112 4945 379 5003 arbitrio.
409 4948 540 5011 Quae
571 4946 777 5017 siquis
808 4944 1040 5016 legendi
1063 4944 1281 5006 studio,
1318 4944 1512 5001 videre
1533 4945 1762 5015 quaerit,

113 5037 176 5093 in
207 5035 528 5092 multarum
563 5034 813 5091 archivis
842 5032 1239 5100 ecclesiarum,
1263 5048 1328 5089 ea
1360 5032 1528 5089 facile
1568 5049 1764 5105 reper-

111 5128 198 5183 ire
218 5128 428 5198 potest.
457 5124 862 5181 Interfuerunt
883 5126 1077 5177 autem
1120 5121 1255 5177 huic
1312 5121 1593 5177 concillo:
1655 5122 1765 5177 do-

111 5215 312 5270 minus
349 5213 749 5280 Gormundus,
799 5212 1334 5284 Hierosolymorum
1398 5210 1765 5281 patriarcha:

111 5301 390 5359 dominus
421 5300 765 5371 Balduinus,
821 5299 1350 5372 Hierosolymorum
1408 5315 1479 5355 ex
1551 5297 1769 5354 Latinis

109 5407 211 5449 rex
242 5391 572 5454 secundum
593 5390 964 5452 Ebremarus‚
988 5387 1368 5445 Gaesariensis
1391 5386 1770 5459 archiepisco·

111 5496 261 5555 pus;
295 5480 654 5548 Bernartius,
673 5479 1007 5535 Nazarenus
1038 5476 1349 5550 episcopus
1369 5495 1384 5545 3
1403 5475 1769 5546 Asquitilius,

111 5568 543 5629 bethlehemita
559 5567 898 5642 episcopus;
917 5566 1204 5640 Rogerus,
1215 5564 1526 5626 Lindensis
1539 5565 1774 5639 episco-

1868 4597 2023 4651 sicut
2051 4593 2111 4648 in
2143 4592 2640 4661 subsequentibus
2680 4591 2927 4647 dicetur.

1872 4776 1986 4831 Rex
2006 4773 2216 4829 civibus
2245 4697 2761 4841 Hierosotgffnlitgv'fis
2779 4696 3167 4825 {Xr'aimodam
3222 4768 3389 4825 donat
3440 4769 3517 4825 ti-

2101 4844 2389 4909 berialem,
2419 4848 2476 4897 et
2505 4856 2599 4897 suo
2636 4840 2939 4899 communie
2973 4841 3282 4910 privilegio.

1945 4935 2052 4990 Per
2084 4932 2237 4988 idem
2268 4938 2528 5003 tempus,
2570 4946 2699 5001 rege
2738 4929 3153 5000 Hierosolymis
3209 4927 3514 4997 existente,

1876 5025 1969 5098 pia
1995 5023 2337 5079 liberalitate
2366 5025 2425 5077 et
2452 5020 2760 5093 largitione
2777 5017 3108 5090 principali,
3130 5018 3357 5075 civibus
3378 5035 3521 5077 oon-

1877 5114 2017 5170 tulit
2034 5110 2596 5184 Hierosolymitanis,
2622 5112 2681 5165 et
2701 5106 2892 5180 sigillo
2913 5106 3069 5178 regio
3091 5107 3517 5165 communitam

1877 5206 1963 5262 eis
1985 5204 2239 5276 praecipit
2261 5201 2532 5272 paginam
2558 5198 2705 5265 fleri,
2732 5197 2789 5253 in
2820 5201 3162 5270 perpetuum
3185 5196 3519 5265 valituram,

1881 5294 2211 5351 libertatem
2245 5288 2759 5353 consuetudinum,
2792 5300 2915 5358 quai
2945 5304 2977 5341 a
3021 5284 3245 5341 civibus
3299 5300 3521 5341 merces

1880 5381 2265 5439 intercutibus
2295 5377 2382 5434 vel
2413 5376 2791 5433 efferentibus
2846 5374 3071 5431 solebat
3099 5374 3288 5445 exigi:
3329 5373 3410 5430 ita
3458 5377 3525 5431 ut

1881 5474 1951 5530 de
1979 5474 2209 5536 caetero,
2240 5467 2431 5525 omnis
2463 5466 2700 5522 Latinus
2730 5463 3059 5535 ingrediens
3087 5463 3176 5519 vel
3196 5461 3520 5535 egrediens,

1883 5563 2007 5623 sive
2062 5557 2445 5620 mercimonia
2482 5555 2737 5613 inferens
2804 5554 2926 5612 sive
2980 5554 3258 5626 educens,
3278 5554 3523 5614 omniuo
