3784 6000
114 368 119 373 ,
191 303 308 367 aot

1269 293 1697 361 GUILLELMI
1736 296 2121 363 TYRENSis
2164 293 2522 359 anonim).

3489 304 3613 369 308

192 453 367 508 opere
395 434 604 503 solido,
637 433 792 491 sicut
820 435 878 488 et
907 435 1064 489 totus
1098 447 1242 500 pons
1274 436 1394 487 erat
1422 434 1778 500 compositus
1815 449 1828 490 :
1870 435 1921 501 A
1956 449 2053 490 rex
2082 432 2233 488 Juda
2261 447 2394 488 cum
2431 430 2569 487 tiliis
2609 433 2743 488 ante
2790 431 3333 492 Nabuchodonosor
3364 435 3614 513 Babylo·

197 527 256 586 iti
281 528 496 599 quibus
537 536 769 581 centum
823 522 925 576 viri
981 522 1154 576 fortes
1194 527 1252 576 et
1301 522 1358 576 in
1392 523 1572 576 armis
1605 523 1849 585 strenui,

198 632 367 673 arctis
400 632 570 670 usum
603 614 885 669 hibentes
919 611 1262 667 familiar-ern
1297 619 1353 664 et
1385 613 1699 673 sagittandi
1738 629 1844 679 pe-

200 706 417 772 ritiam,
446 704 514 757 ad
547 718 743 757 earum
794 702 1119 758 custodiam
1167 710 1329 755 erant
1377 700 1654 772 duputaii,
1689 709 1745 756 et
1778 709 1843 756 ut

18 858 25 867 =
104 810 109 815 ·
200 794 452 853 transire
499 793 758 848 volentes
806 809 839 846 a
869 793 1033 847 vadis
1088 798 1144 845 et
1178 792 1434 848 lli-niuis
1458 809 1690 846 accessu
1726 793 1850 845 vio·

203 885 385 940 lenter
410 890 688 937 arcerent.
712 883 1076 938 ‚advenerant
1124 889 1395 950 praeterea
1442 883 1512 934 ab
1545 882 1844 935 Antiochia

197 971 427 1044 equites
455 969 826 1038 septingenti,
858 970 955 1042 qui
990 969 1047 1023 in
1075 971 1346 1024 ulteriore
1367 971 1624 1038 ejusdem
1651 969 1843 1024 flumi-

198 1061 290 1116 nis
319 1060 444 1130 ripa
491 1058 818 1128 constituti,
850 1058 997 1114 vada
1055 1063 1614 1131 praeoccupaverant‚
1647 1064 1844 1115 trans·

196 1146 349 1207 itum
380 1148 599 1206 nostris
626 1149 865 1205 omnino
895 1165 999 1221 pro
1018 1149 1242 1204 viribus
1261 1149 1586 1205 inhibituri.
1614 1148 1842 1205 Fluvios

198 1247 416 1307 eutem,
447 1237 549 1312 qul
579 1253 722 1310 pons
752 1238 1155 1310 superpositus
1183 1243 1275 1292 est
1307 1237 1636 1307 praedictus,
1654 1242 1847 1295 Oron-

198 1331 291 1386 tes
318 1326 664 1399 appellatur,
694 1326 867 1383 verbo
915 1326 1132 1397 vulgari
1165 1326 1267 1382 Ver
1301 1326 1515 1394 dictus,
1547 1329 1645 1399 qui
1678 1327 1750 1382 ab
1779 1344 1846 1384 eo

199 1415 330 1476 loon
359 1432 531 1474 aecus
564 1416 923 1473 Antiochiam
956 1415 1237 1483 defluens,
1267 1415 1405 1471 inde
1452 1415 1521 1472 ad
1557 1433 1712 1472 mare
1742 1417 1848 1474 de-

200 1507 449 1568 scandit.
480 1512 561 1564 De
581 1507 690 1563 hoe
735 1507 974 1577 quidam
1014 1506 1306 1564 somniare
1343 1505 1555 1569 solent.
1586 1507 1737 1580 quod
1771 1506 1848 1563 sit

204 1594 405 1657 Perfer
433 1595 698 1654 Damasci
731 1596 944 1653 fluvius
967 1613 983 1665 ς
1007 1597 1107 1652 sed
1141 1602 1505 1667 compertum
1542 1596 1847 1664 habemus,

204 1687 359 1761 quod
409 1701 607 1742 errore
653 1685 986 1749 trahuntur.
1017 1684 1116 1757 qui
1166 1684 1276 1741 hoc
1316 1689 1608 1741 asserunt.
1651 1683 1850 1743 Farfar

202 1774 358 1834 enim
392 1777 450 1832 et
480 1773 705 1830 Albane
733 1790 766 1829 a
812 1773 1033 1830 Libano
1081 1773 1382 1829 trahentes
1431 1776 1714 1845 orginem,
1745 1790 1849 1844 per

199 1861 841 1926 aerumnamascenum
865 1878 1031 1918 secus
1055 1862 1243 1933 ipsam
1270 1861 1469 1919 urbem
1504 1862 1849 1932 defluentes,

198 1953 259 2012 in
291 1950 585 2013 Orientem
617 1956 950 2025 properant,
984 1951 1082 2006 ulii
1120 1951 1177 2007 in
1228 1967 1476 2009 arenosa
1533 1951 1852 2010 solitudine

198 2041 444 2100 deficere
471 2040 786 2106 dicuntur3
819 2040 1067 2096 Orontes
1107 2056 1240 2096 vero
1278 2056 1449 2097 secus
1483 2040 1849 2113 Heliopolim,

198 2130 453 2207 qunalio
473 2130 705 2186 nomine
719 2129 1050 2200 appellatur
1078 2128 1319 2198 Malbec,
1353 2132 1493 2200 prim
1509 2147 1602 2185 um
1631 2132 1851 2188 hatiene

199 2222 527 2286 exordium,
563 2237 664 2292 per
683 2221 1001 2277 Caesaream
1034 2226 1092 2276 et
1124 2221 1454 2291 praedictam
1483 2221 1847 2279 Antiochiam

6 2376 17 2387 ι
82 2344 89 2349 -
198 2311 260 2369 in
291 2326 449 2367 mare
478 2310 778 2365 descendit
813 2309 1322 2366 titionem-aueum.
1365 2309 1710 2366 Pervenit-ns
1742 2312 1844 2377 igi·

201 2401 304 2455 tur
357 2400 429 2452 ad
492 2402 723 2468 pontem
786 2395 1251 2452 Normannorum
1294 2412 1513 2463 comes,
1555 2414 1688 2454 cum
1722 2399 1847 2454 suis

201 2485 674 2559 expeditionibus
702 2485 951 2541 transire
1000 2485 1329 2556 prohibitus
1353 2493 1461 2549 est,
1494 2492 1618 2543 tum
1651 2489 1722 2543 ab
1756 2487 1846 2544 his

202 2575 305 2651 qui
338 2575 394 2631 in
447 2575 708 2629 turribus
756 2579 924 2629 erant
979 2590 1160 2643 super
1217 2578 1466 2644 pontem,
1497 2582 1622 2631 tum
1651 2581 1722 2631 ah
1753 2577 1847 2633 his

198 2665 375 2723 etiam
399 2664 495 2737 qni
521 2662 784 2720 fluminis
817 2663 1149 2719 ulteriorem
1176 2671 1594 2723 occupaverant
1624 2667 1842 2736 ripam:

192 2752 382 2813 fectus
410 2759 503 2809 est
525 2753 717 2820 itaque
743 2751 959 2808 ibidem
983 2752 1288 2809 conflictus
1307 2756 1842 2823 asperrimus,itum

190 2846 249 2901 et
275 2841 457 2900 nostri
515 2840 794 2897 violenter
849 2841 1092 2898 fluvium
1154 2848 1403 2897 transire
1446 2845 1753 2910 nituntur;
1786 2851 1845 2900 st

192 2931 395 2989 hostes
418 2932 667 2987 transire
707 2930 1040 2987 volentibus
1089 2930 1330 2987 omnino
1371 2935 1765 2990 contradicere
1786 2939 1844 2989 et

191 3022 411 3080 evadis
430 3036 648 3085 arcere,
680 3020 1023 3092 sagittarum
1076 3021 1342 3075 immissa
1395 3024 1679 3093 grandine
1711 3039 1843 3078 mo—

183 3108 438 3167 liuntur.
471 3108 739 3181 Dumque
772 3110 827 3163 in
863 3112 971 3163 hoc
1002 3110 1278 3182 utrinque
1302 3110 1652 3167 desudarent
1681 3120 1838 3169 atro-

1962 523 2186 578 ninrum
2213 538 2401 589 regem
2437 522 2716 575 deduc-,tua
2762 527 2872 590 est,
2907 521 3000 577 ubi
3054 521 3110 578 in
3148 524 3325 594 patris
3356 543 3615 596 presen-

1958 612 2036 666 tia
2070 613 2220 667 lilios
2250 628 2378 677 eius
2410 611 2592 665 occidi
2621 612 2904 679 nraeitepit,
2939 620 2995 666 et
3025 613 3213 678 ipsum
3254 630 3611 686 consequen·

1956 707 2046 756 ter·
2098 702 2286 756 oculis
2337 701 2566 768 privari.
2603 699 2781 763 Hanc,
2829 709 2955 769 post
3006 710 3249 758 mortem
3294 707 3606 762 Alexandri

1960 790 2307 851 Macedonis,
2350 790 2680 852 Antiochus,
2717 792 2812 860 qui
2878 797 3005 861 post
3070 808 3201 847 eum
3264 797 3424 865 regni
3479 798 3608 865 ejus

1959 888 2177 950 pirtem
2211 879 2481 943 obtinuit,
2516 880 2774 935 turribus
2802 886 2861 935 et
2902 898 3067 936 muro
3102 883 3463 942 validissimo
3490 888 3607 942 cir·

1957 970 2314 1037 oumdatam,
2347 975 2404 1023 et
2458 968 2516 1023 in
2577 975 2789 1024 statum
2829 976 3149 1037 reparatam
3186 974 3506 1042 meliorem,
3536 975 3609 1032 de

1960 1060 2193 1114 nomine
2223 1075 2330 1113 suo
2361 1058 2548 1114 vocari
2583 1059 2851 1131 praecepit
2881 1059 3275 1132 Antiochiam,
3310 1065 3475 1136 regni
3509 1064 3609 1121 sui

1956 1151 2131 1217 caput
2184 1149 2568 1210 constituens,
2602 1151 2659 1203 et
2722 1148 2780 1205 in
2838 1164 2907 1203 ea
2936 1148 3047 1204 sibi
3082 1155 3141 1206 ct
3168 1153 3609 1211 successoribus

1953 1237 2105 1306 ejus,
2128 1237 2185 1292 in
2201 1241 2572 1308 perpetuum,
2595 1235 2961 1294 domicilium
2989 1237 3272 1297 ordinans
3302 1241 3605 1301 familiare.

1956 1328 2020 1385 ln
2053 1327 2161 1383 bac
2215 1326 2612 1398 apostolorum
2662 1328 2953 1398 princepe,
2985 1329 3319 1387 cathedram
3350 1331 3611 1390 obtinuit

1956 1412 2396 1479 sacerdotalem,
2417 1420 2476 1470 et
2508 1414 2819 1484 pontificali
2857 1415 3083 1486 primus
3123 1419 3362 1475 functus
3390 1427 3478 1477 eat
3515 1419 3607 1478 di·

1956 1504 2219 1575 gnitateg
2250 1502 2372 1557 viro
2401 1504 2716 1558 venerabili
2749 1503 3102 1575 Theophila,
3134 1508 3237 1580 qui
3269 1513 3399 1565 erat
3426 1509 3486 1566 in
3518 1526 3609 1568 ea·

1956 1593 2088 1648 dem
2121 1591 2354 1649 civitate
2377 1592 2914 1664 potentissimus.in
2946 1596 3428 1666 propriodomate
3447 1599 3608 1657 basi·

1955 1679 2125 1737 licam
2186 1681 2507 1738 dedicante.
2538 1683 2637 1738 Cui
2689 1681 2898 1752 Lucae,
2933 1699 3003 1741 ex
3050 1686 3256 1743 eadem
3310 1689 3454 1744 urbe
3479 1694 3609 1745 tra-

1955 1769 2104 1827 hens
2134 1771 2568 1841 originem,tam
2602 1770 2979 1843 Evangelium
3003 1789 3204 1842 suum,
3225 1790 3404 1846 quam
3426 1778 3606 1834 Actus

1962 1858 2168 1916 eoribit
2195 1859 2585 1931 apostolorum
2612 1878 2626 1920 ς
2660 1861 2760 1930 qui
2790 1860 2966 1917 etiam
3018 1861 3188 1919 beato
3221 1862 3385 1920 Petro
3415 1866 3610 1939 septi-

1964 1964 2095 2004 mus
2126 1949 2184 2003 in
2206 1950 2407 2005 ordine
2439 1949 2803 2019 pontificum,
2836 1951 2894 2006 in
2948 1953 3151 2008 eadem
3186 1953 3435 2011 Ecclesia
3465 1971 3608 2014 suo-

1960 2037 2156 2094 cessit.
2192 2035 2252 2092 ln
2312 2037 2423 2093 hac
2450 2037 2623 2093 etiam
2668 2035 2889 2106 primus
2930 2038 3192 2098 fidelium
3246 2040 3486 2099 habitus
3515 2047 3608 2101 est

1960 2131 2301 2186 conventus.
2333 2125 2384 2181 in
2412 2142 2525 2195 quo
2554 2131 2611 2181 et
2639 2124 3104 2184 Christianorum
3131 2146 3338 2188 nomen
3366 2131 3601 2190 dedica·

1960 2219 2085 2269 tum
2118 2223 2224 2270 est.
2261 2214 2426 2269 Prius
2456 2217 2636 2283 enim,
2668 2216 2766 2287 qui
2808 2215 3021 2273 Christi
3061 2219 3461 2291 sequebantur
3488 2223 3600 2278 do-

1958 2306 2230 2370 ctrinam,
2271 2302 2567 2359 Nazaraeni
2619 2304 3003 2374 dicebantur-3
3048 2309 3418 2377 postmodum
3467 2326 3602 2370 vero

1958 2409 1991 2449 a
2019 2394 2505 2448 Christodmiucto
2528 2394 2782 2457 nomine,
2805 2396 3149 2452 auctoritate
3171 2397 3329 2453 illius
3369 2399 3597 2472 synodi.

1955 2480 2268 2538 Christiani
2301 2481 2438 2537 dicti
2461 2487 2599 2537 sunt
2631 2482 2830 2537 ildeles
2856 2484 3127 2540 universi.
3162 2483 3326 2542 Unde
3344 2490 3423 2552 et,
3455 2488 3603 2561 quia

1956 2571 2138 2643 gratis
2168 2576 2226 2624 et
2245 2572 2370 2624 siu-⁸
2388 2571 2730 2627 difficultate
2746 2571 3154 2640 praedicantem
3181 2577 3442 2647 suscepit
3460 2581 3604 2646 Apo·

1955 2660 2198 2727 stolum,
2229 2660 2298 2714 ad
2333 2659 2538 2716 Christi
2581 2660 2753 2716 fldem
2809 2663 3163 2720 unanimiter
3191 2680 3511 2735 conversa3
3542 2672 3603 2725 et

1956 2764 2189 2810 nomen.
2222 2749 2376 2818 quod
2411 2749 2565 2804 sicut
2617 2758 2976 2817 unguentum
3019 2753 3290 2821 ell'usum,
3321 2753 3489 2828 longe
3521 2756 3601 2813 la·

1954 2843 2128 2910 teque
2158 2838 2368 2892 redolet
2404 2853 2422 2908 ς
2458 2841 2646 2906 prima
2696 2839 2914 2895 invenit
2946 2847 3004 2896 et
3048 2844 3266 2910 docuit,
3299 2861 3512 2902 nomen
3545 2847 3599 2902 ei

1953 2928 2318 2991 designatum
2352 2934 2440 2983 est
2468 2944 2703 2996 novum,
2725 2939 2780 2984 ct
2810 2928 3125 3000 Theopolis
3154 2939 3241 2987 est
3269 2933 3594 3006 appellata;

1954 3025 2014 3073 ut
2046 3033 2173 3088 quie
2192 3019 2351 3085 prius
2387 3018 2640 3073 hominis
2671 3034 2924 3089 nequam
2952 3026 3010 3074 et
3037 3018 3206 3091 impii
3238 3038 3448 3079 nomen
3474 3040 3598 3095 per·

1951 3106 2184 3169 tulerat,
2215 3105 2343 3176 ejus
2375 3108 2472 3176 qui
2515 3122 2640 3161 eam
2671 3108 2743 3161 ad
2793 3106 2962 3164 tidem
2997 3118 3315 3177 vocaverat,
3349 3109 3597 3169 domici-

181 3199 334 3263 eius,
364 3213 497 3255 ecce
520 3198 705 3269 major
749 3198 1103 3252 adventabat
1132 3200 1437 3255 exercitus.
1471 3203 1834 3273 Cognitoque
1863 3192 1908 3259 C
1945 3194 2086 3251 lium
2119 3206 2172 3250 ei
2214 3196 2418 3250 civitas
2466 3195 2740 3266 deinceps
2787 3197 3201 3268 appellaretur,
3252 3218 3428 3274 super
3486 3204 3594 3259 boc

184 3288 336 3362 quod
370 3288 526 3344 circa
567 3298 797 3357 pontem
829 3302 1023 3342 coines
1045 3288 1224 3358 etqui
1256 3304 1384 3342 cum
1418 3305 1485 3344 co
1517 3307 1833 3362 precesse-

182 3381 336 3441 rant.
364 3375 517 3433 bello
553 3376 969 3432 detinebantur
1005 3376 1291 3447 occupati,
1334 3376 1447 3432 iter
1482 3381 1827 3449 accelerant,

182 3471 245 3523 ut
273 3465 678 3522 laborantibus
709 3465 885 3521 sociis
914 3481 1083 3534 opem
1118 3467 1330 3531 lerant,
1362 3472 1419 3522 et
1447 3466 1692 3523 exclusis
1715 3468 1829 3523 bo-

177 3555 370 3614 etibue
400 3556 706 3611 transitum
756 3553 869 3611 eibi
920 3560 1251 3626 preparent
1280 3557 1637 3623 expeditum.
1661 3556 1832 3613 Post-

176 3659 356 3719 quam
414 3660 548 3718 ergo
579 3644 866 3700 univer-ste
919 3643 1279 3700 advenerunt
1345 3642 1624 3717 legiones,
1692 3662 1830 3703 voce

175 3733 469 3809 preconia
522 3738 581 3789 et
628 3731 787 3787 lituis
812 3733 1179 3800 commoniti,
1205 3749 1370 3788 arma
1398 3733 1743 3805 corripiunt,
1774 3740 1832 3791 ct

172 3822 311 3882 totis
331 3823 553 3879 viribus
576 3822 937 3884 insistentes.
965 3828 1222 3893 pontem,
1253 3821 1522 3878 hostibus
1548 3827 1603 3878 in
1631 3824 1827 3897 lugam

173 3911 382 3982 versis,
410 3910 691 3968 violenter
717 3917 1026 3985 occupant.
1062 3909 1170 3966 Alii
1207 3927 1340 3967 vero
1367 3911 1466 3983 qui
1490 3928 1660 3970 secus
1685 3931 1827 3984 pon-

172 4003 292 4057 tem
327 4005 562 4071 propter
592 4000 844 4055 locorum
879 4003 1208 4071 angustiam
1232 4017 1493 4072 pugnare
1521 4019 1632 4057 non
1669 4011 1827 4074 pote·

177 4098 324 4158 rent,
349 4095 412 4142 ut
442 4086 671 4143 interim
722 4089 894 4143 otiosi
954 4105 1065 4143 non
1129 4095 1544 4159 torpescerent,
1568 4092 1712 4146 vado
1746 4109 1830 4147 rs-

174 4181 337 4247 perte
367 4174 603 4230 nuvium
627 4183 1069 4246 exsuperantes,
1103 4177 1287 4246 ripam
1341 4177 1700 4243 ulteriorem.
1727 4197 1825 4237 ex·

172 4261 357 4318 clusis
383 4261 670 4326 hostibus,
704 4262 948 4317 liberam
980 4266 1300 4333 possident.
1323 4264 1622 4323 Translate
1647 4269 1827 4340 igitur

174 4348 445 4406 universo
471 4348 726 4405 exercitu
757 4366 888 4406 cuin
914 4351 1182 4406 curribus
1221 4358 1278 4409 et
1309 4356 1591 4412 vehiculis
1621 4365 1681 4412 et
1710 4359 1822 4415 im-

172 4440 637 4513 pedimentorum
671 4440 942 4496 universo
972 4454 1206 4511 genere,
1240 4440 1385 4497 citra
1423 4442 1688 4513 fluvium,
1721 4463 1822 4503 sex

1939 3285 2287 3356 condignam
2347 3285 2634 3355 recipiens
2664 3304 2695 3338 a
2727 3284 2971 3342 Domino
3028 3289 3496 3360 retributionem,
3528 3297 3594 3348 ut

1938 3389 2069 3446 quae
2101 3374 2307 3442 prioris
2326 3372 2537 3428 erroris
2570 3376 2874 3443 magistra,
2910 3377 3115 3434 multis
3145 3381 3254 3433 sub
3283 3396 3346 3435 se
3379 3381 3587 3449 positis

1938 3463 2699 3537 regionibusimperaverat,
2734 3468 3102 3534 postmodnm
3133 3475 3186 3524 in
3207 3469 3297 3524 via
3327 3469 3583 3538 Domini,

1936 3560 1995 3610 et
2027 3555 2270 3610 honesta
2290 3571 2518 3610 morum
2542 3553 2873 3625 disciplina,
2904 3559 3139 3611 easdem
3169 3557 3405 3616 haberet
3426 3562 3585 3617 nibi-

1934 3641 2192 3698 lominus
2249 3642 2658 3713 suffraganeas.
2703 3643 2922 3715 Viginti
2958 3644 3109 3700 enim
3162 3648 3580 3718 provinciasin

1935 3745 2037 3787 sua
2062 3729 2473 3799 jnrisdictione
2518 3732 2808 3801 ejusdem,
2843 3737 2956 3789 Deo
3001 3734 3293 3805 amabilia,
3331 3737 3584 3796 civitatis

1935 3820 2150 3876 dicitur
2195 3821 2406 3875 habere
2438 3819 2784 3891 patriarcha,
2818 3838 3063 3894 quarum
3114 3827 3585 3898 quatuordecim,

1934 3908 2199 3982 singulos
2250 3907 2465 3965 habent
2513 3911 2935 3982 metropolitas,
2968 3927 3101 3969 cum
3146 3914 3263 3970 suis
3291 3916 3586 3989 suffraga-

1935 4002 2059 4056 neis
2085 4019 2101 4068 ς
2133 4016 2232 4056 sex
2265 4015 2399 4054 vero
2424 3998 2680 4070 reliqum,
2704 4001 2815 4056 suh
2847 4001 3079 4058 duobus
3100 4003 3586 4079 primatibus,qui

1930 4090 2155 4161 vulgari
2222 4088 2610 4159 appellatione
2662 4089 2944 4144 dicuntur
2973 4089 3297 4161 Catholici;
3331 4109 3580 4166 quorum

1931 4180 2081 4235 alter
2107 4183 2202 4234 est
2248 4177 2535 4244 Aniensis,
2568 4178 2718 4233 alter
2773 4195 2905 4233 vero
2930 4178 3443 4252 Hirinnpulitanus,
3475 4186 3578 4256 qui

1889 4328 1906 4338 ‚
1930 4275 2022 4325 est
2065 4269 2473 4329 baldacensis,-
2501 4282 2634 4323 cum
2685 4283 2884 4324 eorum
2956 4270 3340 4339 suffraganeis
3377 4274 3584 4342 dispo·

1930 4363 2174 4413 nuntur.
2204 4358 2339 4423 Quin
2373 4372 2579 4411 omnes
2612 4372 2727 4412 uno
2761 4358 3014 4426 nomine,
3048 4357 3255 4416 Oriens
3283 4360 3580 4435 videlicet,

1930 4452 2369 4518 nuncupantur,
2402 4446 2557 4501 sicut
2587 4460 2656 4500 ex
2685 4447 2902 4517 synodo
2930 4448 3580 4521 constantinopolitana

168 4528 554 4603 autquinque
580 4529 655 4585 ab
688 4529 830 4586 urbe
860 4527 1145 4586 distantes
1181 4529 1550 4601 milliaribus,
1583 4532 1644 4588 in
1677 4533 1818 4591 locis
1847 4554 1895 4621 D
1926 4535 2237 4607 colligitur,
2270 4543 2397 4607 quae
2429 4533 2515 4590 sic
2558 4533 2731 4589 habet
2763 4550 2779 4591 ε
2821 4534 3062 4594 orientis
3098 4543 3282 4595 aulem
3310 4542 3580 4612 episcopi,

170 4618 411 4695 pascuis
439 4620 499 4675 et
551 4619 670 4676 late
729 4618 1049 4676 virentibus
1104 4622 1493 4677 castrametati
1521 4626 1683 4679 sunt.
1717 4624 1819 4683 Die
1926 4625 2095 4681 solius
2137 4622 2383 4680 Orientis
2410 4638 2604 4678 curam
2641 4630 2855 4695 quant,
2883 4634 3100 4682 sei-ivaro
3138 4627 3342 4685 honoro
3369 4631 3585 4699 prima·

169 4726 302 4769 vero
322 4710 585 4782 sequenti
616 4711 828 4769 iterum
880 4709 1273 4779 procedentes,
1306 4712 1458 4768 inter
1504 4718 1731 4770 montes
1761 4720 1819 4772 et

169 4800 440 4869 fluvium,
471 4799 622 4859 viam
679 4800 869 4858 secuti
918 4799 1161 4872 regiam.
1210 4805 1348 4859 ante
1403 4801 1605 4861 urbem
1665 4803 1818 4862 inl'ra

171 4888 422 4948 milliare
450 4906 635 4947 unum
665 4898 857 4946 castra
888 4889 1247 4947 locaverunt.

806 4977 1040 5036 CAPUT
1081 4978 1174 5038 ΙΧ.

276 5066 579 5139 Descriptio
608 5067 761 5122 urbis
776 5068 1122 5125 Antiochena-
1149 5076 1204 5126 εἰ
1233 5072 1358 5142 ejus
1393 5069 1704 5141 divnitatis.

239 5158 344 5219 nst
366 5163 561 5214 autem
608 5156 919 5214 Antiochia
959 5159 1159 5216 civitas
1207 5162 1463 5232 gloriosa
1492 5168 1550 5217 et
1581 5160 1813 5233 nobilis,

168 5251 433 5319 tertium,
472 5246 560 5305 vel
584 5248 776 5320 potius
793 5249 1114 5306 secundum
1137 5250 1298 5324 (nam
1323 5252 1393 5307 de
1427 5252 1535 5309 hoc
1564 5253 1817 5309 maxima

169 5341 412 5411 questio
440 5343 547 5406 est)
579 5344 708 5409 poet
738 5340 939 5395 urbem
967 5339 1207 5396 Romam
1235 5341 1535 5414 dignitatis
1563 5345 1813 5415 gradum

168 5427 376 5486 sortita
406 5431 698 5485 :omnium
725 5426 1148 5498 provinciarum
1174 5447 1317 5501 quas
1361 5438 1585 5489 tractus
1622 5430 1816 5488 conti·-

167 5522 274 5585 net
296 5513 630 5585 orientalis,
662 5516 931 5591 princeps
953 5525 1012 5576 et
1045 5520 1411 5578 moderatrix.
1445 5520 1574 5578 Haec
1604 5521 1816 5592 priscis

170 5603 534 5683 temporibus
592 5604 747 5663 dicta
803 5609 888 5662 est
916 5605 1178 5673 Robiain,
1201 5607 1272 5664 ad
1305 5622 1479 5680 qoam
1498 5608 1828 5666 sedechiae·

1926 4717 2014 4771 tus
2047 4712 2306 4771 Ecclesiae
2334 4710 2698 4779 Antiocheam.
2729 4715 2827 4785 qui·
2867 4710 2931 4770 iii
2978 4715 3183 4787 reptilis
3227 4715 3450 4776 Nicen&
3476 4735 3580 4793 ay·

1924 4802 2055 4859 nodi·
2080 4799 2415 4858 continetur.

2566 4906 2804 4968 CAPUT
2845 4912 2924 4971 X.

1920 4999 1985 5056 ln
2028 5013 2133 5072 quo
2183 4996 2473 5070 provincio
2507 4996 2618 5053 si'eo
2671 5009 2785 5081 cat:
2814 4997 3101 5071 descriptio
3146 5014 3362 5075 quoquc
3424 5004 3574 5063 situs

2675 5084 2815 5139 cytis.

1992 5158 2117 5216 Sita
2145 5162 2235 5215 est
2263 5161 2459 5214 autem
2491 5156 2550 5213 in
2583 5157 2901 5228 provincia,
2930 5158 3023 5215 cui
3057 5175 3270 5217 nomen
3301 5162 3577 5236 Syr-iace-

1923 5248 2030 5317 les,
2061 5266 2190 5322 quai
2224 5248 2455 5319 Majoris
2485 5245 2662 5319 Syriis
2704 5264 2838 5318 pars
2874 5263 3000 5305 esse
3019 5248 3396 5319 dignoscitur.
3418 5270 3576 5314 com-

1927 5339 2327 5395 modissimam
2360 5345 2420 5393 et
2450 5352 2735 5393 amoenam
2770 5337 2992 5395 habeus
3023 5340 3396 5411 positionem.
3434 5342 3573 5401 Pno-

1923 5428 2184 5483 tenditur
2213 5427 2482 5491 vallibus,
2515 5440 2722 5496 agrum
2778 5425 3002 5485 habens
3051 5432 3335 5499 optimum
3368 5441 3423 5488 et
3453 5434 3575 5507 gle-

1924 5515 2057 5575 bam
2118 5520 2375 5581 uberem.
2407 5516 2547 5572 rivis
2595 5523 2651 5571 et
2707 5516 2970 5575 fontibus
3002 5523 3120 5575 tota
3151 5535 3298 5592 pene
3326 5520 3571 5600 irrigua,

1924 5606 2258 5665 amoenitate
2303 5603 2644 5678 singularis,
2676 5603 2828 5663 inter
2873 5605 3136 5668 meditm
3168 5613 3462 5672 mentium
3492 5613 3570 5672 ab
