3784 6000
724 362 956 422 CAPUT
994 362 1146 419 vm.

103 479 325 537 J‘mm
350 491 424 532 ez
448 476 603 532 cmiii·
628 479 790 541 perce
825 473 1024 528 civitas
1055 477 1431 538 opiniqnntiir.
1456 470 1641 525 Come-i
1672 471 1766 527 To-

180 550 409 605 loasinus
433 553 625 602 συκίνη
660 561 718 601 ω
747 546 974 608 pinsitum
1001 552 1207 597 Iurrlm
1231 543 1502 597 machmis
1530 548 1580 596 fl
1610 545 1766 597 omni

178 632 303 676 erte
328 619 629 675 debilitare
672 616 1044 685 nititur-‚wem
1103 615 1474 672 resistentibus
1530 615 1762 683 civibus,

188 708 357 765 opera
384 691 754 748 consumitur.

176 798 599 868 Prieoccupato
665 793 883 869 itaque,
941 794 1129 852 classe
1191 793 1481 856 immissa.
1545 792 1761 849 civium

111 904 214 962 per
244 886 445 944 laeam
503 885 801 955 discursu,
830 884 1125 940 decretum
1164 888 1251 940 est
1292 882 1520 952 publice
1538 885 1596 938 et
1626 897 1764 938 voce

105 979 407 1037 indictum
469 976 779 1049 preconia,
828 980 1123 1048 quatenus
1179 973 1438 1045 legiones
1495 973 1764 1044 singulis,

106 1073 267 1127 sicut
319 1069 436 1124 sub
493 1066 664 1123 cerlis
717 1065 1074 1137 principibus
1119 1071 1284 1120 erant
1305 1063 1656 1133 constiiutie,
1689 1064 1760 1119 ad

109 1158 577 1229 impugnandam
622 1155 820 1210 urbem
874 1155 1066 1209 denuo
1097 1153 1343 1208 viriliter
1370 1158 1762 1220 armarentur,

106 1256 163 1305 et
194 1249 428 1320 maj0re
481 1246 655 1302 solita
710 1244 1014 1304 instantia,
1048 1251 1299 1311 quantae
1360 1249 1598 1314 possent
1622 1243 1761 1298 civi-

108 1338 220 1396 bus
258 1337 555 1393 inici-rent
611 1334 928 1396 molestias.
960 1333 1169 1404 Sicque
1228 1334 1439 1404 singuli
1476 1333 1765 1404 principes

109 1445 251 1486 suos
278 1427 614 1483 animanies
644 1423 952 1486 exerciius,
983 1429 1041 1478 et
1069 1430 1326 1479 armatos
1382 1423 1453 1478 ad
1492 1437 1760 1494 congres-

108 1533 243 1575 sum
306 1515 648 1587 dirigentes,
683 1516 870 1569 factus
923 1520 1014 1568 eat
1070 1512 1328 1567 assultus
1385 1510 1557 1584 longe
1593 1511 1767 1569 solito

110 1605 393 1677 asperior.
432 1603 712 1660 ssacbinia
731 1615 965 1674 quoque
989 1601 1272 1659 instantes
1291 1601 1638 1668 animosius,
1669 1599 1769 1658 alii

112 1710 351 1752 murum
374 1691 689 1757 suffodere,
720 1691 816 1746 alii
844 1706 1086 1762 magnos
1117 1697 1497 1762 contorquere
1520 1689 1796 1747 molares·

109 1785 185 1843 ad
206 1782 571 1840 debilitanda
584 1780 1305 1847 moeniasatagebaniAEi-at
1317 1792 1508 1836 auiem
1529 1780 1583 1835 in
1609 1785 1769 1849 parte

111 1869 785 1944 australi.qcedomino
803 1870 1004 1925 comiti
1027 1868 1317 1925 Tolosano
1332 1870 1402 1923 ad
1427 1869 1774 1941 impugnan-

114 1964 257 2021 dum
272 1958 1772 2034 eratdeputata.turris,quaeilamsublimitatesimul

114 2063 173 2114 et
194 2053 477 2131 grossitie
498 2051 725 2109 ceteris
750 2051 1083 2120 notabilior,
1109 2052 1275 2120 juxta
1308 2067 1480 2124 quam
1514 2052 1770 2123 predicti

116 2143 446 2202 Solimanni
480 2158 626 2199 uxor
654 2140 953 2199 dicebatur
1010 2143 1219 2197 babere
1267 2142 1666 2196 domicilium:
1701 2142 1771 2197 ad

118 2235 273 2292 hanc
293 2233 684 2303 dejiciendam
708 2246 903 2288 coines
925 2245 1098 2286 omne
1114 2231 1375 2286 studium
1391 2229 1516 2302 jam
1543 2230 1776 2303 pei-dies

119 2324 346 2396 aliquoi
378 2322 747 2395 impenderat
767 2337 785 2390 ;
808 2321 906 2377 sed
928 2320 1235 2376 inutiliter.
1269 2319 1438 2388 Nam,
1464 2337 1598 2376 cum
1626 2322 1777 2377 iiua-

118 2416 227 2472 bua
261 2412 564 2469 machinis
616 2410 978 2482 jaculatoriis
1036 2427 1162 2465 eam
1197 2410 1493 2466 continuis
1515 2412 1776 2481 jactibus

122 2504 485 2578 flagellasset
536 2503 877 2570 instaniiue,
911 2518 1027 2571 prin
1085 2501 1277 2567 operis
1308 2500 1601 2558 soliditate
1634 2502 1777 2574 lapi·

119 2599 249 2652 dem
281 2602 469 2651 etiam
505 2608 688 2649 unum
711 2591 1311 2649 exeadissolverenon
1331 2598 1575 2664 poterat.
1594 2590 1773 2662 Unde,

123 2704 195 2745 ne
223 2686 300 2742 ab
341 2687 578 2755 incepto
630 2683 798 2754 quasi
857 2684 1040 2739 vietus
1090 2682 1411 2750 desisterei‚
1442 2683 1775 2740 instantiam

123 2776 527 2844 ingeminans,
556 2777 847 2831 tormenta
874 2772 1050 2829 etiam
1087 2772 1438 2844 multiplicat
1465 2780 1519 2828 ct
1549 2779 1776 2829 contor-

127 2868 198 2924 tis
229 2865 564 2937 majoribus
594 2878 867 2920 saxorum
902 2861 1180 2931 molibus,
1201 2868 1260 2919 et
1282 2867 1440 2918 mii-ie
1465 2862 1781 2920 soliditatis

1032 226 1235 290 ulsT.
1283 225 1555 290 RERUM
1599 227 2158 296 TRANSMARm.
2198 264 2277 279 --
2318 229 2477 295 Lm.
2521 227 2629 292 111.

1792 366 1845 434 Α
1877 366 1949 421 de
1978 381 2269 429 successu,
2305 382 2419 436 quo
2476 363 2576 419 diu
2629 363 2806 421 nimis
2856 378 3001 421 usus
3023 364 3231 429 fuerat.
3262 364 3524 421 intume-

1874 472 2063 522 scens,
2123 464 2354 511 nostros
2409 456 2636 526 probris
2693 455 2978 511 afiiciebat
3029 462 3087 510 et
3126 454 3521 523 contumeliis,

1874 545 2103 601 ‹io-sides.
2134 560 2233 600 eos
2258 561 2469 600 vocans
2499 554 2556 598 et
2590 545 2917 601 timiditatis
2947 546 3232 611 objiciens
3258 544 3518 600 iitiilum.

1875 635 2004 691 Erat
2036 641 2226 690 autem
2246 635 2411 690 bicin
2436 649 2504 688 ea
2538 635 2788 705 parteita
2820 635 3150 704 importune
3177 635 3520 701 deamviens,

1874 740 2002 797 quie
2032 725 2267 779 dominc
2297 722 2425 778 duci
2455 728 2509 779 et
2540 724 2665 778 suia
2694 724 3026 778 cohortibus
3054 722 3127 779 ad
3166 723 3521 793 impugnan-

1873 814 2015 869 dum
2048 819 2174 869 erat
2199 813 2512 883 deputata:
2539 811 2693 884 quod
2716 811 2800 867 vir
2822 811 3062 868 illustris
3085 827 3198 867 non
3225 811 3522 881 perferens

1873 903 2149 959 dominus
2207 901 2570 966 Godel'ridus.
2605 906 2841 973 sumpta
2899 900 3102 957 balista
3132 899 3321 957 locum
3356 916 3517 974 quae·

1873 1007 2009 1049 rens
2035 999 2450 1064 opportunum,
2484 1008 2694 1047 manus
2743 996 2945 1046 contra
2979 991 3314 1062 prndicium
3347 1007 3519 1047 caus-

1873 1089 2127 1139 satorem
2186 1083 2403 1149 dirigit,
2437 1087 2493 1136 et
2527 1081 2639 1136 telo
2673 1098 2770 1152 per
2799 1081 2995 1135 vitalia
3025 1081 3261 1149 directo,
3294 1081 3523 1137 confos-

1871 1189 2004 1230 sum
2037 1180 2095 1228 et
2123 1174 2450 1228 exanimem
2483 1173 2552 1227 ad
2588 1179 2798 1226 terram
2834 1172 3286 1238 dejicii,juciam
3306 1187 3407 1239 pro
3429 1171 3520 1227 bis

1872 1264 2148 1319 omnibus
2180 1280 2307 1336 qiiin
2341 1263 2555 1317 nostris
2583 1261 2862 1317 intulerat
2881 1263 3208 1333 rependens
3236 1262 3523 1319 vicissitu-

1874 1354 2092 1409 dinem.
2119 1358 2242 1420 Quo
2275 1357 2443 1418 lacto,
2496 1361 2734 1406 caiteros
2773 1353 3038 1420 ejusdem
3072 1352 3264 1418 operis
3294 1367 3526 1407 consor·

1874 1447 1985 1510 tes,
2015 1443 2114 1515 qui
2149 1446 2204 1497 in
2235 1458 2298 1497 ea
2332 1448 2512 1511 parte.
2534 1441 2694 1496 illius
2715 1439 2978 1508 exemplo
3004 1439 3524 1500 animati.resistc·

1879 1531 2020 1588 bant
2071 1532 2397 1587 animosius
2454 1531 2702 1587 maxime
2747 1532 3062 1598 deterruit;
3094 1530 3175 1585 ita
3233 1535 3299 1585 ut
3331 1529 3526 1588 minus

1881 1624 2197 1694 minusque
2216 1626 2273 1676 et
2289 1618 2534 1675 missilia
2554 1627 3028 1691 contorquerent,
3051 1624 3109 1673 et
3125 1617 3528 1688 jacularentur

1879 1712 2159 1768 convicia.
2194 1709 2303 1768 Alii
2354 1716 2574 1775 tamen,
2612 1710 2710 1783 qui
2768 1711 2826 1765 in
2877 1709 3100 1765 coeteris
3126 1709 3395 1781 partibus
3428 1724 3528 1777 pro

1883 1801 2046 1857 urbis
2077 1801 2411 1857 defensione
2441 1800 2810 1857 desudabant
2852 1800 3151 1868 attentius,
3186 1799 3319 1856 lacti
3347 1799 3527 1869 huJua

1880 1894 2092 1966 ignari.
2125 1893 2515 1949 nibilominus
2570 1894 2641 1948 ds
2697 1891 2958 1947 turribus
3006 1896 3065 1947 et
3123 1892 3303 1946 muris
3331 1896 3451 1946 tota
3466 1906 3528 1948 se

1878 1988 2100 2040 tuentes
2131 1982 2452 2054 diligentia,
2483 1981 2544 2036 iii
2595 1988 2824 2036 nostros
2853 1986 2911 2036 et
2939 1981 3159 2037 coedem
3190 1989 3244 2034 et
3281 1978 3528 2036 vulnera

1881 2073 2022 2129 totis
2055 2071 2277 2127 viribus
2310 2070 3021 2140 procurabantexercere;
3059 2068 3242 2136 picem
3274 2084 3525 2136 quoque.

1882 2162 2074 2219 oleum
2107 2169 2165 2217 et
2195 2161 2481 2229 arvinam,
2509 2164 2791 2215 etcaetera
2839 2175 2967 2230 quai
3020 2157 3307 2214 incendiis
3337 2157 3527 2214 solent

1885 2253 2147 2309 fomitem
2171 2251 2521 2312 ministrare.
2536 2256 2595 2305 et
2609 2265 2884 2305 accensas
2900 2247 3051 2304 l'aces
3073 2250 3129 2302 in
3147 2252 3381 2304 nostras
3403 2263 3526 2304 ma-

1883 2344 2092 2402 chinas
2122 2341 2457 2412 dirigentes,
2487 2355 2587 2395 eas
2615 2354 2685 2394 ex
2700 2343 2864 2408 parte
2885 2337 3271 2406 plurima,ubi
3298 2354 3409 2393 non
3424 2337 3527 2393 ob-

1884 2431 2270 2487 servabantur
2297 2428 2656 2499 diligeniius.
2700 2425 3145 2482 consumebant.
3179 2425 3401 2491 Quibus
3431 2439 3528 2479 au·

1886 2528 1998 2576 lein
2026 2519 2084 2574 in
2120 2527 2277 2588 parte
2307 2514 2548 2572 australi
2581 2516 2650 2572 ad
2702 2514 3149 2586 expugnandam
3193 2513 3527 2584 predictam

1887 2610 2091 2667 turrim
2121 2614 2247 2664 erat
2278 2607 2441 2662 labor
2460 2605 2723 2672 sedulus,
2745 2620 2945 2659 curam
2977 2605 3047 2659 ael
3071 2603 3320 2668 idipsum
3344 2601 3531 2658 conti·

1888 2702 2151 2757 nuabant
2170 2707 2224 2753 et
2253 2697 2514 2752 studium
2539 2714 2555 2762 ς
2576 2695 2672 2750 sed
2700 2694 2960 2749 videntes
2989 2691 3274 2766 quidquid
3305 2691 3531 2748 bester-

1888 2807 1966 2847 na
1995 2790 2087 2844 die
2116 2787 2178 2844 in
2230 2802 2396 2842 muro
2452 2784 2828 2851 suffoderant,
2870 2788 3056 2838 totum
3116 2786 3282 2838 nocte
3329 2787 3533 2838 secuta

1886 2886 2240 2952 reparatum,
2272 2880 2575 2946 emperiint
2627 2872 2751 2928 fleri
2817 2871 3200 2929 remissiores.
3266 2871 3532 2928 videntes

127 2955 406 3015 “⁰25⁶OE
436 2953 744 3023 immifflssi
778 2953 959 3010 ‘5¹1¹ssss
988 2954 1160 3024 089st
1189 2967 1379 3024 “gefe-
1412 2956 1470 3008 Εἴ
1506 2953 1564 3010 Ῑῦ
1591 2952 1783 3024 Ρῦινθ·
1889 2970 2044 3042 quod
2074 2985 2185 3024 non
2221 2966 2585 3040 proficerent.
2609 2962 2878 3033 Dumque
2911 2976 3055 3030 pene
3084 2960 3435 3017 desisterent
3455 2960 3530 3018 ab

126 3063 247 3104 ΝΜ
282 3045 502 3103 ἰθῑίῧῦὓ
547 3044 802 3116 Ῑὸῑῑῧῑῑῦ
860 3045 1090 3101 “⁸⁸0¹Vl·
1142 3044 1304 3109 0⁰⁰0
1332 3043 1537 3100 Viden·
1563 3044 1781 3099 0¹0¹'0i’
1889 3059 2146 3131 incepto,
2167 3055 2547 3127 eccequidam
2570 3052 3024 3109 valdestrenuus
3045 3055 3105 3107 et
3124 3050 3331 3105 nobilis
3351 3066 3532 3122 eques

127 3143 247 3204 ωδ,
272 3137 538 3191 *ὖῦῦῑῑὸ
568 3149 749 3191 “³⁸⁰⁰
778 3149 843 3192 ΒΘ
871 3132 1114 3189 Ῑῦνῑθθῐῐῑ
1159 3133 1530 3189 θθῦθῑῑᾶῐῐῑθί
1561 3132 1778 3190 ”llum
1809 3128 1853 3198 C
1891 3152 1961 3204 de
2017 3147 2270 3205 exercitu
2329 3145 2557 3201 comitis
2615 3146 3110 3210 Norinaniiorum,
3142 3140 3233 3194 sui
3265 3136 3533 3209 exemplo

125 3229 488 3297 exsuperant
518 3240 535 3282 ι
568 3230 628 3280 et
665 3222 737 3279 ad
799 3239 1033 3280 muium
1062 3222 1420 3289 accedenies,
1454 3222 1776 3289 prodiciam

123 3321 337 3374 turrim
359 3315 635 3384 deiicere.
662 3320 765 3371 aut
819 3313 1028 3369 saltem
1064 3315 1349 3385 perforare
1378 3313 1665 3369 nituntur.
1690 3311 1780 3371 Ci-

123 3422 224 3463 ves
254 3412 462 3462 autem
492 3408 856 3475 compertum
893 3404 1174 3460 babentes
1190 3402 1340 3474 quod
1366 3402 1635 3472 predicta
1657 3408 1779 3457 tur-

126 3495 207 3553 ris
229 3495 469 3551 ruinam
530 3491 876 3560 minaretur,
894 3508 1023 3549 eam
1084 3491 1332 3547 interius
1386 3491 1684 3563 lapidibus
1719 3496 1776 3550 et

122 3594 415 3641 eumenio
445 3578 827 3654 repleverunt,
861 3591 917 3637 ui
961 3581 1008 3636 si
1044 3579 1188 3636 torte
1219 3595 1422 3635 murus
1442 3589 1542 3634 aut
1565 3578 1776 3636 suffos-

123 3690 254 3741 sus,
287 3678 399 3730 aut
426 3669 730 3728 tormentis
761 3668 1102 3727 debilitatus
1142 3674 1458 3737 corrueret,
1497 3686 1643 3741 opus
1675 3684 1776 3728 no.

121 3779 258 3820 vum
294 3778 401 3835 pro
431 3767 663 3818 vetusto
717 3760 1075 3826 succederet,
1108 3763 1167 3814 et
1197 3769 1497 3831 penetrare
1536 3757 1777 3815 volenti·

124 3854 235 3912 biis
259 3857 570 3923 prestaret
588 3853 1098 3923 impedimentum.
1128 3850 1317 3907 Nostri
1349 3855 1545 3906 tamen
1567 3850 1679 3906 sub
1699 3854 1780 3906 te·

122 3944 366 4002 studius
396 3943 646 4000 latentes
673 3939 1055 4004 solidissima,
1087 3956 1261 4013 quam
1301 3938 1580 3996 violenter
1608 3955 1779 3997 secus

124 4048 366 4092 marum
417 4030 784 4104 appulerant,
810 4045 1041 4086 murum
1086 4028 1376 4086 suffodere
1423 4029 1777 4087 nitebantur.

124 4123 513 4196 Tandemque
540 4120 805 4178 effectum
838 4127 928 4175 est
958 4125 1021 4176 ut
1052 4120 1335 4187 foramen,
1368 4134 1483 4192 quo
1522 4118 1639 4174 duo
1686 4135 1781 4173 ar-

129 4215 275 4270 mati
308 4211 421 4269 viri
479 4211 709 4269 facilius
762 4214 1001 4281 possent
1049 4209 1285 4275 intrare,
1318 4208 1518 4263 ferreis
1562 4206 1781 4263 instru-

131 4302 350 4361 mentia
379 4306 440 4359 et
468 4300 653 4357 mullo
685 4301 877 4355 latiore
914 4298 1283 4355 conficerent.
1314 4295 1478 4353 Cives
1524 4303 1715 4353 autem
1747 4313 1780 4356 e

130 4406 437 4456 converso,
450 4389 786 4461 importune
809 4387 1217 4446 insistentibus
1238 4385 1479 4443 omnino
1493 4387 1780 4456 resistere,

1885 3240 2087 3295 volens
2118 3237 2262 3292 alios
2303 3238 2586 3304 animare,
2618 3232 2796 3288 lurica
2850 3231 3096 3287 indutus
3153 3234 3209 3285 et
3258 3226 3445 3300 galea,
3473 3230 3536 3287 et

1886 3334 2128 3401 opertus
2184 3327 2409 3399 clypeo,
2441 3322 2652 3378 vallum
2710 3320 3025 3388 transiens,
3056 3319 3127 3375 ad
3162 3334 3398 3375 murum
3422 3333 3528 3374 ac·

1886 3418 2067 3476 cessit
2119 3414 2567 3488 imperterritus,
2599 3426 2806 3467 novam
2854 3409 3115 3482 lapidum
3165 3412 3533 3475 structuram,

1886 3522 2064 3581 quam
2095 3509 2295 3563 eadem
2333 3508 2500 3559 nocte
2528 3503 2683 3557 cives
2711 3506 3127 3570 opposuerant,
3158 3496 3357 3552 volens
3396 3512 3536 3552 con·

1888 3597 2138 3664 vellere;
2169 3600 2227 3652 et
2251 3594 2508 3649 toramen
2540 3589 2695 3661 quod
2730 3588 2999 3643 hesterna
3029 3585 3120 3641 die
3155 3585 3364 3640 facium
3408 3585 3535 3641 fue·

1887 3694 1976 3743 rat
2009 3700 2213 3741 rursus
2245 3696 2504 3754 aperire;
2547 3678 2667 3745 sed,
2701 3675 3061 3731 instantibus
3111 3678 3360 3744 desuper
3397 3687 3533 3729 cum

1887 3776 2046 3831 omni
2079 3771 2520 3843 imporiunitate
2540 3767 2785 3834 civibus,
2810 3781 2913 3820 nne
2945 3764 3191 3819 aliorum
3214 3764 3531 3834 quisquam

1888 3871 1956 3920 ut
1983 3878 2152 3935 opem
2180 3865 2348 3917 t'erret
2377 3874 2558 3915 ausus
2609 3856 2716 3910 l'uit
2766 3853 3059 3919 accedere,
3089 3867 3192 3907 nec
3229 3850 3324 3906 ille
3347 3850 3537 3917 potuit

1886 3966 2299 4011 consummare
2349 3950 2749 4019 propositum:
2783 3942 3010 4015 magnis
3059 3941 3215 3996 enim
3266 3939 3526 4011 lapidum

1888 4042 2145 4099 molibus
2175 4041 2253 4095 ibi
2306 4053 2479 4096 secus
2528 4049 2755 4092 murum
2799 4033 3103 4099 contriius,
3157 4028 3531 4088 cerneniibus

1889 4132 2126 4195 nostris,
2158 4145 2263 4186 nec
2316 4126 2626 4185 subvenire
2673 4120 3023 4184 volentibus.
3055 4120 3273 4177 interiit
3304 4135 3319 4177 :
3360 4119 3529 4190 cujus

1886 4239 2101 4295 corpus
2155 4223 2444 4283 exanime,
2487 4216 2655 4273 uncis
2702 4215 2773 4271 ad
2808 4231 2873 4270 se
2905 4214 3103 4269 lei-reis
3130 4209 3533 4281 sublevantes,

1887 4315 2035 4371 inira
2067 4311 2273 4369 moenia
2304 4309 2429 4365 suis
2476 4308 2810 4377 expositum
2840 4302 3109 4360 ludibriis
3149 4300 3525 4373 dejecerunt;

1886 4405 2244 4476 tandemque
2298 4400 2477 4459 lorica
2534 4398 2816 4455 nudatum
2873 4400 2931 4451 et
2968 4392 3154 4464 galea.
3187 4393 3256 4448 sd
3304 4396 3533 4449 nostros

134 4491 481 4548 ⁸¹⁸⁸ffimffl²⁸
536 4478 926 4554 Μ’δῦωθῡῑίθν
956 4485 1015 4534 θῑ
1052 4482 1203 4533 ἿῙΓΘΒ
1233 4478 1456 4533 Viribm
1487 4493 1603 4533 ¹¹⁰⁰
1637 4477 1780 4534 ⁵⁰¹5·
1809 4505 1854 4573 ι)
1886 4497 2211 4567 rejecerunt
2263 4503 2425 4549 exira
2455 4492 2689 4546 mmnia.
2720 4488 2842 4553 Quo
2871 4485 3082 4542 debitis
3113 4481 3410 4553 exsequiis
3439 4496 3535 4537 se-

134 4572 291 4629 riora
316 4569 529 4643 spirita
560 4571 851 4639 objectare
900 4567 1253 4625 unanimiter
1286 4568 1494 4640 parati,
1525 4570 1776 4624 arcubus

135 4667 192 4718 at
218 4658 475 4731 balistis,
504 4662 562 4716 et
585 4660 741 4716 omni
761 4675 1056 4716 armorum
1086 4674 1317 4729 genere,
1352 4657 1608 4730 lapidum
1641 4674 1781 4726 quo·

139 4766 244 4826 qne
272 4751 649 4808 contorsione
675 4749 1064 4821 pugillarium,
1098 4747 1294 4806 hostes
1332 4765 1366 4804 a
1396 4764 1458 4803 se
1488 4747 1784 4820 repellere,

140 4840 415 4900 eiulatu
431 4839 774 4916 propulsare
805 4839 1139 4897 nitebantur
1161 4838 1428 4912 iujurias.

772 4945 1016 5003 CAPUT
1063 4944 1154 5003 lx.

142 5057 361 5113 Fadum
386 5053 552 5112 ducit
579 5052 861 5125 Gadeffn'di
902 5053 1238 5109 inmortale.
1272 5052 1426 5107 Cives
1480 5051 1543 5107 in
1572 5050 1784 5106 machi·

205 5145 311 5184 aaa
338 5132 561 5183 nonem
587 5126 768 5198 iuvem
800 5129 1114 5184 tramittant
1133 5146 1152 5195 ,-
1170 5141 1329 5182 canu
1356 5123 1645 5189 cuiusdam
1672 5124 1784 5180 viri

206 5198 414 5260 nmis
441 5199 837 5257 temnibilis.

212 5310 345 5366 Erat
371 5312 577 5366 auiam
604 5305 755 5365 inti-r
778 5322 900 5376 sca,
925 5306 1028 5382 qui
1059 5320 1294 5362 murum
1326 5304 1400 5362 ab
1428 5304 1785 5377 impugnan-

144 5396 315 5456 dibna
356 5396 701 5465 tuebantur,
730 5398 962 5471 quidam
1007 5396 1233 5455 coieris
1275 5392 1615 5466 improbior,
1645 5407 1783 5447 ccr-

143 5505 281 5565 pors
304 5502 545 5564 qaoque
570 5492 631 5546 et
675 5488 897 5544 viribus
926 5485 1259 5553 notabilior,
1291 5484 1387 5558 qui
1415 5497 1550 5539 arcii
1583 5482 1644 5541 in
1672 5498 1782 5540 no-

144 5583 295 5642 stros
322 5576 575 5640 inultam
602 5576 950 5652 operabatur
960 5580 1234 5651 stram.
1267 5571 1703 5649 inseparatum
1722 5575 1783 5632 st

1895 4586 2141 4658 pulturie
2190 4582 2427 4643 tradito.
2490 4580 2644 4636 flevit
2701 4592 2877 4647 super
2930 4588 3065 4631 eum
3100 4571 3373 4643 populus,
3403 4569 3535 4640 ejus

1896 4676 2216 4746 plurimum
2268 4670 2691 4728 commendans
2740 4664 3169 4722 animositatem
3202 4668 3259 4714 et
3290 4663 3535 4735 mortem

1895 4766 2025 4836 ejus
2054 4765 2112 4821 in
2145 4770 2457 4832 conspectu
2492 4757 2720 4817 Domini
2754 4763 3027 4827 reputans
3066 4750 3401 4822 pretiosam,
3434 4762 3538 4819 pet·

1896 4871 2073 4928 quam
2096 4847 2709 4925 ejusanimamelectis
2723 4843 3026 4915 spiritibus
3050 4855 3160 4894 nnn
3185 4837 3538 4893 dubitabant

1895 4949 2229 4999 sociandam
2263 4956 2278 4997 ς
2337 4941 2599 4997 omnium
2655 4949 2807 4990 enim
2860 4939 2923 4987 ut
2989 4927 3377 4999 prediximus,
3421 4940 3539 4982 una

1898 5046 2062 5087 mens
2084 5035 2210 5085 erat
2234 5036 2292 5084 et
2320 5029 2520 5084 eadem
2571 5024 2878 5088 sententis,
2909 5035 3009 5076 eos
3068 5018 3167 5091 qui
3213 5017 3298 5073 sic
3331 5017 3385 5072 in
3416 5016 3540 5072 acie

1896 5117 2375 5192 procumbebant,
2399 5116 2574 5170 vitam
2602 5111 2805 5168 mereri
2830 5111 3263 5182 perpetuam,et
3294 5107 3348 5158 in
3376 5109 3540 5174 parte

1891 5212 2066 5268 sortis
2093 5215 2430 5268 sanctorum
2463 5205 2872 5278 proedesiinato
2902 5198 3169 5269 collocari
3195 5197 3255 5251 in
3286 5190 3536 5250 lumine.

2529 5308 2768 5369 CAPUT
2823 5307 2899 5365 X.

1895 5406 2127 5478 Quidam
2163 5403 2498 5474 principibus
2525 5417 2584 5460 se
2606 5399 2768 5475 offert
2794 5398 3022 5458 artifex,
3053 5389 3371 5447 machinam
3396 5402 3538 5445 con-

2102 5481 2292 5545 struit,
2313 5479 2520 5532 turrim
2552 5472 2791 5545 suffodit,
2811 5467 3097 5544 suffetium
3125 5464 3324 5522 diruit.

1966 5569 2190 5629 Interea
2219 5568 2293 5626 dc
2317 5581 2497 5636 mors,
2530 5578 2706 5637 qnam
2747 5560 2860 5619 sibi
2892 5560 3147 5617 fecerant
3186 5554 3536 5622 adinvicem,
