3784 6000
172 221 297 282 621

762 268 767 273 .
826 214 1027 278 HIST.
1076 212 1350 277 RERUM
1392 211 1922 275 TRANSMARIN.
1966 244 2048 260 ·-
2092 214 2243 279 LIB.
2289 216 2420 281 XV.
2465 222 2720 287 FULCO
2762 226 2946 291 REX.

3466 241 3588 305 622

179 353 478 412 mascenis
531 349 868 408 cohortibus
924 349 1253 405 animorum
1305 363 1409 418 par
1462 344 1725 412 affectus,
1770 348 1828 401 et
1855 347 1913 413 Α
1941 347 2149 404 diversi
2181 353 2412 423 generis
2443 355 2717 429 pericula,
2751 359 2915 417 nulla
2937 367 3039 419 aut
3060 367 3291 425 modica
3321 379 3587 443 poterant

180 461 512 502 consonans
534 442 908 498 desiderium.
944 437 1302 512 Experientia
1333 437 1566 509 quidem
1607 444 1662 491 et
1692 452 1828 494 usus
1932 436 2224 508 judicari:
2256 441 2342 498 ita
2380 449 2445 500 ut
2498 445 2714 503 bellum
2764 466 2879 506 non
2925 458 3039 510 tam
3071 470 3207 512 cum
3247 457 3589 520 hominibus

176 548 484 590 armorum
516 531 688 604 longe
718 527 1044 594 dissimilis,
1095 527 1192 584 sed
1239 526 1508 582 voluntas
1582 524 1828 582 nocendi

177 639 296 679 non
328 621 587 678 inferior.
623 623 691 676 At
723 636 855 676 vero
885 618 1130 685 obsessi,
1162 616 1298 672 licet
1318 614 1613 672 continuis
1641 613 1828 670 assul-

174 713 339 768 tibus
360 712 608 783 fatigati,
632 708 843 780 vigiliis
865 713 921 764 et
945 706 1110 763 nimii
1136 706 1353 763 laboris
1368 704 1621 777 pondere
1634 708 1832 762 essent

176 800 390 863 attriti,
422 805 615 856 tamen
649 799 930 854 resistunt
962 795 1234 865 viriliter3
1267 800 1326 852 et
1372 810 1473 866 pro
1504 792 1722 851 viribus
1752 792 1828 848 li·

178 891 488 955 bertatem,
521 904 750 956 uxores,
784 892 840 942 et
868 885 1082 942 liberos
1138 884 1286 940 tueri
1327 887 1679 955 satagentes,
1740 900 1828 939 ur·

179 984 358 1051 geute
371 977 637 1034 molestia
650 975 981 1032 solertiores
993 974 1201 1043 effecti,
1216 975 1286 1029 ad
1303 973 1503 1029 omnia
1515 972 1822 1029 resistendi

179 1084 245 1124 se
277 1071 622 1123 convertunt
649 1070 1012 1138 argumenta.
1041 1063 1143 1120 His
1188 1065 1269 1120 ita
1302 1079 1403 1134 per
1431 1062 1556 1119 dies
1604 1061 1828 1134 aliquot

179 1156 472 1224 tractatis,
504 1156 773 1212 videntur
810 1154 1050 1211 omnino
1091 1170 1203 1209 non
1230 1153 1533 1225 prolicere,
1585 1152 1699 1207 nisi
1731 1168 1827 1208 ca·

175 1245 353 1304 stello
378 1246 567 1318 ligneo
601 1246 889 1301 moenibus
934 1244 1242 1315 applicat0,
1286 1241 1545 1299 obsessis
1578 1242 1829 1310 desuper

180 1335 400 1393 bellum
432 1335 727 1391 inferatur.
763 1334 1026 1405 Cumque
1056 1333 1114 1389 in
1147 1338 1267 1388 tota
1323 1330 1425 1388 illa
1482 1331 1712 1402 regione
1752 1332 1823 1388 ad

180 1442 329 1481 usus
364 1423 1095 1494 hujusmodi,conveniens
1138 1439 1251 1477 non
1305 1421 1664 1478 inveniretur
1710 1438 1828 1477 ma-

178 1517 355 1584 teria,
407 1516 730 1571 mittuntur
785 1516 1138 1571 Damascum
1170 1513 1241 1569 de
1285 1513 1559 1568 mandato
1607 1511 1826 1567 domini

173 1604 444 1672 Ainardi‚
477 1606 575 1676 qui
607 1605 803 1661 trabes
835 1620 1119 1675 procera5‚
1151 1607 1208 1658 et
1240 1602 1491 1667 ingentis
1525 1602 1827 1674 magnitu-

1939 543 2117 599 quam
2140 546 2272 587 cum
2294 533 2527 604 superis
2547 536 2859 594 videretur.
2891 541 3101 599 Fuerat
3118 550 3314 604 autem
3331 548 3403 605 ab
3423 549 3588 607 initio

1938 632 2073 689 spes
2105 620 2384 691 obsessis,
2415 624 2737 697 eademque
2771 630 3040 700 usquein
3068 639 3412 702 praesentem
3446 638 3591 694 arti-

1939 705 2138 763 culum
2171 709 2532 776 fovebantur,
2566 715 2721 784 quod
2751 718 3088 790 sanguinus
3113 723 3202 778 eis
3231 733 3384 783 esset
3415 726 3592 789 mini·

1937 799 2251 865 straturus,
2284 798 2434 855 sicut
2464 803 2521 856 et
2549 801 2661 858 lide
2682 803 3023 877 interposita
3052 809 3402 884 firmaverat,
3438 816 3589 873 sub·—

1941 884 2191 955 sidium;
2219 888 2341 956 sed,
2377 898 2612 963 urgente
2636 894 2761 963 jam
2793 895 3074 965 periculo,
3101 916 3206 957 nec
3230 902 3587 962 subsidium.

1942 991 2047 1031 nec
2076 975 2432 1035 defensionis
2464 979 2629 1037 locus
2655 982 2964 1041 videbatur
2994 987 3253 1047 relictus.

2576 1072 2811 1130 CAPUT
2850 1075 2953 1132 XI.

1938 1177 2193 1247 levatus,
2226 1179 2478 1235 Ecclesiae
2512 1185 2768 1239 Romanae
2814 1184 3056 1255 applicat
3065 1203 3091 1253 ,·
3145 1188 3218 1245 ad
3253 1190 3588 1248 obsidionem

2008 1247 2214 1333 accedit
2232 1267 2255 1312 ,·
2300 1255 2523 1322 capitur
2566 1256 2775 1321 civitae,
2811 1257 2996 1327 ibique
3025 1258 3281 1316 ordinato
3308 1264 3587 1334 episcopo,

2007 1320 2451 1393 Hierosolymam
2476 1326 2754 1396 principes
2774 1343 2960 1383 omnes
2986 1331 3443 1401 proficiscuntur.

2008 1425 2157 1481 Dum
2186 1426 2305 1482 haec
2336 1429 2392 1483 in
2427 1432 2793 1502 expeditione
2842 1441 3126 1506 geruntur
3182 1437 3413 1509 legatus
3447 1440 3591 1513 qul-

1937 1515 2070 1569 dam
2096 1514 2368 1572 Romanae
2389 1518 3586 1601 Ecclesiae,Albericusnomine,episcopus

1938 1600 2285 1674 Hostiensis,
2319 1606 2551 1664 natione
2583 1608 2864 1681 Francus,
2899 1612 2972 1667 de
3006 1614 3345 1687 episcopatu
3379 1617 3589 1674 Belva-

177 1694 367 1759 dinis,
401 1695 472 1750 ad
523 1694 632 1750 hoc
680 1694 1010 1766 specialiter
1067 1692 1251 1748 multo
1311 1696 1446 1748 ante
1493 1693 1824 1763 deputatas,
1858 1713 1909 1781 B
1939 1692 2119 1759 censi,
2178 1695 2328 1764 apud
2378 1695 2656 1754 Sidonem
2712 1700 3019 1771 applicuit.
3077 1701 3331 1760 Venerat
3387 1710 3584 1763 autem

177 1783 510 1855 deportaris
536 1782 747 1840 faciant
772 1787 979 1840 etcum
1003 1784 1163 1839 omni
1185 1782 1424 1838 redeant
1441 1780 1754 1837 celeritate.

833 1890 1067 1947 CAPUT
1105 1892 1179 1946 X.

176 1982 443 2052 Principe
471 1984 523 2035 et
551 1979 748 2035 comite
774 1980 1165 2051 pree-rentibus,
1213 1978 1480 2035 macltina
1534 1979 1606 2034 cd
1662 1996 1833 2047 oppu-

248 2053 533 2124 gnandam
563 2052 755 2107 urbem
784 2055 1056 2122 crinitum
1083 2053 1294 2108 civibus
1323 2067 1417 2123 spe
1436 2052 1667 2108 subsidii
1693 2058 1834 2108 stre-

254 2141 368 2181 nue
396 2139 455 2181 sc
481 2123 816 2193 desentzbm.

257 2231 484 2286 Interea
517 2230 783 2301 princeps
813 2229 1210 2286 Antiochenus
1230 2237 1282 2287 et
1307 2245 1500 2286 comes
1520 2229 1831 2298 Tripolita-

185 2336 303 2375 nus
336 2319 554 2375 nostris
574 2319 745 2374 exciti
778 2319 1179 2388 legationibus,
1204 2336 1335 2374 cum
1370 2319 1709 2390 ingentibus
1737 2336 1832 2376 co-

183 2407 301 2479 piis
331 2419 381 2464 et
414 2407 609 2463 valida
640 2424 843 2475 manu,
872 2413 1070 2480 optato
1097 2407 1490 2475 advenientes,
1536 2409 1743 2464 castris
1773 2424 1833 2465 se

180 2498 521 2570 adjungunt
543 2496 787 2562 nostris3
823 2512 1073 2569 quorum
1098 2498 1346 2552 adventu
1377 2494 1708 2568 geminatus
1745 2502 1835 2553 est

182 2586 441 2642 obsessis
465 2586 655 2653 timor,
678 2592 737 2640 et
766 2586 1072 2641 resistendi
1097 2602 1229 2658 spes
1258 2586 1447 2641 omnis
1478 2584 1603 2640 visa
1629 2591 1719 2642 est
1747 2602 1835 2643 ce-

183 2676 423 2734 cidisse.
456 2677 719 2747 Dumque
751 2677 807 2732 bi
837 2676 937 2749 qui
969 2682 1228 2733 recentes
1258 2677 1630 2745 advenerant,
1656 2682 1836 2734 certa-

185 2768 301 2822 tim
335 2767 484 2823 vires
514 2767 915 2840 experiuntur,
957 2773 1014 2823 et
1052 2765 1242 2822 laudis
1281 2767 1498 2837 cupidi,
1549 2771 1608 2823 et
1637 2767 1834 2840 gloriae

186 2861 601 2927 consequentes
640 2857 827 2928 gratia
878 2859 1239 2928 congregatis
1299 2873 1565 2912 seorsum
1625 2857 1831 2912 urbem

182 2945 538 3019 impugnant
563 2946 935 3020 agminibus;
968 2946 1227 3003 obsessis
1267 2946 1554 3020 ingeritur
1585 2946 1833 3003 formido

184 3036 456 3107 amplior,
483 3043 537 3093 et
568 3037 921 3104 diffidentiam
948 3039 1161 3092 nostris
1208 3054 1340 3093 vero
1388 3054 1525 3110 spes
1581 3038 1650 3094 de
1681 3036 1830 3093 obti-
1863 3079 1908 3146 C

187 3126 386 3183 nenda
398 3126 769 3196 victoriajam
789 3125 1017 3194 certior,
1032 3127 1258 3181 animos
1270 3127 1834 3199 erigens,minuebat

186 3215 1065 3288 taedium‚etadimpugnandum
1082 3215 1551 3286 singulisdiebus
1566 3216 1844 3273 reddebat

191 3303 609 3361 fortiores.Nec
632 3305 960 3371 mors,dum
987 3306 1107 3360 haeo
1128 3306 1282 3361 circa
1305 3304 1508 3360 urbem
1528 3305 1841 3372 flunt,ecce

196 3393 302 3467 qui
342 3400 697 3451 Damascum
757 3394 947 3451 ierant
1000 3395 1332 3462 redeuntes,
1395 3397 1587 3451 trabes
1637 3411 1838 3451 secum

190 3485 351 3541 mirae
385 3485 807 3558 magnitudinis
837 3485 1104 3554 afferunt,
1154 3491 1209 3541 et
1239 3484 1553 3541 soliditatis
1609 3489 1839 3555 optatae,

192 3577 419 3643 Quibus
451 3593 553 3647 per
581 3575 837 3632 artifices
868 3581 925 3632 et
954 3575 1246 3647 lignorum
1270 3590 1510 3630 caesores
1541 3574 1653 3630 sub
1678 3568 1840 3628 omni

193 3665 492 3724 celeritate
511 3665 793 3735 laevigatis
823 3670 878 3721 et
909 3665 1087 3722 clavis
1108 3665 1311 3721 ferreis
1333 3664 1523 3720 debita
1544 3663 1839 3721 soliditate

194 3754 531 3826 conjunctis
580 3755 823 3827 erigitur
872 3754 1062 3810 subito
1132 3753 1438 3809 immensae
1511 3752 1840 3810 altitudinis

192 3844 490 3912 machina,
525 3861 639 3915 qua
659 3846 907 3915 desuper
938 3843 1211 3899 universa
1236 3843 1584 3913 prospicitur
1605 3842 1835 3911 civitas3

188 3939 245 3991 et
268 3934 426 3989 unde
440 3934 641 4006 sagitis
656 3933 933 4005 omnique
949 3932 1193 3988 telorum
1211 3948 1439 4003 genere,
1462 3931 1835 4000 pugillarium

187 4022 596 4095 quoquejactu
622 4019 1466 4094 lapidumarcentoppidanos:
1490 4028 1834 4092 quaerecta,

186 4112 1218 4186 complanatisquaeintermachinam
1235 4117 1291 4167 et
1310 4127 1527 4166 murum
1546 4116 1712 4167 erant
1728 4127 1835 4167 me-

190 4203 309 4269 dia,
335 4202 624 4259 moenibus
647 4202 989 4273 applicatur,
1017 4201 1214 4256 urbem
1237 4200 1566 4271 despiciens
1599 4201 1830 4256 univer·

187 4310 337 4360 sam,
357 4298 636 4365 tanquam
651 4293 830 4348 turris
848 4293 907 4348 in
931 4291 1092 4346 urbis
1111 4290 1303 4345 modio
1318 4291 1509 4346 subito
1526 4295 1835 4362 appareret

183 4383 495 4439 adificata.
522 4384 623 4436 Hic
647 4382 900 4453 primum
924 4382 1073 4437 dura
1095 4380 1365 4446 nimis,et
1385 4380 1455 4436 ad
1480 4396 1828 4452 supremum

185 4471 545 4544 compellens
567 4472 789 4528 defectu
803 4488 878 4539 m,
896 4470 1526 4528 sactaestobsessorum
1542 4468 1832 4541 conditio;
1865 4444 1913 4510 D

185 4576 326 4617 nam
357 4561 428 4618 ad
463 4561 863 4618 contorsiones
893 4559 1155 4631 lapidum
1187 4563 1245 4615 et
1274 4558 1519 4616 telorum
1553 4559 1835 4615 immisio-

186 4666 317 4718 neS,
352 4652 569 4722 quibus
597 4666 698 4707 eos
724 4651 1013 4708 instanter
1043 4651 1347 4723 urgebant,
1380 4649 1479 4721 qui
1507 4649 1566 4706 in
1589 4650 1833 4706 castello

183 4746 375 4807 erant,
405 4756 520 4798 non
579 4747 698 4797 erat
727 4739 966 4796 omnino
998 4740 1321 4796 remedium
1365 4737 1662 4807 invenire;
1716 4756 1834 4796 non

182 4829 591 4886 inveniebatur
626 4829 876 4886 interius
906 4829 1090 4896 locus,
1153 4828 1253 4900 qui
1299 4833 1454 4886 tutas
1484 4828 1702 4886 sauciis
1733 4833 1836 4886 aut

182 4918 477 4975 debilibus
509 4924 708 4992 posset
754 4918 1011 4975 latebras
1044 4918 1394 4988 ministrare,
1419 4918 1509 4975 vel
1556 4920 1628 4976 ad
1687 4936 1833 4991 quas

185 5008 571 5080 confugerent
594 5013 724 5081 post
744 5009 997 5078 labores,
1021 5009 1120 5081 qui
1144 5007 1334 5064 adhuc
1352 5006 1523 5065 solidi
1539 5013 1598 5065 et
1612 5006 1836 5067 viribus

181 5096 424 5171 integri,
454 5098 588 5155 aliis
627 5115 692 5156 se
749 5103 1018 5173 poterant
1076 5100 1351 5170 praestare
1379 5096 1742 5168 defensorem
1777 5102 1837 5156 et

174 5187 305 5259 jam
339 5203 440 5260 per
467 5203 700 5245 murum
725 5189 1049 5246 discurrere
1093 5185 1454 5258 negabatur;
1485 5188 1542 5241 et
1570 5185 1838 5244 deficien-

182 5276 346 5332 tibus
376 5275 566 5347 sociis,
627 5277 848 5349 absque
900 5276 1107 5332 mortis
1167 5273 1420 5345 periculo
1478 5290 1590 5330 non
1623 5273 1836 5333 licebat

182 5380 358 5436 opem
394 5365 575 5437 terre3
609 5384 742 5424 nam
769 5384 896 5440 quas
920 5367 992 5422 ab
1025 5364 1392 5421 interioribus
1437 5364 1839 5421 inferebantur

181 5454 471 5513 bellorum
530 5459 813 5530 pondera,
865 5461 922 5515 et
970 5454 1218 5513 nocendi
1275 5457 1638 5526 argumenta,
1688 5454 1838 5512 tacta

179 5543 499 5615 relatione,
532 5548 605 5606 ad
631 5563 698 5608 ea
731 5564 860 5622 quis
889 5548 961 5607 de
991 5542 1398 5619 superioribus
1446 5541 1839 5604 imminebant

1942 1781 2271 1852 specialiter
2300 1785 2373 1840 ob
2405 1785 2549 1841 illud
2584 1788 2803 1845 missus
2836 1793 3160 1863 negotium,
3208 1795 3359 1865 quod
3394 1796 3449 1850 in
3484 1794 3585 1851 uo-

1941 1869 2122 1927 clesia
2149 1873 2533 1946 Antiochena,
2567 1877 2717 1932 inter
2764 1878 3070 1936 dominum
3106 1882 3497 1953 patriarcham
3529 1888 3588 1941 et

1942 1960 2066 2029 ejus
2098 1961 2410 2018 canonicos
2440 1968 2565 2019 erat
2584 1965 2891 2035 obortum;
2924 1968 3097 2039 cujus
3126 1970 3305 2026 etiam
3371 1972 3585 2043 gratia,

1942 2049 2442 2123 archiepiscopus,
2476 2054 2678 2126 paucis
2710 2060 2846 2112 ante
2872 2055 3099 2122 diebus,
3123 2057 3431 2130 legationis
3459 2061 3590 2118 l'un·

1941 2139 2981 2215 gensosficio,inSyriamvenerat3sed
3019 2154 3201 2203 morte
3236 2155 3582 2218 praeventus,

1941 2228 2030 2283 vir
2059 2229 2191 2284 vitoe
2221 2229 2591 2294 venerabilis,
2631 2232 2908 2289 dominus
2931 2234 3130 2292 Petrus
3173 2237 3587 2309 Lugdunensis

1943 2315 2121 2372 finem
2147 2318 2410 2388 injuncto
2441 2335 2556 2375 non
2589 2320 2777 2392 potuit
2806 2324 2964 2392 dare,
2995 2325 3265 2397 negotio:
3291 2327 3446 2381 unde
3466 2326 3585 2396 hic,

1944 2412 2010 2461 ut
2040 2412 2213 2462 tantoe
2271 2413 2675 2465 controversiae
2734 2410 2991 2467 debitum
3025 2413 3201 2468 finem
3234 2413 3582 2484 imponeret,

1945 2496 2221 2567 praedicto
2251 2497 2565 2552 venerabili
2610 2499 2727 2554 viro
2769 2500 3123 2557 substitutus
3152 2505 3260 2569 est,
3321 2503 3479 2558 sicut
3524 2502 3582 2557 in
3687 2544 3698 2561 .-

1945 2587 2324 2655 sequentibus
2354 2584 2600 2642 dicetur.
2656 2586 2781 2657 Hic,
2833 2587 3030 2645 audito
3062 2591 3215 2662 quod
3276 2593 3585 2647 universus

1942 2674 2312 2730 Christianus
2341 2678 2629 2733 exercitus
2658 2677 2716 2732 in
2740 2678 3048 2736 obsidione
3070 2681 3225 2752 apud
3259 2681 3587 2738 paneadem

1944 2762 2300 2819 detineretur
2328 2769 2386 2821 et
2435 2766 2586 2837 quod
2622 2766 2701 2822 ibi
2733 2768 3010 2824 dominus
3045 2769 3366 2838 patriarcha
3399 2769 3591 2827 Hiero·

1944 2853 2296 2923 solymorum
2318 2856 3589 2934 Willelmus,‹lominusFulcherus,Tyrensis

1944 2942 2439 3016 archiepiscopus,
2472 2963 2604 3004 cum
2638 2948 2855 3005 caeteris
2888 2953 3046 3021 regni
3080 2950 3445 3024 principibus
3469 2966 3590 3008 mo-

1945 3049 2066 3090 ram
2101 3034 2375 3104 facerent,
2405 3033 2543 3091 illuc
2576 3038 2685 3093 sub
2719 3040 2874 3093 omni
2908 3040 3202 3096 celeritate
3246 3041 3589 3098 contendit:

1950 3124 2386 3197 adveniensque
2446 3126 2572 3182 licet
2609 3128 2664 3182 in
2699 3135 2887 3198 coepto
2918 3145 3032 3185 non
3063 3135 3364 3201 torperent
3392 3146 3590 3203 opere,

1948 3213 2048 3268 sed
2094 3216 2382 3270 instarent
2413 3214 2716 3285 ferventer,
2748 3218 2849 3289 qui
2886 3223 2942 3273 et
2983 3221 3182 3275 urbem
3217 3220 3590 3284 obsederant,

1947 3308 2142 3359 tamen
2175 3305 2480 3375 prudentis
2512 3306 2618 3361 viri
2650 3308 2849 3362 studio
2872 3313 2927 3364 et
2946 3311 3287 3367 auctoritate
3304 3311 3592 3367 subnixus

1946 3393 2282 3463 apostolica,
2317 3396 2386 3450 ad
2440 3397 2795 3467 propositum
2830 3398 3076 3469 invitat3
3128 3404 3185 3456 et
3213 3400 3591 3457 exhortatorii

1948 3485 2241 3539 sermonis
2262 3486 2347 3540 eis
2391 3485 2618 3540 addens
2674 3486 2965 3554 stimulos,
2998 3488 3067 3541 ad
3130 3489 3590 3563 impugnandam

1948 3573 2153 3628 urbem
2202 3574 2465 3630 accendit
2495 3574 2918 3630 vehementius.
2970 3576 3201 3632 Interea
3231 3578 3331 3649 qui
3359 3578 3420 3634 in
3454 3595 3588 3635 ma·

1945 3662 2118 3718 cbina
2150 3663 2219 3717 ad
2253 3664 2362 3717 hoc
2393 3662 2654 3733 deputati
2676 3669 2859 3730 erant,
2884 3665 3040 3720 cives
3061 3666 3355 3722 continuis
3378 3672 3591 3739 urgent

1946 3751 2267 3809 assultibus
2286 3771 2301 3821 ς
2323 3756 2381 3807 et
2404 3759 2611 3824 negata
2626 3752 3336 3827 requie,desuperinjecta
3350 3756 3589 3813 terroris

1944 3848 2002 3897 et
2020 3840 2259 3911 periculi
2281 3855 2460 3896 causa
2484 3839 2814 3911 multiplici,
2835 3842 3271 3913 fatigationibus
3330 3843 3589 3901 assiduis

1947 3930 2249 3987 molestias
2284 3931 2678 4000 ingeminant;
2705 3932 2941 4002 jamque
2990 3932 3345 4002 quibusdam
3404 3949 3475 3989 ex
3504 3934 3590 3990 eis

1943 4020 2310 4090 consumptis
2340 4019 2557 4089 gladio,
2590 4019 2945 4092 quibusdam
2978 4038 3111 4077 vero
3136 4021 3427 4079 lethaliter
3450 4039 3589 4079 sau-

1942 4110 2068 4177 ciis,
2099 4108 2228 4165 aliis
2256 4125 2390 4164 vero
2415 4125 2531 4181 prae
2556 4109 2901 4166 lassitudine
2923 4110 3356 4181 deficientibus,
3380 4127 3587 4170 eorum

1943 4197 2313 4255 minuebatur
2344 4213 2647 4266 numerus,
2681 4214 2785 4255 nec
2815 4200 3105 4257 instantes
3157 4217 3318 4258 more
3348 4204 3523 4259 solito
3553 4219 3588 4260 a

1941 4287 2029 4342 sui
2066 4293 2320 4360 poterant
2356 4287 2798 4360 impugnatione
2829 4290 3123 4362 repellere.
3184 4293 3344 4358 Quod
3378 4289 3589 4349 intelli·

1943 4394 2088 4451 gens
2110 4379 2603 4435 Damascenorum
2639 4386 2977 4451 procurator
2994 4391 3047 4438 et
3072 4381 3297 4438 militioe
3316 4382 3589 4454 princeps

1943 4471 2261 4536 Ainardus,
2292 4468 2375 4525 vir
2406 4471 2682 4541 providus
2712 4470 3056 4542 admodum,
3078 4476 3133 4527 et
3168 4472 3404 4527 loederis
3432 4471 3586 4542 quod

1946 4560 2251 4617 nobiscum
2306 4559 2596 4632 pepigerat
2646 4561 3064 4617 tenacissimus
3092 4571 3142 4618 et
3202 4559 3586 4616 fidelissimus

1946 4656 2309 4724 prosecutor,
2341 4650 2533 4705 sciens
2574 4649 2709 4720 quia
2739 4651 2965 4706 vexatio
2997 4648 3093 4706 dat
3148 4649 3303 4704 viam
3335 4647 3585 4716 auditui,

1945 4746 2005 4798 et
2033 4742 2103 4798 ad
2132 4739 2498 4797 conditiones
2546 4748 2629 4794 ext
2645 4754 2834 4795 remae
2885 4745 3295 4796 consummata
3352 4737 3590 4795 miseria

1947 4829 2246 4900 impellere
2275 4828 2439 4898 solet,
2462 4828 2657 4883 missis
2688 4827 2914 4885 occulte
2943 4828 3296 4901 quibusdam
3330 4829 3399 4884 de
3431 4828 3590 4884 lami·

1948 4919 2195 4976 liaribus
2210 4917 2375 4985 -suis,
2408 4916 2509 4990 qui
2525 4916 2801 4973 obsessos
2821 4933 2955 4974 cum
2980 4933 3082 4989 spe
3103 4917 3309 4974 salutis
3330 4918 3401 4975 ad
3422 4916 3587 4974 dedi·

1948 5009 2172 5067 tionem
2194 5006 2526 5072 invitarent,
2549 5006 2791 5063 verbum
2817 5008 3184 5079 proetentavit
3200 5007 3447 5064 fideliter
3468 5024 3484 5077 ς
3503 5005 3590 5063 illl

1945 5101 2143 5155 autem
2175 5092 2431 5166 primum
2462 5091 2842 5151 abhorrentes
2870 5098 2929 5152 et
2947 5092 3237 5167 fingentes
3257 5110 3321 5152 se
3358 5093 3588 5167 longius

1948 5188 2053 5255 ire,
2086 5189 2371 5260 tanquam
2405 5181 2597 5239 adhuc
2628 5182 2931 5239 resistendi
2960 5200 3120 5257 spem
3141 5182 3473 5239 viderentur
3497 5181 3592 5238 ha·

1948 5276 2085 5332 bere
2109 5276 2386 5347 aliquam,
2405 5272 2930 5330 novissimetamen
2947 5288 3075 5330 cum
3090 5273 3367 5331 aviditate
3381 5270 3587 5343 multa,

1947 5371 2246 5435 gratanter
2276 5361 2606 5432 suscipiunt
2629 5360 2890 5419 oblatum
2924 5363 3186 5420 verbum.
3220 5361 3589 5431 Magistratus

1952 5460 2175 5514 tamen,
2206 5467 2376 5523 quem
2431 5450 2545 5523 ipsi
2585 5461 2792 5508 vocant
2840 5453 3007 5522 emir,
3048 5452 3266 5510 nobilis
3332 5451 3503 5508 bomo
3534 5457 3591 5508 et

1950 5546 2181 5616 potens,
2212 5537 2424 5597 oblatis
2453 5538 2655 5612 adjicit
2680 5538 3138 5611 conditionibus,
3195 5543 3262 5596 ut
3288 5553 3395 5610 pro
3424 5536 3588 5595 urbis
