3784 6000
1114 256 1321 320 ms'r.
1370 258 1643 323 RERUM
1684 260 2222 326 TRANSMARIN.
2266 295 2346 310 -
2388 263 2533 326 ΜΒ.
2578 263 2683 328 vl.

197 390 377 465 prius
407 406 522 448 non
552 394 783 464 poterat
810 392 1026 450 habere
1056 392 1308 466 copiam,
1340 408 1438 450 eos
1470 396 1846 467 postmodum
1877 399 1934 468 Α
1965 397 2138 466 tione,
2178 397 2253 453 ad
2300 397 2602 455 ecclesiam
2653 400 2913 456 cucurrit
2959 403 3295 474 unanimis;
3325 410 3386 464 et
3428 408 3602 466 donis

199 482 272 538 ad
306 481 722 555 prosequenda
750 497 993 539 munera
1029 483 1293 539 certatim
1325 484 1614 542 inveniret
1641 487 1847 559 prasci·

192 574 369 644 pites.
412 570 640 627 Dicitur
671 570 868 639 etiam,
899 571 1055 642 quod
1085 572 1377 645 principes
1396 574 1468 630 de
1496 574 1613 630 vita
1642 576 1846 649 despe-

198 664 402 717 rantes
429 665 488 716 et
530 658 740 732 salute,
772 660 972 718 habito
1010 663 1255 718 invicem
1305 661 1574 719 familiari
1604 665 1847 723 consilio

196 747 432 806 occulte
451 749 830 806 decreverant
866 754 951 819 ut,
981 749 1179 806 relicto
1209 748 1426 822 populo
1445 755 1503 809 et
1528 751 1693 823 plebe
1715 755 1845 811 uni·

190 852 391 906 versa,
414 838 530 909 ipsi
558 837 710 894 clam
731 839 803 894 de
832 844 1001 897 nocte
1022 840 1387 911 aufugerent,
1420 843 1494 896 ad
1525 858 1685 899 mare
1716 860 1847 915 pro-

192 931 495 998 perantes.
528 926 690 993 Quod
727 930 1037 1000 postquam
1067 929 1202 985 duci
1229 928 1481 986 innotuit
1509 936 1567 988 et
1596 933 1717 989 viro
1746 949 1844 989 ve-

194 1014 448 1072 nerabili
494 1015 759 1073 Podiensi
789 1017 1083 1089 episcopo,
1116 1024 1498 1076 convocantes
1528 1036 1627 1077 eos
1657 1021 1730 1077 ad
1759 1038 1843 1089 se,

196 1104 456 1175 justisin
492 1120 591 1162 eos
616 1103 1110 1177 increpationibus
1136 1107 1342 1165 invecti
1375 1112 1535 1179 sunt,
1566 1115 1845 1181 ponentes

196 1208 316 1265 pras
346 1192 558 1263 oculis,
589 1209 766 1266 quam
790 1209 1105 1266 perennem
1135 1195 1391 1253 infamiae
1421 1201 1613 1254 notam
1647 1198 1759 1256 sibi
1789 1208 1844 1256 et

195 1281 533 1353 posteritati
554 1298 675 1339 suoe
697 1282 755 1339 in
774 1288 1119 1356 perpetuum
1133 1285 1452 1342 meruerint
1472 1287 1729 1357 predicti
1752 1304 1846 1345 no·

191 1369 350 1428 biles
379 1370 511 1440 viri,
542 1371 642 1443 qui
688 1379 890 1429 contra
916 1372 1278 1430 honestatem
1321 1390 1565 1443 morum,
1594 1391 1843 1448 genero-

190 1459 393 1516 sitatis
407 1475 529 1516 suo
548 1460 746 1519 titulos
759 1461 1156 1534 denigrantes,
1176 1468 1337 1522 tauto
1356 1464 1615 1521 fidelium
1632 1465 1845 1524 Christi

190 1564 255 1605 se
269 1547 521 1622 collegio
530 1550 964 1607 subtraxerant.
980 1551 1371 1626 Eratigiturin
1387 1554 1600 1628 populo
1614 1557 1713 1612 Dei
1726 1560 1844 1612 tan-

189 1642 293 1694 tus
303 1636 722 1695 alimentorum
736 1639 1017 1709 defectus,
1033 1646 1190 1698 tanta
1202 1643 1677 1716 famisaugustia,
1696 1651 1778 1700 tot
1789 1648 1847 1701 et

189 1731 397 1795 tantae,
414 1731 535 1785 tam
560 1729 816 1786 exterius
830 1746 1004 1802 quam
1031 1731 1278 1789 interius
1295 1733 1552 1791 hostium
1568 1734 1775 1806 import
1790 1753 1846 1787 n-

191 1818 434 1886 nitates,
466 1822 535 1874 ut
562 1833 858 1890 nusquam
891 1824 1095 1877 contra
1122 1837 1190 1878 ea
1220 1821 1518 1891 solatium,
1552 1839 1843 1897 nusquam

192 1911 411 1963 contra
439 1909 765 1965 remedium
797 1908 1179 1967 inveniretur.
1211 1913 1452 1981 Majores
1478 1916 1537 1968 et
1566 1912 1845 1983 minores,

189 1995 440 2066 paribus
468 1995 716 2053 involuti
741 1997 1196 2068 calamitatibus,
1228 1999 1448 2057 nullam
1481 2001 1594 2057 sibi
1633 2001 1847 2057 adinvi-

188 2099 323 2140 cem
353 2083 771 2142 consolationis
791 2085 1039 2159 gratiam
1070 2087 1484 2161 impendebant
1511 2105 1526 2144 ι
1556 2105 1845 2146 memores

190 2190 451 2230 uxorum
483 2178 544 2230 et
571 2174 887 2231 liberorum
922 2192 1073 2247 quos
1119 2177 1276 2234 domi
1307 2176 1686 2250 reliquerant,
1718 2195 1845 2235 am-

192 2264 471 2336 plissima
500 2281 628 2339 quas
657 2265 731 2322 ob
760 2265 971 2322 Christi
994 2267 1340 2325 charitatem
1373 2269 1715 2326 dimiserant
1744 2287 1843 2342 pa·

189 2354 505 2421 trimonia,
534 2359 728 2411 mente
759 2355 1046 2427 recolunt,
1069 2361 1130 2414 et
1158 2359 1229 2415 de
1260 2358 1493 2415 Domini
1515 2359 1685 2430 quasi
1705 2375 1847 2418 con-

190 2448 530 2515 queruntur
557 2445 1005 2518 ingratitudine,
1036 2462 1103 2503 eo
1134 2449 1286 2520 quod
1320 2448 1545 2504 iabores
1567 2463 1768 2505 eorum
1791 2455 1850 2507 et

187 2533 524 2591 devotionis
552 2535 948 2592 sinceritatem
983 2553 1097 2592 non
1139 2540 1452 2609 respiciat3
1483 2539 1586 2594 sed
1618 2540 1784 2608 quasi
1816 2557 1846 2594 a

190 2619 315 2678 Deo
342 2622 603 2680 alienum
623 2622 930 2696 populum,
961 2624 1020 2680 in
1055 2642 1261 2683 manus
1284 2627 1538 2684 bostium
1573 2628 1721 2684 tradi
1744 2644 1844 2699 pa-

191 2714 402 2771 tiatur.

783 2802 1017 2860 CAPUT
1054 2805 1204 2861 XIV.

192 2894 373 2950 Petro
400 2892 628 2948 cuidam
663 2893 727 2963 nt
754 2893 1055 2962 revolatu),-
1086 2896 1276 2951 lancea
1304 2896 1527 2953 Domini
1552 2897 1844 2970 reperitur.

591 2964 807 3021 uerum
834 2968 1180 3037 confortatur
1199 2968 1453 3040 populus.

265 3071 425 3128 Dum
455 3085 595 3143 ergo
623 3071 710 3128 sic
749 3072 1100 3143 affligeretur
1130 3074 1228 3131 Dei
1278 3078 1548 3147 populus,
1599 3076 1846 3146 respexit

1959 487 2302 543 muneribus
2353 494 2470 543 tam
2505 488 2826 560 pretiosum
2874 491 3059 548 multo
3107 492 3327 552 honore
3379 513 3606 569 prove-

1957 576 2185 633 nientes
2244 576 2564 646 inventum,
2596 583 2896 649 coeparunt
2946 582 3378 652 quodammodo
3413 603 3448 643 a
3478 586 3603 646 suis

1957 664 2348 721 anxietatibus
2380 665 2682 735 respirare,
2714 672 2771 723 et
2802 667 2860 724 in
2908 669 3206 742 obsequiis
3255 672 3469 732 divinis
3507 692 3597 734 re·

1957 754 2145 825 parari
2179 753 2463 810 fortiores.
2501 754 2755 812 Fuerunt
2794 762 2851 811 et
2906 757 3003 813 alii
3053 761 3345 832 nonnulli,
3378 765 3478 836 qui
3535 781 3601 823 se

1955 841 2225 898 dicebant
2251 841 2504 897 visiones
2534 845 2871 915 angelorum
2902 856 2956 903 et
2998 855 3328 907 sanctorum
3360 858 3601 924 aposto-

1954 929 2144 986 lorum
2174 930 2407 999 vidisse,
2440 931 2658 1001 quibus
2688 934 2855 1003 quasi
2903 936 2960 990 in
2992 937 3240 995 invicem
3273 956 3598 1000 consonan-

1957 1020 2115 1075 tibus
2153 1020 2297 1075 fides
2349 1019 2668 1077 habebatur
2704 1024 2974 1095 amplior,
3005 1032 3063 1084 et
3112 1030 3365 1100 populus
3411 1049 3445 1089 a
3486 1050 3598 1091 sua

1954 1106 2276 1178 deiectione
2327 1110 2660 1180 resurgebat
2688 1111 2747 1167 in
2792 1113 3171 1172 immensum.
3223 1118 3460 1177 Factum
3505 1126 3598 1178 est

1953 1197 2155 1269 igitur,
2186 1198 2256 1251 ad
2303 1198 2738 1269 suggestionem
2771 1204 3189 1261 venerabilium
3221 1210 3279 1262 et
3307 1207 3489 1265 Deum
3521 1209 3591 1265 li-

1957 1286 2239 1342 mentium
2271 1286 2550 1355 virorum‚
2577 1290 2730 1359 quod
2756 1291 3050 1364 principes
3082 1294 3358 1365 universi,
3381 1296 3595 1354 iterum

1954 1380 2086 1433 voto
2115 1383 2392 1447 concepto
2422 1381 2479 1432 et
2513 1377 2862 1448 juramentis
2892 1383 3268 1453 corporaliter
3297 1386 3598 1456 praestitis,

1954 1481 2018 1521 se
2046 1463 2457 1536 obligaverunt
2487 1473 2708 1534 mutuo,
2736 1474 2797 1524 ut
2833 1469 2881 1525 si
2906 1470 3193 1527 Dominus
3220 1488 3319 1529 eos
3351 1473 3422 1531 de
3453 1490 3597 1547 prm·

1953 1553 2106 1610 senti
2138 1567 2276 1609 casu
2307 1552 2627 1610 clementer
2665 1556 2937 1628 eriperet,
2968 1563 3026 1615 et
3055 1560 3127 1616 de
3174 1559 3443 1618 hostibus
3473 1563 3599 1618 suis

1953 1646 2209 1714 optatam
2233 1642 2562 1714 indulgeret
2591 1644 2912 1714 victoriam,
2931 1650 3085 1720 quod
3111 1649 3222 1721 ipsi
3253 1650 3326 1706 ab
3347 1650 3599 1707 invicem

1954 1747 2068 1788 non
2092 1732 2508 1800 discrederent,
2524 1748 2828 1806 quousque
2848 1741 3086 1794 auctore
3106 1737 3374 1801 Domino,
3392 1739 3599 1797 urbem

1954 1826 2239 1887 sanctam,
2271 1826 2328 1876 et
2363 1820 2684 1893 gloriosum
2719 1825 2848 1895 ejus
2895 1827 3224 1899 sepulcrum
3255 1828 3598 1884 Christianis

1951 1910 2088 1967 fidei
2116 1915 2173 1967 et
2195 1910 2454 1982 pristinis
2487 1911 2861 1970 restituerent
2891 1915 3166 1971 libertati.

2571 2018 2803 2076 CAPUT
2840 2020 2967 2076 XV.

1950 2110 2025 2165 De
2051 2106 2332 2164 communi
2357 2109 2666 2178 principum
2697 2108 2923 2165 consilio
2949 2109 3202 2166 mittitur
3232 2113 3425 2168 Petrus
3463 2116 3595 2169 Ere·

2021 2181 2163 2235 mita
2188 2180 2399 2249 loqutus
2428 2182 2507 2235 ad
2534 2180 2708 2235 hostes
2728 2198 2747 2235 :
2789 2183 3094 2253 intrepidus
3120 2184 3341 2255 peracit
3369 2183 3599 2255 leontio-

2019 2268 2165 2309 neni.

2022 2358 2170 2413 Cum
2202 2361 2398 2413 autem
2431 2356 2639 2413 diebus
2668 2358 2871 2431 viginti
2905 2375 3006 2416 sex
3027 2360 3322 2418 continuis
3350 2360 3596 2419 hactum

1950 2446 2308 2504 intolerabili
2352 2446 2668 2503 afflictione
2714 2446 3096 2519 laborassent,
3157 2450 3327 2522 coepit
3379 2451 3596 2506 iterum

1950 2536 2201 2609 populus
2250 2536 2323 2591 ad
2355 2551 2455 2591 cor
2501 2536 2733 2591 rediens
2793 2537 3133 2594 fortitudine
3177 2537 3411 2594 lumbos
3459 2553 3596 2596 suos

1950 2627 2273 2697 accingere,
2306 2630 2364 2680 et
2405 2622 2845 2697 longanimitate
2886 2626 3019 2698 plus
3049 2627 3221 2683 solito
3270 2628 3596 2697 abundare,

1951 2715 2201 2786 quadam
2232 2728 2334 2785 spe
2383 2714 2654 2769 immissa
2701 2714 2978 2770 divinitus
3006 2732 3069 2771 so
3097 2716 3432 2772 confortans
3465 2732 3480 2772 ε
3511 2716 3595 2772 ita

1952 2808 2019 2859 ut
2046 2818 2253 2859 omnes
2274 2801 2628 2858 unanimiter
2654 2819 2688 2858 a
2719 2805 2940 2872 majore
2961 2819 3145 2876 usque
3175 2805 3246 2860 ad
3278 2805 3589 2861 minimum

1950 2893 2046 2949 his
2103 2891 2387 2948 molestiis
2415 2892 2592 2947 finem
2644 2891 3066 2962 imponendum
3100 2899 3508 2960 consonarent,
3536 2898 3596 2949 et

1951 2998 2086 3040 cum
2119 2981 2389 3038 hostibus
2437 2980 2824 3053 pugnandum
2869 2985 2937 3037 ut
2982 2982 3199 3052 subito,
3231 2998 3332 3054 per
3383 2982 3592 3040 divino
3689 3000 3694 3008 ·

1950 3073 2184 3128 virtutis
2213 3070 2632 3140 auxilium,eos
2662 3072 2732 3126 de
2752 3070 2880 3126 suis
2911 3071 3129 3126 viribus
3152 3076 3591 3143 praesumentes,

189 3177 327 3219 eum
364 3161 672 3232 Dominus,
702 3162 1059 3244 etgeminus
1090 3179 1291 3220 eorum
1330 3165 1570 3233 audivit,
1603 3166 1842 3222 mittens
1872 3146 1917 3213 C
1956 3179 1990 3219 a
2018 3178 2077 3217 se
2109 3165 2346 3231 possent
2376 3160 2675 3231 repellere,
2709 3165 2773 3216 ut
2816 3160 3020 3216 urbem
3054 3175 3227 3232 quam
3259 3160 3343 3216 eis
3382 3167 3597 3216 contu-

192 3251 281 3308 eis
308 3248 771 3307 consolatiuoem
809 3252 881 3306 de
909 3251 1047 3308 sede
1074 3253 1396 3324 majestatis
1425 3270 1564 3310 suae.
1593 3255 1839 3320 Quidam

192 3339 355 3397 enim
399 3338 607 3396 Petrus
652 3338 920 3409 clericus,
952 3345 1017 3397 ut
1045 3342 1281 3408 dicitur,
1312 3343 1383 3398 de
1432 3343 1665 3415 regione
1712 3360 1843 3415 quae

191 3430 415 3486 dicitur
435 3428 754 3496 Provincia,
781 3431 855 3486 ad
889 3431 1227 3503 episcopum
1259 3432 1626 3500 Podiensem‚
1657 3437 1713 3488 et
1737 3433 1841 3488 do-

189 3517 427 3574 minum
496 3516 765 3573 comitem
821 3519 1066 3574 accessit
1123 3520 1504 3586 Tolosanum,
1569 3535 1841 3577 asserens

188 3606 354 3680 quod
383 3606 439 3663 ei
471 3606 680 3664 heatus
707 3607 974 3664 Andreas
994 3608 1290 3680 apostolus
1320 3610 1379 3664 in
1411 3611 1634 3665 somnis
1665 3624 1839 3682 appa-

188 3700 432 3764 ruerat;
461 3700 685 3753 etcum
733 3701 819 3752 ter
863 3695 951 3753 vel
999 3702 1206 3769 quater
1249 3706 1683 3756 commonuerat
1713 3698 1840 3755 dili·

184 3785 574 3858 gentissime:
625 3789 919 3859 quatenus
966 3787 1038 3842 ad
1079 3788 1372 3861 principes
1414 3788 1744 3861 loqueretur
1781 3795 1840 3846 et

186 3877 497 3933 nuntiaret
550 3879 615 3931 ut
667 3873 952 3944 lanceam,
1002 3893 1120 3948 qua
1175 3877 1401 3934 Domini
1461 3880 1645 3935 nostri
1694 3880 1837 3936 Jesu

184 3963 410 4022 Christi
438 3964 593 4020 latus
621 3964 811 4021 iuerat
840 3966 1222 4037 perforatum,
1250 3966 1309 4022 in
1340 3967 1581 4023 ecclesia
1604 3968 1836 4024 Princi-

183 4054 283 4125 pis
309 4051 710 4126 apostolorum
737 4054 965 4112 occulte
986 4056 1322 4128 repositam,
1357 4071 1488 4113 cum
1521 4057 1679 4113 omni
1708 4065 1836 4113 stu-

184 4141 284 4197 dio
314 4140 719 4213 perquirerent
764 4141 933 4214 eique
982 4143 1176 4201 locum
1209 4147 1383 4202 certis
1437 4145 1841 4217 designaverat

183 4228 441 4286 indiciis.
475 4230 587 4296 Qui
634 4231 915 4288 accedens
943 4232 1017 4289 ad
1065 4233 1368 4305 praedictos
1417 4234 1531 4290 Deo
1562 4232 1840 4291 amabiles

182 4319 366 4386 viros,
392 4320 635 4375 verbum
665 4320 820 4377 sicut
849 4320 901 4377 ei
930 4321 1263 4392 injunctum
1291 4322 1471 4379 fuisse
1492 4323 1839 4393 testabatur,

182 4423 258 4467 ex
304 4408 515 4464 ordine
569 4410 800 4481 pandit,
830 4426 1093 4467 asserens
1132 4429 1196 4468 se
1221 4412 1293 4468 ab
1331 4413 1532 4469 eodem
1582 4413 1842 4485 apostolo

1952 3252 2099 3308 lerat
2131 3250 2428 3319 Dominus,
2462 3249 2704 3306 liberam
2737 3250 3051 3307 vindicare.
3080 3249 3286 3306 Utilius
3314 3249 3472 3306 enim
3494 3251 3598 3321 ju-

1951 3341 2224 3397 dicabant
2254 3338 2391 3395 belli
2430 3339 2606 3395 semel
2657 3341 2947 3396 fortunam
2982 3340 3227 3410 experiri
3259 3355 3432 3409 quam
3463 3355 3594 3411 per-

1950 3437 2126 3502 petua
2174 3431 2464 3486 tabescere
2492 3428 2708 3495 inedia,
2743 3433 2800 3485 et
2848 3430 3248 3500 ingruentium
3299 3426 3595 3483 molestia-

1949 3536 2081 3576 rum
2112 3520 2234 3592 jugi
2291 3520 2520 3577 sarcina
2567 3520 2838 3589 torqueri.
2899 3520 3003 3575 Hic
3032 3519 3212 3590 igitur
3259 3521 3403 3586 erat,
3433 3526 3486 3573 et
3532 3518 3592 3574 in

1949 3610 2215 3666 omnium
2238 3626 2333 3665 ore
2351 3625 2543 3664 sermo
2563 3608 2919 3675 vertebatur,
2936 3612 2998 3662 ut
3017 3611 3176 3662 extra
3207 3606 3408 3661 urbem
3431 3621 3594 3677 egre-

1948 3698 2196 3763 dientes,
2257 3713 2394 3753 cum
2455 3695 2722 3751 hostibus
2772 3695 3163 3751 decertarent:
3211 3708 3313 3748 nec
3369 3699 3493 3749 erat
3522 3708 3588 3749 ea

1949 3803 2109 3842 mens
2142 3785 2423 3840 nobilium
2459 3787 2685 3840 tantum
2713 3784 2816 3838 sed
2845 3782 3020 3838 etiam
3053 3781 3366 3854 populares
3384 3783 3585 3838 eodem

1950 3873 2242 3930 desiderio
2266 3872 2556 3939 succensi,
2597 3870 2926 3942 principum
2959 3870 3283 3941 arguebant
3313 3868 3598 3925 desidiam

1945 3971 1998 4020 et
2032 3979 2225 4019 moras
2257 3963 2651 4035 increpabant.
2701 3962 3120 4017 convenientes
3162 3959 3338 4029 igitur
3377 3959 3594 4031 princi-

1948 4066 2048 4124 pes
2079 4051 2140 4107 in
2171 4065 2373 4118 unum,
2398 4059 2451 4108 et
2482 4050 2686 4124 populi
2714 4049 3044 4106 immissum
3078 4048 3356 4105 divinitus
3384 4064 3596 4119 cogno·

1947 4147 2172 4197 scentes
2203 4140 2506 4210 fervorem,
2534 4141 2605 4196 de
2635 4140 2935 4195 communi
2970 4139 3291 4195 decernunt
3332 4137 3597 4205 consilio,

1947 4237 2010 4286 ut
2041 4229 2225 4285 missa
2266 4228 2553 4301 legatione
2583 4229 2653 4284 ad
2691 4228 3014 4302 principem
3064 4226 3348 4297 hostium,
3379 4228 3598 4283 alteru-

1949 4322 2107 4374 trum
2176 4318 2362 4374 duum
2420 4323 2750 4390 proponant
2783 4333 2796 4374 ε
2833 4317 2982 4387 Quod
3024 4320 3126 4372 aia
3179 4316 3354 4384 cedat,
3409 4314 3596 4373 urbem

1950 4411 2160 4465 nostris
2189 4411 2446 4480 perpetuo
2485 4408 2865 4479 possidendam
2901 4407 3314 4477 derelinquens,
3343 4408 3480 4461 sicut
3498 4407 3596 4477 ju·

187 4496 401 4555 multis
432 4498 754 4556 terroribus
799 4501 872 4556 ad
922 4500 1029 4558 boc
1087 4501 1476 4575 compulsum.
1507 4506 1679 4573 Nam,
1710 4520 1842 4561 cum
1875 4514 1922 4580 1)
1954 4502 2035 4557 ris
2068 4515 2254 4557 eorum
2282 4499 2354 4554 ab
2384 4498 2547 4555 initio
2572 4501 2784 4569 fuerat,
2815 4509 2866 4556 ee
2893 4514 3061 4565 nunc,
3092 4501 3313 4553 auctore
3341 4496 3595 4564 Domino,

187 4604 344 4661 sepe
374 4586 722 4658 legationem
745 4588 899 4647 hanc
919 4588 1031 4645 sibi
1054 4607 1376 4658 assumere,
1395 4591 1669 4663 quoniam
1695 4609 1836 4663 pau-

186 4693 293 4751 per
320 4680 383 4734 et
406 4676 629 4734 nullius
659 4678 989 4750 prudentiae
1017 4684 1162 4748 erat,
1196 4680 1603 4749 detrectasset,
1634 4698 1842 4753 urgen-

182 4767 481 4825 tissimam
505 4768 754 4840 apostoli
765 4768 1126 4839 jussionem,
1148 4770 1261 4826 nisi
1293 4786 1426 4826 cum
1451 4772 1653 4827 mortis
1682 4771 1833 4844 peri·

183 4855 343 4925 culo,
374 4855 662 4914 declinare
693 4873 755 4914 se
785 4874 899 4915 non
933 4874 1103 4930 posse
1132 4858 1531 4930 profitebatur.
1556 4860 1623 4916 Hi
1642 4865 1836 4917 autem

181 4945 427 5017 reliquis
446 4945 811 5019 principibus
828 4948 1068 5004 verbum
1093 4949 1378 5006 secretius
1399 4951 1839 5007 communican-

180 5039 296 5104 tes,
342 5036 620 5093 eumdem
659 5035 937 5093 clericum
983 5041 1333 5109 praesentem
1377 5039 1748 5096 constituunt
1777 5045 1837 5095 ut

170 5125 245 5183 ab
275 5124 487 5182 eodem
517 5125 760 5182 modum
788 5129 846 5182 et
873 5126 1123 5182 formam
1144 5127 1437 5197 jussionis
1467 5127 1822 5199 acciperent.

176 5214 410 5281 Quibus
438 5214 636 5272 verbis
678 5216 854 5274 fldem
885 5215 1188 5285 hahentes,
1222 5217 1293 5272 ad
1325 5217 1520 5273 locum
1547 5231 1722 5288 quem
1750 5216 1836 5274 eis

175 5303 339 5361 inira
362 5311 529 5380 septa
556 5307 849 5380 predicte
874 5309 1133 5366 ecclesiae
1161 5308 1588 5379 designaverat,
1616 5322 1835 5365 conve-

176 5393 394 5452 niunt:
425 5395 529 5452 ubi
558 5396 771 5454 effossa
796 5396 1037 5454 terrain
1069 5397 1256 5454 altum
1278 5395 1673 5468 aliquatenus,
1705 5395 1835 5453 lan-

178 5499 374 5554 ceam,
404 5484 585 5543 sicuti
614 5486 979 5560 predixerat,
1026 5488 1347 5560 reperiunt.
1376 5484 1542 5551 Quod
1587 5485 1835 5544 audiens

178 5573 465 5650 populus,
496 5580 772 5649 tanquam
813 5575 1079 5635 immissa
1123 5576 1198 5634 de
1243 5573 1515 5650 supernis
1562 5573 1835 5636 consola-

1949 4594 2007 4647 in
2040 4590 2277 4663 idipsum
2308 4598 2387 4646 eat
2416 4606 2671 4658 renerum
2695 4595 2794 4645 aut
2822 4589 2899 4645 ad
2943 4604 3187 4659 puynam
3211 4602 3270 4642 se
3292 4592 3592 4657 praeparet,

1952 4679 2130 4752 pladii
2155 4680 2430 4752 judicium
2482 4679 2785 4736 subiturus.
2821 4677 3052 4733 Electus
3092 4681 3179 4733 est
3227 4674 3407 4746 igitur
3432 4672 3504 4727 ad
3537 4672 3592 4728 id

1951 4769 2212 4825 muneris
2262 4769 2758 4842 prosequendum,
2789 4769 2990 4823 Petrus
3030 4764 3303 4833 Eremita,
3334 4763 3421 4817 vir
3461 4762 3592 4818 vitae

1947 4857 2319 4926 venerabilis,
2353 4859 2424 4913 de
2453 4859 2649 4929 quoin
2680 4856 3076 4928 superioribus
3108 4853 3291 4909 multa
3310 4850 3591 4920 diximus,

1952 4946 2381 5018 adjunctusque
2411 4952 2501 5002 est
2528 4947 2581 5002 ei
2632 4947 2826 5002 socius
2863 4949 2922 5000 et
2950 4958 3147 4999 comes
3176 4942 3417 5014 quidam
3448 4942 3593 4998 Her-

1945 5035 2191 5104 luimus,
2214 5038 2519 5093 Persarum
2544 5036 2863 5101 idiomatis,
2878 5040 2936 5092 et
2955 5034 3235 5090 Parthicae
3255 5032 3469 5105 linguai
3489 5033 3595 5088 ali-

1947 5141 2121 5199 quam
2147 5125 2370 5181 habens
2389 5124 2781 5198 peritiam,vir
2796 5123 2996 5181 itidem
3023 5125 3282 5196 prudens
3296 5124 3354 5178 et
3373 5120 3595 5176 discre-

1946 5219 2045 5272 tus
2073 5230 2087 5273 ς
2121 5215 2338 5287 quibus
2369 5217 2572 5270 datum
2607 5218 2698 5270 est
2746 5213 2805 5269 in
2840 5213 3132 5270 mandatis
3170 5212 3226 5268 id
3260 5211 3412 5282 quod
3444 5225 3597 5281 pris-

1946 5306 2245 5372 misimus,
2260 5321 2393 5361 cum
2414 5303 3020 5361 subdivisionetamen
3035 5301 3162 5370 hac,
3178 5304 3265 5369 ut,
3286 5301 3334 5356 si
3352 5313 3594 5370 puynum

1940 5395 2268 5468 praecliqere
2295 5394 2665 5461 inveniretur,
2694 5399 2836 5450 esset
2881 5394 2942 5447 in
2972 5392 3089 5461 eius
3134 5391 3377 5463 optione,
3405 5397 3593 5445 utrum

1944 5484 2304 5556 sinantur-iter
2350 5484 2468 5558 ipse
2520 5500 2646 5541 cum
2686 5499 2801 5541 uno
2847 5498 2918 5540 ex
2960 5478 3304 5554 principibus
3339 5479 3596 5551 experiri

1943 5574 2112 5633 velut
2148 5590 2225 5633 aa
2252 5581 2464 5633 cerrum
2489 5589 2786 5632 numerum
2811 5587 3056 5643 suorum,
3085 5578 3392 5629 nostrorum
3445 5571 3591 5628 toti-
