3784 6000
172 194 284 269 707
1238 184 1663 261 GtJlLLELtlt
1708 184 2093 259 'l'YRENSlS
2133 190 2499 265 ARCHIEP.
3463 198 3580 271 πω

168 343 301 400 ticis
320 337 727 412 spiritualibus
758 334 961 392 urbem
987 330 1259 405 ingressi,
1293 333 1352 387 in
1384 331 1672 405 praecipuc
1706 346 1805 387 eo·
1837 332 1893 400 Α
1925 328 2032 386 tris
2049 327 2339 396 consiliio,
2362 325 2762 397 benemeritis,
2782 331 2840 386 et
2867 284 3229 402 quibusdam
3251 330 3436 389 etiam
3461 348 3585 406 pre-

168 448 297 488 rum
328 436 385 487 et
414 428 611 486 eximii
641 425 869 483 decoris
899 425 1171 489 oratorio,
1226 422 1380 493 quod
1443 421 1812 495 postmodum
1921 419 1989 481 tii
2018 420 2368 489 interventu,
2415 417 2890 493 possessionibus
2929 423 2989 477 et
3032 420 3196 493 agris
3229 420 3296 483 in
3329 420 3584 487 funiculo

165 522 225 577 in
259 520 535 576 honorent
565 516 812 590 apostoli
835 513 997 571 Pauli
1028 519 1430 571 consecratum
1462 516 1569 581 est,
1593 526 1815 569 crucem
1923 507 2272 575 distributis,
2312 507 2607 567 civitatem
2639 507 2771 566 frati
2796 524 2903 567 suo
2924 509 3316 579 adolescenti,
3351 511 3586 577 domino

168 611 525 668 Dominicam
550 605 891 663 intulerunt.
920 602 1028 661 Ubi
1047 601 1357 661 celebratis
1383 601 1721 659 solemniter
1736 600 1815 657 di·

167 700 333 768 viniS,
368 703 495 771 post
524 697 845 769 gratiarum
874 694 1154 762 actiones,
1184 691 1246 749 in
1270 690 1519 765 hospitia
1568 691 1682 747 sibi
1712 691 1817 747 de-

168 794 370 862 putata
394 805 453 844 se
483 786 845 856 recipientes,
878 782 1074 839 laetum
1106 786 1165 840 et
1195 780 1428 838 saeculis
1469 779 1817 838 memorabi-

167 878 282 936 lem
312 879 558 950 egeruot
586 876 766 930 diem.
792 873 942 931 Intra
970 888 1187 945 paucos
1216 876 1415 929 autem
1457 871 1604 940 dies,
1628 868 1817 927 domi-

169 985 285 1027 nus
317 963 644 1039 patriarcha
674 964 956 1019 ordinans
980 961 1320 1028 Ecclesiam,
1352 968 1575 1016 certum
1609 975 1816 1016 nume-

170 1073 301 1113 rum
323 1052 751 1111 Canonicorum
784 1049 887 1121 ibi,
919 1054 977 1106 et
1017 1047 1101 1105 eis
1132 1054 1287 1106 certa
1335 1048 1641 1121 dispendia
1670 1052 1817 1120 (quaa

172 1146 515 1219 praebendas
564 1141 793 1213 vocant)
844 1137 1140 1209 instituit;
1202 1137 1538 1209 episcopum
1587 1150 1819 1210 qnoque

171 1233 489 1306 quemdam
520 1231 897 1297 Absalonem,
923 1227 1195 1285 Ecclesia
1236 1227 1526 1285 Dominici
1553 1227 1818 1301 Sepulcri

173 1321 522 1378 canonicum
565 1319 906 1391 regularem,
956 1317 1309 1375 reclamante
1362 1317 1641 1385 multum,
1674 1323 1730 1373 et
1760 1317 1816 1373 id

175 1412 300 1467 fleri
331 1410 712 1467 interdicente
742 1406 987 1465 Geraldo
1045 1407 1469 1465 Bethlehemita
1524 1406 1818 1479 episcop0,

175 1500 483 1557 ordinavit.
500 1498 874 1556 Postmodum
905 1512 1037 1553 vero
1059 1512 1158 1568 per
1172 1495 1623 1570 appellationem
1646 1512 1823 1555 eausa

174 1590 241 1646 ad
264 1587 510 1645 Romani
544 1585 836 1658 pontificis
862 1584 1218 1643 audientiam
1298 1584 1515 1658 delata,
1560 1586 1820 1644 obtinuit

1920 596 2227 669 Antalrico,
2250 597 2283 655 J
2289 597 2531 670 oppansi
2549 598 2771 671 comiti,
2795 596 3116 661 liberaliter
3134 600 3466 669 concessit,
3487 601 3582 661 Ca·

1925 694 2023 761 pta
2051 693 2140 753 est
2169 704 2303 759 ergo
2334 688 2602 760 praedicta
2630 688 2855 760 civitas,
2887 706 3040 748 anno
3076 690 3151 750 ab
3173 691 3592 753 Inest-natione

1926 778 2161 835 Domini
2215 778 2354 835 1154
2381 795 2397 847 ;
2445 778 2610 851 regni
2659 794 2798 837 vero
2844 779 3067 838 domini
3117 779 3404 839 Balduini
3437 782 3586 855 regis

1925 868 2139 941 quarti,
2171 885 2323 926 anno
2372 867 2618 938 decimo,
2652 884 2854 927 mense
2895 870 3185 944 Augusto,
3235 870 3340 930 dis
3374 877 3592 931 mensis
3675 942 3678 949 Ι

1930 957 2295 1015 duodecima.
2325 956 2546 1015 Accidit
2574 963 2764 1016 autem
2799 957 3030 1023 miseris
3057 958 3430 1019 Ascalonitis
3459 976 3590 1035 pro-
3675 952 3678 967 '

1929 1046 2324 1109 ficisceotibus
2352 1051 2410 1105 et
2458 1047 2946 1113 descendentibus
2972 1048 3034 1105 in
3063 1048 3398 1123 AEgyptnm
3415 1066 3588 1111 eune

1930 1135 2313 1193 miserabilis.
2344 1136 2488 1195 Nam
2530 1136 2933 1199 dicedentihur
2979 1139 3052 1195 ab
3081 1137 3169 1195 eis
3205 1140 3372 1213 regis
3400 1138 3588 1207 homi,

1929 1225 2127 1294 nibus,
2161 1225 2261 1297 qui
2295 1225 2414 1281 dati
2446 1234 2605 1283 erant
2651 1226 2928 1283 euntibus
2958 1227 3140 1283 duces
3170 1226 3435 1299 itineris,
3457 1234 3594 1285 etnt

1929 1331 2099 1371 nemo
2133 1330 2231 1370 eos
2270 1315 2630 1387 molestaret,
2676 1316 2748 1377 ad
2781 1313 3043 1387 tutelam,
3073 1315 3434 1391 Nocquinus
3463 1317 3590 1389 qui-

1928 1403 2085 1472 dam,
2116 1404 2342 1461 Turcue
2372 1420 2602 1476 genere,
2624 1405 2807 1465 armis
2828 1410 3128 1475 strenuus,
3155 1407 3268 1463 sed
3287 1422 3593 1479 perversus

1934 1494 2193 1551 moribus
2236 1498 2292 1550 et
2317 1494 2596 1564 infidelis,
2627 1496 2727 1569 qui
2759 1495 2914 1569 apud
2945 1510 3047 1551 eos
3088 1494 3374 1563 laborum
3411 1497 3597 1569 parti-
3675 1494 3678 1573 j

1930 1600 2090 1659 ceps,
2114 1583 2410 1659 stipendia
2450 1600 2704 1655 merens,
2734 1585 2835 1643 diu
2868 1585 3249 1653 militaverat,
3283 1586 3590 1659 flnflenne

174 1680 483 1753 praedictus
506 1676 927 1735 Bethlehemita
946 1676 1275 1749 episcopus,
1308 1691 1376 1733 eo
1396 1680 1628 1735 excluso
1650 1692 1817 1749 quem
1849 1688 1905 1754 Β
1934 1675 2308 1750 protectionis
2354 1690 2558 1733 eorum
2603 1678 2662 1739 et
2717 1674 3114 1743 descensionis
3154 1675 3216 1732 in
3279 1676 3586 1749 AEflyptum

175 1769 453 1826 dominus
482 1765 813 1840 patriarcha
838 1765 917 1823 ibi
949 1774 1401 1835 consecraverat,
1454 1766 1817 1825 Ascalonita-

177 1875 313 1915 nam
346 1857 686 1924 Ecclesiam,
742 1873 877 1914 cum
934 1854 1398 1928 possessionibus
1435 1855 1576 1926 suis,
1624 1856 1821 1913 sibiet

175 1949 441 2007 Ecclesiae
458 1947 1091 2021 Bethlehemiticaejure
1105 1952 1376 2019 perpetuo
1397 1947 1819 2020 possidendam.

176 2038 296 2098 Rex
324 2045 542 2112 autem,
574 2044 693 2097 tam
725 2037 785 2095 in
818 2039 962 2095 urbe
992 2054 1170 2110 quam
1203 2038 1261 2094 in
1293 2037 1673 2106 suburbanis,
1698 2054 1822 2095 ma-

1934 1771 2288 1833 consortem,
2319 1764 2422 1825 ubi
2441 1764 2598 1821 videt
2618 1780 2717 1821 eos
2746 1764 3002 1823 ducibus
3019 1765 3374 1839 destitutos,
3401 1771 3586 1841 aput·

1930 1858 2064 1926 fide,
2118 1854 2480 1915 humanitate
2528 1860 2879 1927 contempta,
2931 1856 3105 1913 irruit
3151 1872 3342 1930 super
3376 1872 3516 1929 eost
3539 1864 3588 1915 et

1932 1947 2141 2092 tlahlatis
2172 1947 2369 2020 spoliis
2396 1947 2718 2018 discedens,
2753 1946 3121 2009 errabundos
3150 1948 3390 2011 dimisit
3407 1948 3470 2009 in
3497 1965 3586 2011 se·

1958 2037 2206 2095 itudine.

871 2409 1278 2496 INCIPIT
1348 2408 1668 2498 LIBER
1731 2405 2273 2496 OCTAVUS
2350 2405 2891 2497 DECIMUS.

709 2752 942 2812 CAPUT
997 2753 1294 2812 PRIMUM.

178 2869 479 2930 flainaldus
499 2871 563 2928 de
610 2871 958 2943 Concilione,
991 2871 1241 2941 princeps
1289 2867 1676 2931 Antioc-henas,
1722 2881 1828 2937 pa·-

244 2944 550 3004 trt'archam
573 2942 872 3002 Antiochen
882 2960 971 2999 um
987 2943 1349 3015 iqnominiose
1382 2944 1584 2997 tractat
1606 2956 1628 3002 ,·
1645 2937 1753 2997 ille
1768 2936 1826 2993 in

248 3034 476 3088 requam
525 3016 793 3087 conluqit.
840 3018 1038 3073 Oritur
1093 3017 1266 3086 far-nes
1296 3013 1478 3070 valida
1514 3028 1680 3083 supet·
1710 3016 1825 3068 ter-

248 3105 394 3144 ram.

254 3199 811 3257 IntereaRainaldus
841 3198 1292 3266 deCastellione,
1326 3197 1422 3270 qui
1449 3196 1671 3253 domini
1692 3195 1836 3252 Rai-

179 3288 409 3358 mundi,
445 3288 725 3362 principis
787 3287 1127 3345 Antiocheni
1186 3287 1421 3352 viduam
1464 3288 1726 3352 duxerat,
1763 3286 1835 3341 de

179 3393 296 3451 quo
327 3378 479 3435 facto
519 3378 789 3449 superius
848 3377 1126 3447 diximus,
1184 3377 1386 3434 videns
1418 3376 1558 3448 quia
1587 3375 1827 3432 domino

178 3467 525 3539 patriarchas
559 3468 774 3523 sactum
808 3484 921 3523 non
957 3466 1211 3524 multum
1233 3466 1617 3539 placueratab
1639 3465 1827 3536 initio,

177 3560 235 3613 et
255 3556 447 3613 adhuc
504 3556 562 3612 in
620 3557 824 3612 eodem
883 3557 1308 3628 perseverabat,
1369 3559 1673 3626 suspectas
1700 3555 1833 3626 ejus

179 3661 387 3702 omnes
411 3645 663 3702 habebat
694 3646 836 3702 vias.
872 3644 975 3701 [lle
1005 3652 1201 3702 autern
1230 3649 1513 3718 tanquam
1548 3643 1628 3700 vir
1657 3648 1714 3701 et
1746 3641 1831 3699 di-

180 3735 451 3792 tissimus
474 3745 532 3792 et
557 3741 786 3807 potens,
812 3740 872 3792 et
894 3752 1178 3808 supremas
1220 3736 1607 3803 auctoritatis,
1654 3734 1833 3792 libere

181 3824 342 3886 satis,
371 3830 487 3881 tam
522 3825 592 3881 de
618 3826 744 3896 ejus
778 3841 1046 3896 persona,
1089 3842 1268 3898 quam
1300 3826 1371 3881 do
1419 3825 1548 3896 ejus
1581 3826 1832 3896 actibus,

183 3916 305 3969 tum
333 3914 393 3969 in
422 3920 668 3981 secreto,
704 3918 826 3970 tum
860 3914 921 3971 in
946 3914 1179 3987 publico
1210 3915 1421 3984 saepius
1463 3915 1830 3986 loquebatur.

180 4001 359 4058 Erant
379 4010 569 4058 autem
606 4001 911 4069 monnulli,
944 4005 1098 4061 sicut
1142 4004 1202 4060 in
1234 4004 1452 4061 talibus
1502 4004 1832 4075 frequenter

185 4092 333 4147 solet
364 4091 723 4163 contingere,
752 4091 850 4161 qui
873 4090 1210 4163 hujusmodi
1232 4094 1426 4159 verba,
1459 4092 1723 4148 odiorum
1750 4094 1833 4148 fo·

186 4178 388 4233 mitem
421 4186 766 4247 quaerentes,
799 4181 1167 4250 reportabant
1200 4196 1213 4235 ε
1249 4180 1404 4236 unde
1436 4183 1627 4236 motus
1647 4179 1704 4234 in
1735 4178 1835 4236 in-

186 4265 583 4336 dignationem
617 4266 834 4323 etiram
858 4266 1269 4324 inexorabilem
1298 4270 1590 4341 princeps,
1613 4268 1833 4325 domino

187 4351 533 4425 patriarchae
563 4354 850 4409 violentas
873 4353 1072 4424 injecit
1104 4371 1353 4425 manus;
1388 4362 1446 4413 et
1469 4375 1616 4414 ausu
1647 4358 1837 4414 diabo.

1844 2592 1922 2612 ι-

1857 3073 1909 3141 C

1940 2749 2070 2820 ejus
2099 2748 2468 2820 cancellario,
2500 2766 2605 2823 per
2634 2766 2732 2807 eos
2753 2748 2978 2811 litteras
3007 2748 3230 2822 dirigit,
3257 2754 3318 2811 et
3349 2751 3586 2813 aucteri-

1940 2845 2058 2898 tate
2088 2841 2244 2913 regia
2275 2841 2621 2913 praedictum
2646 2840 2976 2901 dementem
3011 2840 3274 2912 corr-ipit,
3315 2846 3376 2904 et
3403 2858 3438 2899 a
3467 2856 3586 2909 pet·-

1938 2937 2164 3006 petrata
2186 2930 2372 2989 redire
2394 2936 2592 2993 monet
2611 2931 2861 2995 insania.
2888 2930 2993 2989 llle
3029 2936 3253 2999 autem,
3277 2930 3420 2989 visis
3439 2948 3584 2989 nan·

1938 3023 2036 3079 tiis
2070 3028 2127 3080 et
2184 3022 2361 3095 regiis
2419 3021 2691 3095 perlectis
2751 3022 3040 3092 apicibus,
3099 3027 3422 3094 postquam
3459 3037 3586 3080 entn

1942 3112 2144 3170 multis
2173 3111 2442 3171 affecerat
2471 3111 2867 3179 contumeliis,
2891 3111 3117 3169 remisit
3137 3111 3428 3182 libertum
3449 3113 3590 3174 hona

1939 3202 2117 3260 etiam
2150 3218 2275 3274 quae
2307 3202 2379 3264 ab
2410 3219 2476 3258 eo
2507 3207 2564 3257 st
2581 3200 2999 3258 suisviolenter
3018 3206 3296 3273 rapuerat
3313 3201 3486 3275 plene
3513 3217 3591 3260 ree

1940 3291 2171 3348 stitutit.
2198 3291 2459 3349 Tandem
2481 3306 2613 3348 vero
2645 3290 2921 3349 dominus
2936 3290 3266 3363 patriarcba
3283 3291 3590 3350 Antioche·

1941 3396 2077 3439 nam
2103 3380 2381 3437 deserens
2411 3379 2732 3442 dioecesim.
2750 3380 2811 3437 in
2842 3395 3162 3451 regnumse
3180 3381 3437 3440 contulit
3461 3379 3598 3440 llis.

1939 3468 2386 3541 rosolymorum.
2421 3469 2524 3526 Ubi
2558 3486 2592 3528 a
2615 3469 2853 3526 domino
2885 3484 3018 3542 rege
3046 3473 3104 3525 et
3131 3469 3262 3540 ejus
3283 3475 3476 3530 matre
3495 3470 3586 3528 (11-

1941 3558 2322 3627 scretissima,
2375 3560 2613 3616 domino
2671 3575 2906 3632 quoque
2955 3558 3286 3629 patriarcha
3313 3564 3376 3620 et
3433 3558 3594 3633 regni

1944 3648 2236 3705 universis
2285 3646 2574 3720 episcopis
2624 3647 2878 3719 benigne
2936 3647 3198 3715 habitus,
3237 3663 3344 3722 per
3374 3646 3596 3721 aliquot

1945 3736 2167 3792 mansit
2191 3752 2398 3795 annos.

2015 3826 2189 3882 Facta
2217 3832 2303 3882 est
2334 3830 2528 3882 autem
2552 3841 2705 3883 anno
2721 3824 2988 3898 sequenti
3005 3825 3187 3882 tames
3200 3825 3400 3884 valida
3422 3842 3598 3899 super

1944 3916 2273 3972 universam
2306 3920 2520 3972 terram
2548 3929 2563 3982 ;
2590 3919 2648 3970 et
2676 3914 2858 3971 iratus
2889 3914 3058 3974 nobis
3089 3914 3398 3985 Dominus,
3420 3931 3594 3974 omne

1943 4005 2373 4062 firmamentum
2398 4003 2569 4076 panis
2601 4003 2890 4069 contrivit,
2924 4005 3003 4060 ita
3038 4009 3105 4062 ut
3135 4002 3314 4062 tritici
3365 4004 3596 4064 modius

1943 4097 2137 4152 aureis
2160 4100 2411 4168 quatuor
2457 4094 2823 4151 venderetur.
2859 4095 3021 4160 Quod
3068 4093 3180 4150 nisi
3229 4093 3444 4154 fuisset
3471 4095 3598 4150 sru-

1946 4187 2128 4241 menti
2160 4186 2349 4257 copia,
2383 4200 2512 4256 quae
2532 4183 2590 4238 in
2627 4182 2767 4240 urbe
2785 4183 3210 4252 Ascalonitana,
3250 4199 3322 4240 ea
3351 4183 3598 4248 devicta,

1947 4275 2179 4330 inventa
2211 4279 2322 4341 eat,
2356 4273 2504 4329 l'ame
2561 4273 2856 4344 regionem
2901 4277 3301 4346 oppugnante,
3347 4271 3601 4346 populns

1949 4378 2095 4435 pene
2110 4362 2426 4432 deperisset
2441 4361 2768 4418 universus.
2784 4361 3175 4432 Sequentthus
3187 4364 3388 4420 tamen
3403 4361 3600 4427 annis,

185 4439 296 4497 lico
329 4446 588 4513 captum,
624 4443 683 4498 in
715 4442 1020 4498 castellum
1043 4445 1193 4517 quod
1210 4445 1425 4500 civitati
1450 4446 1828 4502 Antiochense
1863 4464 1913 4531 D
1946 4467 2016 4506 ex
2045 4468 2157 4523 quo
2191 4451 2347 4523 regio
2386 4450 2686 4508 Ascalonae
2718 4450 3017 4521 adjacens,
3050 4467 3184 4523 qnoe
3216 4450 3392 4508 annis
3422 4449 3599 4523 quin·

183 4529 1429 4604 supereminet,ignominiosededucitfecit;
1454 4535 1728 4606 quodque
1749 4552 1832 4592 sa-

181 4622 258 4678 tis
310 4622 539 4679 videtur
597 4620 1007 4692 abominabile,
1064 4624 1421 4680 sacerdotem
1475 4625 1829 4697 longaevum,

186 4711 340 4769 Petri
377 4711 776 4785 apostolorum
834 4711 1123 4784 Principis
1186 4728 1607 4783 successorem,
1644 4714 1830 4772 virum

186 4801 608 4876 aegrotativum‚
641 4805 699 4858 et
730 4818 874 4875 pene
904 4811 1183 4876 perpetuo
1226 4803 1640 4874 infirmantem,
1675 4806 1835 4865 nudo

184 4894 375 4963 capite
405 4896 463 4948 et
493 4892 662 4950 melle
695 4890 970 4957 delibuto,
1006 4910 1108 4965 per
1139 4893 1295 4949 diem
1326 4892 1593 4952 aestivum
1627 4894 1687 4951 in
1710 4895 1835 4953 sole

189 4981 614 5040 ferventissimo
645 4981 927 5054 compulit
948 4982 1173 5054 sedere,
1206 4983 1438 5041 nemine
1468 4990 1671 5042 contra
1690 4985 1835 5042 solis

188 5069 683 5142 importunitatem
717 5071 1003 5145 praebente
1035 5074 1372 5141 remedium,
1393 5074 1477 5130 vel
1508 5074 1696 5146 gratia
1717 5075 1837 5147 pie·

186 5160 326 5217 tatis
359 5176 592 5217 muscas
623 5161 908 5235 abigente.
961 5162 1082 5220 Hoc
1139 5162 1385 5220 audiens
1429 5164 1704 5220 dominus
1734 5179 1837 5220 rex

190 5250 744 5323 Hierosolymorum,
769 5252 830 5310 in
860 5255 1161 5324 stuporem
1195 5257 1414 5326 raptus,
1454 5252 1560 5310 viri
1592 5254 1833 5311 demen-

186 5339 264 5396 tis
294 5341 595 5398 admirans
654 5342 970 5410 insaniam,
1003 5348 1059 5400 et
1108 5359 1225 5415 prae
1276 5342 1659 5402 admiratione
1678 5344 1738 5400 in
1770 5359 1838 5400 se

186 5427 315 5498 ipso
344 5431 641 5500 deficiens,
668 5433 865 5490 missis
887 5433 1314 5492 venerabilibus
1340 5434 1837 5504 nuntiis,domino

191 5514 491 5576 Frederico
512 5522 843 5590 Acconense
875 5523 1172 5598 episcopo,
1229 5522 1467 5592 domino
1528 5523 1835 5598 Radulpho

1944 4539 2230 4612 quaginta
2243 4545 2396 4597 metu
2412 4538 2753 4604 hostilitatis
2767 4537 3275 4609 incultajacuerat,
3293 4549 3602 4612 postquam

1946 4627 2336 4701 agricolarum
2395 4643 2600 4686 curam
2663 4628 2873 4697 sensit,
2927 4634 2984 4686 et
3018 4627 3270 4701 populus
3320 4628 3598 4701 regionis,

1949 4726 2107 4776 metu
2155 4719 2406 4776 hostium
2450 4717 2808 4791 propulsato,
2857 4718 3038 4778 libere
3085 4727 3299 4776 terram
3329 4735 3599 4780 exercere

1948 4808 2155 4882 potuit,
2190 4812 2351 4867 tanta
2377 4808 2714 4868 universum
2757 4824 2997 4881 regnum
3037 4808 3280 4881 replevit
3309 4809 3596 4876 ubertate,

1951 4901 2016 4955 ut
2052 4913 2226 4954 omne
2255 4897 2410 4968 quod
2442 4896 2745 4955 effluxerat
2773 4903 3026 4972 tempus,
3057 4898 3264 4960 habita
3297 4915 3602 4971 eompara-

1948 4988 2109 5045 tione
2137 4985 2207 5042 ad
2265 5002 2542 5058 praesens,
2598 4987 2866 5058 jejunum
2895 4992 2954 5044 et
2981 4987 3177 5046 sterile
3217 4988 3430 5050 merite
3471 4987 3601 5061 quis

1949 5083 2145 5150 posset
2173 5074 2483 5148 appellare.
2507 5076 2617 5134 Diu
2646 5076 2803 5136 enim
2830 5076 3072 5136 culture
3097 5076 3317 5150 nescia,
3339 5079 3601 5137 vomeris

1952 5182 2126 5225 usum
2163 5181 2278 5222 non
2306 5165 2619 5232 sustinens,
2640 5164 2885 5239 integris
2914 5166 2973 5224 in
3006 5182 3068 5226 se
3097 5165 3432 5226 subsistens
3457 5167 3604 5224 viri-

1951 5257 2082 5322 buS,
2125 5260 2429 5328 postquam
2471 5255 2750 5312 rusticam
2791 5255 2977 5314 sensit
3013 5257 3222 5315 adesse
3247 5256 3602 5314 sollieitudi-

1953 5361 2117 5415 nem,
2147 5344 2367 5402 credita
2396 5344 2646 5413 semina,
2666 5361 2804 5404 cum
2826 5347 3022 5406 tenore
3050 5345 3360 5419 multiplici
3394 5349 3454 5406 et
3487 5347 3603 5406 t'ru·

1954 5441 2052 5494 ctu
2073 5438 2432 5510 sexagesimo
2463 5437 2801 5510 reportavit.
