3784 6000
102 207 235 293 sn

744 210 952 274 ntsT.
999 212 1273 277 RERUM
1314 209 1848 275 TRANSMARIN.
1893 240 1973 253 --
2018 206 2161 269 ΜΒ.
2193 207 2336 270 XV.
2382 208 2634 271 FULGO
2681 211 2859 274 REX.

3403 219 3522 285 618

108 342 538 400 accessibilem.
571 343 834 417 Desuper
860 363 991 403 vero
1024 346 1514 403 immanissimum
1563 347 1767 402 immi·
1797 346 1850 409 Α
1879 342 2092 399 eisdem
2153 343 2411 409 vestigiis
2460 344 2835 416 inherentes,
2867 351 3156 422 tanquam
3202 353 3274 409 de
3304 357 3521 427 tropaeo

110 434 293 491 nebat
323 433 1006 508 praecipitium,usquein
1039 437 1244 491 infima
1272 437 1634 506 subjacentis
1657 434 1778 491 val-

105 520 210 592 lis,
225 539 260 578 a
280 524 491 578 vertice
513 523 1771 597 supereminentispromontoriicontiguum.

106 610 195 668 Ex
218 611 395 667 latere
407 627 541 667 vero
556 609 900 668 altrinsecus
921 614 991 669 ad
1009 614 1270 670 eamdem
1294 614 1633 683 speluncam
1654 621 1773 668 erat

109 698 267 756 inter
282 699 499 756 clivum
514 701 1088 771 superincumbentis
1108 701 1459 769 altitudinis,
1484 707 1539 757 et
1556 702 1771 757 dictum

110 789 712 863 precipitium,artus
742 797 798 846 et
831 791 1235 847 formidabilis.
1271 792 1334 846 In
1368 791 1519 847 banc
1553 807 1615 847 se
1645 790 1772 846 col-

110 877 338 953 legerat
364 879 559 935 furum
596 878 930 950 manipulus
953 896 1188 950 nocens,
1209 884 1267 937 et
1289 881 1631 952 praedonum
1656 885 1776 936 tur-

110 966 188 1024 ba
219 968 292 1024 de
315 967 532 1024 finibus
555 967 747 1036 Moab,
772 974 827 1024 et
847 973 1120 1040 Ammon,
1143 973 1200 1025 et
1222 971 1463 1038 Galaad‚
1489 971 1611 1041 qui,
1638 986 1775 1040 prae-

112 1055 321 1114 missis
349 1056 813 1127 exploratoribus
844 1056 1110 1114 locorum
1136 1059 1354 1129 peritiS,
1370 1065 1425 1114 et
1454 1075 1549 1128 per
1565 1075 1661 1114 eos
1684 1060 1773 1115 de-

108 1150 274 1204 statu
305 1146 605 1218 regionum
647 1154 975 1202 nostrarum
1012 1146 1243 1218 plenius
1287 1147 1503 1215 edocti,
1538 1152 1774 1219 sumpta

110 1234 546 1307 opportunitate
578 1235 909 1306 frequentes
941 1236 1326 1306 irruptiones,
1358 1237 1529 1305 clam,
1563 1243 1618 1293 et
1652 1237 1744 1310 ple

112 1339 371 1396 rumque
402 1323 756 1395 periculosas
813 1325 1010 1393 nimis,
1047 1326 1261 1380 nostris
1313 1326 1523 1381 finibus
1558 1327 1766 1381 infere-

112 1414 278 1470 bant.
313 1412 535 1480 Quibus
567 1413 737 1469 malis
770 1415 950 1468 nostri
986 1415 1246 1471 volentes
1276 1431 1596 1484 occurrere,
1634 1432 1767 1486 pro·

112 1507 363 1574 ponunt,
398 1506 464 1557 ut
494 1501 909 1571 praemisimus,
941 1501 1282 1573 speluncam
1318 1502 1608 1558 obsidere.
1631 1507 1772 1558 Con·

114 1595 315 1647 vocato
344 1590 522 1662 igitur
553 1589 821 1646 universo
846 1591 1008 1663 regni
1046 1591 1254 1661 populo
1273 1599 1328 1647 et
1354 1592 1539 1663 copiis
1555 1591 1772 1648 milita-

111 1680 282 1737 ribus
294 1680 683 1752 congregatis,
699 1680 948 1735 transito
961 1679 1236 1749 Jordane,
1253 1679 1392 1736 illuc
1406 1683 1764 1751 perveniunt3

112 1772 173 1824 et
197 1768 356 1824 sicut
385 1767 642 1840 regionis
694 1768 1023 1839 patiebatur
1065 1769 1460 1840 inaequalitas,
1505 1770 1680 1826 simul
1713 1778 1769 1827 et

111 1857 410 1927 angustia,
441 1857 630 1911 aditus
654 1860 964 1928 occupant,
997 1861 1187 1912 castra
1211 1873 1311 1928 per
1339 1859 1649 1913 circuitum
1682 1858 1768 1914 lo-

112 1950 320 2002 cantes
343 1961 361 2012 ς
385 1950 441 2000 et
462 1945 765 2016 dispositis
806 1946 1141 2016 agminibus
1187 1962 1285 2014 per
1313 1963 1544 2019 gyrum,
1568 1946 1761 2002 locum

111 2033 423 2092 obsidione
465 2034 701 2090 vallant.
756 2034 959 2104 Legem
1021 2035 1220 2106 itaque
1247 2042 1575 2090 castrorum
1606 2052 1768 2093 exse-

114 2140 272 2196 quen
286 2128 397 2188 tes,
427 2122 497 2211 ap
527 2121 797 2194 quaelibet
828 2124 1073 2178 nocendi
1096 2139 1157 2178 se
1176 2131 1574 2179 converterunt
1598 2141 1770 2196 argu-

114 2220 336 2277 menta,
371 2211 642 2268 obsessos
672 2211 862 2266 modis
882 2212 1095 2284 quibus
1115 2224 1357 2283 possunt
1385 2217 1771 2278 arctantes‚ut

114 2303 189 2358 ad
210 2301 576 2359 deditionem
636 2300 978 2372 impellant3
1012 2301 1095 2355 illi
1144 2318 1310 2357 versa
1330 2302 1450 2356 vice
1481 2299 1768 2372 quidquid

118 2391 354 2448 miseris
388 2389 563 2446 rebus
619 2389 767 2445 solet
823 2390 1016 2445 venire
1046 2390 1295 2447 solertiae
1325 2390 1685 2462 colligentes,
1707 2390 1767 2446 in

115 2480 531 2538 suituitionem
570 2478 879 2550 vigilanter
901 2487 1222 2536 armantur.
1249 2479 1602 2550 Dumqueibi
1627 2495 1769 2550 pene

115 2569 310 2626 omnis
344 2566 713 2624 Christianus
736 2568 1088 2624 unanimiter
1117 2571 1433 2624 desudaret
1460 2571 1770 2635 exercitus,

114 2653 298 2711 Turci
329 2653 565 2724 quidam
599 2670 668 2708 ex
690 2657 950 2723 tempore
969 2655 1457 2725 opportunitatem
1483 2654 1659 2717 nacti,
1691 2656 1773 2709 vi-

114 2744 327 2800 dentes
355 2748 510 2798 trans
539 2743 846 2797 Jordanem
872 2742 1198 2798 universam
1234 2742 1524 2812 regionem
1559 2742 1770 2797 militia

112 2831 808 2900 destitutam,hostilibus
823 2837 1019 2903 patere
1042 2830 1544 2894 insidiis,10rdane
1576 2834 1769 2886 trans·

118 2922 321 2991 misso,
353 2920 816 2976 Hiericuntinam
841 2921 1132 2991 regionem
1150 2921 1563 2992 relinquentes,
1579 2937 1612 2975 a
1634 2921 1771 2975 dex-

118 3013 245 3080 tris,
278 3027 449 3067 secus
481 3009 815 3081 asphaltem
850 3009 1064 3077 lacum,
1085 3011 1181 3081 qui
1215 3020 1272 3066 et
1301 3026 1461 3066 mare
1481 3010 1767 3066 Mortuum

1881 433 2151 491 certi.sed
2180 432 2251 487 ad
2273 433 2498 488 diversa
2518 434 2752 491 incaute
2776 436 3524 516 nimistendentes‚iugien-

1883 524 2026 578 tium
2060 522 2261 592 spoliis
2294 525 2481 594 magis
2503 542 2676 596 quam
2703 528 2875 598 stragi
2901 529 3526 592 bostiuminsistebant

1881 611 2465 680 imprudenter.Quod
2487 614 2875 685 intelligentes
2905 619 3005 688 qui
3030 624 3224 694 fugam
3248 624 3524 692 inierant,

1882 700 2088 755 i¹ernm
2124 717 2280 757 more
2310 702 2480 756 solito
2512 702 2865 773 conglobati,
2892 717 3254 767 resumentes
3272 714 3523 783 animos,

1881 788 2177 858 dispersas
2203 792 2378 858 acies,
2412 797 2701 862 quantum
2736 802 2999 864 possunt,
3023 815 3288 856 revocare
3324 802 3526 858 nitun-

1880 881 1997 945 tur,
2031 879 2360 949 nostrisque
2390 895 2459 934 ex
2492 881 2802 952 improviso
2851 892 2909 940 et
2956 886 3132 943 nimis
3172 890 3528 948 confidenter

1880 965 2190 1033 irruentes,
2243 967 2458 1036 passim
2518 975 2791 1041 vagantes
2845 981 2898 1027 et
2926 989 3163 1031 securos
3216 976 3522 1046 invadunt,

1880 1054 2090 1125 gladiis
2117 1055 2511 1121 obtruncant;
2547 1061 2748 1129 paucis
2787 1066 2983 1117 tamen
3024 1065 3437 1124 resistentibus
3466 1071 3530 1123 et

1880 1142 2135 1198 collectis
2167 1144 2513 1210 adinvicem,
2547 1163 2743 1217 pugna
2772 1151 3174 1207 committitur.

1955 1234 2107 1289 Inter
2138 1234 2402 1304 baec‚qui
2453 1237 2677 1293 diversa
2726 1239 2956 1296 fuerant
3012 1247 3199 1299 secuti
3255 1246 3526 1303 tubarum

1880 1320 2173 1393 clangore,
2207 1323 2452 1379 stridore
2482 1340 2791 1395 cornuum,
2823 1344 3108 1399 equorum
3151 1333 3409 1402 fremitu,
3432 1351 3526 1390 ar-

1879 1426 2107 1465 morum
2159 1410 2382 1483 fulgore
2440 1415 2893 1484 coruscantium,
2940 1421 3181 1474 vocibus
3231 1437 3371 1477 suos
3428 1423 3533 1478 ad-

1879 1498 2263 1560 hortantium.
2300 1500 2480 1556 simul
2528 1514 2582 1558 et
2633 1505 2885 1574 pulveris
2941 1524 3224 1579 equorum
3284 1512 3530 1583 pedibus

1878 1587 2079 1659 agitati
2111 1588 2325 1644 nebula
2354 1590 2413 1644 in
2445 1590 2698 1648 sublime
2727 1599 2913 1664 rapta,
2946 1597 3310 1665 commoniti,
3332 1598 3405 1655 ad
3437 1598 3527 1654 lo-

1879 1692 2014 1730 cum
2068 1681 2383 1749 properant
2433 1681 2792 1737 certaminis.
2826 1682 2936 1739 Sed
2970 1693 3284 1758 antequam
3324 1703 3530 1745 eorum

1877 1764 1976 1836 qui
2000 1764 2331 1821 restiterant
2350 1767 2596 1823 catervis
2628 1784 2691 1826 se
2722 1771 3169 1844 conjungerent,
3200 1775 3528 1833 deficienti-

1878 1854 1987 1908 bus
2017 1853 2222 1924 primis
2251 1860 2309 1910 et
2336 1853 2397 1910 in
2430 1856 2626 1925 fugam
2648 1859 2815 1926 actis,
2840 1860 2975 1915 sacti
3005 1865 3146 1917 sunt
3177 1862 3393 1930 hostes,
3426 1880 3532 1921 no-

1877 1940 2018 1996 stris
2044 1941 2311 2011 devictis,
2360 1944 2710 2016 superiores.
2753 1947 3067 2005 Conversos
3118 1951 3321 2023 itaque
3351 1952 3410 2007 in
3432 1953 3523 2008 su·

1876 2045 2008 2101 gam
2047 2043 2300 2096 ηοω-οε,
2333 2048 2432 2103 per
2470 2032 2597 2089 loca
2645 2033 2798 2089 saxis
2847 2039 3168 2107 asperrima
3197 2045 3253 2094 et
3294 2057 3533 2112 prorsus

1876 2119 2051 2188 invia,
2086 2126 2141 2177 et
2171 2124 2407 2177 omnino
2438 2122 2633 2196 fugam
2670 2141 2784 2180 non
2816 2126 3184 2185 admittentia
3215 2131 3446 2202 sagittis
3475 2135 3535 2189 et

1878 2209 2095 2265 strictis
2151 2210 2365 2283 gladiis
2431 2228 2591 2269 more
2653 2213 2906 2270 bostium
2965 2216 3337 2288 insectantes,
3388 2221 3533 2278 alios

1880 2298 2031 2354 ferro
2065 2302 2381 2370 perimunt,
2404 2301 2551 2358 alios
2596 2309 2981 2374 prosternunt
3009 2309 3340 2380 praecipites
3367 2326 3382 2378 ;
3413 2315 3471 2366 et
3500 2328 3536 2366 a

1879 2388 2154 2458 praedicta
2184 2389 2435 2460 Hebron,
2458 2408 2581 2462 quaa
2607 2398 2697 2447 est
2725 2391 3124 2464 Cariatbarbe,
3152 2413 3339 2469 usque
3370 2400 3427 2454 in
3461 2399 3535 2454 ss-

1878 2487 1983 2527 nes
2013 2473 2253 2529 Tbecuae
2289 2479 2727 2546 persequentes,
2759 2479 3008 2547 stragem
3059 2480 3303 2537 multam
3347 2483 3527 2541 nimis

1878 2563 2096 2632 operati
2129 2572 2260 2619 sunt
2292 2562 2350 2618 in
2403 2565 2630 2634 popule.
2669 2565 3015 2622 Ceciderunt
3071 2575 3266 2625 autem
3305 2570 3407 2627 illa
3437 2572 3536 2630 die

1881 2649 2051 2705 multi
2084 2652 2307 2708 nobiles
2328 2657 2383 2707 et
2413 2652 2610 2725 inclyti
2644 2654 2773 2719 viri,
2798 2655 2952 2710 inter
2980 2672 3128 2726 quos
3170 2657 3257 2712 vir
3277 2661 3532 2718 eximius

1876 2737 2055 2794 frater
2087 2739 2300 2794 militiae
2329 2739 2576 2811 Templi,
2608 2742 2729 2798 Odo
2760 2743 2830 2797 de
2851 2742 3046 2800 Monte
3074 2744 3356 2814 Falconis,
3405 2765 3535 2805 om-

1877 2847 1981 2886 nes
2007 2833 2187 2884 morte
2218 2846 2322 2884 sua
2346 2846 2588 2887 moerore
2617 2836 2675 2886 et
2696 2833 2915 2903 gemitu
2943 2834 3278 2903 conficiens,
3304 2838 3535 2894 occisus

1877 2923 1987 2974 est.
2021 2921 2227 2974 Hostes
2249 2934 2382 2974 vero
2413 2919 2655 2975 victoria
2704 2921 2893 2992 potiti,
2927 2923 3080 2978 caede
3112 2932 3445 2982 nostrorum
3478 2932 3537 2984 et

1876 3006 2079 3077 spoliis
2104 3009 2382 3076 laetantes,
2413 3009 2763 3066 Ascalonem
2799 3014 3010 3068 reversi
3042 3023 3195 3069 sunt.
3221 3016 3410 3072 Nostri
3429 3033 3537 3074 au·

118 3101 357 3168 dicitur,
377 3100 733 3165 incedentes,
763 3100 899 3154 inde
921 3116 983 3155 se
1008 3100 1077 3155 ad
1096 3101 1770 3167 montanaconserentes,
1801 3083 1845 3152 C
1885 3105 1997 3153 tem
2032 3097 2132 3166 qui
2158 3095 2214 3150 in
2232 3097 2597 3166 expeditione
2617 3104 2804 3164 erant,
2826 3102 3053 3171 cognito
3075 3108 3226 3173 quod
3253 3105 3407 3177 apud
3430 3122 3535 3163 nos

115 3190 176 3245 in
209 3204 338 3244 eam
367 3186 671 3259 provinciae
687 3192 907 3257 partem
929 3188 1280 3258 irruperunt,
1304 3203 1426 3259 quas
1441 3188 1589 3241 tribu
1603 3186 1767 3242 Judae

117 3278 261 3334 olim
294 3279 474 3333 cessit
504 3276 562 3331 in
592 3282 806 3331 sortem
834 3292 848 3342 ;
874 3280 929 3329 et
961 3275 1357 3347 pervenientes
1380 3278 1449 3330 ad
1482 3276 1771 3332 civitatem

118 3366 542 3439 prophetarum
573 3366 748 3422 Amos
791 3369 850 3420 et
909 3365 1193 3433 Habacuc,
1225 3367 1477 3421 Tecuam
1508 3366 1768 3433 nomine,

116 3454 330 3513 incolis
388 3470 657 3520 vacuam,
717 3452 994 3509 violenter
1061 3459 1508 3525 occupaverunt,
1570 3454 1770 3523 paucis

118 3544 372 3618 quesibi
405 3548 745 3614 repererunt
765 3543 1007 3610 occisis3
1044 3543 1313 3614 fugerant
1369 3547 1523 3598 enim
1557 3540 1668 3597 loci
1701 3540 1769 3595 il-

116 3635 239 3691 lius
270 3633 649 3698 habitatores,
683 3632 941 3687 hostium
1001 3634 1247 3688 adventu
1291 3630 1678 3703 praecognito;
1712 3634 1773 3688 et

114 3740 255 3781 cum
290 3722 567 3779 uxoribus
613 3727 670 3777 et
729 3721 951 3786 liberis,
984 3720 1265 3777 armentis
1313 3732 1366 3776 et
1398 3721 1675 3794 gregibus
1708 3720 1768 3775 in

115 3815 466 3888 speluncam
509 3811 797 3878 Odollam,
829 3813 945 3869 illis
975 3813 1247 3882 vicinam,
1282 3829 1341 3869 se
1377 3812 1766 3870 contulerant.

112 3904 324 3961 Vicum
358 3919 491 3974 ergo
526 3902 863 3974 praedictum
898 3902 1257 3958 invenientes
1287 3919 1557 3970 vacuum,
1582 3902 1770 3957 domi-

115 3995 260 4050 cilia
312 4008 513 4048 eorum
549 3992 649 4062 qui
683 3990 1240 4063 fugerantingressi‚
1277 3991 1432 4064 quod
1467 3991 1765 4047 residuum

115 4087 269 4145 erat,
295 4080 688 4153 asportabant.

193 4170 328 4226 Erat
361 4182 556 4227 autem
589 4187 728 4226 casu
752 4168 1300 4243 Hierosolymisillis
1331 4168 1537 4225 diebus
1565 4167 1769 4224 abAn-

116 4261 340 4318 tiocliia
368 4260 626 4331 veniens,
661 4259 745 4313 vir
776 4259 882 4331 piae
925 4260 984 4315 in
1029 4259 1276 4315 Domino
1325 4257 1766 4324 recordationis,

118 4350 295 4407 miles
326 4349 575 4405 eximius
634 4352 690 4404 et
732 4350 787 4404 in
821 4348 1002 4403 armis
1031 4352 1325 4415 strenuus,
1360 4347 1571 4403 nobilis
1601 4362 1770 4401 carne

117 4445 179 4496 et
213 4438 502 4505 moribus,
559 4437 828 4493 dominus
887 4436 1190 4504 Robertus,
1248 4435 1594 4507 cognomine
1626 4435 1766 4490 Bur·
1800 4457 1847 4523 D

117 4527 621 4601 gundio,natione
650 4525 1343 4596 Aquitanicus‚magister
1365 4524 1588 4580 militiae
1607 4524 1775 4579 Tem-

121 4616 228 4690 pli.
253 4615 357 4672 Hic
384 4631 519 4671 cum
550 4614 905 4687 quibusdam
936 4615 1006 4669 de
1038 4614 1313 4670 fratribus
1335 4614 1456 4668 suis
1476 4617 1534 4668 et
1552 4613 1776 4668 cumiis

119 4706 227 4779 qui
261 4704 675 4776 Hierosolymis
705 4708 1130 4769 remanserant,
1159 4703 1358 4774 paucis
1379 4707 1436 4757 et
1461 4701 1779 4772 promiscui

118 4796 350 4867 generis
372 4795 684 4866 equitibus,
717 4794 989 4850 vexillum
1023 4796 1244 4864 regium
1296 4793 1594 4863 bajulante
1623 4810 1778 4866 quo·

120 4888 264 4940 dam
297 4884 516 4939 domini
551 4884 700 4954 regis
738 4882 1340 4950 lamiliari,Bernardo
1374 4884 1608 4946 vacher,
1627 4884 1775 4939 sub-

119 4977 405 5045 sequente
436 4972 666 5044 populo,
700 4972 773 5028 ad
804 4972 992 5028 locum
1047 4971 1378 5042 praedictum
1425 4973 1691 5028 certatim
1723 4982 1779 5028 et

121 5063 236 5120 sub
261 5063 425 5118 omni
451 5062 747 5119 celeritate
792 5063 1170 5118 contendunt.
1230 5060 1546 5116 audientes
1581 5061 1778 5133 itaque

120 5151 300 5208 Turci
333 5156 664 5209 nostrorum
695 5152 1033 5216 adventum,
1065 5148 1258 5205 locum
1307 5149 1639 5205 deserentes
1665 5150 1779 5207 Ha·

119 5240 345 5308 behim,
377 5239 558 5297 Joelis
591 5241 880 5312 propbetas
931 5240 1196 5307 domum,
1219 5254 1422 5293 versus
1452 5238 1639 5294 Ebron
1676 5255 1780 5310 pa-

123 5327 515 5387 triarcharum
564 5330 927 5401 sepulcrum,
963 5330 1161 5400 fugam
1196 5327 1489 5396 inierant;
1517 5326 1781 5385 volentes

124 5421 267 5477 inde
292 5419 353 5474 in
383 5418 560 5490 plana
589 5420 934 5475 Ascalonem
958 5434 1162 5474 versus
1192 5416 1560 5471 descendere.
1588 5415 1779 5474 Nostri

122 5513 354 5581 autem,
382 5509 637 5568 scientes
665 5509 922 5567 hostium
937 5507 1089 5565 acies
1118 5506 1180 5563 in
1210 5507 1407 5579 fugam
1428 5522 1780 5577 versas,non

451 5611 715 5675 Pauor..
760 5609 908 5674 CCI.

1881 3184 2167 3240 acciderat
2200 3184 2542 3253 insortunio,
2563 3187 2758 3244 animo
2773 3189 3049 3246 nimirum
3066 3197 3207 3247 sunt
3227 3193 3537 3251 vehemen-

1881 3278 1969 3330 ter
2000 3275 2375 3330 consternati.
2399 3275 2509 3331 Sed
2561 3282 2753 3332 tamen
2804 3278 3195 3351 intelligentes
3228 3282 3380 3340 banc
3411 3300 3536 3341 esse

1881 3363 2171 3419 bellorum
2205 3363 2415 3435 legem,
2454 3370 2516 3421 ut
2547 3383 2701 3421 nunc
2734 3366 2814 3434 bi,
2849 3385 3005 3424 nunc
3035 3369 3115 3424 illi
3150 3373 3324 3429 variis
3364 3389 3531 3431 even·

1880 3453 2042 3508 tibus
2074 3456 2212 3508 fiant
2244 3455 2591 3523 superiores,
2626 3458 2836 3511 iterum
2898 3460 3359 3517 consolationem
3394 3463 3540 3519 reci-

1883 3542 2130 3612 pientes,
2155 3548 2342 3613 coepto
2402 3544 2627 3597 instant
2673 3544 2834 3609 operi
2883 3544 3202 3602 ferventius
3246 3549 3439 3616 solito,
3480 3555 3540 3607 et

1878 3640 2110 3687 auctore
2146 3631 2408 3698 Domine,
2441 3632 2589 3686 infra
2621 3648 2837 3701 paucos
2869 3633 2995 3688 dies
3025 3634 3366 3704 praedictum
3390 3637 3541 3693 obti-

1879 3724 2021 3777 nent
2047 3720 2404 3791 praesidium‚
2438 3719 2574 3774 inde
2635 3736 2766 3775 cum
2822 3721 3009 3792 gloria
3047 3729 3100 3778 et
3132 3724 3431 3795 triumpho
3460 3727 3534 3783 ad

1880 3808 2112 3879 propria
2149 3805 2384 3863 reversi.

2518 3915 2747 3974 CAPUT
2791 3917 2907 3973 v11.

1875 4022 2205 4096 Sanquinus
2233 4037 2463 4093 reynum
2485 4025 2948 4080 Damascenorum
2980 4026 3287 4098 inquietat,·
3313 4025 3535 4085 Damas-

1949 4097 2070 4150 ceni
2098 4112 2132 4149 a
2161 4096 2368 4149 nostri-c
2425 4095 2708 4150 auxilium
2739 4097 3037 4166 postulant,
3097 4102 3150 4153 et
3203 4102 3539 4171 mter-positis

1950 4165 2194 4222 obtinent
2232 4164 2677 4234 condicionibm3
2711 4168 3033 4239 Sanquinus
3077 4169 3148 4225 ad
3190 4173 3419 4243 propria
3446 4187 3536 4229 re·

1949 4239 2209 4293 vertitur.

1952 4346 2199 4411 interea,
2222 4344 2363 4398 dum
2388 4343 2512 4400 haec
2533 4343 2591 4399 in
2619 4346 2884 4414 partibus
2905 4348 3539 4423 gerunturllierusoly-

1880 4434 2141 4499 mitanis,
2165 4434 2495 4496 Sanguinus
2516 4440 2795 4505 tunquam
2822 4438 3036 4492 vermis
3056 4437 3376 4508 inquietus,
3401 4454 3541 4494 suc-

1885 4524 2149 4581 cessibus
2180 4524 2239 4579 in
2270 4523 2628 4579 immensum
2662 4523 2872 4593 elatus,
2908 4527 3402 4594 praesumitetiam
3429 4524 3539 4580 Da·

1885 4628 2297 4668 muscenorum
2333 4627 2578 4683 regnum
2634 4612 2744 4667 sibi
2789 4612 3100 4667 vindicare.
3136 4612 3294 4675 Quod
3322 4609 3541 4667 intelli-

1884 4718 2029 4774 gens
2063 4702 2351 4759 Ainardus
2376 4701 2535 4757 illius
2558 4701 2720 4771 regni
2753 4707 3112 4772 procurator,
3142 4701 3358 4756 militiae
3378 4702 3538 4771 prin-

1885 4807 2044 4863 ceps,
2078 4808 2242 4846 socer
2272 4807 2510 4862 quoque
2541 4790 2693 4861 regis
2742 4797 3261 4859 Damascenorum,
3292 4790 3448 4862 quod
3478 4790 3538 4847 in

1886 4879 2032 4934 fines
2072 4894 2203 4933 suos
2233 4877 2514 4934 violenter
2537 4883 2689 4933 esset
2716 4878 3041 4949 ingressus,
3077 4879 3313 4933 nuntios
3346 4877 3418 4934 ad
3439 4879 3541 4934 do-

1887 4969 2114 5022 minum
2152 4984 2366 5039 regem,
2400 4984 2534 5022 cum
2569 4968 2764 5023 verbis
2797 4967 3052 5038 pacificis
3090 4968 3305 5040 dirigit,
3341 4979 3539 5039 petens

1888 5062 1947 5115 et
1978 5056 2191 5113 obnixe
2248 5055 2553 5129 postulans
2583 5055 2654 5111 ab
2712 5072 2777 5111 eo
2843 5060 2901 5112 et
2961 5057 3170 5129 populo
3208 5056 3558 5114 Christiano.

1890 5146 2175 5206 auxilium
2225 5150 2283 5202 et
2329 5145 2641 5202 consilium
2692 5156 2892 5203 contra
2945 5146 3170 5204 bostem
3233 5147 3537 5218 utriusque

1889 5236 2051 5309 regni
2077 5235 2649 5292 crudelissimum.Et
2681 5253 2752 5293 ne
2785 5241 3265 5309 praesumptuose,
3286 5236 3541 5306 gratiset

1891 5325 2015 5382 sine
2049 5324 2363 5381 multorum
2395 5341 2495 5395 spe
2519 5324 3068 5392 emolumentorum,
3105 5326 3410 5381 dominum
3446 5341 3539 5381 re·

1891 5432 2023 5489 gem
2043 5421 2100 5469 et
2130 5416 2261 5486 ejus
2302 5415 2595 5486 principes
2634 5416 2692 5471 in
2752 5418 2844 5474 sui
2883 5417 3213 5472 subsidium
3249 5418 3543 5473 videretur

1891 5503 2474 5579 sollicitare,spondet
2489 5523 2592 5579 pro
2613 5506 2919 5567 immensis
2936 5507 3009 5566 ad
3032 5506 3142 5566 hoc
3164 5524 3312 5584 opus
3337 5524 3540 5567 neces-

3141 5610 3223 5671 20
