3784 6000
19 280 25 293 ,
132 223 277 282 1⁴01

1654 212 2043 275 emmona.

3285 246 3304 265 .
3393 206 3561 266 -uos

138 348 310 422 quod
343 351 526 424 cupio
555 350 588 408 ‘t
610 354 733 423 Ego
758 354 959 409 tumen
988 365 1224 423 nequeo
1253 364 1375 408 non
1399 363 1604 406 amare
1632 342 1799 420 quod
1829 343 1876 398 A
1912 340 2257 416 reliquistis,
2310 338 2611 397 Christum
2663 352 2777 412 pro
2825 334 3048 394 soeculo
3095 334 3564 409 reciprocatione

138 453 303 507 amo,
321 455 434 496 nec
459 440 663 497 minus
688 439 941 498 subinde
964 440 1024 498 in
1040 454 1344 497 summam
1363 436 1798 496 desideriorum

140 544 391 586 suorum
421 535 747 587 contumax
766 530 1020 587 flamma
1031 527 1313 586 ferventis
1336 525 1558 585 amoris
1587 521 1798 582 attolli·

139 622 258 686 tur,
288 619 515 676 etiamsi
549 620 906 692 superjecto
927 617 1291 676 difficultatis
1318 616 1490 675 obice
1507 614 1795 689 reprima-

140 711 256 765 tur.
282 708 468 765 Habet
489 709 645 765 enim
679 714 734 766 et
761 709 862 765 hic
891 723 1073 765 suum
1098 722 1221 764 non
1243 705 1519 778 improba
1531 701 1794 761 dilectio-

138 796 234 853 nis
258 797 634 871 improbitas,
668 802 730 854 ut
751 797 1104 870 plerumque
1141 794 1290 853 dum
1321 793 1564 866 assequi
1585 789 1793 863 cupita

135 901 263 942 non
277 901 621 958 possumus,
633 888 798 960 quod
820 892 998 960 negat
1010 883 1465 958 impossibilitas
1479 881 1787 940 ardentius

136 974 477 1048 cupiamus.
506 978 582 1033 De
606 982 822 1034 caetero
851 979 1115 1034 vestrum
1140 979 1245 1038 est,
1259 971 1630 1031 omnimodis
1655 985 1788 1043 pro·

134 1079 367 1132 curare,
387 1070 450 1121 ut
476 1081 595 1122 non
609 1065 881 1123 ablatum
893 1065 1075 1121 nobis
1089 1064 1181 1130 sit,
1199 1062 1306 1120 sed
1330 1061 1605 1128 dilatum,
1620 1057 1786 1133 quod

135 1152 215 1212 de
244 1154 504 1211 adventu
533 1161 733 1213 vestro
761 1154 866 1228 pia
883 1155 1077 1212 fuerat
1107 1151 1504 1211 familiaritate
1528 1148 1784 1221 disposi-

136 1246 283 1300 tum.
307 1243 529 1300 Dehinc
555 1259 697 1301 vero
725 1242 893 1317 quod
915 1247 1106 1301 status
1149 1241 1335 1299 nostri
1361 1239 1632 1297 notitiam
1654 1236 1783 1295 dari

133 1332 309 1391 vobis
332 1348 439 1405 per
464 1331 688 1390 litteras
727 1331 1098 1407 postulastis,
1121 1329 1312 1387 axilla
1337 1329 1620 1387 nimirum
1649 1342 1785 1399 pro·

130 1421 243 1478 diit
265 1421 573 1489 charitate,
605 1437 730 1495 qua
759 1429 1025 1479 vestrum
1073 1435 1195 1477 non
1246 1418 1545 1476 immerito
1565 1417 1778 1483 facitis,

123 1510 425 1587 quidquid
450 1511 629 1568 nobis
646 1509 1040 1585 pepereritvel
1056 1508 1424 1583 prosperitas
1439 1506 1665 1575 laetum,
1689 1503 1783 1563 vel

127 1600 480 1657 sinisteritas
505 1598 866 1657 lustuosum.
890 1602 955 1656 Et
975 1614 1087 1656 nos
1111 1597 1360 1672 quidem
1386 1602 1442 1653 et
1479 1596 1783 1654 Claroeval·

1906 429 2243 489 damnabili
2265 426 2631 502 relinquatis.

2655 570 2812 629 xvn.

1902 704 1999 761 Ad
2014 708 2360 762 conventum
2384 703 2816 788 trerminum-is.
2835 702 3178 787 ff-Asfiictos
3191 701 3467 785 hortatur
3484 699 3560 758 ad

1973 777 2334 835 exerendam
2362 779 2654 844 virtutem,
2678 778 3091 846 etpatoentwm
3104 773 3519 831 exhibendam,

1968 909 2184 967 Audito
2203 909 2498 980 surgentis
2519 907 2757 965 fremitu
2779 906 3172 978 tempestatis,
3191 920 3375 978 quam
3414 917 3558 960 con-

1896 1003 1992 1058 tra
2017 1016 2126 1057 vos
2154 1004 2209 1056 et
2235 999 2487 1055 domum
2518 1003 2773 1054 vestram
2816 996 2995 1053 flatus
3042 993 3356 1051 diabolicae
3384 992 3550 1051 mali-

1896 1088 2139 1160 gnitatis
2167 1088 2429 1159 exagitat
2462 1105 2478 1155 ;
2513 1087 2809 1143 instamus
2838 1100 2963 1159 qua
3008 1099 3336 1157 possumus
3377 1097 3554 1155 prece

1895 1176 2151 1234 sollicita
2185 1175 2582 1233 dormientem
2637 1174 2838 1231 denuo
2888 1173 3174 1230 suscitare
3220 1172 3447 1236 Iesum,
3490 1176 3554 1228 ut

1893 1271 2102 1336 surgat
2128 1281 2311 1332 nunc,
2339 1270 2397 1321 et
2439 1263 2765 1336 opituletur
2812 1261 3011 1331 vobis,
3052 1262 3197 1317 etin
3236 1264 3404 1316 tanta
3442 1274 3552 1317 vos

1893 1354 2248 1411 necessitate
2275 1369 2400 1411 non
2450 1352 2705 1409 deserat.
2741 1353 3065 1426 speramus
3121 1354 3346 1416 autem,
3402 1347 3548 1406 etin

1890 1443 2025 1516 ipso
2044 1441 2431 1509 confidimus,
2462 1441 2629 1516 quod
2649 1456 2903 1513 surgens
2929 1442 3132 1511 surget
3153 1437 3340 1495 ventis
3359 1437 3554 1511 impe-

1888 1536 2130 1590 raturus
2156 1536 2214 1589 et
2276 1530 2578 1596 fluctibus,
2613 1535 2676 1587 ut
2728 1528 2833 1586 flat
2858 1544 2933 1586 ex
2960 1527 3363 1586 commotione
3393 1530 3552 1583 tran·

1890 1618 2155 1692 quillitas
2183 1624 2240 1677 et
2269 1624 2495 1678 statuta
2548 1616 2810 1693 procella
2847 1615 3203 1674 turbationis
3252 1614 3437 1687 hujus
3487 1614 3549 1672 in

132 1688 209 1746 ΠΒ
229 1694 420 1746 ‘⁰⁸³³
461 1704 567 1761 9⁰¹
595 1689 850 1758 &mnam
882 1689 983 1745 ⁰⁰1
1011 1687 1155 1746 ⁸⁸5⁸
1186 1701 1476 1761 9¹⁰⁸P⁰¹⁸⁰
1513 1685 1781 1758 ⁸85⁰¹⁰⁸3
1820 1713 1863 1768 B
1893 1724 2130 1773 auram,
2161 1709 2478 1765 mitescant
2503 1712 2562 1765 et
2587 1706 2799 1764 sileant
2817 1705 3036 1763 fluctus
3067 1704 3217 1777 eius.
3242 1702 3415 1763 vobis
3445 1718 3550 1761 au·

132 1783 382 1852 excepto
394 1777 560 1852 quod
585 1777 907 1836 novissime
918 1777 1134 1835 diebus
1163 1776 1259 1833 isti
1289 1791 1411 1832 non
1441 1775 1645 1832 leviter
1673 1791 1786 1833 nos

135 1866 321 1939 tetigit
346 1882 564 1924 manus
587 1867 816 1925 Domini
841 1883 855 1923 ε
887 1883 1064 1941 quos,
1093 1871 1154 1923 ut
1182 1865 1492 1939 utriusque
1518 1866 1784 1938 parentis

127 1957 485 2015 orbaremur
505 1956 741 2024 solatio,
773 1972 896 2014 una
932 1956 1030 2014 die
1064 1956 1199 2013 dira
1226 1953 1403 2012 valde
1429 1953 1701 2027 perculit,
1720 1955 1785 2014 in

127 2044 366 2102 abbatis
399 2044 691 2111 absentia,
723 2060 887 2103 mors
914 2044 1146 2121 prioris.
1166 2045 1284 2102 Nos
1313 2047 1516 2100 autem
1537 2042 1782 2101 alterius

126 2140 434 2206 gementes
446 2134 699 2202 obitum,
718 2134 957 2192 alterius
977 2134 1233 2192 reditum
1249 2131 1661 2206 praestolantes
1674 2134 1778 2206 (3),

124 2224 277 2280 inter
302 2239 591 2282 moerores
629 2229 685 2280 et
713 2223 937 2296 gaudia
966 2222 1150 2281 medii
1181 2221 1599 2294 suspiramus:
1640 2222 1780 2280 inde

125 2315 328 2388 utique
343 2313 535 2384 magis
550 2313 938 2387 tristes,quod
952 2312 1210 2388 prandioli
1226 2309 1416 2368 Patris
1430 2310 1776 2379 adventum,

121 2403 1218 2478 quemjamdiuinanitersustinemus,
1245 2416 1371 2474 proe
1404 2398 1581 2458 taedio
1598 2417 1778 2460 morie

121 2505 361 2564 sperare
395 2491 752 2549 desinimus.

906 2598 1037 2655 XVI.

119 2704 208 2760 Aa
231 2704 613 2776 relioiososin
635 2705 961 2762 Germania
970 2707 1339 2766 constitutos.
1355 2738 1424 2752 —-
1445 2707 1771 2766 Conventus

192 2775 978 2842 Glaraevallensi,abbotibus
1002 2776 1334 2838 Germanias
1356 2780 1773 2852 participatio-

192 2860 324 2905 nem
355 2848 712 2913 orationum,
745 2854 856 2905 etc.
889 2851 1304 2907 communicat.

192 2952 845 3028 Scimus,fratres,quod
858 2970 1257 3029 supernorum
1270 2957 1434 3017 dona
1444 2957 1770 3017 charisma-

1892 1801 2041 1868 tem,
2061 1796 2417 1865 charissimi,
2439 1795 2855 1872 opportunitas
2872 1793 3104 1852 indulta
3122 1796 3211 1851 est
3235 1792 3548 1851 exerendo

1893 1887 2144 1955 virtutis,
2160 1886 2376 1960 utquid
2400 1886 2462 1942 in
2484 1901 2633 1959 pace
2647 1884 3036 1959 profeceritis,
3056 1884 3118 1941 in
3132 1882 3546 1956 persecutione

1896 1975 2279 2033 monstretis:
2310 1980 2369 2033 et
2396 1990 2557 2033 nunc
2579 1974 2655 2032 de
2684 1973 2983 2031 thesauris
3000 1972 3208 2030 vestris
3237 1969 3545 2044 explicetis

1893 2064 1973 2123 ad
2003 2065 2302 2134 meritum,
2324 2063 2620 2139 quidquid
2646 2061 3092 2137 negotiantibus
3112 2060 3288 2119 vobis
3308 2058 3545 2117 venisse

1892 2155 2116 2229 putatis
2132 2155 2195 2212 in
2218 2153 2475 2211 lucrum.
2502 2154 2649 2211 Ecce
2665 2152 2827 2209 enim
2848 2167 3028 2225 super
3050 2167 3160 2207 vos
3181 2149 3355 2223 quasi
3372 2148 3546 2224 picea

1889 2257 2013 2301 nox
2039 2243 2790 2316 caliginosaetribulationis
2807 2239 3205 2315 oppanditur;
3228 2238 3334 2297 sed
3362 2238 3541 2310 agite,

1890 2341 1956 2392 ut
1984 2349 2104 2390 nox
2130 2334 2282 2391 sicut
2306 2332 2436 2390 dies
2472 2332 2859 2398 illuminetur,
2881 2329 3107 2403 fiatque
3138 2345 3254 2386 nox
3276 2329 3393 2386 ista
3412 2326 3539 2385 illu-

1888 2422 2141 2483 minatio
2170 2428 2365 2480 vestra
2393 2423 2453 2478 in
2490 2421 2714 2479 deliciis
2744 2420 2972 2486 vestris,
3000 2433 3138 2475 cum
3162 2416 3450 2475 effulserit
3478 2417 3541 2474 in

1884 2512 2249 2572 obscuritate
2279 2509 2554 2578 turbinis,
2591 2510 2756 2584 quod
2798 2506 2943 2565 olim
2972 2506 3328 2565 accendistis
3361 2506 3423 2563 ln
3449 2505 3543 2563 lu-

1884 2602 2046 2659 mine
2094 2599 2397 2657 claritatis.
2453 2600 2545 2658 Sic
2593 2600 2753 2656 enim
2791 2598 3076 2671 scriptum
3124 2601 3215 2653 est
3262 2615 3275 2655 ε
3322 2595 3394 2653 In
3444 2594 3542 2653 die

1880 2691 2194 2749 mandavit
2233 2690 2517 2748 Dominus
2553 2687 3019 2746 misericordiam
3048 2702 3220 2744 suam
3270 2691 3327 2744 et
3367 2689 3542 2745 nocte

1881 2780 2177 2837 canticum
2202 2781 2333 2850 ejvs
2360 2777 2553 2850 (Psal.
2577 2779 2715 2848 xm).
2750 2776 2921 2844 Quod
2952 2779 3042 2832 est
3065 2776 3179 2833 hoc
3206 2775 3535 2840 canticum,

1879 2868 1995 2926 nisi
2020 2871 2347 2940 gratiarum
2388 2866 2545 2924 actio
2573 2872 2630 2925 et
2661 2882 2775 2923 vox
2821 2865 3017 2922 laudis
3040 2887 3053 2932 ;
3079 2865 3138 2922 in
3169 2880 3357 2938 quam
3390 2868 3534 2920 tunc

1877 2957 2176 3031 principue
2209 2956 2496 3031 jubemur
2519 2970 2852 3028 erumpere,
2886 2970 3023 3011 cum
3052 2952 3296 3024 gravius
3328 2954 3539 3011 contra

117 3044 236 3098 tum
248 3040 520 3100 fraternae
536 3043 1000 3117 participationis
1012 3061 1192 3102 comm
1202 3047 1419 3105 unione
1432 3047 1768 3120 proficiunt,
1798 3064 1842 3124 ρ
1877 3063 1991 3105 nos
2021 3046 2186 3105 mala
2202 3048 2337 3104 vitoe
2361 3045 2672 3120 praesentis
2696 3042 3063 3119 erumpunt?
3091 3043 3182 3099 Διὶ
3206 3043 3323 3100 hoc
3347 3042 3530 3100 canti·

116 3134 176 3186 et
197 3146 269 3188 eo
293 3132 600 3205 copiosius
627 3133 780 3190 infra
802 3150 1219 3207 possessorum
1259 3152 1508 3193 suorum
1536 3143 1767 3194 mentes

117 3221 467 3290 exuberant,
493 3238 616 3296 quo
634 3222 934 3297 largiusin
957 3223 1229 3281 subsidia
1245 3226 1655 3298 proximorum
1668 3226 1768 3284 de·

114 3309 405 3367 rivatione
419 3311 682 3383 quadam
709 3312 974 3369 traducis
995 3311 1294 3370 charitatis
1307 3318 1610 3373 emanant.
1625 3314 1766 3373 Inde

113 3401 221 3464 est,
238 3398 407 3472 quod
428 3399 491 3456 in
514 3405 729 3457 nostrae
753 3400 1134 3458 fraternitatis
1164 3400 1450 3473 suffragia
1474 3404 1764 3478 requisiti,

113 3489 265 3544 votis
276 3487 491 3545 vestris
506 3487 1115 3556 libenterannuimus,
1139 3491 1535 3550 concedentes
1558 3493 1764 3567 utique

112 3575 288 3632 vobis
309 3583 662 3652 perpetuum
695 3578 880 3635 Deoia
895 3580 1238 3638 orationum
1258 3585 1602 3640 nostrarum
1632 3599 1765 3657 par·

111 3665 448 3737 ticipatione
477 3667 845 3726 consortium
868 3685 883 3736 ;
914 3674 1045 3725 utet
1069 3685 1201 3735 nos,
1224 3669 1388 3743 quod
1408 3671 1637 3744 oppido
1664 3690 1768 3746 po-

114 3751 430 3822 stulamus,
446 3756 873 3814 communione
886 3763 1218 3815 vestrarum
1236 3765 1475 3830 gratum
1496 3760 1615 3818 Deo
1633 3777 1766 3834 par-

115 3840 387 3915 ticipium
426 3860 894 3919 consequamur.
936 3846 1029 3905 Sic
1059 3848 1219 3904 enim
1258 3848 1404 3906 dum
1460 3853 1661 3908 nostm
1700 3852 1762 3909 in

111 3930 461 3988 alterutrum
475 3931 635 3992 bona
648 3935 994 4008 dividimus,
1019 3936 1075 3993 in
1100 3952 1371 3994 amorem
1398 3936 1625 3996 Deisub
1638 3939 1766 3996 vin-

111 4018 245 4076 culo
263 4020 430 4093 pacis
454 4029 679 4079 mentes
702 4024 945 4082 intimas
956 4025 1302 4083 adunamus
1329 4046 1343 4084 z
1371 4027 1603 4101 etquod
1623 4028 1765 4085 divi·

110 4106 270 4165 nitur
313 4107 652 4167 habebatur
706 4111 768 4168 in
815 4113 1095 4184 singulis,
1132 4115 1245 4173 hac
1276 4116 1498 4175 unitate
1527 4117 1763 4189 proficit

109 4196 417 4254 universis.
440 4198 816 4273 Quapropter
835 4217 1154 4260 monemus
1174 4221 1279 4260 vos
1301 4210 1357 4260 et
1374 4206 1762 4266 exhortamur

104 4286 166 4342 in
188 4286 464 4355 Domino,
484 4289 685 4360 utiam
706 4289 993 4363 deinceps
1007 4292 1190 4364 hujus
1207 4295 1656 4353 communionis
1674 4296 1761 4355 in-

1876 3153 2018 3194 cum
2048 3136 2336 3194 invitabat
2358 3135 2700 3208 discipulos,
2731 3135 2834 3209 qui
2864 3133 3100 3190 dicebat
3134 3149 3147 3189 :
3183 3133 3367 3190 Omne
3390 3146 3535 3204 qau-

1875 3225 2039 3283 dium
2053 3226 2402 3291 existimate,
2413 3228 2631 3296 fratres
2651 3226 2784 3291 mei,
2811 3240 2944 3281 cum
2963 3224 3026 3280 in
3045 3224 3249 3281 varias
3261 3220 3533 3280 tentatio-

1874 3329 1979 3371 nes
2005 3314 2329 3372 incideritis
2342 3315 2493 3387 (Jac.
2527 3316 2587 3386 t).
2614 3316 2677 3371 Et
2712 3329 2786 3372 ue
2809 3329 2926 3387 qus
2961 3312 3238 3369 dubietas
3257 3311 3335 3368 de
3357 3311 3534 3368 vehe-

1877 3403 2105 3461 mentia
2151 3404 2495 3460 tentationis
2540 3403 2814 3475 obrepta,
2862 3401 3148 3459 attendite
3181 3399 3349 3474 quod
3377 3398 3532 3457 alius

1875 3508 2000 3551 non
2053 3490 2170 3549 alio
2212 3490 2424 3564 spiritu
2466 3491 2812 3562 praedicavit
2846 3489 3111 3547 :Fidelis
3150 3495 3251 3556 est,
3313 3486 3531 3561 inquit,

1875 3583 2053 3652 Deus,
2083 3583 2190 3654 qui
2215 3596 2334 3637 non
2347 3581 2608 3649 patietur
2619 3595 2719 3637 vos
2746 3578 2962 3636 tentari
2977 3593 3162 3650 supra
3178 3578 3244 3633 id
3256 3577 3533 3650 quodpe-

1876 3672 2035 3730 testis
2049 3672 2180 3739 ned
2191 3671 2372 3743 saciet
2388 3686 2523 3727 cum
2536 3670 2858 3727 tentatione
2869 3675 3241 3740 proventum,
3271 3676 3336 3723 ut
3347 3668 3534 3739 possi-

1874 3761 1950 3819 tis
1978 3762 2254 3818 sustinere
2280 3761 2343 3831 (I
2359 3760 2490 3817 Gor.
2522 3760 2611 3832 x).
2648 3758 2761 3814 vos
2799 3773 2962 3830 ergo,
2991 3758 3219 3824 fratres,
3249 3755 3450 3829 ponite
3467 3756 3528 3813 i'n

1871 3849 2156 3908 cordibus
2185 3848 2398 3907 vestris
2449 3848 2803 3922 patientiam
2840 3861 3081 3903 servare
3129 3845 3477 3902 contiunam
3507 3860 3523 3900 ε

1870 3946 1930 3997 et
1987 3938 2062 3996 de
2116 3936 2344 3995 malitia
2397 3936 2660 3994 illusoris
2712 3935 2950 3993 lucrum
3015 3934 3188 3992 facite
3268 3931 3530 3991 charita-

1870 4029 1964 4087 tis.
1992 4030 2203 4085 Rectas
2231 4026 2404 4085 facite
2437 4026 2567 4085 vias
2600 4030 2855 4090 vestras,
2908 4028 2966 4081 et
2995 4022 3193 4079 studia
3222 4026 3416 4079 vestra
3447 4021 3526 4079 ad

1873 4117 2195 4175 Dominum
2223 4116 2557 4187 dirigantur
2587 4119 2690 4175 :ut
2712 4111 3094 4177 fiatinvobis,
3126 4110 3289 4185 quod
3312 4109 3524 4182 legitis.

1870 4209 2016 4264 Cum
2030 4205 2358 4280 placuerint
2380 4203 2633 4262 Domino
2655 4203 2765 4259 viai
2792 4200 3360 4268 hominis,inimicos
3378 4215 3528 4274 quo·

1866 4311 1987 4370 que
2014 4295 2143 4368 ejus
2172 4297 2477 4353 convertet
2499 4292 2580 4351 ad
2631 4307 2865 4367 pacem.
2898 4291 3041 4358 Quis
3070 4290 3231 4347 enim
3287 4287 3528 4348 nocebit

108 4375 261 4432 tuitu
282 4376 362 4434 ad
394 4378 649 4448 gratiam
672 4381 770 4437 Dei
795 4380 973 4438 nobis
1001 4385 1059 4438 et
1091 4381 1258 4439 vobis
1278 4383 1500 4455 pariter
1521 4400 1763 4458 prome-
1790 4423 1841 4480 D
1869 4383 2064 4451 vobis,
2097 4383 2145 4440 si
2197 4384 2338 4441 boni
2367 4383 2749 4440 tumulatores
2779 4380 3006 4437 fueritis
3032 4382 3062 4438 ⁴?
3089 4382 3424 4438 perseveret
3462 4378 3522 4436 in

102 4462 359 4521 rendam
388 4466 449 4522 in
480 4466 664 4523 divini
686 4470 886 4541 operis
912 4469 1243 4527 ministerio
1272 4472 1595 4530 studiosius
1617 4475 1759 4546 vigi-

101 4551 254 4617 letis,
288 4552 467 4625 plena
498 4572 683 4613 manu
714 4557 773 4613 in
816 4558 1337 4616 benedictionibus
1367 4561 1756 4634 seminantes,

102 4641 268 4715 quod
298 4641 476 4715 plena
511 4643 754 4701 tandem
791 4644 944 4703 falce
994 4649 1055 4705 in
1089 4648 1327 4704 aeternis
1357 4651 1757 4709 messionibus

102 4730 423 4802 colligatis,
473 4733 862 4804 Expandatur
890 4736 949 4793 in
972 4735 1256 4794 cordibus
1276 4737 1492 4795 vestris
1514 4739 1756 4811 justitias

101 4836 246 4885 suae,
269 4821 489 4878 ostium
520 4820 835 4880 claudatur
855 4824 1108 4897 ineptiis,
1139 4831 1196 4883 et
1225 4842 1399 4884 amor
1420 4829 1642 4896 soeculi,
1661 4830 1755 4887 vel

94 4910 474 4968 saecularium
490 4916 840 4982 potestatum
858 4913 1273 4973 diviniamoris
1292 4917 1577 4975 custodias
1595 4925 1754 4991 post-

95 5006 375 5072 ponatur.
410 5004 559 5074 lpsae
585 5016 829 5075 quoque
858 5005 1324 5063 necessitudines
1360 5007 1662 5065 naturales
1690 5008 1752 5068 in

100 5085 410 5146 affectibus
451 5091 661 5147 vestris
687 5107 805 5148 non
857 5092 1247 5165 proejudicent
1271 5096 1532 5153 veritatis
1564 5113 1579 5164 ;
1606 5096 1754 5171 quia

103 5191 212 5232 nec
240 5192 491 5250 regnum
521 5181 622 5238 Dei
680 5196 820 5239 caro
849 5187 906 5240 et
926 5182 1176 5256 sanguis
1222 5185 1610 5259 assequitur;
1640 5202 1752 5245 nec

97 5263 274 5323 vohis
302 5265 597 5326 ullatenus
619 5271 879 5344 expedit,
902 5273 966 5330 ut
989 5272 1036 5329 si
1053 5288 1161 5346 pro
1199 5274 1431 5333 Christo
1459 5276 1750 5337 saeculunt

102 5515 107 5519 ·
167 5497 252 5573 (3)
287 5497 576 5559 ilenricus
594 5500 788 5562 abbas
812 5508 959 5564 tunc
977 5507 1214 5565 creatus
1239 5510 1334 5565 est
1354 5505 1702 5567 cardinalis.

1867 4472 2043 4532 vobis
2072 4471 2388 4545 disciplina
2413 4472 2673 4543 Ordinis,
2704 4469 3088 4529 fraternitatis
3112 4483 3308 4538 amor,
3331 4468 3521 4526 since-

1864 4564 2010 4620 ritas
2039 4559 2347 4619 charitatis
2379 4580 2392 4621 :
2416 4566 2474 4617 et
2496 4561 2624 4633 jam
2652 4559 2817 4617 nulla
2844 4560 3123 4617 timeatur
3161 4557 3517 4625 adversitas,

1868 4651 1971 4709 ubi
1999 4650 2165 4708 nulla
2195 4649 2859 4722 dominaturiniquitas.
2886 4648 3052 4704 Vivat
3073 4647 3133 4704 in
3148 4647 3317 4705 vobis
3342 4647 3522 4705 timor

1866 4740 1988 4807 Dei,
2016 4739 2338 4811 saeculique
2356 4736 2996 4811 contemptus,etvicta
3008 4735 3517 4794 suntomnia.Nos

1861 4844 2104 4902 quoque
2120 4828 2299 4901 juxta
2344 4826 2511 4899 quod
2559 4826 2672 4899 ipsi
2710 4825 2931 4898 petitis,
2979 4826 3057 4884 ad
3087 4825 3404 4882 dominum
3429 4840 3520 4881 re-

1862 4931 1997 4987 gem
2022 4917 2125 4990 (4),
2140 4916 2409 4989 aliasque
2423 4929 2735 4988 personas,
2753 4915 2993 4972 nuntios
3013 4914 3355 4985 litterasque
3366 4912 3519 4971 dire-

1859 5005 2059 5062 ximus
2082 5023 2097 5074 ;
2122 5008 2455 5077 sperantes,
2510 5003 2674 5077 quod
2701 5004 2761 5061 in
2792 5004 3067 5077 proximo
3096 5001 3271 5059 vobis
3310 5016 3432 5075 pax
3460 5006 3519 5059 et

1856 5094 2256 5169 tranquillitas
2282 5098 2577 5167 oportune
2605 5083 2932 5159 subrideat,
2970 5092 3307 5150 dummodo
3344 5090 3518 5163 virga

1857 5183 2190 5258 disciplinae
2238 5199 2424 5258 quam
2452 5184 2677 5256 geritis,
2713 5198 2824 5240 nec
2852 5183 3090 5242 decidat
3116 5181 3211 5240 his
3243 5179 3513 5248 flatibus,

1857 5287 1971 5332 nec
2001 5277 2265 5349 arescat.

1926 5507 2007 5583 (t)
2027 5509 2252 5583 Regem
2279 5506 2506 5583 Anglioe
2544 5508 2830 5586 intellige.
