3784 6000
98 195 209 253 833

676 186 861 248 ms‘r.
899 184 1160 247 RERUM
1195 184 1694 249 TRANSMAmN.
1733 214 1804 228 -
1840 182 1980 242 Lis.
2020 183 2171 242 xm.
2208 136 2621 240 eunomus
2655 180 2732 240 ιν
2767 177 2937 239 nex.

3410 180 3522 243 834

100 319 421 394 quidpiam
450 316 744 373 memoria
773 316 1024 386 dignum
1043 314 1095 370 ei
1125 313 1334 370 datum
1357 317 1447 369 est
1469 312 1758 369 divinitus
1788 313 1837 368 A
1867 309 2268 368 constantiam
2297 308 2731 382 promittentes,
2750 321 2924 363 casas
2953 309 3328 379 componunt
3351 306 3520 364 vimi-

103 421 589 466 consummasse.
626 407 881 474 Dignum
913 403 1138 476 quippe
1167 407 1312 467 erat,
1346 407 1409 458 ut
1429 402 1522 458 cui
1551 400 1758 457 Domi-

102 514 220 554 nus
251 512 425 553 suam
447 495 824 550 subtraxerat
852 493 1130 563 gratiam,
1163 493 1221 547 in
1251 490 1414 547 nullo
1445 506 1758 563 prospera-

103 592 287 643 retur.
320 583 744 653 Quiasuperbis
775 581 990 639 resistit
1022 582 1187 644 Deus,
1212 580 1538 636 humilibus
1560 585 1757 635 autem

105 677 214 733 dat
256 676 517 746 qratiam
564 672 615 743 (1
651 672 809 728 Petr.
866 687 922 735 v,
974 669 1056 742 5).
1100 669 1371 726 Promisit
1411 673 1610 723 tamen
1657 668 1762 723 do·

106 765 312 822 minus
363 778 492 829 rex,
531 777 592 816 se
645 765 1093 831 cooperatorem
1138 761 1193 813 et
1236 757 1568 828 adjutorem
1603 755 1758 812 sutu-

106 868 276 919 rum;
310 849 670 922 tradiditque
701 848 752 904 ei
780 847 917 903 illuc
938 847 1122 912 eunti,
1155 851 1392 902 centum
1422 845 1655 918 equites
1685 845 1761 901 de

110 943 235 999 suis
278 946 334 997 et
363 938 632 1012 peditum
668 938 792 993 duo
830 936 1033 992 millia.
1074 938 1138 991 Et
1162 935 1221 990 in
1260 936 1374 991 hoc
1406 939 1563 991 statu
1595 938 1764 990 erant

108 1046 205 1088 res
236 1035 481 1093 nostrai,
536 1027 692 1083 circa
735 1025 863 1082 Kal.
913 1024 1201 1082 Octobris.
1243 1023 1579 1096 Assumptis
1618 1037 1762 1094 ergo

112 1119 259 1185 suis,
285 1122 342 1173 et
387 1115 636 1171 domino
671 1115 886 1169 comite
932 1111 1319 1184 Tripolitano,
1354 1111 1764 1183 magistroque

112 1209 337 1264 domus
387 1203 706 1277 Hospitalis
745 1208 802 1258 et.
857 1202 1058 1257 multis
1106 1206 1162 1257 et
1206 1200 1487 1258 fratribus
1541 1200 1764 1256 militiae

114 1295 366 1368 Templi,
394 1295 471 1350 ad
495 1299 691 1366 partes
713 1291 1022 1348 contendit
1043 1290 1453 1362 Tripolitanas.
1481 1293 1585 1346 Per
1604 1289 1765 1346 idem

112 1383 675 1456 tempus‚dominus
703 1380 979 1437 Balianus
996 1380 1071 1435 de
1096 1377 1325 1445 ibelim,
1345 1377 1765 1435 fraterdomini

117 1473 384 1531 Balduini
403 1472 476 1528 de
508 1471 732 1536 Hamis,
763 1469 1008 1526 viduam
1031 1469 1260 1525 domini
1287 1468 1446 1538 regis
1464 1467 1764 1534 Amalrici,

116 1564 390 1633 reginam
419 1559 685 1626 Mariam,
708 1558 1152 1614 filiam-ioannis
1181 1555 1588 1622 Protosevasti‚
1610 1556 1767 1612 unde

115 1650 394 1723 superius
423 1649 672 1705 fecimus
696 1648 1086 1716 mentionem,
1117 1646 1364 1703 domino
1395 1661 1535 1716 rege
1564 1645 1622 1701 id
1640 1661 1767 1719 per·
1797 1662 1842 1719 Β

112 1739 405 1805 mittente,
441 1754 688 1794 uxorem
718 1736 890 1793 duxit
922 1752 937 1803 ;
973 1752 1109 1792 cum
1141 1752 1264 1808 qua
1289 1735 1467 1792 etiam
1499 1734 1769 1807 Neapoli-

114 1832 325 1885 tanam
359 1827 592 1895 urbem,
621 1824 921 1898 quamilla
940 1824 1287 1896 possidebat
1308 1823 1554 1880 nomine
1582 1825 1771 1879 dona·

118 1916 300 1974 tionis
335 1921 578 1989 propter
607 1915 869 1988 nuptiaS,
919 1915 979 1969 in
1027 1913 1148 1970 vita
1179 1914 1382 1970 uxoris
1424 1913 1770 1970 habendam

117 2007 405 2079 suscepit.

737 2110 965 2168 CAPUT
1010 2111 1147 2168 xix.

121 2223 329 2280 Comes
357 2219 768 2283 Ftanarensis,
793 2233 918 2275 una
947 2233 1077 2274 cum
1103 2218 1376 2288 principe
1403 2217 1772 2274 Antiocheno

194 2299 247 2350 et
283 2291 658 2361 Tripolitano
683 2290 912 2354 comite,
944 2298 1210 2346 castrum
1251 2291 1494 2347 Harenc
1529 2289 1770 2355 obsidet,

193 2371 247 2421 et
276 2362 629 2432 sinefructu
659 2361 915 2418 laborat.

196 2469 548 2527 perveniens
587 2469 765 2539 igitur
807 2469 885 2525 ad
932 2473 1132 2542 partes
1174 2467 1503 2526 destinatas
1548 2483 1770 2533 comes,

122 2559 477 2632 compositis
507 2558 583 2614 ad
611 2558 719 2615 iter
745 2559 1120 2626 necessariis,
1153 2557 1568 2631 ordinatisque
1589 2556 1775 2628 agmi-

121 2647 329 2707 nibus.
361 2663 499 2704 cum
525 2647 883 2719 Tripolitano
925 2647 1142 2705 comite
1167 2651 1225 2704 et
1274 2646 1422 2714 suiS,
1449 2653 1635 2704 terras
1673 2645 1777 2701 ho-

126 2736 313 2793 stium
362 2736 709 2808 ingreditur,
762 2737 921 2792 circa
976 2737 1352 2792 Emissenam
1394 2741 1453 2792 et
1500 2738 1774 2803 Hamam,

124 2840 361 2881 moram
377 2824 654 2881 facientes
667 2824 954 2897 aliquam,
973 2840 1093 2880 non
1107 2825 1234 2881 sine
1244 2824 1511 2881 hostium
1526 2823 1775 2882 damno,

126 2912 526 2971 salahadinus
575 2913 736 2969 enim
767 2913 1082 2982 completis
1125 2928 1234 2985 pro
1284 2918 1419 2969 voto
1470 2912 1534 2969 in
1564 2913 1667 2969 illa
1690 2929 1780 2968 re-

1867 415 2037 466 neas,
2082 404 2140 456 et
2164 402 2405 471 propter
2434 397 2805 468 ingruentem
2836 395 3095 452 hiemem
3128 396 3299 453 vallis
3323 400 3520 453 castra

1865 485 2864 556 muniunt,uetorrentiumimpetu
2893 484 3119 541 damna
3135 485 3519 541 rerumsusti-
3557 545 3562 552 ,

1866 581 2050 632 neant
2071 576 2131 632 in
2162 575 2386 648 aliquo.
2415 574 2596 631 Porro
2626 573 2706 629 ab
2735 572 3048 629 Antiochia
3077 577 3134 628 et
3159 572 3519 629 suburbanis

1867 665 2209 722 confinibus
2257 664 2413 721 ruris
2454 663 2686 728 incolas,
2718 668 2775 718 et
2804 661 2957 716 illius
2997 661 3383 734 professionis
3414 662 3521 719 ho-

1870 755 2082 820 mines,
2115 754 2379 810 certatim
2437 752 2684 808 student
2726 751 3129 807 necessariam
3175 751 3520 808 ministrare

1870 843 2244 900 alimoniam.
2273 845 2409 898 Erat
2431 840 2816 913 saepedictum
2848 844 3109 896 castrum
3143 839 3246 895 tilii
3276 840 3523 896 Noradi-

1870 932 1954 1002 ni,
1988 931 2169 1004 idque
2210 930 2407 987 solum
2452 931 2514 985 in
2546 928 2818 1002 partibus
2867 927 2980 983 illis
3024 927 3425 985 Salahadinus
3467 928 3523 985 ei

1871 1021 2198 1077 dimiserat.
2215 1019 2444 1076 Vallato
2458 1019 2636 1090 igitur
2647 1016 2912 1089 undique
2925 1017 3271 1089 municipio,
3292 1022 3524 1090 tempo-

1870 1109 2039 1166 ribus
2064 1110 2254 1175 certis,
2287 1113 2344 1164 et
2388 1122 2494 1179 per
2524 1107 2705 1170 vices,
2764 1120 2928 1161 more
2960 1105 3155 1174 solito,
3200 1106 3522 1178 oppidanis

1873 1197 2103 1254 dabant
2132 1197 2411 1261 assultus,
2444 1200 2500 1251 et
2529 1193 2825 1250 machinis
2855 1209 2925 1250 ac
2953 1195 3260 1250 tormentis
3299 1194 3525 1251 moenia

1873 1284 2200 1357 quatientes
2220 1283 2480 1341 obsessis
2510 1282 2815 1352 negabant
2842 1282 3140 1354 requiem.

2515 1390 2747 1446 CAPUT
2773 1391 2879 1446 XX.

1873 1481 2287 1539 salahadinus
2307 1496 2440 1536 cum
2469 1479 2855 1536 multitudine
2878 1479 3119 1547 infinita
3146 1481 3223 1537 ab
3247 1481 3529 1551 AEqypto

1949 1553 2202 1618 veniens,
2232 1567 2479 1623 reqnum
2503 1551 2847 1622 inor-editur
2876 1558 3057 1616 ;ante
3079 1552 3441 1608 Ascalonem
3467 1567 3527 1608 se

1952 1626 2129 1680 locat.
2148 1625 2276 1680 Rex
2296 1639 2426 1679 cum
2443 1621 2729 1677 universis
2742 1621 3148 1692 reynt'viribus
3172 1622 3270 1678 itti
3292 1623 3527 1680 obviam

1948 1695 2210 1751 occurrit
2234 1711 2252 1760 ‚·
2284 1700 2426 1751 ante
2446 1693 2796 1762 praedictam
2824 1692 3026 1748 urbem
3059 1695 3371 1764 conflictus
3392 1710 3527 1751 cum

1953 1766 2216 1823 hostibus
2242 1766 2498 1822 habetur
2519 1763 2839 1820 mamimus.

1951 1857 2197 1919 Interea,
2228 1853 2376 1909 dum
2427 1851 2552 1907 hire
2590 1853 2649 1906 in
2680 1850 2952 1923 partibus
2991 1851 3374 1908 Antiochcnis
3426 1867 3533 1923 ge-

1879 1948 2112 2007 runtur,
2138 1941 2538 1998 Salahadinus
2568 1939 2821 1995 audiens
2851 1939 3016 2011 quod
3047 1955 3250 1996 comes
3277 1945 3333 1996 et
3349 1942 3529 1996 totius

1880 2033 2173 2087 exercitus
2217 2028 2531 2087 Christiani
2580 2027 2785 2093 robur,
2834 2029 3001 2100 quod
3041 2027 3174 2101 ipse
3224 2043 3345 2085 non
3402 2028 3531 2084 sine

1881 2121 2093 2176 timore
2120 2117 2524 2174 vehementiin
2542 2117 2794 2189 AEgypto
2824 2117 3201 2188 praestolatus
3214 2117 3426 2184 fuerat,
3451 2117 3532 2174 ad

1881 2216 2080 2281 partes
2110 2222 2175 2263 se
2212 2205 2540 2263 contulerat
2569 2204 2971 2262 Antiochenas
3006 2221 3021 2272 ;
3054 2205 3377 2263 arbitratus
3406 2220 3532 2263 non

1881 2295 2312 2370 imprudenter,
2331 2295 2493 2367 quod
2510 2309 2763 2364 regnum
2778 2294 3001 2350 viribus
3013 2310 3271 2351 vacuum
3285 2295 3534 2367 impune

1881 2391 2086 2459 posset
2115 2384 2394 2440 invadere
2424 2401 2438 2449 ;
2470 2388 2527 2439 et
2555 2383 2814 2439 duorum
2842 2382 3095 2441 alterum
3122 2383 3354 2439 facilius
3384 2384 3538 2441 obti-

1884 2472 2556 2545 nere,autobsidionem
2571 2469 2650 2527 ab
2678 2470 2929 2527 obsesso
2958 2472 3262 2527 dimovere
3285 2473 3534 2529 munici-

1883 2579 2021 2637 p10;
2058 2567 2160 2618 aut
2187 2560 2460 2617 hostibus
2485 2559 2602 2616 illic
2631 2559 3179 2633 perseverantibus,
3209 2560 3285 2617 de
3315 2560 3408 2616 his
3432 2561 3537 2633 qui

1884 2652 1944 2709 in
1970 2665 2160 2721 regno
2183 2653 2620 2715 remanserant,
2637 2648 2908 2704 obtinere
2937 2648 3333 2720 triumphum.
3357 2649 3539 2706 Colle·

1884 2741 2181 2811 ctisigitur
2196 2738 2460 2810 undique
2475 2737 2835 2793 militaribus
2857 2738 3137 2808 copiis,in
3161 2738 3327 2794 multi
3338 2739 3541 2795 tudine

1887 2830 2074 2900 gravi.
2095 2834 2151 2884 et
2181 2828 2366 2884 armis
2380 2827 2738 2884 etomnibus
2769 2841 2918 2898 pene
2932 2841 3069 2898 quoe
3096 2827 3153 2883 in
3169 2827 3325 2883 bello
3347 2827 3541 2885 solent

1889 2918 2025 2974 usui
2065 2933 2215 2984 esse,
2243 2917 2416 2973 solito
2434 2915 2828 2980 instructiore,
2863 2930 3145 2985 egressus
3172 2916 3246 2972 de
3268 2919 3539 2988 AEgypto,

125 3003 305 3074 gione
334 3002 613 3074 negotiis,
645 3002 805 3059 facta
835 3019 972 3059 cum
1023 3002 1149 3060 filio
1195 3003 1476 3060 Noradini
1520 3018 1629 3076 pro
1667 3016 1778 3057 suo
1807 3014 1849 3072 c
1887 3023 1994 3081 per
2049 3007 2386 3064 vastitatem
2444 3004 2762 3075 interjeetae
2823 3004 3182 3069 solitudinis,
3238 3011 3539 3063 maturato

125 3091 373 3148 arbitrio
403 3107 574 3165 pace,
609 3091 670 3147 in
716 3092 1038 3163 AEgyptum
1089 3092 1522 3157 descenderat;
1565 3092 1779 3147 timens

123 3196 203 3238 ne
228 3180 324 3236 ille
358 3179 432 3235 de
461 3195 584 3252 quo
616 3180 1025 3250 praediximus,
1058 3186 1387 3252 apparatus
1415 3184 1473 3236 et
1506 3179 1612 3235 diu
1646 3193 1781 3250 pro-

124 3269 322 3325 missa
345 3267 662 3339 expeditio,
693 3268 849 3333 illuc,
885 3268 1038 3324 sicut
1067 3268 1434 3340 dispositum
1457 3267 1644 3324 multo
1677 3282 1781 3324 an·

123 3362 185 3415 te
219 3356 430 3421 tuerat,
460 3361 832 3429 properaret.
863 3359 1145 3413 Traxerat
1173 3372 1316 3427 ergo
1346 3371 1574 3423 secum,
1605 3372 1782 3429 quos·

125 3462 364 3519 cunque
388 3450 446 3502 et
467 3446 869 3518 undecunque
892 3462 996 3502 eos
1022 3460 1339 3516 corrogare
1381 3449 1631 3518 poterat,
1660 3461 1787 3502 ma-

125 3537 325 3594 ximas
356 3535 609 3591 militum
637 3535 845 3607 copias
870 3553 887 3607 ;
918 3535 1060 3590 illuc
1083 3534 1270 3591 robur
1297 3549 1648 3605 congerens,
1684 3532 1786 3590 ubi

126 3624 491 3681 videbantur
527 3626 762 3696 majora
792 3639 1098 3694 emergere
1130 3637 1309 3694 posse
1336 3622 1592 3696 negotia.
1625 3623 1787 3679 Inve-

127 3715 366 3772 nientes
423 3713 605 3784 igitur
655 3728 859 3769 comes
935 3717 993 3769 et
1056 3713 1148 3768 sui
1204 3712 1511 3783 regionem
1560 3712 1788 3768 viribus

128 3816 414 3869 vacuam,
429 3800 668 3858 liberius
680 3807 952 3874 poterant
964 3802 1204 3872 evagari
1218 3817 1233 3868 ;
1250 3802 1574 3875 municipia
1585 3807 1791 3858 tamen

131 3900 191 3949 et
219 3890 528 3947 civitatum
555 3890 857 3962 praesidia,
886 3890 1209 3957 alimentis,
1237 3891 1421 3947 armis
1449 3895 1508 3947 et
1528 3890 1793 3947 custodi·

131 3981 253 4038 hus
281 3979 426 4036 satis
444 3984 611 4036 erant
637 3984 694 4034 et
721 3978 1082 4035 sufficienter
1099 3979 1349 4036 munita.
1379 3979 1625 4050 Cognito
1650 3993 1792 4034 vero

132 4067 423 4126 dominus
454 4066 754 4140 princeps,
780 4068 947 4139 quod
976 4067 1237 4124 hostium
1259 4068 1408 4124 fines
1435 4068 1686 4139 ingressi
1705 4080 1794 4122 es·

139 4162 294 4222 sent,
327 4157 480 4212 sieut
506 4172 579 4211 ex
607 4155 888 4213 condicto
920 4155 1072 4212 inter
1100 4172 1204 4213 eos
1235 4159 1616 4225 convenerat,
1665 4156 1794 4229 ipse

133 4259 282 4302 vero
306 4244 427 4302 alia
468 4245 568 4301 via
606 4259 941 4317 properans
974 4244 1250 4317 adjungit.
1291 4259 1353 4301 se
1400 4243 1539 4303 illis.
1574 4246 1795 4302 Conve-

1888 3097 2093 3153 itinere
2105 3094 2373 3166 pervenit
2387 3093 2464 3150 ad
2484 3093 2694 3180 urbem
2720 3093 3228 3164 antiquissimam,
3244 3095 3543 3151 desertam

1889 3190 2114 3249 tamen,
2162 3182 2323 3238 Laris
2353 3182 2598 3237 nomine
2628 3199 2643 3248 ;
2680 3182 2783 3237 ubi
2834 3181 3113 3254 deposita
3143 3182 3540 3257 impedimen-

1890 3278 2088 3330 torum
2142 3275 2329 3342 parte,
2384 3275 2441 3327 et
2500 3269 2875 3327 sarcinarum
2954 3285 3135 3328 onere
3215 3272 3544 3340 sublevat0,

1890 3360 2221 3433 assumptis
2254 3358 2364 3415 sibi
2388 3360 2492 3432 qui
2519 3359 2940 3431 expeditiores,
2973 3365 3031 3417 et
3052 3361 3364 3433 pugnandi
3396 3361 3548 3434 peri·

1892 3450 2071 3507 tiores
2115 3447 2493 3514 videbantur,
2528 3447 2745 3504 relictis
2776 3454 2914 3520 post
2951 3464 3014 3503 se
3044 3449 3282 3522 oppidis
3326 3451 3548 3508 nostris

1896 3541 2116 3595 Darum
2139 3541 2196 3593 et
2221 3538 2372 3593 Gaza
2394 3534 2539 3591 urbe
2566 3533 2991 3602 famosissimo,
3008 3538 3205 3594 subito
3220 3542 3357 3594 ante
3372 3544 3551 3597 Asca-

1893 3626 2121 3691 lonam,
2149 3623 2475 3697 proemissis
2495 3622 2863 3695 quibusdam
2884 3626 3326 3695 excursoribus,
3358 3628 3549 3685 irruit.

1898 3714 2187 3771 Dominus
2208 3728 2348 3768 vero
2368 3729 2492 3779 rex,
2520 3712 2751 3785 aliquot
2774 3712 2988 3769 diebus
3011 3716 3258 3784 ante,de
3286 3716 3550 3772 adventu

1898 3804 2026 3877 ejus
2049 3803 2465 3876 praemonitus,
2496 3800 2554 3857 id
2586 3800 2753 3873 quod
2780 3801 3090 3858 residuum
3116 3811 3241 3860 erat
3267 3804 3326 3859 in
3362 3819 3551 3875 regno

1900 3891 2147 3961 militiae,
2180 3891 2442 3947 celeriter
2459 3890 2834 3955 conrodans,
2854 3905 2992 3946 cum
3019 3892 3143 3948 suis
3163 3893 3444 3950 eamdem
3459 3908 3553 3949 ur·

1902 3982 2059 4045 bem,
2086 3979 2295 4052 paucis
2324 3982 2464 4035 ante
2492 3977 2708 4034 diebus
2738 3978 3043 4048 ingressus
3064 3979 3275 4037 fuerat.
3308 3980 3549 4049 Aberat,

1902 4073 1967 4125 ut
1995 4068 2423 4140 praemisimus,
2456 4082 2660 4124 comes
2701 4066 3098 4139 Tripolitanos
3124 4085 3261 4126 cum
3310 4075 3553 4127 centum

1902 4172 1977 4213 ex
2007 4157 2223 4213 nostris
2244 4156 2549 4222 militibus,
2567 4156 2645 4212 de
2674 4155 2865 4212 multo
2895 4171 3148 4213 numero
3172 4158 3372 4215 electis
3403 4174 3555 4226 ;ma·

1904 4246 2085 4317 gister
2107 4260 2347 4318 quoque
2367 4244 2685 4323 Hospitalis
2699 4261 2837 4301 cum
2865 4244 3150 4303 fratribus
3164 4247 3309 4313 suis,
3336 4253 3395 4305 et
3415 4264 3555 4321 pars

132 4335 368 4391 nientes
425 4334 626 4406 itaque
684 4348 951 4405 corpore,
997 4337 1406 4389 convenerunt
1450 4337 1507 4390 et
1542 4338 1744 4391 mente
1775 4349 1791 4403 ;
1825 4364 1871 4420 D
1905 4335 2170 4392 maxima
2198 4334 2423 4391 militiai
2446 4333 2702 4407 Templi3
2733 4334 2963 4408 reliqua
2977 4351 3119 4392 vero
3138 4351 3280 4408 pars
3304 4337 3556 4395 fratrum

135 4423 322 4496 idque
368 4422 741 4494 temporibus
796 4423 1201 4495 praesentibus
1233 4422 1426 4494 magis
1477 4422 1795 4496 opinantes

136 4526 208 4566 ex
218 4510 442 4583 pedire,
458 4509 683 4581 placuit
699 4515 759 4566 ut
774 4516 1037 4566 castrum
1065 4510 1293 4566 Harenc
1305 4510 1666 4568 obsiderent.
1699 4513 1798 4568 Est

140 4602 348 4655 autem
378 4598 700 4670 praedictus
729 4599 920 4663 locus,
960 4600 1019 4654 in
1071 4598 1361 4655 territorio
1404 4597 1794 4666 Chalcidensi,

136 4702 271 4760 quoe
300 4686 510 4742 civitas
536 4686 716 4743 hodie
732 4687 906 4757 vulgo
939 4687 1275 4759 appellatur
1303 4688 1555 4755 Artasia,
1580 4688 1799 4745 nobilis

140 4774 663 4847 aliquando,nunc
677 4776 753 4831 ad
767 4777 955 4832 instar
969 4776 1299 4847 parvissimi
1312 4776 1554 4833 redacta
1564 4776 1794 4849 oppidi.

143 4864 330 4919 Distat
374 4869 577 4920 autem
619 4868 864 4936 uterque
923 4864 1093 4919 locus
1149 4864 1226 4921 ab
1270 4865 1586 4921 Antiochia
1621 4865 1799 4938 quasi

144 4950 501 5009 milliaribus
530 4952 872 5011 duodecim.
892 4953 982 5009 Ad
1002 4953 1398 5026 quemlocum
1425 4954 1799 5028 ubiperven·

139 5044 270 5097 tum
303 5044 412 5106 est,
443 5042 656 5099 locatis
694 5042 756 5097 in
782 5058 1000 5115 gyrum
1031 5044 1258 5109 castris,
1282 5043 1484 5101 locum
1513 5059 1588 5100 ex
1630 5042 1801 5101 omni

142 5128 370 5186 vallant
406 5136 593 5202 parte,
627 5136 691 5188 ut
725 5147 834 5188 nec
864 5132 1136 5189 obsessis
1164 5132 1356 5189 exitus
1384 5149 1399 5199 ;
1425 5147 1538 5188 nec
1569 5131 1647 5188 ad
1673 5147 1799 5200 eos,

142 5217 483 5276 subsidium
554 5221 892 5279 ministrare
954 5220 1310 5285 volentibus,
1367 5219 1519 5277 liber
1569 5224 1801 5293 pateret

142 5307 448 5363 introitus.
465 5309 714 5365 Proinde
729 5310 1064 5379 machinas,
1078 5314 1135 5365 et
1154 5325 1289 5382 quae
1306 5308 1388 5366 ad
1408 5325 1556 5365 usus
1587 5308 1802 5382 hujus-

143 5395 518 5453 modisolent
541 5412 675 5453 esse
705 5397 1067 5465 necessaria,
1090 5402 1447 5456 construunt
1476 5402 1566 5466 ;et
1583 5413 1803 5472 quam-

145 5484 295 5543 dam
323 5486 501 5559 quasi
547 5486 1005 5560 perpetuitatem
1034 5486 1367 5545 obsidionis
1405 5492 1464 5545 et
1508 5486 1802 5562 propositi

1904 4425 1966 4480 in
1997 4424 2216 4480 Gazam
2238 4439 2301 4480 se
2329 4427 2653 4496 receperat,
2686 4423 2962 4480 timentes
2980 4440 3055 4481 ne
3086 4441 3243 4492 eam,
3275 4426 3422 4499 quia
3438 4426 3557 4500 pri-

1905 4529 2008 4571 ma
2035 4514 2111 4569 de
2139 4511 2386 4569 urbibus
2428 4512 2647 4568 nostris
2672 4513 2723 4569 ei
2762 4519 3119 4579 occurreret,
3158 4514 3558 4572 Salahadinus

1906 4602 2206 4659 obsideret
2235 4619 2250 4670 ;
2280 4601 2426 4658 item
2456 4600 2785 4657 Henfredus
2820 4601 3021 4671 regius
3052 4602 3553 4676 constabularius,

1906 4690 2258 4760 aegritudine
2281 4689 2563 4752 maxima,
2593 4693 2655 4744 ut
2683 4689 2968 4756 diximus,
3015 4689 3353 4747 laborabat.
3408 4695 3558 4748 Pau-

1908 4793 2011 4836 cos
2037 4779 2218 4850 igitur
2238 4793 2442 4834 secum
2473 4777 2708 4833 habens
2754 4777 3038 4835 dominus
3069 4794 3191 4845 rex,
3223 4785 3287 4835 ut
3317 4795 3557 4852 compe-

1907 4868 1984 4926 rit
2013 4868 2178 4941 quod
2209 4884 2315 4939 per
2356 4868 2718 4939 campestria
2750 4867 2923 4924 nobis
2971 4871 3345 4926 contermina
3371 4869 3559 4928 libere

1909 4964 1966 5015 et
2001 4955 2292 5012 hostiliter
2327 4960 2692 5025 vagarentur
2711 4961 2767 5011 et
2797 4956 3193 5015 discurrerent
3216 4959 3439 5027 hostes,
3471 4960 3560 5017 in-

1906 5049 2126 5103 vocato
2147 5043 2353 5101 divino
2378 5043 2853 5111 auxilio,relictis
2872 5047 2977 5119 qui
2997 5047 3296 5104 civitatem
3322 5054 3560 5106 tueren-

1909 5140 2024 5200 tur,
2057 5131 2206 5189 urbe
2258 5147 2394 5189 cum
2437 5132 2563 5188 suis
2617 5133 2936 5203 egreditur,
2983 5138 3272 5208 tanquam
3305 5153 3443 5194 oum
3473 5137 3560 5193 eis

1909 5226 2310 5295 pugnaturus.
2375 5219 2769 5279 salahadinus
2822 5237 2966 5279 vero
3016 5239 3204 5297 prope
3259 5225 3559 5282 civitatem

1911 5315 2149 5382 gentem
2174 5324 2350 5366 suam
2379 5309 2441 5364 in
2470 5324 2662 5365 unum
2691 5308 3027 5380 collegerat.
3052 5314 3341 5384 Egressus
3357 5317 3560 5373 autem

1912 5397 2277 5456 Christianus
2342 5397 2652 5464 exercitus,
2700 5398 2975 5472 inspecta
3033 5403 3220 5474 partis
3282 5403 3554 5461 adversm

1910 5486 2290 5549 multitudine
2324 5486 2578 5555 infinita,
2621 5488 2728 5562 qui
2763 5504 2974 5547 sensus
3018 5491 3327 5552 habebant
3354 5493 3551 5568 magis
