3784 6000
280 174 355 236 39
1335 161 1681 229 ARNULFI
1723 165 2237 237 LEXOVIENSIS
2281 117 2634 237 Eplscopl
3612 173 3702 233 40

279 305 527 382 propriae
548 304 824 376 subjiciat
845 303 1074 362 ditioni.
1099 304 1275 362 Porro
1293 304 1542 378 illiquos
1555 304 1931 365 schismatico
1961 317 2017 385 Α
2040 308 2118 368 tis
2145 309 2463 368 declaravit
2490 306 2726 367 indiciis
2759 310 2817 364 et
2846 303 3153 378 expressit,
3184 302 3458 377 quoniam
3501 303 3696 362 Patris

280 396 689 454 conciliaverat
716 396 1033 452 necessitas
1076 398 1178 452 aut
1227 395 1518 468 voluntas,
1566 395 1830 454 falsitatis
1866 402 1926 455 et
2041 398 2346 457 Alexandri
2371 400 2607 457 nuntios
2628 403 2686 456 et
2703 397 2930 454 litteras
2954 409 3091 452 cum
3112 394 3431 452 reverentia
3458 410 3696 468 semper

279 485 656 560 blasphemias
685 486 1019 559 symbolum
1053 485 1551 558 conscripserunt,
1575 489 1640 542 ut
1672 488 1827 559 quod
1858 488 1928 545 de
2038 490 2259 562 excepit
2279 494 2336 546 et
2355 490 2563 564 gratia,
2589 486 2940 559 nullumque
2960 500 3023 542 se
3046 483 3228 541 alium
3249 489 3688 557 suscepturum,

278 579 520 634 veritate
536 592 653 634 non
675 580 947 649 possunt,
978 574 1182 631 saltem
1213 577 1555 648 conquisitae
1591 576 1927 634 multitudi-
2038 579 2306 635 adhibita
2334 594 2487 652 saepe
2518 594 2713 634 coram
2746 575 3024 634 omnibus
3058 575 3503 643 asseveratione,
3546 591 3692 648 prae-

279 670 370 728 nis
402 669 680 741 suffragio
702 668 1014 743 praevalere
1043 669 1375 726 credantur.
1403 668 1566 733 Quod
1617 670 1927 742 scriptum,
2037 667 2200 724 dixit.
2227 668 2401 725 Porro
2422 668 2646 724 litteras
2668 669 2802 723 Otto
2820 665 3045 723 oblatas
3075 663 3269 720 renuit
3302 679 3473 719 manu
3507 663 3689 737 regia,

278 761 328 819 si
361 761 507 818 forte
537 758 845 833 contigerit
872 761 945 817 ad
978 759 1279 831 sapientiae
1307 763 1509 816 vestrae
1549 759 1745 816 venire
1795 776 1930 816 con·
2037 758 2196 815 velut
2217 758 2588 814 immundum
2613 755 2836 829 aliquid
2858 753 3306 826 sordidumque,
3329 752 3691 826 contingere,

275 856 567 923 spectum,
624 849 807 906 multa
864 849 1105 922 plenum
1155 847 1407 905 salsitate
1458 848 1731 919 credatis,
1768 848 1926 918 lieet,
2039 850 2137 905 sed
2169 849 2228 904 in
2260 852 2658 920 contemptum
2689 847 2818 919 ejus
2849 845 3054 918 lignem
3076 842 3327 911 tabellae,
3359 858 3533 915 quam
3562 842 3692 916 ipse

273 940 503 999 etiamsi
530 939 856 997 absolutam
876 940 1202 997 contineret
1222 938 1281 994 in
1302 937 1579 995 omnibus
1598 938 1926 1010 veritatem,
2038 938 2110 994 de
2138 938 2374 1011 pulvere
2423 936 2685 1004 sustulit,
2731 934 3003 992 manibus
3034 932 3329 990 offerentis
3356 932 3690 1005 impositas,

275 1029 589 1102 nihilquod
609 1029 692 1085 ibi
724 1029 1082 1102 dispositum
1116 1028 1189 1084 sit
1220 1027 1477 1101 aliquem
1512 1027 1582 1084 de
1606 1029 1741 1099 jure
1758 1028 1929 1084 sorti·
2037 1027 2165 1100 ipse
2195 1027 2395 1085 statim
2426 1041 2623 1084 coram
2659 1025 2868 1083 nuntio
2890 1026 3023 1097 post
3044 1023 3287 1078 dorsum
3310 1037 3486 1078 suum
3509 1036 3689 1094 quam

272 1129 430 1176 retur
459 1119 755 1176 effectum.
790 1122 989 1190 Neque
1014 1116 1172 1174 enim
1220 1116 1526 1174 arbitrium
1576 1117 1690 1174 dici
1741 1120 1930 1189 potest
2039 1116 2351 1173 sublimius
2382 1116 2588 1190 potuit,
2611 1113 2731 1172 risu
2756 1110 3149 1170 multitudinis
3171 1125 3299 1182 quae
3338 1110 3542 1167 aderat
3561 1126 3693 1184 pro·

273 1209 348 1267 ad
405 1209 561 1282 quod
619 1207 950 1266 voluntaria
991 1208 1246 1280 partium
1303 1206 1751 1278 compromissio
1810 1223 1929 1266 non
2037 1211 2345 1278 sequente,
2374 1206 2641 1279 projecIt.

274 1298 569 1371 astringit,
603 1296 1041 1370 necJudioialis
1072 1298 1365 1354 sententia
1394 1313 1519 1370 quas
1542 1313 1649 1354 neo
1679 1297 1750 1354 ab
1782 1297 1930 1354 ordi·
2109 1297 2191 1352 Ex
2220 1295 2314 1352 his
2344 1296 2527 1369 igitur
2549 1294 2929 1351 manifestum
2963 1292 3054 1346 est
3092 1285 3447 1345 voluntatem
3476 1289 3606 1362 ejus
3627 1289 3689 1347 in

275 1389 438 1447 naria
459 1387 874 1461 jurisdictione
900 1402 1009 1444 nec
1036 1404 1071 1444 a
1097 1386 1363 1460 delegata
1404 1386 1684 1460 procedit.
1715 1386 1829 1444 Sed
1872 1391 1930 1445 et
2039 1385 2294 1443 favorem
2317 1384 2541 1443 domini
2566 1380 2904 1452 Alexandri,
2936 1380 3063 1438 sine
3092 1376 3255 1435 omni
3303 1376 3693 1450 ambiguitate

274 1493 511 1536 causam
567 1492 941 1535 communem
990 1478 1214 1550 privata
1254 1476 1596 1535 auctoritate
1662 1476 1930 1534 decidere
2039 1476 2351 1545 firmatam,
2373 1474 2690 1548 ipsumque
2711 1479 2969 1533 vestrum
2990 1476 3182 1549 magis
3201 1476 3276 1533 ob
3300 1472 3689 1532 reverentiam

274 1585 392 1642 qua
418 1567 753 1641 arrogantia
783 1570 1286 1640 praesumpserunt
1313 1565 1615 1639 nobisque,
1643 1569 1928 1638 tanquam
2039 1566 2325 1641 quoesisse
2355 1566 2672 1624 consilium
2704 1583 2885 1639 quam
2916 1584 3020 1640 pro
3051 1565 3403 1624 absolvenda
3433 1561 3694 1636 qualibet

273 1657 976 1730 inferioribus,imponere
1006 1657 1586 1729 magistratum,quos
1607 1654 1802 1712 divina
1819 1655 1927 1713 bo·
1960 1702 2007 1768 Β
2041 1672 2216 1727 super
2246 1656 2356 1714 boc
2380 1655 2608 1728 negotio
2638 1656 2976 1728 quaestione.
2999 1656 3198 1714 Solent
3212 1656 3371 1719 enim
3394 1650 3693 1726 principes

275 1747 427 1805 nitas
455 1763 623 1819 pares
668 1747 893 1817 ordine,
934 1750 990 1802 et
1028 1746 1229 1802 eadem
1258 1744 1602 1817 spectabiles
1627 1744 1927 1802 constituit
2037 1745 2371 1818 dominique
2392 1753 2678 1803 terrarum
2700 1746 2926 1817 majora
2944 1746 3170 1819 negotia
3183 1745 3439 1817 quadam
3460 1755 3694 1812 semper

274 1835 747 1908 dignitateiSed
789 1849 973 1908 neque
1022 1851 1202 1891 causa
1248 1835 1363 1891 dici
1404 1834 1595 1904 debet,
1630 1834 1730 1890 ubi
1776 1835 1929 1891 inter
2037 1851 2199 1892 mora
2228 1835 2606 1906 suspendere,
2649 1838 2713 1890 ut
2760 1834 3039 1891 dilatione
3080 1837 3308 1892 crescat
3350 1831 3690 1898 auctoritas,

275 1925 702 1983 consentientes
717 1924 946 1981 nullum
966 1923 1777 1998 potuitesselitigium,neque
1796 1925 1926 1981 sine
2036 1923 2439 1991 m;1,;0z·1aetitia
2460 1924 2747 1980 desideria
2769 1929 3059 1997 protracta
3090 1924 3474 1981 consummet.
3506 1921 3695 1992 Super

277 2014 737 2071 contradictione
760 2017 998 2085 quaestio
1020 2013 1107 2069 vel
1124 2012 1359 2069 formari
1376 2013 1565 2086 potuit
1581 2013 1669 2070 vel
1685 2013 1923 2070 absolvi.
2036 2029 2153 2085 quo
2183 2012 2351 2086 plane
2371 2030 2503 2071 cum
2539 2014 2599 2070 in
2630 2014 2784 2070 idem
2831 2014 2989 2070 favor
3028 2013 3310 2086 principis
3356 2010 3692 2083 veritasque

274 2103 360 2160 Ad
382 2103 506 2160 haec
525 2103 754 2176 siquod
777 2104 847 2160 de
870 2102 1080 2159 Ottone
1107 2101 1326 2159 lactum
1358 2109 1448 2158 est
1478 2102 1551 2157 ab
1581 2102 1748 2159 initio
1779 2103 1927 2160 sorte
2035 2111 2413 2172 concurrant,
2439 2102 2746 2160 manifeste
2770 2103 2934 2159 vobis
2955 2103 3108 2160 viam
3149 2100 3550 2174 responsionis
3571 2115 3691 2171 gra-

279 2210 396 2251 non
428 2192 633 2265 valuit,
666 2210 736 2249 ex
768 2198 901 2265 post
931 2194 1078 2249 sacto
1099 2192 1346 2249 istorum
1379 2190 1538 2247 nullo
1571 2192 1706 2262 jure
1747 2192 1928 2249 valuit
2038 2193 2116 2249 tia
2145 2192 2358 2248 divinae
2416 2193 2695 2249 bonitatis
2739 2193 3022 2265 assignat.
3058 2191 3292 2265 Oportet
3340 2195 3534 2246 tamen
3583 2204 3691 2245 vos

277 2282 640 2351 confirmari,
672 2298 806 2338 cum
839 2283 962 2354 ipse
976 2283 1102 2352 jam
1151 2282 1224 2337 ab
1255 2298 1321 2337 eo
1353 2281 1453 2353 qui
1513 2284 1736 2353 poterat
1785 2297 1927 2339 con·
2035 2286 2271 2355 propter
2294 2280 2542 2352 aliquos,
2570 2281 2668 2353 qui
2692 2282 2840 2336 inter
2874 2297 2976 2337 vos
3022 2285 3178 2347 sunt,
3218 2278 3462 2336 sollicite
3501 2277 3689 2350 provi-

278 2373 673 2429 demnationis
690 2372 1041 2428 sententiam
1068 2370 1365 2441 debitique
1406 2387 1636 2442 poenam
1683 2371 1927 2428 anathe-
2037 2373 2172 2428 dere
2202 2373 2301 2445 qui
2335 2388 2397 2428 se
2427 2370 2806 2429 schismatico
2840 2371 2925 2426 illi
2965 2370 3165 2427 dicunt
3196 2371 3537 2441 cognatione
3558 2384 3691 2425 con·

281 2460 459 2517 matis
478 2462 820 2532 excepisset.
2031 2462 2284 2533 junctos,
2307 2479 2378 2519 ne
2401 2461 2736 2534 malignitas
2756 2461 2900 2517 forte
2923 2460 3247 2533 praevaleat,
3279 2464 3337 2515 et
3378 2475 3508 2516 eam
3557 2474 3687 2531 quaa

353 2546 484 2604 Scio
506 2548 850 2620 sapientiam
875 2552 1123 2604 vestram
1156 2546 1532 2603 validioribus
1572 2548 1929 2618 argumentis
2037 2567 2106 2607 ex
2133 2552 2250 2608 Deo
2281 2557 2369 2607 est
2414 2552 2757 2624 supplantet
2802 2550 2995 2608 carnis
3042 2551 3270 2606 affectio
3317 2549 3685 2607 charitatem.

281 2636 725 2710 potioribusque
742 2636 1929 2709 rationibusabundaro,utl‘apienseillud
2037 2641 2147 2697 Sed
2186 2657 2321 2697 cum
2346 2641 2684 2696 universitas
2728 2643 2917 2696 vestra
2945 2638 3299 2705 convenerit,
3328 2637 3505 2694 nolite
3537 2653 3687 2710 quo-

283 2727 733 2785 conciliabulum
760 2728 977 2784 nullius
997 2728 1276 2799 reputetis
1307 2727 1600 2783 exstitisse
1624 2729 1926 2797 momenti,
2036 2731 2315 2787 rumlibet
2335 2735 2666 2804 exspectare
2699 2729 3041 2797 sententiaS,
3063 2745 3167 2786 nec
3197 2744 3397 2785 eorum
3425 2726 3684 2783 timeatis

282 2821 340 2873 et
370 2833 405 2872 a
433 2816 595 2873 vobis
633 2818 808 2873 etiam
842 2817 1037 2873 minus
1078 2815 1531 2887 intelligentium
1580 2816 1926 2888 simplicitas
2038 2820 2341 2889 offensam,
2370 2820 2475 2875 sed
2505 2824 2850 2892 conceptum
2882 2821 3082 2875 statim
3116 2819 3175 2874 in
3201 2819 3411 2874 virtute
3439 2815 3682 2889 spiritus

282 2906 467 2963 valeat
495 2907 741 2964 edoceri.
778 2907 1124 2963 Benedictus
1157 2912 1349 2961 autem
1391 2909 1548 2961 Pater
1597 2906 1930 2963 misericor·
2039 2915 2315 2981 usurpate
2337 2926 2690 2978 sermonem,
2713 2925 2785 2965 ne
2808 2908 3198 2964 dissimulatio
3215 2912 3403 2963 vestra
3416 2904 3683 2977 pravitati

281 2995 512 3055 diarum
550 3002 608 3054 et
636 2996 792 3054 Deus
824 2997 1001 3054 totius
1048 2985 1483 3061 consolationis,
1511 2996 1605 3066 qui
1658 2996 1927 3054 Ecclesiae
2037 3010 2258 3073 praestet
2284 3000 2586 3057 audaciam
2602 2998 3145 3072 vestroquesilentio
3186 2996 3681 3068 blasphemiarum

280 3086 590 3144 Gallicanis
613 3088 820 3144 soliam
846 3086 1299 3145 misericordiam
1323 3087 1928 3165 benignusimpendit,
1960 3078 2002 3145 C
2042 3091 2294 3160 primitia
2338 3090 2763 3147 convalescant.
2818 3088 3245 3160 Tempestivius
3292 3087 3473 3160 igitur
3523 3086 3680 3142 zelus

280 3181 347 3231 ut
365 3192 494 3232 eam
513 3192 746 3249 semper
767 3183 824 3233 et
844 3180 1139 3249 agnitione
1169 3183 1432 3238 veritatis
1473 3182 1720 3237 illustret
1751 3186 1806 3235 et
1838 3195 1933 3252 pe·
2035 3179 2282 3251 justitiae
2314 3197 2416 3253 per
2464 3197 2525 3236 os
2554 3188 2810 3236 vestrum
2843 3181 2912 3234 de
2935 3179 3204 3235 libertate
3234 3176 3597 3235 conscientias
3627 3181 3685 3232 et

277 3267 379 3323 des
400 3268 528 3338 ejus
551 3285 585 3324 a
600 3269 849 3339 justitiae
878 3271 1113 3328 tramite
1138 3272 1474 3329 nullatenus
1507 3272 1774 3328 aberrare
1799 3287 1928 3343 pet·-
2040 3271 2392 3329 confidentia
2413 3271 2671 3326 veritatis
2695 3286 2856 3326 erum
2867 3277 2984 3342 pat,
3008 3274 3070 3324 ut
3090 3267 3261 3340 quasi
3290 3268 3544 3340 quodam
3564 3264 3682 3338 spi-

279 3356 493 3414 mittat.
526 3357 694 3414 Sicut
722 3359 882 3417 enim
928 3378 1133 3418 omnes
1182 3378 1327 3434 quos
1371 3363 1443 3419 ad
1491 3363 1929 3435 oppressionem
2040 3360 2238 3417 rituali
2269 3361 2528 3416 tonitruo
2557 3364 2845 3416 terreatur
2884 3358 3185 3430 iniquitas,
3235 3361 3314 3427 st,
3360 3358 3683 3429 praeparata

276 3448 549 3503 Romanae
572 3447 836 3504 Ecclesiae
861 3450 1063 3508 rabida
1080 3450 1389 3508 Teutonici
1427 3451 1638 3509 furoris
1670 3448 1929 3523 provexit
2038 3451 2110 3506 ad
2143 3449 2580 3507 subversionem
2616 3448 2750 3504 fidei
2782 3446 3010 3504 fallacia
3038 3446 3377 3503 suffocetur.
3403 3443 3681 3501 Dominus

275 3536 495 3593 invidia
516 3537 705 3595 virtus
726 3537 1015 3597 Altissimi
1038 3542 1349 3598 manifesta
1370 3541 1604 3612 deiecit,
1637 3541 1723 3598 sic
1748 3539 1929 3597 omni·
2040 3548 2262 3596 mentes
2287 3547 2501 3595 vestras
2523 3539 2582 3594 in
2607 3539 2826 3596 bonum
2846 3554 2953 3596 sua
2992 3537 3208 3609 pietate
3227 3535 3443 3607 dirigat
3462 3539 3521 3592 et
3549 3549 3683 3590 con-

275 3625 388 3682 bus
412 3642 559 3699 quos
581 3626 807 3684 devotio
829 3627 1125 3685 Gallicana
1154 3629 1409 3702 suscepit
1437 3630 1735 3687 victoriam
1767 3644 1930 3685 sem-
2042 3630 2257 3695 firmet,
2282 3633 2347 3685 ut
2367 3627 2632 3686 Ecclesiae
2654 3628 2783 3698 ejus
2805 3627 2997 3684 studio
3016 3632 3205 3683 vestro
3227 3626 3572 3682 reformetur
3601 3624 3687 3680 iu·

276 3731 382 3787 per
396 3714 646 3773 contulit
673 3721 732 3773 et
759 3716 1150 3790 triumphum.
1183 3719 1440 3791 Cumque
1473 3720 1673 3775 multis
1705 3705 1928 3775 conste²
2039 3720 2297 3790 tegritas,
2318 3723 2519 3791 etquae
2537 3718 2830 3775 vostautis
2855 3715 3003 3774 ultro
3040 3715 3340 3772 beneficiis
3374 3719 3433 3771 et
3470 3713 3689 3770 bonore

276 3809 514 3862 caeteras
545 3805 811 3879 regiones
840 3806 1172 3864 abundasse
1216 3809 1524 3880 portenti5‚
1575 3808 1697 3865 sola
1738 3806 1929 3864 Gallia
2041 3809 2338 3881 praevenit,
2361 3812 2558 3881 gratos
2579 3808 2639 3863 in
2669 3807 3101 3879 opportunitate
3123 3805 3340 3863 sentiat
3360 3808 3417 3860 et
3465 3802 3686 3862 fideles.

276 3899 539 3952 monstra
567 3912 682 3952 non
716 3896 943 3967 habuit,
979 3898 1078 3954 sed
1105 3898 1437 3955 sinceritate
1460 3899 1615 3965 iidei,
1649 3898 1928 3954 doctrinae
2763 3898 2965 3955 XXIV.

276 3987 538 4057 veritate,
558 3988 842 4044 virtutum
876 4006 1108 4063 quoque
1131 3992 1310 4048 titulis
1333 3991 1665 4063 etplurima
1683 4006 1927 4064 operum
2110 4004 2181 4043 AD
2212 4004 2560 4044 exanimatas
2599 4003 2857 4045 nomana:
2892 4002 3172 4043 scenssus
3210 4003 3280 4042 os
3317 3999 3623 4042 asserione

277 4073 635 4130 exhibitione
655 4078 961 4149 praefulsit.
985 4079 1172 4148 Unde,
1196 4098 1351 4135 nunc
1384 4098 1613 4153 quoque
1652 4097 1930 4153 persona·
2469 4096 2681 4135 nomm
2722 4095 2878 4134 PAPAE
2915 4092 3261 4133 Absxauom.

275 4179 408 4219 rum
435 4165 669 4236 penitus
692 4165 1924 4238 qualitatediscussa,iactisqueelectionum
2109 4173 2291 4236 Quam
2318 4170 2481 4227 utilis
2504 4172 2655 4242 apud
2685 4171 2980 4242 principes
2997 4173 3230 4224 nostros
3248 4167 3318 4223 ad
3337 4166 3691 4239 agnitionem

275 4251 509 4325 plenius
542 4253 881 4326 exploratis,
915 4256 971 4311 in
1006 4273 1316 4328 personam
1348 4258 1705 4313 sanctissimi
1736 4259 1928 4312 Patris
2038 4265 2226 4319 sancti
2259 4262 2642 4334 apostolatus,
2676 4259 3136 4315 reverentissimi
3168 4257 3390 4313 domini
3421 4260 3481 4312 et
3512 4254 3694 4311 Patris

275 4344 613 4406 Alexandri.
647 4347 717 4401 de
760 4361 886 4403 vere
933 4347 1215 4405 Catholici
1257 4351 1315 4405 et
1371 4347 1726 4405 serenissimi
1776 4349 1927 4420 regis
2038 4352 2217 4407 nostri
2266 4351 2571 4406 Alexandri
2603 4367 2764 4422 papae
2798 4348 3099 4418 diligentia
3130 4351 3337 4403 nostroe
3369 4344 3693 4401 devotionis

274 4433 367 4489 sui
426 4434 789 4507 beneplacito
836 4445 1269 4506 convenerunt;
1310 4437 1651 4510 litterasque
1707 4439 1833 4509 ejus
1873 4440 1930 4493 et
1960 4455 2006 4517 D
2037 4439 2350 4507 exstiterit,
2391 4440 2462 4493 ad
2501 4439 2768 4494 notitiam
2800 4442 3051 4493 vestram
3100 4433 3355 4491 fidelium
3407 4434 3694 4490 relatione

274 4525 513 4582 nuntios
543 4526 768 4598 passim
800 4534 855 4583 et
877 4528 1207 4601 suscipiunt
1226 4534 1284 4585 et
1314 4528 1624 4586 honorant.
1649 4528 1760 4584 Sed
1786 4527 1927 4599 quia
2038 4527 2741 4601 pervenietautpervenit.
2763 4526 2961 4597 Neque
2979 4524 3139 4583 enim
3170 4521 3499 4580 necessaria
3540 4521 3690 4576 mibi

272 4614 428 4670 inter
470 4616 665 4687 ipsum
699 4621 757 4674 et
806 4617 1128 4690 principem
1175 4622 1465 4690 nostrum,
1505 4619 1620 4675 Deo
1678 4618 1924 4687 volente,
2036 4625 2126 4676 est
2156 4620 2215 4673 in
2249 4619 2356 4674 hac
2389 4623 2550 4690 parte
2573 4615 3153 4688 jactantia,utvobis
3172 4613 3254 4670 rei
3274 4612 3487 4669 veritas
3515 4610 3689 4668 inno-

274 4705 501 4764 noviter
520 4709 610 4762 est
631 4708 941 4765 reformata
964 4710 1293 4777 concordia,
1316 4708 1533 4781 placuit
1565 4707 1637 4763 ob
1676 4709 1918 4779 gratiam
2033 4713 2237 4774 tescat,
2273 4707 2545 4778 quoniam
2581 4722 2673 4761 mc
2703 4705 2877 4761 etiam
2911 4703 3322 4761 dissimulante
3361 4701 3539 4757 latere
3570 4717 3687 4758 nou

270 4792 460 4866 ipsius
482 4794 553 4851 ad
578 4797 1164 4854 momentumditl'ere
1199 4798 1561 4869 publicandae
1603 4797 1931 4867 suseeptio-
2036 4801 2246 4871 poterit
2277 4800 2429 4871 quod
2458 4797 2882 4854 Nortbmannia
2912 4801 3033 4853 tota
3063 4796 3276 4851 mirata
3316 4797 3425 4859 est,
3456 4798 3515 4849 et
3561 4793 3691 4863 ipsa

273 4881 365 4936 nis
387 4883 663 4954 edictum,
688 4886 871 4942 donec
904 4889 1011 4943 iste
1041 4896 1240 4943 noster
1280 4885 1593 4942 Ecclesiam
1634 4901 1797 4956 regni
1833 4884 1926 4940 sui
2035 4888 2105 4946 de
2137 4889 2457 4961 longinquo
2490 4887 2872 4944 nihilominus
2902 4885 3109 4958 Anglia
3141 4881 3500 4955 recognovit.
3533 4882 3690 4939 Bene

274 4971 646 5028 consuluisse
662 4981 877 5045 posset,
894 4981 952 5030 et
972 4977 1128 5048 quod
1151 4979 1343 5032 mente
1363 4975 1626 5046 concepit
1645 4990 1926 5030 assensus
2033 4985 2228 5035 autem
2254 4979 2420 5044 mihi,
2441 4977 2718 5048 quiajam
2742 4978 2991 5033 fructum
3015 4974 3334 5046 diligentiae
3349 4972 3520 5045 hujus
3540 4987 3686 5042 prae·
3772 5024 3775 5031 .

274 5060 444 5116 vestri
461 5061 832 5120 conniventia
850 5066 1250 5122 confirmasse.
1277 5065 1474 5137 Neque
1496 5067 1651 5122 enim
1685 5066 1926 5135 pruden-
2033 5071 2336 5140 miumque
2366 5067 2582 5123 laboris
2614 5065 2856 5138 accipie,
2886 5064 3158 5135 quoniam
3195 5063 3341 5118 mibi
3385 5061 3547 5118 salva
3595 5068 3687 5118 est

276 5146 417 5206 tiam
447 5153 663 5225 regalis
681 5153 1033 5211 excellentiae
1055 5155 1490 5228 docuitaliquid
1542 5172 1717 5227 super
1759 5160 1923 5210 tanto
2029 5158 2214 5230 gloria
2237 5174 2382 5226 mea,
2418 5156 2823 5212 testimonium
2855 5153 3082 5210 scilicet
3109 5153 3476 5209 conscientiae
3518 5166 3683 5219 mets,
3772 5206 3775 5215 ,

275 5242 507 5323 negotio
531 5242 864 5301 inconsulta
879 5250 1068 5302 vostra
1094 5246 1383 5318 sapientia
1402 5246 1677 5314 diffinire,
1704 5261 1775 5301 ne
1793 5244 1912 5315 glo·
2028 5264 2208 5320 penes
2230 5264 2400 5317 quam
2425 5247 2624 5317 gratiae
2655 5242 2984 5317 apostolica,²
3016 5241 3445 5314 plenitudinem
3486 5249 3537 5297 οι
3589 5240 3683 5296 in·
3772 5296 3775 5301 ³

273 5329 419 5386 riam
467 5347 627 5390 suam
671 5336 836 5391 alteri
868 5336 1096 5395 dedisse
1127 5337 1419 5394 videretur
1448 5341 1507 5392 et
1537 5336 1920 5392 reverentiam
2027 5338 2347 5393 dubitatam
2371 5338 2577 5393 divinae
2601 5331 3016 5391 benedictionis
3047 5332 3301 5405 percipio
3344 5331 3679 5389 veritatem.
3768 5380 3775 5387 .

271 5423 525 5479 vestram
550 5425 793 5484 minoris
813 5444 991 5500 quam
1009 5428 1206 5486 debuit
1222 5428 1705 5495 aestimasse.Quoe
1719 5431 1919 5483 tamen
2022 5427 2258 5484 Gaudeo
2281 5427 2500 5498 itaque,
2525 5425 2716 5482 sciens
2736 5438 2828 5478 me
2850 5437 3047 5479 revera
3065 5421 3269 5479 matris
3290 5438 3435 5479 meae
3455 5421 3679 5494 gremio
3766 5484 3771 5489 ,

272 5525 448 5583 super
466 5511 575 5571 boo
604 5514 792 5588 ipsius
820 5517 893 5576 ab
925 5517 1093 5578 initio
1118 5519 1385 5580 voluntas
1414 5516 1725 5587 exstiterit,
1757 5515 1920 5574 mul·
2023 5515 2329 5586 contineri,
2370 5514 2675 5587 ipsiusque
2722 5511 2913 5569 sacris
2952 5511 3131 5572 foveri
3175 5510 3580 5585 complexibus
3619 5516 3676 5566 et
