<?xml version="1.0" encoding="UTF-8"?>
<!DOCTYPE html PUBLIC "-//W3C//DTD XHTML 1.0 Transitional//EN"
    "http://www.w3.org/TR/xhtml1/DTD/xhtml1-transitional.dtd">
<html xmlns="http://www.w3.org/1999/xhtml" xml:lang="en" lang="en">
 <head>
  <title>
</title>
<meta http-equiv="Content-Type" content="text/html;charset=utf-8" />
  <meta name='ocr-system' content='tesseract 3.04.00' />
  <meta name='ocr-capabilities' content='ocr_page ocr_carea ocr_par ocr_line ocrx_word'/>
</head>
<body>
  <div class='ocr_page' id='page_1' title='image "./patrologiaecurs32goog_0714.png"; bbox 0 0 3784 6000; ppageno 0'>
   <div class='ocr_carea' id='block_1_1' title="bbox 327 163 3741 232">
    <p class='ocr_par' dir='ltr' id='par_1_1' title="bbox 327 163 3741 232">
     <span class='ocr_line' id='line_1_1' title="bbox 327 163 3741 232; baseline 0.002 -7"><span class='ocrx_word' id='word_1_1' title='bbox 327 168 471 225; x_wconf 78' lang='grc'>1419</span> <span class='ocrx_word' id='word_1_2' title='bbox 1783 165 1982 224; x_wconf 86' lang='lat' dir='ltr'><strong>ORDO</strong></span> <span class='ocrx_word' id='word_1_3' title='bbox 2023 163 2280 222; x_wconf 85' lang='lat' dir='ltr'>RERUM</span> <span class='ocrx_word' id='word_1_4' title='bbox 3602 174 3741 232; x_wconf 75' lang='lat'>¹420</span> 
     </span>
    </p>
   </div>
   <div class='ocr_carea' id='block_1_2' title="bbox 316 269 3740 484">
    <p class='ocr_par' dir='ltr' id='par_1_2' title="bbox 316 269 3740 484">
     <span class='ocr_line' id='line_1_2' title="bbox 316 269 3737 362; baseline 0.002 -21"><span class='ocrx_word' id='word_1_5' title='bbox 316 269 328 280; x_wconf 50' lang='lat'><strong><em>⁶</em></strong></span> <span class='ocrx_word' id='word_1_6' title='bbox 378 294 497 341; x_wconf 79' lang='grc' dir='ltr'><strong><em>Ωιι».</em></strong></span> <span class='ocrx_word' id='word_1_7' title='bbox 517 290 679 341; x_wconf 87' lang='lat' dir='ltr'><strong>XVII.</strong></span> <span class='ocrx_word' id='word_1_8' title='bbox 703 317 762 330; x_wconf 91' lang='lat'>—</span> <span class='ocrx_word' id='word_1_9' title='bbox 780 291 896 342; x_wconf 86' lang='lat' dir='ltr'><strong>Dux</strong></span> <span class='ocrx_word' id='word_1_10' title='bbox 912 295 965 341; x_wconf 85' lang='lat' dir='ltr'><strong>et</strong></span> <span class='ocrx_word' id='word_1_11' title='bbox 976 292 1070 356; x_wconf 89' lang='lat' dir='ltr'><strong>qui</strong></span> <span class='ocrx_word' id='word_1_12' title='bbox 1089 304 1211 341; x_wconf 89' lang='lat' dir='ltr'><strong>cum</strong></span> <span class='ocrx_word' id='word_1_13' title='bbox 1224 304 1289 341; x_wconf 91' lang='lat' dir='ltr'><strong>eo</strong></span> <span class='ocrx_word' id='word_1_14' title='bbox 1304 296 1418 343; x_wconf 88' lang='lat' dir='ltr'><strong>erat</strong></span> <span class='ocrx_word' id='word_1_15' title='bbox 1437 293 1700 342; x_wconf 85' lang='lat' dir='ltr'><strong>exercitus</strong></span> <span class='ocrx_word' id='word_1_16' title='bbox 1717 291 1976 342; x_wconf 82' lang='lat' dir='ltr'><strong>Gabolum</strong></span> <span class='ocrx_word' id='word_1_17' title='bbox 2143 290 2262 341; x_wconf 84' lang='grc' dir='ltr'><strong><em>Ωιι».</em></strong></span> <span class='ocrx_word' id='word_1_18' title='bbox 2287 289 2420 339; x_wconf 82' lang='lat' dir='ltr'><strong>xix.</strong></span> <span class='ocrx_word' id='word_1_19' title='bbox 2446 314 2507 327; x_wconf 93' lang='lat'>—</span> <span class='ocrx_word' id='word_1_20' title='bbox 2536 290 2654 362; x_wconf 73' lang='lat' dir='ltr'><strong>Dux</strong></span> <span class='ocrx_word' id='word_1_21' title='bbox 2684 304 2808 341; x_wconf 87' lang='lat' dir='ltr'><strong>cum</strong></span> <span class='ocrx_word' id='word_1_22' title='bbox 2838 292 2950 342; x_wconf 90' lang='lat' dir='ltr'><strong>suis</strong></span> <span class='ocrx_word' id='word_1_23' title='bbox 3023 306 3081 343; x_wconf 89' lang='lat' dir='ltr'><strong>ei·</strong></span> <span class='ocrx_word' id='word_1_24' title='bbox 3110 293 3378 345; x_wconf 86' lang='lat' dir='ltr'><strong>civitatem</strong></span> <span class='ocrx_word' id='word_1_25' title='bbox 3409 295 3737 357; x_wconf 83' lang='lat' dir='ltr'><strong>discurrens,</strong></span> 
     </span>
     <span class='ocr_line' id='line_1_3' title="bbox 318 354 3739 421; baseline 0.001 -15"><span class='ocrx_word' id='word_1_26' title='bbox 318 356 545 407; x_wconf 82' lang='lat' dir='ltr'>obsidet.</span> <span class='ocrx_word' id='word_1_27' title='bbox 562 354 968 405; x_wconf 79' lang='lat' dir='ltr'><strong>Tolosanisraus</strong></span> <span class='ocrx_word' id='word_1_28' title='bbox 984 355 1283 404; x_wconf 87' lang='lat' dir='ltr'><strong>intercedit.</strong></span> <span class='ocrx_word' id='word_1_29' title='bbox 1296 355 1485 404; x_wconf 77' lang='lat' dir='ltr'><strong>Arcbis</strong></span> <span class='ocrx_word' id='word_1_30' title='bbox 1503 358 1848 418; x_wconf 76' lang='lat' dir='ltr'><strong>properantes</strong></span> <span class='ocrx_word' id='word_1_31' title='bbox 1860 354 1978 403; x_wconf 89' lang='lat' dir='ltr'><strong>reli·</strong></span> <span class='ocrx_word' id='word_1_32' title='bbox 2081 356 2317 415; x_wconf 86' lang='lat' dir='ltr'><strong>stragem</strong></span> <span class='ocrx_word' id='word_1_33' title='bbox 2342 355 2595 416; x_wconf 87' lang='lat' dir='ltr'><strong>operatur</strong></span> <span class='ocrx_word' id='word_1_34' title='bbox 2616 367 2973 405; x_wconf 87' lang='lat' dir='ltr'><strong>innumeram.</strong></span> <span class='ocrx_word' id='word_1_35' title='bbox 3036 356 3292 407; x_wconf 87' lang='lat' dir='ltr'><strong>olosanus</strong></span> <span class='ocrx_word' id='word_1_36' title='bbox 3308 371 3340 408; x_wconf 87' lang='lat' dir='ltr'><strong>a</strong></span> <span class='ocrx_word' id='word_1_37' title='bbox 3352 363 3499 421; x_wconf 86' lang='lat' dir='ltr'><strong>parte</strong></span> <span class='ocrx_word' id='word_1_38' title='bbox 3514 362 3739 412; x_wconf 87' lang='lat' dir='ltr'><strong>australi</strong></span> 
     </span>
     <span class='ocr_line' id='line_1_4' title="bbox 318 415 3740 484; baseline 0.001 -18"><span class='ocrx_word' id='word_1_39' title='bbox 318 419 440 483; x_wconf 84' lang='lat' dir='ltr'><strong>quis</strong></span> <span class='ocrx_word' id='word_1_40' title='bbox 474 419 813 467; x_wconf 88' lang='lat' dir='ltr'><strong>associantur</strong></span> <span class='ocrx_word' id='word_1_41' title='bbox 885 416 1181 480; x_wconf 87' lang='lat' dir='ltr'><strong>rincipibus</strong></span> <span class='ocrx_word' id='word_1_42' title='bbox 1211 431 1224 475; x_wconf 88' lang='lat'>;</span> <span class='ocrx_word' id='word_1_43' title='bbox 1252 416 1459 466; x_wconf 91' lang='lat' dir='ltr'><strong>obsidio</strong></span> <span class='ocrx_word' id='word_1_44' title='bbox 1485 431 1593 467; x_wconf 88' lang='lat' dir='ltr'><strong>non</strong></span> <span class='ocrx_word' id='word_1_45' title='bbox 1625 416 1852 481; x_wconf 82' lang='lat' dir='ltr'><strong>proficit.</strong></span> <span class='ocrx_word' id='word_1_46' title='bbox 1884 418 1975 465; x_wconf 85' lang='grc'><strong>393</strong></span> <span class='ocrx_word' id='word_1_47' title='bbox 2083 415 2343 464; x_wconf 85' lang='lat' dir='ltr'><strong>violenter</strong></span> <span class='ocrx_word' id='word_1_48' title='bbox 2362 415 2676 478; x_wconf 80' lang='lat' dir='ltr'><strong>ingreditur,</strong></span> <span class='ocrx_word' id='word_1_49' title='bbox 2696 421 2749 466; x_wconf 91' lang='lat' dir='ltr'><strong>et</strong></span> <span class='ocrx_word' id='word_1_50' title='bbox 2772 430 2899 467; x_wconf 87' lang='lat' dir='ltr'><strong>suas</strong></span> <span class='ocrx_word' id='word_1_51' title='bbox 2922 419 3211 468; x_wconf 81' lang='lat' dir='ltr'>introducit</span> <span class='ocrx_word' id='word_1_52' title='bbox 3241 419 3496 484; x_wconf 88' lang='lat' dir='ltr'><strong>legiones.</strong></span> <span class='ocrx_word' id='word_1_53' title='bbox 3529 424 3740 474; x_wconf 84' lang='lat' dir='ltr'>Civium</span> 
     </span>
    </p>
   </div>
   <div class='ocr_carea' id='block_1_3' title="bbox 320 478 3746 1356">
    <p class='ocr_par' dir='ltr' id='par_1_3' title="bbox 320 478 3746 670">
     <span class='ocr_line' id='line_1_5' title="bbox 381 478 3740 544; baseline 0 -15"><span class='ocrx_word' id='word_1_54' title='bbox 381 480 498 529; x_wconf 74' lang='grc' dir='ltr'><strong><em>Ωιι».</em></strong></span> <span class='ocrx_word' id='word_1_55' title='bbox 541 480 723 528; x_wconf 82' lang='lat' dir='ltr'><strong>xvlil.</strong></span> <span class='ocrx_word' id='word_1_56' title='bbox 756 504 818 517; x_wconf 93' lang='lat'><strong>—-</strong></span> <span class='ocrx_word' id='word_1_57' title='bbox 891 482 1153 529; x_wconf 84' lang='lat' dir='ltr'><strong>enovatur</strong></span> <span class='ocrx_word' id='word_1_58' title='bbox 1180 481 1404 543; x_wconf 80' lang='lat' dir='ltr'><strong>quaestio</strong></span> <span class='ocrx_word' id='word_1_59' title='bbox 1436 479 1501 529; x_wconf 90' lang='lat' dir='ltr'><strong>de</strong></span> <span class='ocrx_word' id='word_1_60' title='bbox 1526 479 1714 530; x_wconf 66' lang='lat' dir='ltr'><strong>lancea</strong></span> <span class='ocrx_word' id='word_1_61' title='bbox 1744 479 1973 528; x_wconf 85' lang='lat' dir='ltr'><strong>Domini.</strong></span> <span class='ocrx_word' id='word_1_62' title='bbox 2080 490 2205 543; x_wconf 84' lang='lat' dir='ltr'><strong>pars</strong></span> <span class='ocrx_word' id='word_1_63' title='bbox 2231 478 2286 527; x_wconf 90' lang='lat' dir='ltr'><strong>in</strong></span> <span class='ocrx_word' id='word_1_64' title='bbox 2350 478 2619 527; x_wconf 81' lang='lat' dir='ltr'><strong>raesidium</strong></span> <span class='ocrx_word' id='word_1_65' title='bbox 2645 480 2876 528; x_wconf 83' lang='lat' dir='ltr'><strong>civitatis</strong></span> <span class='ocrx_word' id='word_1_66' title='bbox 2906 494 2962 529; x_wconf 90' lang='lat' dir='ltr'><strong>se</strong></span> <span class='ocrx_word' id='word_1_67' title='bbox 2983 482 3270 544; x_wconf 83' lang='lat' dir='ltr'><strong>recipiunt,</strong></span> <span class='ocrx_word' id='word_1_68' title='bbox 3646 488 3740 536; x_wconf 79' lang='grc'>427</span> 
     </span>
     <span class='ocr_line' id='line_1_6' title="bbox 320 540 3742 607; baseline 0.001 -13"><span class='ocrx_word' id='word_1_69' title='bbox 320 544 572 594; x_wconf 82' lang='lat' dir='ltr'><strong>Inventor</strong></span> <span class='ocrx_word' id='word_1_70' title='bbox 601 556 788 605; x_wconf 82' lang='lat' dir='ltr'><strong>regum</strong></span> <span class='ocrx_word' id='word_1_71' title='bbox 829 542 997 592; x_wconf 79' lang='lat' dir='ltr'><strong>intrat</strong></span> <span class='ocrx_word' id='word_1_72' title='bbox 1037 555 1323 591; x_wconf 88' lang='lat' dir='ltr'><strong>accensum</strong></span> <span class='ocrx_word' id='word_1_73' title='bbox 1353 558 1364 601; x_wconf 92' lang='lat'>;</span> <span class='ocrx_word' id='word_1_74' title='bbox 1404 543 1588 606; x_wconf 81' lang='lat' dir='ltr'><strong>paucis</strong></span> <span class='ocrx_word' id='word_1_75' title='bbox 1628 545 1749 606; x_wconf 88' lang='lat' dir='ltr'><strong>post</strong></span> <span class='ocrx_word' id='word_1_76' title='bbox 1783 541 1976 590; x_wconf 90' lang='lat' dir='ltr'><strong>diebus</strong></span> <span class='ocrx_word' id='word_1_77' title='bbox 2144 542 2258 588; x_wconf 88' lang='grc' dir='ltr'><strong><em>Ωιι».</em></strong></span> <span class='ocrx_word' id='word_1_78' title='bbox 2340 540 2398 588; x_wconf 90' lang='lat' dir='ltr'><strong>X.</strong></span> <span class='ocrx_word' id='word_1_79' title='bbox 2426 567 2485 576; x_wconf 92' lang='lat'><strong>—</strong></span> <span class='ocrx_word' id='word_1_80' title='bbox 2507 540 2658 590; x_wconf 84' lang='lat' dir='ltr'><strong>Cives</strong></span> <span class='ocrx_word' id='word_1_81' title='bbox 2680 541 2734 591; x_wconf 92' lang='lat' dir='ltr'><strong>in</strong></span> <span class='ocrx_word' id='word_1_82' title='bbox 2765 543 2959 590; x_wconf 88' lang='lat' dir='ltr'><strong>atrium</strong></span> <span class='ocrx_word' id='word_1_83' title='bbox 2987 542 3169 607; x_wconf 88' lang='lat' dir='ltr'><strong>templi</strong></span> <span class='ocrx_word' id='word_1_84' title='bbox 3194 557 3250 594; x_wconf 91' lang='lat' dir='ltr'><strong>se</strong></span> <span class='ocrx_word' id='word_1_85' title='bbox 3274 546 3574 596; x_wconf 80' lang='lat' dir='ltr'><strong>conferunt.</strong></span> <span class='ocrx_word' id='word_1_86' title='bbox 3604 549 3742 599; x_wconf 81' lang='lat' dir='ltr'><strong>Ten-</strong></span> 
     </span>
     <span class='ocr_line' id='line_1_7' title="bbox 320 601 3746 670; baseline 0.001 -15"><span class='ocrx_word' id='word_1_87' title='bbox 320 606 571 658; x_wconf 89' lang='lat' dir='ltr'><strong>moritur.</strong></span> <span class='ocrx_word' id='word_1_88' title='bbox 1885 604 1977 651; x_wconf 88' lang='grc'><strong>395</strong></span> <span class='ocrx_word' id='word_1_89' title='bbox 2081 601 2275 652; x_wconf 86' lang='lat' dir='ltr'><strong>credus</strong></span> <span class='ocrx_word' id='word_1_90' title='bbox 2298 601 2426 652; x_wconf 90' lang='lat' dir='ltr'><strong>illuc</strong></span> <span class='ocrx_word' id='word_1_91' title='bbox 2460 615 2552 652; x_wconf 89' lang='lat' dir='ltr'><strong>eos</strong></span> <span class='ocrx_word' id='word_1_92' title='bbox 2596 604 2956 667; x_wconf 81' lang='lat' dir='ltr'><strong>persequitur.</strong></span> <span class='ocrx_word' id='word_1_93' title='bbox 2995 605 3072 654; x_wconf 87' lang='lat' dir='ltr'><strong>Fit</strong></span> <span class='ocrx_word' id='word_1_94' title='bbox 3109 610 3315 670; x_wconf 85' lang='lat' dir='ltr'><strong>strages</strong></span> <span class='ocrx_word' id='word_1_95' title='bbox 3357 608 3658 667; x_wconf 85' lang='lat' dir='ltr'><strong>innumera,</strong></span> <span class='ocrx_word' id='word_1_96' title='bbox 3693 614 3746 661; x_wconf 91' lang='lat' dir='ltr'><strong>et</strong></span> 
     </span>
    </p>

    <p class='ocr_par' dir='ltr' id='par_1_4' title="bbox 322 663 3741 793">
     <span class='ocr_line' id='line_1_8' title="bbox 385 663 3741 730; baseline -0.001 -13"><span class='ocrx_word' id='word_1_97' title='bbox 385 668 502 717; x_wconf 87' lang='grc' dir='ltr'><strong><em>Ωιι».</em></strong></span> <span class='ocrx_word' id='word_1_98' title='bbox 537 666 665 715; x_wconf 84' lang='lat' dir='ltr'><strong>xix.</strong></span> <span class='ocrx_word' id='word_1_99' title='bbox 694 692 749 701; x_wconf 91' lang='lat'><strong>-—</strong></span> <span class='ocrx_word' id='word_1_100' title='bbox 794 666 997 721; x_wconf 84' lang='lat' dir='ltr'><strong>Nuntii,</strong></span> <span class='ocrx_word' id='word_1_101' title='bbox 1043 666 1135 728; x_wconf 85' lang='lat' dir='ltr'><strong>qui</strong></span> <span class='ocrx_word' id='word_1_102' title='bbox 1180 678 1213 715; x_wconf 87' lang='lat' dir='ltr'><strong>a</strong></span> <span class='ocrx_word' id='word_1_103' title='bbox 1234 667 1437 715; x_wconf 89' lang='lat' dir='ltr'><strong>nostris</strong></span> <span class='ocrx_word' id='word_1_104' title='bbox 1466 667 1800 730; x_wconf 83' lang='lat' dir='ltr'><strong>rpincipibus</strong></span> <span class='ocrx_word' id='word_1_105' title='bbox 1827 666 1976 713; x_wconf 89' lang='lat' dir='ltr'><strong>missi</strong></span> <span class='ocrx_word' id='word_1_106' title='bbox 2081 665 2303 727; x_wconf 87' lang='lat' dir='ltr'><strong>sanguis</strong></span> <span class='ocrx_word' id='word_1_107' title='bbox 2330 663 2527 713; x_wconf 83' lang='lat' dir='ltr'><strong>ibidem</strong></span> <span class='ocrx_word' id='word_1_108' title='bbox 2557 664 2800 715; x_wconf 77' lang='lat' dir='ltr'><strong>funditur</strong></span> <span class='ocrx_word' id='word_1_109' title='bbox 2832 667 3094 721; x_wconf 83' lang='lat' dir='ltr'><strong>infinitus.</strong></span> <span class='ocrx_word' id='word_1_110' title='bbox 3646 674 3741 722; x_wconf 71' lang='lat'><strong>428</strong></span> 
     </span>
     <span class='ocr_line' id='line_1_9' title="bbox 322 725 3739 793; baseline 0.002 -14"><span class='ocrx_word' id='word_1_111' title='bbox 322 729 608 779; x_wconf 78' lang='lat' dir='ltr'><strong>suerantin</strong></span> <span class='ocrx_word' id='word_1_112' title='bbox 642 729 955 792; x_wconf 84' lang='lat' dir='ltr'><strong>AEgyptum,</strong></span> <span class='ocrx_word' id='word_1_113' title='bbox 982 732 1345 781; x_wconf 76' lang='lat' dir='ltr'><strong>revertuntur.</strong></span> <span class='ocrx_word' id='word_1_114' title='bbox 1884 728 1977 776; x_wconf 86' lang='grc'><strong>396</strong></span> <span class='ocrx_word' id='word_1_115' title='bbox 2142 725 2259 775; x_wconf 87' lang='grc' dir='ltr'><strong><em>Ωιι».</em></strong></span> <span class='ocrx_word' id='word_1_116' title='bbox 2286 726 2417 775; x_wconf 81' lang='lat' dir='ltr'><strong>xxi.</strong></span> <span class='ocrx_word' id='word_1_117' title='bbox 2461 751 2523 764; x_wconf 91' lang='lat'>—</span> <span class='ocrx_word' id='word_1_118' title='bbox 2573 728 2713 777; x_wconf 86' lang='lat' dir='ltr'><strong>Urbe</strong></span> <span class='ocrx_word' id='word_1_119' title='bbox 2751 730 3065 792; x_wconf 88' lang='lat' dir='ltr'><strong>composita.</strong></span> <span class='ocrx_word' id='word_1_120' title='bbox 3099 729 3318 780; x_wconf 86' lang='lat' dir='ltr'><strong>sedatur</strong></span> <span class='ocrx_word' id='word_1_121' title='bbox 3343 734 3641 793; x_wconf 87' lang='lat' dir='ltr'><strong>tuniultus,·</strong></span> <span class='ocrx_word' id='word_1_122' title='bbox 3687 741 3739 785; x_wconf 88' lang='lat' dir='ltr'><strong>et</strong></span> 
     </span>
    </p>

    <p class='ocr_par' dir='ltr' id='par_1_5' title="bbox 320 789 3741 1042">
     <span class='ocr_line' id='line_1_10' title="bbox 384 789 3741 854; baseline 0.002 -14"><span class='ocrx_word' id='word_1_123' title='bbox 384 791 501 840; x_wconf 87' lang='grc' dir='ltr'><strong><em>Ωιι».</em></strong></span> <span class='ocrx_word' id='word_1_124' title='bbox 534 792 640 839; x_wconf 88' lang='lat' dir='ltr'><strong>XX.</strong></span> <span class='ocrx_word' id='word_1_125' title='bbox 670 818 732 826; x_wconf 88' lang='lat'>—</span> <span class='ocrx_word' id='word_1_126' title='bbox 759 791 1100 854; x_wconf 88' lang='lat' dir='ltr'><strong>lmperatoris</strong></span> <span class='ocrx_word' id='word_1_127' title='bbox 1131 791 1290 852; x_wconf 85' lang='lat' dir='ltr'><strong>legati</strong></span> <span class='ocrx_word' id='word_1_128' title='bbox 1318 789 1534 840; x_wconf 85' lang='lat' dir='ltr'><strong>adsunt.</strong></span> <span class='ocrx_word' id='word_1_129' title='bbox 1563 791 1636 840; x_wconf 93' lang='lat' dir='ltr'><strong>De</strong></span> <span class='ocrx_word' id='word_1_130' title='bbox 1664 789 1976 839; x_wconf 87' lang='lat' dir='ltr'><strong>Boamundo</strong></span> <span class='ocrx_word' id='word_1_131' title='bbox 2079 789 2244 838; x_wconf 87' lang='lat' dir='ltr'><strong>armis</strong></span> <span class='ocrx_word' id='word_1_132' title='bbox 2274 789 2340 837; x_wconf 92' lang='lat' dir='ltr'><strong>de</strong></span> <span class='ocrx_word' id='word_1_133' title='bbox 2382 789 2550 846; x_wconf 79' lang='lat' dir='ltr'><strong>ositiS,</strong></span> <span class='ocrx_word' id='word_1_134' title='bbox 2583 791 2840 840; x_wconf 84' lang='lat' dir='ltr'><strong>orationis</strong></span> <span class='ocrx_word' id='word_1_135' title='bbox 2873 792 3048 854; x_wconf 87' lang='lat' dir='ltr'><strong>gratia</strong></span> <span class='ocrx_word' id='word_1_136' title='bbox 3069 792 3184 842; x_wconf 83' lang='lat' dir='ltr'><strong>loca</strong></span> <span class='ocrx_word' id='word_1_137' title='bbox 3216 795 3555 845; x_wconf 87' lang='lat' dir='ltr'><strong>circumeunt</strong></span> <span class='ocrx_word' id='word_1_138' title='bbox 3582 811 3741 847; x_wconf 81' lang='lat' dir='ltr'><strong>vene-</strong></span> 
     </span>
     <span class='ocr_line' id='line_1_11' title="bbox 321 850 3738 943; baseline -0 -39"><span class='ocrx_word' id='word_1_139' title='bbox 321 858 730 926; x_wconf 81' lang='lat' dir='ltr'><strong>conquerentes,</strong></span> <span class='ocrx_word' id='word_1_140' title='bbox 767 855 1143 917; x_wconf 82' lang='lat' dir='ltr'><strong>imperatorem</strong></span> <span class='ocrx_word' id='word_1_141' title='bbox 1167 854 1420 933; x_wconf 72' lang='lat' dir='ltr'><strong>nuntiant</strong></span> <span class='ocrx_word' id='word_1_142' title='bbox 1440 856 1759 925; x_wconf 72' lang='lat' dir='ltr'><strong>veiituruim</strong></span> <span class='ocrx_word' id='word_1_143' title='bbox 1788 852 1976 925; x_wconf 85' lang='lat' dir='ltr'><strong>princi·</strong></span> <span class='ocrx_word' id='word_1_144' title='bbox 2081 850 2288 906; x_wconf 87' lang='lat' dir='ltr'><strong>rabilia,</strong></span> <span class='ocrx_word' id='word_1_145' title='bbox 2359 865 2461 899; x_wconf 89' lang='lat' dir='ltr'><strong>iem</strong></span> <span class='ocrx_word' id='word_1_146' title='bbox 2494 856 2712 943; x_wconf 68' lang='lat' dir='ltr'><strong>agentes</strong></span> <span class='ocrx_word' id='word_1_147' title='bbox 2730 853 3047 926; x_wconf 77' lang='lat' dir='ltr'><strong>solemnem.</strong></span> <span class='ocrx_word' id='word_1_148' title='bbox 3324 919 3353 929; x_wconf 92' lang='lat'><strong>..</strong></span> <span class='ocrx_word' id='word_1_149' title='bbox 3466 921 3475 930; x_wconf 42' lang='lat'><strong>·</strong></span> <span class='ocrx_word' id='word_1_150' title='bbox 3645 861 3738 932; x_wconf 61' lang='lat'><strong>429</strong></span> 
     </span>
     <span class='ocr_line' id='line_1_12' title="bbox 320 913 3738 1042; baseline 0.002 -14"><span class='ocrx_word' id='word_1_151' title='bbox 320 930 418 1029; x_wconf 65' lang='lat'>{1:³5</span> <span class='ocrx_word' id='word_1_152' title='bbox 438 918 826 1034; x_wconf 52' lang='lat'><strong>33332523352</strong></span> <span class='ocrx_word' id='word_1_153' title='bbox 848 914 1639 1027; x_wconf 53' lang='lat' dir='ltr'><strong>ttsssssiffiffzfflffi&#39;fflss&#39;c</strong></span> <span class='ocrx_word' id='word_1_154' title='bbox 1669 919 1721 964; x_wconf 68' lang='lat'><strong>⁶²</strong></span> <span class='ocrx_word' id='word_1_155' title='bbox 1758 928 1980 1025; x_wconf 55' lang='lat' dir='ltr'><strong>‘&#39;⁰⁰35ss</strong></span> <span class='ocrx_word' id='word_1_156' title='bbox 2082 913 3243 1042; x_wconf 46' lang='grc' dir='ltr'><strong>ιηἳῦῗέἔὲἓῶὲἓὲὲῖιῗδὲίοξὲἳέἕῧίιὲἶ</strong></span> <span class='ocrx_word' id='word_1_157' title='bbox 3260 918 3738 1034; x_wconf 51' lang='grc' dir='ltr'><strong>ἓέὲζιῆῗξᾱὲῗέηὲἲὲ</strong></span> 
     </span>
    </p>

    <p class='ocr_par' dir='ltr' id='par_1_6' title="bbox 323 1039 3744 1301">
     <span class='ocr_line' id='line_1_13' title="bbox 386 1039 3739 1104; baseline -0 -14"><span class='ocrx_word' id='word_1_158' title='bbox 386 1041 507 1090; x_wconf 86' lang='grc' dir='ltr'><strong><em>Ωιι».</em></strong></span> <span class='ocrx_word' id='word_1_159' title='bbox 546 1041 678 1090; x_wconf 87' lang='lat' dir='ltr'><strong>XXI.</strong></span> <span class='ocrx_word' id='word_1_160' title='bbox 710 1068 768 1077; x_wconf 96' lang='lat'>—</span> <span class='ocrx_word' id='word_1_161' title='bbox 811 1041 1008 1090; x_wconf 76' lang='lat' dir='ltr'><strong>Proeses</strong></span> <span class='ocrx_word' id='word_1_162' title='bbox 1058 1040 1422 1104; x_wconf 66' lang='lat' dir='ltr'><strong>&#39;tripolitanus</strong></span> <span class='ocrx_word' id='word_1_163' title='bbox 1465 1041 1634 1089; x_wconf 91' lang='lat' dir='ltr'><strong>multo</strong></span> <span class='ocrx_word' id='word_1_164' title='bbox 1665 1040 1897 1102; x_wconf 86' lang='lat' dir='ltr'><strong>pecunia</strong></span> <span class='ocrx_word' id='word_1_165' title='bbox 1924 1041 1978 1088; x_wconf 88' lang='lat' dir='ltr'><strong>et</strong></span> <span class='ocrx_word' id='word_1_166' title='bbox 2082 1043 2132 1087; x_wconf 91' lang='lat' dir='ltr'><strong>et</strong></span> <span class='ocrx_word' id='word_1_167' title='bbox 2162 1043 2531 1101; x_wconf 84' lang='lat' dir='ltr'><strong>apparuerunt</strong></span> <span class='ocrx_word' id='word_1_168' title='bbox 2560 1039 2765 1089; x_wconf 80' lang='lat' dir='ltr'><strong>multiS.</strong></span> <span class='ocrx_word' id='word_1_169' title='bbox 3646 1048 3739 1096; x_wconf 71' lang='grc'><strong>430</strong></span> 
     </span>
     <span class='ocr_line' id='line_1_14' title="bbox 325 1099 3740 1175; baseline 0.002 -22"><span class='ocrx_word' id='word_1_170' title='bbox 325 1102 639 1153; x_wconf 89' lang='lat' dir='ltr'><strong>muneribus</strong></span> <span class='ocrx_word' id='word_1_171' title='bbox 669 1116 701 1152; x_wconf 86' lang='lat' dir='ltr'><strong>a</strong></span> <span class='ocrx_word' id='word_1_172' title='bbox 733 1105 933 1153; x_wconf 86' lang='lat' dir='ltr'><strong>nostris</strong></span> <span class='ocrx_word' id='word_1_173' title='bbox 1004 1116 1151 1152; x_wconf 81' lang='lat' dir='ltr'><strong>ecem</strong></span> <span class='ocrx_word' id='word_1_174' title='bbox 1181 1104 1450 1165; x_wconf 79' lang='lat' dir='ltr'><strong>impetrat.</strong></span> <span class='ocrx_word' id='word_1_175' title='bbox 1472 1102 1738 1174; x_wconf 84' lang='lat' dir='ltr'><strong>Principes</strong></span> <span class='ocrx_word' id='word_1_176' title='bbox 1768 1101 1834 1150; x_wconf 91' lang='lat' dir='ltr'><strong>de</strong></span> <span class='ocrx_word' id='word_1_177' title='bbox 1852 1100 1976 1150; x_wconf 79' lang='lat' dir='ltr'><strong>side·</strong></span> <span class='ocrx_word' id='word_1_178' title='bbox 2145 1099 2267 1149; x_wconf 81' lang='grc' dir='ltr'><strong><em>Ωιι».</em></strong></span> <span class='ocrx_word' id='word_1_179' title='bbox 2298 1100 2478 1172; x_wconf 79' lang='lat' dir='ltr'><strong>XXIII.</strong></span> <span class='ocrx_word' id='word_1_180' title='bbox 2500 1128 2565 1173; x_wconf 77' lang='lat'><strong>‘&#39;’.</strong></span> <span class='ocrx_word' id='word_1_181' title='bbox 2585 1101 2689 1151; x_wconf 91' lang='lat' dir='ltr'><strong>Viri</strong></span> <span class='ocrx_word' id='word_1_182' title='bbox 2719 1101 2923 1160; x_wconf 80' lang='lat' dir='ltr'><strong>fideles,</strong></span> <span class='ocrx_word' id='word_1_183' title='bbox 2945 1103 3113 1175; x_wconf 88' lang='lat' dir='ltr'><strong>quiin</strong></span> <span class='ocrx_word' id='word_1_184' title='bbox 3142 1104 3621 1165; x_wconf 85' lang='lat' dir='ltr'><strong>urbebabitabant,</strong></span> <span class='ocrx_word' id='word_1_185' title='bbox 3652 1109 3740 1158; x_wconf 88' lang='lat' dir='ltr'><strong>Pe·</strong></span> 
     </span>
     <span class='ocr_line' id='line_1_15' title="bbox 323 1162 3744 1235; baseline 0.001 -19"><span class='ocrx_word' id='word_1_186' title='bbox 323 1166 455 1216; x_wconf 89' lang='lat' dir='ltr'><strong>lium</strong></span> <span class='ocrx_word' id='word_1_187' title='bbox 468 1166 710 1223; x_wconf 89' lang='lat' dir='ltr'><strong>consilio,</strong></span> <span class='ocrx_word' id='word_1_188' title='bbox 744 1167 911 1230; x_wconf 87' lang='lat' dir='ltr'><strong>quiin</strong></span> <span class='ocrx_word' id='word_1_189' title='bbox 935 1166 950 1213; x_wconf 92' lang='lat' dir='ltr'><strong>i</strong></span> <span class='ocrx_word' id='word_1_190' title='bbox 994 1166 1036 1213; x_wconf 89' lang='lat' dir='ltr'><strong>is</strong></span> <span class='ocrx_word' id='word_1_191' title='bbox 1071 1165 1312 1230; x_wconf 85' lang='lat' dir='ltr'><strong>partibus</strong></span> <span class='ocrx_word' id='word_1_192' title='bbox 1332 1163 1593 1220; x_wconf 86' lang='lat' dir='ltr'><strong>habitant,</strong></span> <span class='ocrx_word' id='word_1_193' title='bbox 1619 1177 1757 1214; x_wconf 81' lang='lat' dir='ltr'><strong>viam</strong></span> <span class='ocrx_word' id='word_1_194' title='bbox 1772 1163 1981 1226; x_wconf 90' lang='lat' dir='ltr'><strong>eligunt</strong></span> <span class='ocrx_word' id='word_1_195' title='bbox 2081 1165 2164 1211; x_wconf 88' lang='lat' dir='ltr'><strong>tro</strong></span> <span class='ocrx_word' id='word_1_196' title='bbox 2196 1162 2456 1222; x_wconf 67' lang='lat' dir='ltr'><strong>Bromius,</strong></span> <span class='ocrx_word' id='word_1_197' title='bbox 2484 1177 2567 1212; x_wconf 87' lang='lat' dir='ltr'><strong>cui</strong></span> <span class='ocrx_word' id='word_1_198' title='bbox 2601 1177 2755 1214; x_wconf 89' lang='lat' dir='ltr'><strong>suam</strong></span> <span class='ocrx_word' id='word_1_199' title='bbox 2776 1170 3159 1216; x_wconf 78' lang='lat' dir='ltr'><strong>commiserant</strong></span> <span class='ocrx_word' id='word_1_200' title='bbox 3182 1166 3527 1231; x_wconf 87' lang='lat' dir='ltr'><strong>legationem,</strong></span> <span class='ocrx_word' id='word_1_201' title='bbox 3555 1171 3744 1235; x_wconf 89' lang='lat' dir='ltr'><strong>ingen·</strong></span> 
     </span>
     <span class='ocr_line' id='line_1_16' title="bbox 323 1225 3734 1301; baseline 0.001 -22"><span class='ocrx_word' id='word_1_202' title='bbox 323 1229 669 1279; x_wconf 70' lang='lat' dir='ltr'><strong>maritimam.</strong></span> <span class='ocrx_word' id='word_1_203' title='bbox 1885 1226 1977 1274; x_wconf 88' lang='grc'><strong>398</strong></span> <span class='ocrx_word' id='word_1_204' title='bbox 2083 1228 2161 1273; x_wconf 90' lang='lat' dir='ltr'><strong>tes</strong></span> <span class='ocrx_word' id='word_1_205' title='bbox 2177 1225 2378 1287; x_wconf 82' lang='lat' dir='ltr'><strong>gratias</strong></span> <span class='ocrx_word' id='word_1_206' title='bbox 2398 1225 2684 1276; x_wconf 86' lang='lat' dir='ltr'><strong>exsolvunt</strong></span> <span class='ocrx_word' id='word_1_207' title='bbox 2703 1232 2754 1276; x_wconf 89' lang='lat' dir='ltr'><strong>et</strong></span> <span class='ocrx_word' id='word_1_208' title='bbox 2775 1226 2977 1277; x_wconf 89' lang='lat' dir='ltr'><strong>honore</strong></span> <span class='ocrx_word' id='word_1_209' title='bbox 2994 1227 3171 1278; x_wconf 87' lang='lat' dir='ltr'><strong>debito</strong></span> <span class='ocrx_word' id='word_1_210' title='bbox 3194 1236 3611 1301; x_wconf 82' lang='lat' dir='ltr'><strong>prosequuntur.</strong></span> <span class='ocrx_word' id='word_1_211' title='bbox 3650 1235 3734 1282; x_wconf 90' lang='grc'><strong>431</strong></span> 
     </span>
    </p>

    <p class='ocr_par' dir='ltr' id='par_1_7' title="bbox 390 1287 3744 1356">
     <span class='ocr_line' id='line_1_17' title="bbox 390 1287 3744 1356; baseline 0.002 -16"><span class='ocrx_word' id='word_1_212' title='bbox 390 1292 507 1341; x_wconf 86' lang='grc' dir='ltr'><strong><em>Ωιι».</em></strong></span> <span class='ocrx_word' id='word_1_213' title='bbox 541 1290 694 1339; x_wconf 87' lang='lat' dir='ltr'><strong>XXII.</strong></span> <span class='ocrx_word' id='word_1_214' title='bbox 714 1316 774 1327; x_wconf 91' lang='lat'>—</span> <span class='ocrx_word' id='word_1_215' title='bbox 793 1289 1185 1339; x_wconf 82' lang='lat' dir='ltr'><strong>Proficiscentes</strong></span> <span class='ocrx_word' id='word_1_216' title='bbox 1216 1288 1375 1337; x_wconf 85' lang='lat' dir='ltr'><strong>urbes</strong></span> <span class='ocrx_word' id='word_1_217' title='bbox 1392 1291 1714 1351; x_wconf 86' lang='lat' dir='ltr'><strong>proetereunt</strong></span> <span class='ocrx_word' id='word_1_218' title='bbox 1729 1289 1782 1336; x_wconf 89' lang='lat' dir='ltr'><strong>iii</strong></span> <span class='ocrx_word' id='word_1_219' title='bbox 1800 1287 1977 1337; x_wconf 89' lang='lat' dir='ltr'><strong>littore</strong></span> <span class='ocrx_word' id='word_1_220' title='bbox 2144 1287 2261 1336; x_wconf 85' lang='grc' dir='ltr'><strong><em>Ωιι».</em></strong></span> <span class='ocrx_word' id='word_1_221' title='bbox 2296 1287 2473 1337; x_wconf 83' lang='lat' dir='ltr'><strong>xxiv.</strong></span> <span class='ocrx_word' id='word_1_222' title='bbox 2488 1314 2550 1324; x_wconf 91' lang='lat'>—</span> <span class='ocrx_word' id='word_1_223' title='bbox 2569 1289 2768 1338; x_wconf 83' lang='lat' dir='ltr'><strong>Civitas</strong></span> <span class='ocrx_word' id='word_1_224' title='bbox 2789 1290 3083 1339; x_wconf 87' lang='lat' dir='ltr'><strong>mundatur</strong></span> <span class='ocrx_word' id='word_1_225' title='bbox 3106 1290 3170 1341; x_wconf 90' lang='lat' dir='ltr'><strong>de</strong></span> <span class='ocrx_word' id='word_1_226' title='bbox 3197 1295 3635 1356; x_wconf 84' lang='lat' dir='ltr'><strong>interemptorum</strong></span> <span class='ocrx_word' id='word_1_227' title='bbox 3659 1309 3744 1346; x_wconf 89' lang='lat' dir='ltr'><strong>ca·</strong></span> 
     </span>
    </p>
   </div>
   <div class='ocr_carea' id='block_1_4' title="bbox 324 1348 3744 1734">
    <p class='ocr_par' dir='ltr' id='par_1_8' title="bbox 328 1348 3744 1421">
     <span class='ocr_line' id='line_1_18' title="bbox 328 1348 3744 1421; baseline 0.001 -19"><span class='ocrx_word' id='word_1_228' title='bbox 328 1355 491 1403; x_wconf 87' lang='lat' dir='ltr'><strong>maris</strong></span> <span class='ocrx_word' id='word_1_229' title='bbox 518 1353 664 1408; x_wconf 87' lang='lat' dir='ltr'><strong>sitas,</strong></span> <span class='ocrx_word' id='word_1_230' title='bbox 695 1353 1027 1415; x_wconf 86' lang='lat' dir='ltr'><strong>Liddamque</strong></span> <span class='ocrx_word' id='word_1_231' title='bbox 1062 1356 1113 1401; x_wconf 90' lang='lat' dir='ltr'><strong>et</strong></span> <span class='ocrx_word' id='word_1_232' title='bbox 1148 1350 1429 1401; x_wconf 80' lang='lat' dir='ltr'><strong>Ramulam</strong></span> <span class='ocrx_word' id='word_1_233' title='bbox 1493 1351 1790 1399; x_wconf 86' lang='lat' dir='ltr'><strong>erveniunt.</strong></span> <span class='ocrx_word' id='word_1_234' title='bbox 1852 1350 1977 1421; x_wconf 39' lang='lat'><strong>,399</strong></span> <span class='ocrx_word' id='word_1_235' title='bbox 2082 1348 2394 1403; x_wconf 86' lang='lat' dir='ltr'><strong>daveribus.</strong></span> <span class='ocrx_word' id='word_1_236' title='bbox 2423 1349 2522 1409; x_wconf 89' lang='lat' dir='ltr'><strong>Qui</strong></span> <span class='ocrx_word' id='word_1_237' title='bbox 2545 1351 2597 1399; x_wconf 91' lang='lat' dir='ltr'><strong>in</strong></span> <span class='ocrx_word' id='word_1_238' title='bbox 2623 1363 2803 1401; x_wconf 86' lang='lat' dir='ltr'><strong>arcem</strong></span> <span class='ocrx_word' id='word_1_239' title='bbox 2828 1365 2882 1402; x_wconf 88' lang='lat' dir='ltr'><strong>se</strong></span> <span class='ocrx_word' id='word_1_240' title='bbox 2908 1353 3529 1407; x_wconf 85' lang='lat' dir='ltr'><strong>contulerantTolosano</strong></span> <span class='ocrx_word' id='word_1_241' title='bbox 3560 1359 3744 1408; x_wconf 90' lang='lat' dir='ltr'><strong>comiti</strong></span> 
     </span>
    </p>

    <p class='ocr_par' dir='ltr' id='par_1_9' title="bbox 324 1412 3744 1734">
     <span class='ocr_line' id='line_1_19' title="bbox 387 1412 3735 1479; baseline 0.002 -15"><span class='ocrx_word' id='word_1_242' title='bbox 387 1415 506 1464; x_wconf 85' lang='grc' dir='ltr'><strong><em>Ωιι».</em></strong></span> <span class='ocrx_word' id='word_1_243' title='bbox 532 1415 716 1469; x_wconf 90' lang='lat' dir='ltr'><strong>XXlll.</strong></span> <span class='ocrx_word' id='word_1_244' title='bbox 749 1442 811 1452; x_wconf 89' lang='lat'>-</span> <span class='ocrx_word' id='word_1_245' title='bbox 831 1415 1256 1477; x_wconf 69' lang='lat' dir='ltr'><strong>hierosolymitae</strong></span> <span class='ocrx_word' id='word_1_246' title='bbox 1303 1414 1428 1462; x_wconf 90' lang='lat' dir='ltr'><strong>viris</strong></span> <span class='ocrx_word' id='word_1_247' title='bbox 1475 1412 1699 1468; x_wconf 89' lang='lat' dir='ltr'><strong>ortibus,</strong></span> <span class='ocrx_word' id='word_1_248' title='bbox 1729 1425 1895 1462; x_wconf 86' lang='lat' dir='ltr'><strong>armis</strong></span> <span class='ocrx_word' id='word_1_249' title='bbox 1926 1416 1979 1461; x_wconf 90' lang='lat' dir='ltr'><strong>et</strong></span> <span class='ocrx_word' id='word_1_250' title='bbox 2082 1425 2138 1461; x_wconf 88' lang='lat' dir='ltr'><strong>se</strong></span> <span class='ocrx_word' id='word_1_251' title='bbox 2168 1412 2394 1466; x_wconf 90' lang='lat' dir='ltr'><strong>dedunt.</strong></span> <span class='ocrx_word' id='word_1_252' title='bbox 2432 1414 2549 1463; x_wconf 88' lang='lat' dir='ltr'><strong>Dies</strong></span> <span class='ocrx_word' id='word_1_253' title='bbox 2566 1413 2660 1463; x_wconf 90' lang='lat' dir='ltr'><strong>illa</strong></span> <span class='ocrx_word' id='word_1_254' title='bbox 2680 1414 2736 1463; x_wconf 92' lang='lat' dir='ltr'><strong>in</strong></span> <span class='ocrx_word' id='word_1_255' title='bbox 2762 1418 3080 1479; x_wconf 88' lang='lat' dir='ltr'><strong>perpetuum</strong></span> <span class='ocrx_word' id='word_1_256' title='bbox 3110 1415 3332 1466; x_wconf 89' lang='lat' dir='ltr'><strong>celebris</strong></span> <span class='ocrx_word' id='word_1_257' title='bbox 3365 1420 3735 1474; x_wconf 86' lang='lat' dir='ltr'><strong>constituitur.</strong></span> 
     </span>
     <span class='ocr_line' id='line_1_20' title="bbox 326 1474 3744 1586; baseline 0.004 -60"><span class='ocrx_word' id='word_1_258' title='bbox 326 1478 665 1549; x_wconf 38' lang='lat' dir='ltr'><strong>victuali-bus,</strong></span> <span class='ocrx_word' id='word_1_259' title='bbox 689 1477 874 1526; x_wconf 85' lang='lat' dir='ltr'><strong>urbem</strong></span> <span class='ocrx_word' id='word_1_260' title='bbox 899 1478 1279 1526; x_wconf 89' lang='lat' dir='ltr'><strong>communiunt</strong></span> <span class='ocrx_word' id='word_1_261' title='bbox 1298 1476 1596 1547; x_wconf 71' lang='lat' dir='ltr'><strong>diligenter.</strong></span> <span class='ocrx_word' id='word_1_262' title='bbox 1621 1476 1772 1525; x_wconf 85' lang='lat' dir='ltr'><strong>Cives</strong></span> <span class='ocrx_word' id='word_1_263' title='bbox 1792 1474 1978 1523; x_wconf 85' lang='lat' dir='ltr'><strong>fideles</strong></span> <span class='ocrx_word' id='word_1_264' title='bbox 2147 1535 2337 1585; x_wconf 70' lang='lat' dir='ltr'>LIBER</span> <span class='ocrx_word' id='word_1_265' title='bbox 2367 1535 2586 1586; x_wconf 74' lang='lat' dir='ltr'>NONUS</span> <span class='ocrx_word' id='word_1_266' title='bbox 3647 1485 3744 1532; x_wconf 71' lang='grc'><strong>432</strong></span> 
     </span>
     <span class='ocr_line' id='line_1_21' title="bbox 328 1537 3742 1677; baseline 0.004 -32"><span class='ocrx_word' id='word_1_267' title='bbox 328 1539 1220 1655; x_wconf 40' lang='lat' dir='ltr'><strong>excffiqrffialilljfiffssffiffizhzrrffiffl</strong></span> <span class='ocrx_word' id='word_1_268' title='bbox 1245 1543 1603 1672; x_wconf 35' lang='lat' dir='ltr'><strong>{deganolt-cs·</strong></span> <span class='ocrx_word' id='word_1_269' title='bbox 1627 1599 1831 1662; x_wconf 86' lang='lat' dir='ltr'><strong>legatos</strong></span> <span class='ocrx_word' id='word_1_270' title='bbox 1855 1537 1979 1647; x_wconf 49' lang='lat' dir='ltr'><strong>‹ligii—</strong></span> <span class='ocrx_word' id='word_1_271' title='bbox 2143 1600 2262 1646; x_wconf 83' lang='grc' dir='ltr'><strong><em>Ωιι».</em></strong></span> <span class='ocrx_word' id='word_1_272' title='bbox 2298 1598 2336 1646; x_wconf 90' lang='lat' dir='ltr'><strong>l.</strong></span> <span class='ocrx_word' id='word_1_273' title='bbox 2368 1624 2427 1636; x_wconf 94' lang='lat'>—</span> <span class='ocrx_word' id='word_1_274' title='bbox 2449 1575 2649 1649; x_wconf 49' lang='lat' dir='ltr'><strong>octaba</strong></span> <span class='ocrx_word' id='word_1_275' title='bbox 2687 1599 2789 1656; x_wconf 88' lang='lat' dir='ltr'><strong>die,</strong></span> <span class='ocrx_word' id='word_1_276' title='bbox 2821 1600 3168 1672; x_wconf 38' lang='lat' dir='ltr'><strong>post-urbem</strong></span> <span class='ocrx_word' id='word_1_277' title='bbox 3202 1607 3436 1676; x_wconf 85' lang='lat' dir='ltr'><strong>captam,</strong></span> <span class='ocrx_word' id='word_1_278' title='bbox 3470 1607 3742 1677; x_wconf 80' lang='lat' dir='ltr'><strong>principes</strong></span> 
     </span>
     <span class='ocr_line' id='line_1_22' title="bbox 324 1663 3741 1734; baseline 0.002 -23"><span class='ocrx_word' id='word_1_279' title='bbox 324 1670 488 1728; x_wconf 83' lang='lat' dir='ltr'><strong>guiit;</strong></span> <span class='ocrx_word' id='word_1_280' title='bbox 519 1663 903 1727; x_wconf 88' lang='lat' dir='ltr'><strong>dirigiturilluc</strong></span> <span class='ocrx_word' id='word_1_281' title='bbox 923 1663 1277 1719; x_wconf 86' lang='lat' dir='ltr'><strong>Trancredus,</strong></span> <span class='ocrx_word' id='word_1_282' title='bbox 1304 1677 1397 1727; x_wconf 91' lang='lat' dir='ltr'><strong>qui</strong></span> <span class='ocrx_word' id='word_1_283' title='bbox 1419 1676 1507 1712; x_wconf 86' lang='lat' dir='ltr'><strong>ecc</strong></span> <span class='ocrx_word' id='word_1_284' title='bbox 1532 1674 1698 1711; x_wconf 85' lang='lat' dir='ltr'><strong>esiam</strong></span> <span class='ocrx_word' id='word_1_285' title='bbox 1721 1666 1775 1710; x_wconf 92' lang='lat' dir='ltr'><strong>et</strong></span> <span class='ocrx_word' id='word_1_286' title='bbox 1799 1663 1976 1711; x_wconf 89' lang='lat' dir='ltr'><strong>locum</strong></span> <span class='ocrx_word' id='word_1_287' title='bbox 2080 1664 2425 1717; x_wconf 89' lang='lat' dir='ltr'><strong>conveniunt,</strong></span> <span class='ocrx_word' id='word_1_288' title='bbox 2449 1664 2510 1710; x_wconf 92' lang='lat' dir='ltr'><strong>ut</strong></span> <span class='ocrx_word' id='word_1_289' title='bbox 2537 1675 2601 1711; x_wconf 82' lang='lat' dir='ltr'><strong>ex</strong></span> <span class='ocrx_word' id='word_1_290' title='bbox 2623 1675 2680 1710; x_wconf 90' lang='lat' dir='ltr'><strong>se</strong></span> <span class='ocrx_word' id='word_1_291' title='bbox 2709 1677 2879 1712; x_wconf 91' lang='lat' dir='ltr'><strong>unum</strong></span> <span class='ocrx_word' id='word_1_292' title='bbox 2899 1663 3146 1726; x_wconf 83' lang='lat' dir='ltr'><strong>eligendo</strong></span> <span class='ocrx_word' id='word_1_293' title='bbox 3165 1668 3284 1715; x_wconf 86' lang='lat' dir='ltr'><strong>urbi</strong></span> <span class='ocrx_word' id='word_1_294' title='bbox 3302 1670 3354 1715; x_wconf 93' lang='lat' dir='ltr'><strong>et</strong></span> <span class='ocrx_word' id='word_1_295' title='bbox 3375 1672 3580 1730; x_wconf 84' lang='lat' dir='ltr'><strong>regioni</strong></span> <span class='ocrx_word' id='word_1_296' title='bbox 3606 1684 3741 1734; x_wconf 82' lang='lat' dir='ltr'><strong>proe·</strong></span> 
     </span>
    </p>
   </div>
   <div class='ocr_carea' id='block_1_5' title="bbox 321 1722 3740 2038">
    <p class='ocr_par' dir='ltr' id='par_1_10' title="bbox 321 1722 3740 1987">
     <span class='ocr_line' id='line_1_23' title="bbox 327 1722 3740 1859; baseline 0.002 -21"><span class='ocrx_word' id='word_1_297' title='bbox 327 1731 694 1839; x_wconf 52' lang='lat' dir='ltr'><strong>ocffl.aXXV.</strong></span> <span class='ocrx_word' id='word_1_298' title='bbox 747 1814 799 1825; x_wconf 91' lang='lat'>-</span> <span class='ocrx_word' id='word_1_299' title='bbox 843 1788 1188 1837; x_wconf 86' lang='lat' dir='ltr'><strong>Proficiscens</strong></span> <span class='ocrx_word' id='word_1_300' title='bbox 1236 1788 1499 1836; x_wconf 86' lang='lat' dir='ltr'><strong>exercitus</strong></span> <span class='ocrx_word' id='word_1_301' title='bbox 1548 1725 1978 1858; x_wconf 52' lang='lat' dir='ltr'><strong>Ilierosolymi‘iffi</strong></span> <span class='ocrx_word' id='word_1_302' title='bbox 2081 1722 2265 1857; x_wconf 28' lang='lat' dir='ltr'><strong>fiebat-1¹²5</strong></span> <span class='ocrx_word' id='word_1_303' title='bbox 2291 1723 3740 1859; x_wconf 36' lang='lat' dir='ltr'><strong>‚1filei-’uspi-iiiggsgggtelpeigilggiiac{iligffiigntradictiogzzs</strong></span> 
     </span>
     <span class='ocr_line' id='line_1_24' title="bbox 321 1847 3737 1922; baseline 0.002 -22"><span class='ocrx_word' id='word_1_304' title='bbox 321 1853 568 1915; x_wconf 88' lang='lat' dir='ltr'><strong>pervenit</strong></span> <span class='ocrx_word' id='word_1_305' title='bbox 595 1867 606 1908; x_wconf 91' lang='lat'>;</span> <span class='ocrx_word' id='word_1_306' title='bbox 633 1850 724 1900; x_wconf 90' lang='lat' dir='ltr'><strong>sed</strong></span> <span class='ocrx_word' id='word_1_307' title='bbox 746 1852 960 1900; x_wconf 84' lang='lat' dir='ltr'><strong>interim</strong></span> <span class='ocrx_word' id='word_1_308' title='bbox 990 1850 1614 1904; x_wconf 88' lang='lat' dir='ltr'><strong>excitaturtumultus,in</strong></span> <span class='ocrx_word' id='word_1_309' title='bbox 1640 1862 1747 1912; x_wconf 91' lang='lat' dir='ltr'><strong>quo</strong></span> <span class='ocrx_word' id='word_1_310' title='bbox 1776 1849 1980 1898; x_wconf 84' lang='lat' dir='ltr'><strong>cadunt</strong></span> <span class='ocrx_word' id='word_1_311' title='bbox 2080 1847 2361 1921; x_wconf 75' lang='lat' dir='ltr'><strong>dominum</strong></span> <span class='ocrx_word' id='word_1_312' title='bbox 2405 1848 2596 1898; x_wconf 89' lang='lat' dir='ltr'><strong>ducem</strong></span> <span class='ocrx_word' id='word_1_313' title='bbox 2640 1849 2860 1922; x_wconf 79' lang='lat' dir='ltr'><strong>eligunt,</strong></span> <span class='ocrx_word' id='word_1_314' title='bbox 2920 1853 2973 1900; x_wconf 92' lang='lat' dir='ltr'><strong>et</strong></span> <span class='ocrx_word' id='word_1_315' title='bbox 3001 1851 3231 1901; x_wconf 86' lang='lat' dir='ltr'><strong>electum</strong></span> <span class='ocrx_word' id='word_1_316' title='bbox 3274 1866 3398 1903; x_wconf 92' lang='lat' dir='ltr'><strong>cum</strong></span> <span class='ocrx_word' id='word_1_317' title='bbox 3433 1854 3652 1919; x_wconf 83' lang='lat' dir='ltr'><strong>hymnis</strong></span> <span class='ocrx_word' id='word_1_318' title='bbox 3688 1862 3737 1906; x_wconf 93' lang='lat' dir='ltr'><strong>et</strong></span> 
     </span>
     <span class='ocr_line' id='line_1_25' title="bbox 323 1911 3738 1987; baseline 0 -25"><span class='ocrx_word' id='word_1_319' title='bbox 323 1915 568 1963; x_wconf 89' lang='lat' dir='ltr'><strong>nonnulli</strong></span> <span class='ocrx_word' id='word_1_320' title='bbox 605 1914 669 1963; x_wconf 89' lang='lat' dir='ltr'><strong>de</strong></span> <span class='ocrx_word' id='word_1_321' title='bbox 698 1913 966 1966; x_wconf 76' lang='lat' dir='ltr'><strong>hostibus,</strong></span> <span class='ocrx_word' id='word_1_322' title='bbox 1882 1912 1974 1959; x_wconf 87' lang='grc'><strong>404</strong></span> <span class='ocrx_word' id='word_1_323' title='bbox 2080 1914 2301 1960; x_wconf 85' lang='lat' dir='ltr'><strong>canticis</strong></span> <span class='ocrx_word' id='word_1_324' title='bbox 2326 1911 2569 1975; x_wconf 91' lang='lat' dir='ltr'><strong>sepulcro</strong></span> <span class='ocrx_word' id='word_1_325' title='bbox 2597 1912 2807 1962; x_wconf 91' lang='lat' dir='ltr'><strong>Domini</strong></span> <span class='ocrx_word' id='word_1_326' title='bbox 2830 1918 3233 1987; x_wconf 65' lang='lat' dir='ltr'><strong>repraesentant.</strong></span> <span class='ocrx_word' id='word_1_327' title='bbox 3646 1920 3738 1969; x_wconf 75' lang='grc'><strong>434</strong></span> 
     </span>
    </p>

    <p class='ocr_par' dir='ltr' id='par_1_11' title="bbox 383 1973 3738 2038">
     <span class='ocr_line' id='line_1_26' title="bbox 383 1973 3738 2038; baseline 0.001 -13"><span class='ocrx_word' id='word_1_328' title='bbox 383 1976 574 2025; x_wconf 72' lang='lat' dir='ltr'><strong>LIBER</strong></span> <span class='ocrx_word' id='word_1_329' title='bbox 602 1975 916 2025; x_wconf 69' lang='lat' dir='ltr'><strong>OCTAVUS.</strong></span> <span class='ocrx_word' id='word_1_330' title='bbox 2143 1973 2258 2022; x_wconf 83' lang='grc' dir='ltr'><strong><em>Ωιι».</em></strong></span> <span class='ocrx_word' id='word_1_331' title='bbox 2289 1973 2373 2022; x_wconf 84' lang='lat'><strong>111.</strong></span> <span class='ocrx_word' id='word_1_332' title='bbox 2401 2000 2462 2010; x_wconf 92' lang='lat'><em>-</em></span> <span class='ocrx_word' id='word_1_333' title='bbox 2490 1974 2603 2022; x_wconf 85' lang='lat' dir='ltr'><strong>Dux</strong></span> <span class='ocrx_word' id='word_1_334' title='bbox 2641 1979 2919 2038; x_wconf 90' lang='lat' dir='ltr'><strong>promotus</strong></span> <span class='ocrx_word' id='word_1_335' title='bbox 2954 1988 2984 2023; x_wconf 87' lang='lat' dir='ltr'><strong>a</strong></span> <span class='ocrx_word' id='word_1_336' title='bbox 3017 1980 3212 2027; x_wconf 81' lang='lat' dir='ltr'><strong>comite</strong></span> <span class='ocrx_word' id='word_1_337' title='bbox 3243 1978 3509 2029; x_wconf 85' lang='lat' dir='ltr'><strong>Tolosano</strong></span> <span class='ocrx_word' id='word_1_338' title='bbox 3549 1983 3738 2030; x_wconf 89' lang='lat' dir='ltr'><strong>turrim</strong></span> 
     </span>
    </p>
   </div>
   <div class='ocr_carea' id='block_1_6' title="bbox 316 2034 3740 2399">
    <p class='ocr_par' dir='ltr' id='par_1_12' title="bbox 321 2034 3740 2225">
     <span class='ocr_line' id='line_1_27' title="bbox 384 2034 3739 2110; baseline 0.004 -23"><span class='ocrx_word' id='word_1_339' title='bbox 384 2039 502 2087; x_wconf 83' lang='grc' dir='ltr'><strong><em>Ωιι».</em></strong></span> <span class='ocrx_word' id='word_1_340' title='bbox 528 2039 565 2088; x_wconf 90' lang='lat' dir='ltr'><strong>I.</strong></span> <span class='ocrx_word' id='word_1_341' title='bbox 586 2066 646 2075; x_wconf 93' lang='lat'><strong>—</strong></span> <span class='ocrx_word' id='word_1_342' title='bbox 671 2038 966 2101; x_wconf 84' lang='lat' dir='ltr'><strong>Descriptio</strong></span> <span class='ocrx_word' id='word_1_343' title='bbox 992 2038 1127 2086; x_wconf 89' lang='lat' dir='ltr'><strong>situs</strong></span> <span class='ocrx_word' id='word_1_344' title='bbox 1157 2036 1304 2085; x_wconf 91' lang='lat' dir='ltr'><strong>urbis</strong></span> <span class='ocrx_word' id='word_1_345' title='bbox 1328 2039 1545 2094; x_wconf 86' lang='lat' dir='ltr'><strong>sanctoe,</strong></span> <span class='ocrx_word' id='word_1_346' title='bbox 1572 2035 1628 2084; x_wconf 92' lang='lat' dir='ltr'><strong>in</strong></span> <span class='ocrx_word' id='word_1_347' title='bbox 1664 2049 1774 2098; x_wconf 81' lang='lat' dir='ltr'><strong>qua</strong></span> <span class='ocrx_word' id='word_1_348' title='bbox 1801 2038 1978 2107; x_wconf 80' lang='lat' dir='ltr'><strong>osten·</strong></span> <span class='ocrx_word' id='word_1_349' title='bbox 2080 2034 2248 2107; x_wconf 84' lang='lat' dir='ltr'><strong>David</strong></span> <span class='ocrx_word' id='word_1_350' title='bbox 2291 2048 2453 2108; x_wconf 73' lang='lat' dir='ltr'><strong>‘3¹¹⁰tm</strong></span> <span class='ocrx_word' id='word_1_351' title='bbox 2484 2036 2551 2085; x_wconf 74' lang='lat' dir='ltr'><strong>ab</strong></span> <span class='ocrx_word' id='word_1_352' title='bbox 2581 2037 2825 2086; x_wconf 77' lang='lat' dir='ltr'><strong>hostibus</strong></span> <span class='ocrx_word' id='word_1_353' title='bbox 2873 2043 3199 2110; x_wconf 62' lang='lat' dir='ltr'><strong>suspeperat.</strong></span> <span class='ocrx_word' id='word_1_354' title='bbox 3243 2043 3493 2104; x_wconf 78' lang='lat' dir='ltr'><strong>reposcit·</strong></span> <span class='ocrx_word' id='word_1_355' title='bbox 3527 2042 3739 2093; x_wconf 76' lang='lat' dir='ltr'><strong>Dissen-</strong></span> 
     </span>
     <span class='ocr_line' id='line_1_28' title="bbox 321 2098 3738 2166; baseline 0.001 -16"><span class='ocrx_word' id='word_1_356' title='bbox 321 2100 468 2150; x_wconf 89' lang='lat' dir='ltr'><strong>ditur</strong></span> <span class='ocrx_word' id='word_1_357' title='bbox 496 2115 630 2166; x_wconf 85' lang='lat' dir='ltr'><strong>quas</strong></span> <span class='ocrx_word' id='word_1_358' title='bbox 661 2102 907 2164; x_wconf 84' lang='lat' dir='ltr'><strong>regiones</strong></span> <span class='ocrx_word' id='word_1_359' title='bbox 942 2102 995 2149; x_wconf 85' lang='lat' dir='ltr'><strong>et</strong></span> <span class='ocrx_word' id='word_1_360' title='bbox 1022 2113 1142 2163; x_wconf 78' lang='lat' dir='ltr'><strong>quae</strong></span> <span class='ocrx_word' id='word_1_361' title='bbox 1171 2100 1369 2149; x_wconf 88' lang='lat' dir='ltr'><strong>babeat</strong></span> <span class='ocrx_word' id='word_1_362' title='bbox 1407 2099 1526 2147; x_wconf 86' lang='lat' dir='ltr'><strong>loca</strong></span> <span class='ocrx_word' id='word_1_363' title='bbox 1551 2112 1645 2162; x_wconf 87' lang='lat' dir='ltr'><strong>per</strong></span> <span class='ocrx_word' id='word_1_364' title='bbox 1670 2101 1972 2147; x_wconf 88' lang='lat' dir='ltr'><strong>circuitum.</strong></span> <span class='ocrx_word' id='word_1_365' title='bbox 2080 2100 2222 2146; x_wconf 88' lang='lat' dir='ltr'><strong>tiunt</strong></span> <span class='ocrx_word' id='word_1_366' title='bbox 2239 2111 2523 2161; x_wconf 52' lang='lat' dir='ltr'><strong>principem</strong></span> <span class='ocrx_word' id='word_1_367' title='bbox 2544 2098 2634 2148; x_wconf 90' lang='lat' dir='ltr'><strong>sed</strong></span> <span class='ocrx_word' id='word_1_368' title='bbox 2650 2103 2830 2149; x_wconf 86' lang='lat' dir='ltr'><strong>tamen</strong></span> <span class='ocrx_word' id='word_1_369' title='bbox 2849 2104 3038 2149; x_wconf 90' lang='lat' dir='ltr'><strong>turrim</strong></span> <span class='ocrx_word' id='word_1_370' title='bbox 3052 2101 3256 2151; x_wconf 86' lang='lat' dir='ltr'><strong>obtinet</strong></span> <span class='ocrx_word' id='word_1_371' title='bbox 3271 2105 3618 2166; x_wconf 86' lang='lat' dir='ltr'><strong>postulatam.</strong></span> <span class='ocrx_word' id='word_1_372' title='bbox 3646 2108 3738 2155; x_wconf 86' lang='grc'>435</span> 
     </span>
     <span class='ocr_line' id='line_1_29' title="bbox 1882 2158 3740 2225; baseline 0.005 -17"><span class='ocrx_word' id='word_1_373' title='bbox 1882 2162 1975 2209; x_wconf 88' lang='grc'><strong>405</strong></span> <span class='ocrx_word' id='word_1_374' title='bbox 2139 2158 2261 2212; x_wconf 83' lang='grc' dir='ltr'><strong><em>Ωιι».</em></strong></span> <span class='ocrx_word' id='word_1_375' title='bbox 2293 2160 2378 2209; x_wconf 83' lang='lat' dir='ltr'><strong>lv.</strong></span> <span class='ocrx_word' id='word_1_376' title='bbox 2410 2187 2471 2196; x_wconf 92' lang='grc'><strong>--</strong></span> <span class='ocrx_word' id='word_1_377' title='bbox 2502 2162 2793 2225; x_wconf 77' lang='lat' dir='ltr'><strong>Episcopus</strong></span> <span class='ocrx_word' id='word_1_378' title='bbox 2822 2162 3258 2220; x_wconf 84' lang='lat' dir='ltr'><strong>Marturanensis,</strong></span> <span class='ocrx_word' id='word_1_379' title='bbox 3288 2166 3369 2213; x_wconf 87' lang='lat' dir='ltr'><strong>vir</strong></span> <span class='ocrx_word' id='word_1_380' title='bbox 3393 2166 3657 2217; x_wconf 89' lang='lat' dir='ltr'><strong>subdolus</strong></span> <span class='ocrx_word' id='word_1_381' title='bbox 3688 2172 3740 2218; x_wconf 91' lang='lat' dir='ltr'><strong>et</strong></span> 
     </span>
    </p>

    <p class='ocr_par' dir='ltr' id='par_1_13' title="bbox 316 2222 3738 2399">
     <span class='ocr_line' id='line_1_30' title="bbox 380 2222 3738 2293; baseline 0.001 -17"><span class='ocrx_word' id='word_1_382' title='bbox 380 2225 496 2276; x_wconf 84' lang='grc' dir='ltr'><strong><em>Ωιι».</em></strong></span> <span class='ocrx_word' id='word_1_383' title='bbox 530 2226 593 2275; x_wconf 90' lang='lat' dir='ltr'><strong>Il.</strong></span> <span class='ocrx_word' id='word_1_384' title='bbox 627 2253 690 2262; x_wconf 92' lang='lat'>—</span> <span class='ocrx_word' id='word_1_385' title='bbox 716 2224 919 2286; x_wconf 88' lang='lat' dir='ltr'><strong>Quibus</strong></span> <span class='ocrx_word' id='word_1_386' title='bbox 953 2224 1263 2273; x_wconf 88' lang='lat' dir='ltr'><strong>nominibus</strong></span> <span class='ocrx_word' id='word_1_387' title='bbox 1293 2226 1345 2273; x_wconf 85' lang='lat' dir='ltr'><strong>et</strong></span> <span class='ocrx_word' id='word_1_388' title='bbox 1369 2225 1503 2287; x_wconf 91' lang='lat' dir='ltr'><strong>quot</strong></span> <span class='ocrx_word' id='word_1_389' title='bbox 1520 2222 1823 2286; x_wconf 85' lang='lat' dir='ltr'><strong>appellatur</strong></span> <span class='ocrx_word' id='word_1_390' title='bbox 1849 2223 1975 2271; x_wconf 88' lang='lat' dir='ltr'><strong>civi·</strong></span> <span class='ocrx_word' id='word_1_391' title='bbox 2079 2235 2331 2292; x_wconf 82' lang='lat' dir='ltr'><strong>nequam,</strong></span> <span class='ocrx_word' id='word_1_392' title='bbox 2349 2236 2684 2293; x_wconf 30' lang='lat' dir='ltr'><strong>‘quemquam</strong></span> <span class='ocrx_word' id='word_1_393' title='bbox 2707 2224 3042 2288; x_wconf 76' lang='lat' dir='ltr'><strong>Arnulpbum</strong></span> <span class='ocrx_word' id='word_1_394' title='bbox 3058 2226 3159 2275; x_wconf 89' lang='lat' dir='ltr'><strong>sibi</strong></span> <span class='ocrx_word' id='word_1_395' title='bbox 3181 2227 3408 2278; x_wconf 89' lang='lat' dir='ltr'><strong>similem</strong></span> <span class='ocrx_word' id='word_1_396' title='bbox 3431 2230 3485 2277; x_wconf 88' lang='lat' dir='ltr'><strong>in</strong></span> <span class='ocrx_word' id='word_1_397' title='bbox 3514 2231 3738 2293; x_wconf 80' lang='lat' dir='ltr'><strong>patriar·</strong></span> 
     </span>
     <span class='ocr_line' id='line_1_31' title="bbox 316 2283 3734 2399; baseline 0.001 -61"><span class='ocrx_word' id='word_1_398' title='bbox 316 2291 416 2345; x_wconf 79' lang='lat' dir='ltr'><strong>taS,</strong></span> <span class='ocrx_word' id='word_1_399' title='bbox 445 2288 667 2399; x_wconf 54' lang='lat' dir='ltr'><strong>etAEuod</strong></span> <span class='ocrx_word' id='word_1_400' title='bbox 699 2288 864 2338; x_wconf 88' lang='lat' dir='ltr'><strong>David</strong></span> <span class='ocrx_word' id='word_1_401' title='bbox 900 2300 1016 2336; x_wconf 86' lang='lat' dir='ltr'><strong>eam</strong></span> <span class='ocrx_word' id='word_1_402' title='bbox 1043 2289 1193 2359; x_wconf 87' lang='lat' dir='ltr'><strong>regni</strong></span> <span class='ocrx_word' id='word_1_403' title='bbox 1228 2286 1423 2336; x_wconf 88' lang='lat' dir='ltr'><strong>solium</strong></span> <span class='ocrx_word' id='word_1_404' title='bbox 1458 2286 1806 2334; x_wconf 87' lang='lat' dir='ltr'><strong>constituerit.</strong></span> <span class='ocrx_word' id='word_1_405' title='bbox 1834 2283 1971 2343; x_wconf 86' lang='lat' dir='ltr'><strong>Quo·</strong></span> <span class='ocrx_word' id='word_1_406' title='bbox 2077 2283 2234 2334; x_wconf 85' lang='lat' dir='ltr'><strong>cham</strong></span> <span class='ocrx_word' id='word_1_407' title='bbox 2267 2288 2454 2334; x_wconf 89' lang='lat' dir='ltr'><strong>nititur</strong></span> <span class='ocrx_word' id='word_1_408' title='bbox 2476 2296 2792 2349; x_wconf 85' lang='lat' dir='ltr'><strong>promovere</strong></span> <span class='ocrx_word' id='word_1_409' title='bbox 2820 2301 2832 2343; x_wconf 89' lang='lat'>;</span> <span class='ocrx_word' id='word_1_410' title='bbox 2864 2286 2956 2336; x_wconf 91' lang='lat' dir='ltr'><strong>sed</strong></span> <span class='ocrx_word' id='word_1_411' title='bbox 2988 2301 3095 2337; x_wconf 92' lang='lat' dir='ltr'><strong>non</strong></span> <span class='ocrx_word' id='word_1_412' title='bbox 3131 2289 3362 2352; x_wconf 81' lang='lat' dir='ltr'><strong>proficit.</strong></span> <span class='ocrx_word' id='word_1_413' title='bbox 3396 2291 3535 2341; x_wconf 84' lang='lat' dir='ltr'><strong>Crux</strong></span> <span class='ocrx_word' id='word_1_414' title='bbox 3559 2293 3734 2343; x_wconf 90' lang='lat' dir='ltr'><strong>Domi-</strong></span> 
     </span>
    </p>
   </div>
   <div class='ocr_carea' id='block_1_7' title="bbox 302 2348 3736 3290">
    <p class='ocr_par' dir='ltr' id='par_1_14' title="bbox 302 2348 3736 2965">
     <span class='ocr_line' id='line_1_32' title="bbox 315 2348 3736 2404; baseline -0.002 -4"><span class='ocrx_word' id='word_1_415' title='bbox 315 2352 476 2400; x_wconf 88' lang='lat' dir='ltr'><strong>modo</strong></span> <span class='ocrx_word' id='word_1_416' title='bbox 593 2352 676 2400; x_wconf 89' lang='lat' dir='ltr'><strong>ius</strong></span> <span class='ocrx_word' id='word_1_417' title='bbox 692 2351 955 2400; x_wconf 76' lang='lat' dir='ltr'><strong>Adrianus</strong></span> <span class='ocrx_word' id='word_1_418' title='bbox 979 2350 1198 2399; x_wconf 87' lang='lat' dir='ltr'><strong>declivo</strong></span> <span class='ocrx_word' id='word_1_419' title='bbox 1221 2350 1275 2398; x_wconf 90' lang='lat' dir='ltr'><strong>in</strong></span> <span class='ocrx_word' id='word_1_420' title='bbox 1308 2349 1501 2397; x_wconf 88' lang='lat' dir='ltr'><strong>mentis</strong></span> <span class='ocrx_word' id='word_1_421' title='bbox 1518 2348 1768 2397; x_wconf 89' lang='lat' dir='ltr'><strong>verticem</strong></span> <span class='ocrx_word' id='word_1_422' title='bbox 1801 2350 1972 2395; x_wconf 84' lang='lat' dir='ltr'><strong>trans·</strong></span> <span class='ocrx_word' id='word_1_423' title='bbox 2077 2348 2199 2396; x_wconf 89' lang='lat' dir='ltr'><strong>nica</strong></span> <span class='ocrx_word' id='word_1_424' title='bbox 2233 2361 2289 2396; x_wconf 91' lang='lat' dir='ltr'><strong>re</strong></span> <span class='ocrx_word' id='word_1_425' title='bbox 2331 2349 2515 2397; x_wconf 88' lang='lat' dir='ltr'><strong>eritur.</strong></span> <span class='ocrx_word' id='word_1_426' title='bbox 3644 2356 3736 2404; x_wconf 69' lang='lat'><strong>⁴36</strong></span> 
     </span>
     <span class='ocr_line' id='line_1_33' title="bbox 311 2409 3733 2480; baseline 0.001 -18"><span class='ocrx_word' id='word_1_427' title='bbox 311 2413 511 2463; x_wconf 85' lang='lat' dir='ltr'><strong>tulerit.</strong></span> <span class='ocrx_word' id='word_1_428' title='bbox 550 2415 615 2463; x_wconf 80' lang='lat' dir='ltr'><strong>Et</strong></span> <span class='ocrx_word' id='word_1_429' title='bbox 642 2413 889 2477; x_wconf 76' lang='lat' dir='ltr'><strong>quaedam</strong></span> <span class='ocrx_word' id='word_1_430' title='bbox 924 2414 1122 2462; x_wconf 86' lang='lat' dir='ltr'><strong>iterum</strong></span> <span class='ocrx_word' id='word_1_431' title='bbox 1152 2413 1218 2461; x_wconf 92' lang='lat' dir='ltr'><strong>de</strong></span> <span class='ocrx_word' id='word_1_432' title='bbox 1248 2413 1354 2460; x_wconf 90' lang='lat' dir='ltr'><strong>situ</strong></span> <span class='ocrx_word' id='word_1_433' title='bbox 1385 2411 1522 2473; x_wconf 86' lang='lat' dir='ltr'><strong>ejus.</strong></span> <span class='ocrx_word' id='word_1_434' title='bbox 1878 2411 1970 2457; x_wconf 89' lang='grc'><strong>406</strong></span> <span class='ocrx_word' id='word_1_435' title='bbox 2138 2409 2261 2462; x_wconf 78' lang='grc' dir='ltr'><strong><em>Ωιι».</em></strong></span> <span class='ocrx_word' id='word_1_436' title='bbox 2342 2446 2353 2458; x_wconf 94' lang='grc'><strong><em>.</em></strong></span> <span class='ocrx_word' id='word_1_437' title='bbox 2390 2436 2451 2446; x_wconf 86' lang='grc'><strong>-</strong></span> <span class='ocrx_word' id='word_1_438' title='bbox 2494 2409 2623 2469; x_wconf 88' lang='lat' dir='ltr'><strong>Quis</strong></span> <span class='ocrx_word' id='word_1_439' title='bbox 2645 2413 2700 2460; x_wconf 88' lang='lat' dir='ltr'><strong>et</strong></span> <span class='ocrx_word' id='word_1_440' title='bbox 2724 2410 2869 2459; x_wconf 92' lang='lat' dir='ltr'><strong>unde</strong></span> <span class='ocrx_word' id='word_1_441' title='bbox 2906 2409 3064 2460; x_wconf 79' lang='lat' dir='ltr'><strong>fuerit</strong></span> <span class='ocrx_word' id='word_1_442' title='bbox 3100 2415 3152 2462; x_wconf 87' lang='lat' dir='ltr'><strong>et</strong></span> <span class='ocrx_word' id='word_1_443' title='bbox 3195 2414 3392 2477; x_wconf 81' lang='lat' dir='ltr'><strong>quibus</strong></span> <span class='ocrx_word' id='word_1_444' title='bbox 3436 2416 3733 2480; x_wconf 88' lang='lat' dir='ltr'><strong>majoribus</strong></span> 
     </span>
     <span class='ocr_line' id='line_1_34' title="bbox 374 2472 3735 2545; baseline 0.001 -20"><span class='ocrx_word' id='word_1_445' title='bbox 374 2476 495 2529; x_wconf 85' lang='grc' dir='ltr'><strong><em>Ωιι»,</em></strong></span> <span class='ocrx_word' id='word_1_446' title='bbox 525 2475 609 2524; x_wconf 88' lang='lat'><strong>111.</strong></span> <span class='ocrx_word' id='word_1_447' title='bbox 640 2502 695 2512; x_wconf 92' lang='lat'>-</span> <span class='ocrx_word' id='word_1_448' title='bbox 717 2475 870 2535; x_wconf 88' lang='lat' dir='ltr'><strong>Quod</strong></span> <span class='ocrx_word' id='word_1_449' title='bbox 887 2479 1093 2539; x_wconf 87' lang='lat' dir='ltr'><strong>partem</strong></span> <span class='ocrx_word' id='word_1_450' title='bbox 1117 2473 1350 2524; x_wconf 89' lang='lat' dir='ltr'><strong>duorum</strong></span> <span class='ocrx_word' id='word_1_451' title='bbox 1374 2473 1638 2521; x_wconf 90' lang='lat' dir='ltr'><strong>montium</strong></span> <span class='ocrx_word' id='word_1_452' title='bbox 1666 2473 1806 2520; x_wconf 88' lang='lat' dir='ltr'><strong>intra</strong></span> <span class='ocrx_word' id='word_1_453' title='bbox 1829 2473 1967 2520; x_wconf 89' lang='lat' dir='ltr'><strong>muri</strong></span> <span class='ocrx_word' id='word_1_454' title='bbox 2074 2472 2390 2535; x_wconf 88' lang='lat' dir='ltr'><strong>progenitus</strong></span> <span class='ocrx_word' id='word_1_455' title='bbox 2419 2472 2528 2521; x_wconf 81' lang='lat' dir='ltr'><strong>dux</strong></span> <span class='ocrx_word' id='word_1_456' title='bbox 2553 2472 2873 2522; x_wconf 84' lang='lat' dir='ltr'><strong>Godefridus</strong></span> <span class='ocrx_word' id='word_1_457' title='bbox 2902 2475 3163 2545; x_wconf 87' lang='lat' dir='ltr'><strong>aperitur.</strong></span> <span class='ocrx_word' id='word_1_458' title='bbox 3643 2481 3735 2529; x_wconf 89' lang='grc'>437</span> 
     </span>
     <span class='ocr_line' id='line_1_35' title="bbox 309 2534 3735 2601; baseline 0.001 -13"><span class='ocrx_word' id='word_1_459' title='bbox 309 2538 573 2588; x_wconf 88' lang='lat' dir='ltr'><strong>ambitum</strong></span> <span class='ocrx_word' id='word_1_460' title='bbox 596 2540 884 2593; x_wconf 88' lang='lat' dir='ltr'><strong>contineat,</strong></span> <span class='ocrx_word' id='word_1_461' title='bbox 918 2541 970 2586; x_wconf 91' lang='lat' dir='ltr'><strong>et</strong></span> <span class='ocrx_word' id='word_1_462' title='bbox 984 2535 1128 2601; x_wconf 88' lang='lat' dir='ltr'><strong>quod</strong></span> <span class='ocrx_word' id='word_1_463' title='bbox 1153 2537 1220 2585; x_wconf 92' lang='lat' dir='ltr'><strong>sit</strong></span> <span class='ocrx_word' id='word_1_464' title='bbox 1239 2536 1527 2585; x_wconf 82' lang='lat' dir='ltr'><strong>Dominicae</strong></span> <span class='ocrx_word' id='word_1_465' title='bbox 1545 2534 1965 2590; x_wconf 89' lang='lat' dir='ltr'><strong>resurrectionis,</strong></span> <span class='ocrx_word' id='word_1_466' title='bbox 2134 2535 2257 2589; x_wconf 84' lang='grc' dir='ltr'><strong><em>Ωιι»,</em></strong></span> <span class='ocrx_word' id='word_1_467' title='bbox 2291 2535 2379 2584; x_wconf 88' lang='lat' dir='ltr'><strong>Vl.</strong></span> <span class='ocrx_word' id='word_1_468' title='bbox 2412 2560 2471 2573; x_wconf 95' lang='lat'>—</span> <span class='ocrx_word' id='word_1_469' title='bbox 2510 2535 2692 2586; x_wconf 84' lang='lat' dir='ltr'><strong>Matris</strong></span> <span class='ocrx_word' id='word_1_470' title='bbox 2717 2548 3042 2600; x_wconf 69' lang='lat' dir='ltr'><strong>praesagium</strong></span> <span class='ocrx_word' id='word_1_471' title='bbox 3090 2538 3157 2587; x_wconf 91' lang='lat' dir='ltr'><strong>de</strong></span> <span class='ocrx_word' id='word_1_472' title='bbox 3194 2537 3373 2590; x_wconf 78' lang='lat' dir='ltr'><strong>futuro</strong></span> <span class='ocrx_word' id='word_1_473' title='bbox 3428 2543 3572 2591; x_wconf 89' lang='lat' dir='ltr'><strong>statu</strong></span> <span class='ocrx_word' id='word_1_474' title='bbox 3604 2540 3735 2592; x_wconf 85' lang='lat' dir='ltr'><strong>filio-</strong></span> 
     </span>
     <span class='ocr_line' id='line_1_36' title="bbox 306 2596 3733 2663; baseline -0.001 -15"><span class='ocrx_word' id='word_1_475' title='bbox 306 2599 363 2648; x_wconf 92' lang='lat' dir='ltr'><strong>in</strong></span> <span class='ocrx_word' id='word_1_476' title='bbox 394 2601 502 2650; x_wconf 86' lang='lat' dir='ltr'><strong>alto</strong></span> <span class='ocrx_word' id='word_1_477' title='bbox 538 2615 662 2649; x_wconf 88' lang='lat' dir='ltr'><strong>vero</strong></span> <span class='ocrx_word' id='word_1_478' title='bbox 690 2601 952 2663; x_wconf 83' lang='lat' dir='ltr'><strong>templum</strong></span> <span class='ocrx_word' id='word_1_479' title='bbox 983 2599 1216 2655; x_wconf 81' lang='lat' dir='ltr'><strong>Domini,</strong></span> <span class='ocrx_word' id='word_1_480' title='bbox 1241 2602 1293 2648; x_wconf 89' lang='lat' dir='ltr'><strong>et</strong></span> <span class='ocrx_word' id='word_1_481' title='bbox 1327 2612 1448 2662; x_wconf 69' lang='lat' dir='ltr'><strong>quse</strong></span> <span class='ocrx_word' id='word_1_482' title='bbox 1479 2599 1548 2647; x_wconf 86' lang='lat' dir='ltr'><strong>sit</strong></span> <span class='ocrx_word' id='word_1_483' title='bbox 1572 2596 1744 2646; x_wconf 85' lang='lat' dir='ltr'><strong>forma</strong></span> <span class='ocrx_word' id='word_1_484' title='bbox 1773 2598 1967 2645; x_wconf 80' lang='lat' dir='ltr'><strong>utrius·</strong></span> <span class='ocrx_word' id='word_1_485' title='bbox 2068 2608 2218 2648; x_wconf 78' lang='lat' dir='ltr'><strong>rum.</strong></span> <span class='ocrx_word' id='word_1_486' title='bbox 3643 2605 3733 2654; x_wconf 71' lang='lat'><strong>438</strong></span> 
     </span>
     <span class='ocr_line' id='line_1_37' title="bbox 304 2658 3729 2726; baseline 0.001 -14"><span class='ocrx_word' id='word_1_487' title='bbox 304 2676 410 2726; x_wconf 84' lang='lat' dir='ltr'><strong>que</strong></span> <span class='ocrx_word' id='word_1_488' title='bbox 434 2662 686 2712; x_wconf 83' lang='lat' dir='ltr'><strong>ecclesiae.</strong></span> <span class='ocrx_word' id='word_1_489' title='bbox 1874 2659 1967 2707; x_wconf 89' lang='grc'><strong>408</strong></span> <span class='ocrx_word' id='word_1_490' title='bbox 2134 2663 2256 2712; x_wconf 81' lang='grc' dir='ltr'><strong><em>Ωιι».</em></strong></span> <span class='ocrx_word' id='word_1_491' title='bbox 2285 2658 2398 2708; x_wconf 85' lang='lat' dir='ltr'><strong>Vll.</strong></span> <span class='ocrx_word' id='word_1_492' title='bbox 2431 2685 2491 2695; x_wconf 90' lang='lat'>—</span> <span class='ocrx_word' id='word_1_493' title='bbox 2525 2658 2849 2710; x_wconf 84' lang='lat' dir='ltr'><strong>Recensetur</strong></span> <span class='ocrx_word' id='word_1_494' title='bbox 2882 2660 3083 2711; x_wconf 79' lang='lat' dir='ltr'><strong>sactum</strong></span> <span class='ocrx_word' id='word_1_495' title='bbox 3128 2662 3246 2726; x_wconf 84' lang='lat' dir='ltr'><strong>ejus</strong></span> <span class='ocrx_word' id='word_1_496' title='bbox 3293 2665 3646 2716; x_wconf 82' lang='lat' dir='ltr'><strong>memorabile</strong></span> <span class='ocrx_word' id='word_1_497' title='bbox 3676 2667 3729 2716; x_wconf 91' lang='lat' dir='ltr'><strong>in</strong></span> 
     </span>
     <span class='ocr_line' id='line_1_38' title="bbox 366 2721 3730 2785; baseline -0.001 -10"><span class='ocrx_word' id='word_1_498' title='bbox 366 2727 484 2775; x_wconf 83' lang='grc' dir='ltr'><strong><em>Ωιι».</em></strong></span> <span class='ocrx_word' id='word_1_499' title='bbox 513 2724 598 2774; x_wconf 82' lang='grc' dir='ltr'><strong>Ν.</strong></span> <span class='ocrx_word' id='word_1_500' title='bbox 634 2752 683 2762; x_wconf 90' lang='grc'>-</span> <span class='ocrx_word' id='word_1_501' title='bbox 715 2723 867 2784; x_wconf 91' lang='lat' dir='ltr'><strong>Quod</strong></span> <span class='ocrx_word' id='word_1_502' title='bbox 898 2725 952 2773; x_wconf 90' lang='lat' dir='ltr'><strong>in</strong></span> <span class='ocrx_word' id='word_1_503' title='bbox 976 2723 1092 2773; x_wconf 90' lang='lat' dir='ltr'><strong>loco</strong></span> <span class='ocrx_word' id='word_1_504' title='bbox 1119 2722 1268 2773; x_wconf 87' lang='lat' dir='ltr'><strong>arido</strong></span> <span class='ocrx_word' id='word_1_505' title='bbox 1313 2726 1366 2772; x_wconf 87' lang='lat' dir='ltr'><strong>et</strong></span> <span class='ocrx_word' id='word_1_506' title='bbox 1385 2723 1646 2785; x_wconf 88' lang='lat' dir='ltr'><strong>inaquoso</strong></span> <span class='ocrx_word' id='word_1_507' title='bbox 1684 2721 1865 2770; x_wconf 80' lang='lat' dir='ltr'><strong>sitasit</strong></span> <span class='ocrx_word' id='word_1_508' title='bbox 1895 2722 1965 2769; x_wconf 90' lang='lat' dir='ltr'><strong>ci·</strong></span> <span class='ocrx_word' id='word_1_509' title='bbox 2070 2721 2306 2785; x_wconf 84' lang='lat' dir='ltr'><strong>quadam</strong></span> <span class='ocrx_word' id='word_1_510' title='bbox 2324 2722 2726 2776; x_wconf 81' lang='lat' dir='ltr'><strong>monomachia.</strong></span> <span class='ocrx_word' id='word_1_511' title='bbox 3637 2730 3730 2778; x_wconf 73' lang='grc'><strong>438</strong></span> 
     </span>
     <span class='ocr_line' id='line_1_39' title="bbox 306 2782 3731 2852; baseline 0.001 -16"><span class='ocrx_word' id='word_1_512' title='bbox 306 2788 467 2842; x_wconf 80' lang='lat' dir='ltr'><strong>vitas.</strong></span> <span class='ocrx_word' id='word_1_513' title='bbox 502 2787 576 2836; x_wconf 93' lang='lat' dir='ltr'><strong>De</strong></span> <span class='ocrx_word' id='word_1_514' title='bbox 605 2787 754 2837; x_wconf 76' lang='lat' dir='ltr'><strong>tonte</strong></span> <span class='ocrx_word' id='word_1_515' title='bbox 783 2787 941 2836; x_wconf 87' lang='lat' dir='ltr'><strong>Siloe.</strong></span> <span class='ocrx_word' id='word_1_516' title='bbox 963 2786 1025 2835; x_wconf 84' lang='lat' dir='ltr'><strong>Et</strong></span> <span class='ocrx_word' id='word_1_517' title='bbox 1060 2784 1333 2848; x_wconf 88' lang='lat' dir='ltr'><strong>quomodo</strong></span> <span class='ocrx_word' id='word_1_518' title='bbox 1360 2785 1522 2840; x_wconf 87' lang='lat' dir='ltr'><strong>cives,</strong></span> <span class='ocrx_word' id='word_1_519' title='bbox 1545 2782 1729 2833; x_wconf 86' lang='lat' dir='ltr'><strong>audito</strong></span> <span class='ocrx_word' id='word_1_520' title='bbox 1759 2785 1963 2832; x_wconf 89' lang='lat' dir='ltr'><strong>nostro·</strong></span> <span class='ocrx_word' id='word_1_521' title='bbox 2133 2784 2251 2833; x_wconf 82' lang='grc' dir='ltr'><strong><em>Ωιι».</em></strong></span> <span class='ocrx_word' id='word_1_522' title='bbox 2279 2783 2412 2841; x_wconf 87' lang='lat' dir='ltr'><strong>Vlll.</strong></span> <span class='ocrx_word' id='word_1_523' title='bbox 2448 2810 2509 2820; x_wconf 92' lang='lat'><strong>—-</strong></span> <span class='ocrx_word' id='word_1_524' title='bbox 2555 2784 2776 2834; x_wconf 81' lang='lat' dir='ltr'><strong>Factum</strong></span> <span class='ocrx_word' id='word_1_525' title='bbox 2811 2783 3052 2847; x_wconf 80' lang='lat' dir='ltr'><strong>eJusdem</strong></span> <span class='ocrx_word' id='word_1_526' title='bbox 3078 2800 3106 2836; x_wconf 93' lang='lat' dir='ltr'><strong>e</strong></span> <span class='ocrx_word' id='word_1_527' title='bbox 3148 2787 3354 2852; x_wconf 88' lang='lat' dir='ltr'><strong>regium</strong></span> <span class='ocrx_word' id='word_1_528' title='bbox 3395 2789 3449 2838; x_wconf 91' lang='lat' dir='ltr'><strong>in</strong></span> <span class='ocrx_word' id='word_1_529' title='bbox 3499 2791 3731 2842; x_wconf 80' lang='lat' dir='ltr'><strong>victoria</strong></span> 
     </span>
     <span class='ocr_line' id='line_1_40' title="bbox 302 2844 3728 2958; baseline 0.001 -58"><span class='ocrx_word' id='word_1_530' title='bbox 302 2863 424 2899; x_wconf 89' lang='lat' dir='ltr'><strong>rum</strong></span> <span class='ocrx_word' id='word_1_531' title='bbox 451 2850 707 2907; x_wconf 85' lang='lat' dir='ltr'><strong>adventu,</strong></span> <span class='ocrx_word' id='word_1_532' title='bbox 727 2849 876 2898; x_wconf 85' lang='lat' dir='ltr'><strong>lacus</strong></span> <span class='ocrx_word' id='word_1_533' title='bbox 901 2848 1296 2912; x_wconf 82' lang='lat' dir='ltr'><strong>dissipaverint,</strong></span> <span class='ocrx_word' id='word_1_534' title='bbox 1317 2851 1368 2896; x_wconf 90' lang='lat' dir='ltr'><strong>et</strong></span> <span class='ocrx_word' id='word_1_535' title='bbox 1388 2846 1753 2897; x_wconf 88' lang='lat' dir='ltr'><strong>obstruxerint</strong></span> <span class='ocrx_word' id='word_1_536' title='bbox 1767 2844 1967 2957; x_wconf 46' lang='lat' dir='ltr'><strong>l&#39;ontfis⁸3</strong></span> <span class='ocrx_word' id='word_1_537' title='bbox 2068 2845 2405 2958; x_wconf 50' lang='lat' dir='ltr'><strong>{mperatoris</strong></span> <span class='ocrx_word' id='word_1_538' title='bbox 2458 2846 2687 2905; x_wconf 80' lang='lat' dir='ltr'><strong>Henrici,</strong></span> <span class='ocrx_word' id='word_1_539' title='bbox 2727 2851 2915 2897; x_wconf 88' lang='lat' dir='ltr'><strong>contra</strong></span> <span class='ocrx_word' id='word_1_540' title='bbox 2956 2847 3104 2899; x_wconf 84' lang='lat' dir='ltr'><strong>Radu</strong></span> <span class='ocrx_word' id='word_1_541' title='bbox 3130 2848 3295 2913; x_wconf 87' lang='lat' dir='ltr'><strong>phum</strong></span> <span class='ocrx_word' id='word_1_542' title='bbox 3330 2851 3728 2917; x_wconf 80' lang='lat' dir='ltr'><strong>pseudoregem</strong></span> 
     </span>
     <span class='ocr_line' id='line_1_41' title="bbox 2141 2918 3727 2965; baseline -0.001 -9"><span class='ocrx_word' id='word_1_543' title='bbox 2141 2922 2359 2958; x_wconf 85' lang='lat' dir='ltr'><strong>xonuin.</strong></span> <span class='ocrx_word' id='word_1_544' title='bbox 3633 2918 3727 2965; x_wconf 68' lang='lat'><strong>439</strong></span> 
     </span>
    </p>

    <p class='ocr_par' dir='ltr' id='par_1_15' title="bbox 303 2968 3729 3290">
     <span class='ocr_line' id='line_1_42' title="bbox 366 2968 3729 3043; baseline 0.001 -20"><span class='ocrx_word' id='word_1_545' title='bbox 366 2976 484 3023; x_wconf 79' lang='grc' dir='ltr'><strong><em>Ωιι».</em></strong></span> <span class='ocrx_word' id='word_1_546' title='bbox 516 2975 580 3026; x_wconf 88' lang='lat' dir='ltr'><strong>V.</strong></span> <span class='ocrx_word' id='word_1_547' title='bbox 611 2998 669 3013; x_wconf 93' lang='lat'>—</span> <span class='ocrx_word' id='word_1_548' title='bbox 701 2973 816 3033; x_wconf 91' lang='lat' dir='ltr'><strong>Quo</strong></span> <span class='ocrx_word' id='word_1_549' title='bbox 852 2976 1094 3036; x_wconf 87' lang='lat' dir='ltr'><strong>tempore</strong></span> <span class='ocrx_word' id='word_1_550' title='bbox 1118 2975 1299 3022; x_wconf 88' lang='lat' dir='ltr'><strong>noster</strong></span> <span class='ocrx_word' id='word_1_551' title='bbox 1328 2972 1595 3022; x_wconf 85' lang='lat' dir='ltr'><strong>exercitus</strong></span> <span class='ocrx_word' id='word_1_552' title='bbox 1625 2974 1750 3021; x_wconf 89' lang='lat' dir='ltr'><strong>ante</strong></span> <span class='ocrx_word' id='word_1_553' title='bbox 1774 2968 1962 3021; x_wconf 90' lang='lat' dir='ltr'><strong>urbem</strong></span> <span class='ocrx_word' id='word_1_554' title='bbox 2132 2972 2252 3025; x_wconf 81' lang='grc' dir='ltr'><strong><em>Ωιι».</em></strong></span> <span class='ocrx_word' id='word_1_555' title='bbox 2297 2970 2385 3021; x_wconf 83' lang='grc' dir='ltr'><strong>ΙΧ.</strong></span> <span class='ocrx_word' id='word_1_556' title='bbox 2418 2995 2477 3008; x_wconf 91' lang='grc'>-</span> <span class='ocrx_word' id='word_1_557' title='bbox 2506 2968 2675 3030; x_wconf 86' lang='lat' dir='ltr'><strong>Quam</strong></span> <span class='ocrx_word' id='word_1_558' title='bbox 2753 2971 2804 3020; x_wconf 86' lang='lat' dir='ltr'><strong>ia</strong></span> <span class='ocrx_word' id='word_1_559' title='bbox 2828 2970 3148 3025; x_wconf 84' lang='lat' dir='ltr'><strong>liberalitate</strong></span> <span class='ocrx_word' id='word_1_560' title='bbox 3177 2987 3306 3040; x_wconf 88' lang='lat' dir='ltr'><strong>erga</strong></span> <span class='ocrx_word' id='word_1_561' title='bbox 3328 2975 3580 3027; x_wconf 85' lang='lat' dir='ltr'><strong>ecclesias</strong></span> <span class='ocrx_word' id='word_1_562' title='bbox 3604 2992 3729 3043; x_wconf 71' lang='lat' dir='ltr'><strong>quai</strong></span> 
     </span>
     <span class='ocr_line' id='line_1_43' title="bbox 303 2984 3728 3110; baseline -0.001 -23"><span class='ocrx_word' id='word_1_563' title='bbox 303 3037 610 3095; x_wconf 87' lang='lat' dir='ltr'><strong>advenerit;</strong></span> <span class='ocrx_word' id='word_1_564' title='bbox 638 3038 834 3100; x_wconf 88' lang='lat' dir='ltr'><strong>etquis</strong></span> <span class='ocrx_word' id='word_1_565' title='bbox 860 3036 959 3085; x_wconf 82' lang='lat' dir='ltr'><strong>fuit</strong></span> <span class='ocrx_word' id='word_1_566' title='bbox 987 3039 1314 3095; x_wconf 86' lang='lat' dir='ltr'><strong>nostrorum,</strong></span> <span class='ocrx_word' id='word_1_567' title='bbox 1337 3035 1643 3085; x_wconf 84' lang='lat' dir='ltr'><strong>hostiumve</strong></span> <span class='ocrx_word' id='word_1_568' title='bbox 1660 3047 1919 3083; x_wconf 87' lang='lat' dir='ltr'><strong>numerus</strong></span> <span class='ocrx_word' id='word_1_569' title='bbox 1947 3048 1959 3090; x_wconf 89' lang='lat'>;</span> <span class='ocrx_word' id='word_1_570' title='bbox 2070 3039 2200 3107; x_wconf 71' lang='lat' dir='ltr'><strong>sunt</strong></span> <span class='ocrx_word' id='word_1_571' title='bbox 2247 3034 2486 3105; x_wconf 79' lang='lat' dir='ltr'><strong>Hierosol</strong></span> <span class='ocrx_word' id='word_1_572' title='bbox 2517 3035 2647 3106; x_wconf 70' lang='lat' dir='ltr'><strong>⁸mis,</strong></span> <span class='ocrx_word' id='word_1_573' title='bbox 2688 2984 3047 3108; x_wconf 51' lang='lat' dir='ltr'><strong>agundaverit</strong></span> <span class='ocrx_word' id='word_1_574' title='bbox 3093 3052 3115 3109; x_wconf 41' lang='lat'><strong>:-</strong></span> <span class='ocrx_word' id='word_1_575' title='bbox 3146 3038 3366 3110; x_wconf 74' lang='lat' dir='ltr'><strong>etquod</strong></span> <span class='ocrx_word' id='word_1_576' title='bbox 3405 3039 3728 3092; x_wconf 65' lang='lat' dir='ltr'><strong>humilitatis</strong></span> 
     </span>
     <span class='ocr_line' id='line_1_44' title="bbox 305 3096 3723 3164; baseline 0.001 -15"><span class='ocrx_word' id='word_1_577' title='bbox 305 3102 360 3149; x_wconf 88' lang='lat' dir='ltr'><strong>et</strong></span> <span class='ocrx_word' id='word_1_578' title='bbox 390 3114 499 3164; x_wconf 92' lang='lat' dir='ltr'><strong>quo</strong></span> <span class='ocrx_word' id='word_1_579' title='bbox 534 3099 721 3149; x_wconf 89' lang='lat' dir='ltr'><strong>ordine</strong></span> <span class='ocrx_word' id='word_1_580' title='bbox 751 3102 928 3148; x_wconf 85' lang='lat' dir='ltr'><strong>castra</strong></span> <span class='ocrx_word' id='word_1_581' title='bbox 956 3102 1084 3147; x_wconf 89' lang='lat' dir='ltr'><strong>sunt</strong></span> <span class='ocrx_word' id='word_1_582' title='bbox 1106 3098 1301 3147; x_wconf 87' lang='lat' dir='ltr'><strong>locata.</strong></span> <span class='ocrx_word' id='word_1_583' title='bbox 1866 3097 1963 3145; x_wconf 81' lang='grc'><strong>412</strong></span> <span class='ocrx_word' id='word_1_584' title='bbox 2067 3100 2266 3146; x_wconf 89' lang='lat' dir='ltr'><strong>intuitu</strong></span> <span class='ocrx_word' id='word_1_585' title='bbox 2295 3110 2440 3159; x_wconf 88' lang='lat' dir='ltr'><strong>regio</strong></span> <span class='ocrx_word' id='word_1_586' title='bbox 2513 3096 2776 3146; x_wconf 86' lang='lat' dir='ltr'><strong>iademate</strong></span> <span class='ocrx_word' id='word_1_587' title='bbox 2813 3098 2985 3147; x_wconf 87' lang='lat' dir='ltr'><strong>noluit</strong></span> <span class='ocrx_word' id='word_1_588' title='bbox 3017 3113 3118 3148; x_wconf 87' lang='lat' dir='ltr'><strong>insi</strong></span> <span class='ocrx_word' id='word_1_589' title='bbox 3202 3115 3285 3150; x_wconf 89' lang='lat' dir='ltr'><strong>iri.</strong></span> <span class='ocrx_word' id='word_1_590' title='bbox 3633 3106 3723 3154; x_wconf 86' lang='grc'><strong>441</strong></span> 
     </span>
     <span class='ocr_line' id='line_1_45' title="bbox 367 3113 3729 3233; baseline 0.002 -23"><span class='ocrx_word' id='word_1_591' title='bbox 367 3163 487 3210; x_wconf 78' lang='grc' dir='ltr'><strong><em>Ωιι».</em></strong></span> <span class='ocrx_word' id='word_1_592' title='bbox 526 3163 610 3211; x_wconf 89' lang='lat' dir='ltr'><strong>Vl.</strong></span> <span class='ocrx_word' id='word_1_593' title='bbox 632 3188 695 3197; x_wconf 91' lang='lat'><strong>—</strong></span> <span class='ocrx_word' id='word_1_594' title='bbox 718 3161 913 3220; x_wconf 89' lang='lat' dir='ltr'><strong>Quinta</strong></span> <span class='ocrx_word' id='word_1_595' title='bbox 937 3163 1060 3225; x_wconf 90' lang='lat' dir='ltr'><strong>post</strong></span> <span class='ocrx_word' id='word_1_596' title='bbox 1088 3159 1422 3209; x_wconf 89' lang='lat' dir='ltr'><strong>obsidionem</strong></span> <span class='ocrx_word' id='word_1_597' title='bbox 1449 3159 1532 3208; x_wconf 91' lang='lat' dir='ltr'><strong>die</strong></span> <span class='ocrx_word' id='word_1_598' title='bbox 1571 3158 1760 3208; x_wconf 90' lang='lat' dir='ltr'><strong>urbem</strong></span> <span class='ocrx_word' id='word_1_599' title='bbox 1791 3158 1963 3221; x_wconf 88' lang='lat' dir='ltr'><strong>impu·</strong></span> <span class='ocrx_word' id='word_1_600' title='bbox 2130 3159 2248 3230; x_wconf 79' lang='grc' dir='ltr'><strong><em>Ωιι».</em></strong></span> <span class='ocrx_word' id='word_1_601' title='bbox 2281 3160 2341 3208; x_wconf 84' lang='grc' dir='ltr'><strong>Χ.</strong></span> <span class='ocrx_word' id='word_1_602' title='bbox 2377 3185 2440 3195; x_wconf 92' lang='grc'><strong>-</strong></span> <span class='ocrx_word' id='word_1_603' title='bbox 2468 3159 2715 3222; x_wconf 87' lang='lat' dir='ltr'><strong>Princeps</strong></span> <span class='ocrx_word' id='word_1_604' title='bbox 2739 3159 3023 3232; x_wconf 77' lang='lat' dir='ltr'><strong>AEgyptius</strong></span> <span class='ocrx_word' id='word_1_605' title='bbox 3056 3113 3303 3233; x_wconf 55' lang='lat' dir='ltr'><strong>miffiiam</strong></span> <span class='ocrx_word' id='word_1_606' title='bbox 3332 3167 3387 3213; x_wconf 90' lang='lat' dir='ltr'><strong>et</strong></span> <span class='ocrx_word' id='word_1_607' title='bbox 3419 3164 3559 3214; x_wconf 84' lang='lat' dir='ltr'><strong>vires</strong></span> <span class='ocrx_word' id='word_1_608' title='bbox 3599 3179 3729 3217; x_wconf 84' lang='lat' dir='ltr'><strong>suas</strong></span> 
     </span>
     <span class='ocr_line' id='line_1_46' title="bbox 305 3220 3724 3290; baseline 0.001 -16"><span class='ocrx_word' id='word_1_609' title='bbox 305 3229 512 3289; x_wconf 86' lang='lat' dir='ltr'><strong>gnant:</strong></span> <span class='ocrx_word' id='word_1_610' title='bbox 570 3224 736 3274; x_wconf 92' lang='lat' dir='ltr'><strong>ductu</strong></span> <span class='ocrx_word' id='word_1_611' title='bbox 769 3225 1051 3284; x_wconf 73' lang='lat' dir='ltr'><strong>cuiusdam</strong></span> <span class='ocrx_word' id='word_1_612' title='bbox 1085 3222 1257 3271; x_wconf 79' lang='lat' dir='ltr'><strong>tidelis</strong></span> <span class='ocrx_word' id='word_1_613' title='bbox 1294 3222 1349 3271; x_wconf 91' lang='lat' dir='ltr'><strong>in</strong></span> <span class='ocrx_word' id='word_1_614' title='bbox 1393 3222 1556 3272; x_wconf 86' lang='lat' dir='ltr'><strong>silvas</strong></span> <span class='ocrx_word' id='word_1_615' title='bbox 1605 3220 1959 3278; x_wconf 83' lang='lat' dir='ltr'><strong>descendunt,</strong></span> <span class='ocrx_word' id='word_1_616' title='bbox 2068 3221 2408 3271; x_wconf 86' lang='lat' dir='ltr'><strong>omnimodas</strong></span> <span class='ocrx_word' id='word_1_617' title='bbox 2423 3224 2832 3271; x_wconf 86' lang='lat' dir='ltr'><strong>contranostros</strong></span> <span class='ocrx_word' id='word_1_618' title='bbox 2848 3226 3044 3273; x_wconf 84' lang='lat' dir='ltr'><strong>excitat</strong></span> <span class='ocrx_word' id='word_1_619' title='bbox 3062 3227 3186 3273; x_wconf 90' lang='lat' dir='ltr'><strong>etin</strong></span> <span class='ocrx_word' id='word_1_620' title='bbox 3205 3226 3412 3289; x_wconf 87' lang='lat' dir='ltr'><strong>Syriam</strong></span> <span class='ocrx_word' id='word_1_621' title='bbox 3426 3226 3724 3290; x_wconf 50' lang='lat' dir='ltr'><strong>dirigunt</strong></span> 
     </span>
    </p>
   </div>
   <div class='ocr_carea' id='block_1_8' title="bbox 303 3283 3730 3538">
    <p class='ocr_par' dir='ltr' id='par_1_16' title="bbox 303 3283 3730 3538">
     <span class='ocr_line' id='line_1_47' title="bbox 304 3283 3729 3351; baseline 0.001 -14"><span class='ocrx_word' id='word_1_622' title='bbox 304 3288 485 3337; x_wconf 85' lang='lat' dir='ltr'><strong>trabes</strong></span> <span class='ocrx_word' id='word_1_623' title='bbox 510 3286 777 3342; x_wconf 84' lang='lat' dir='ltr'><strong>deterunt,</strong></span> <span class='ocrx_word' id='word_1_624' title='bbox 809 3286 1025 3350; x_wconf 91' lang='lat' dir='ltr'><strong>erigunt</strong></span> <span class='ocrx_word' id='word_1_625' title='bbox 1055 3284 1348 3334; x_wconf 87' lang='lat' dir='ltr'><strong>machinas.</strong></span> <span class='ocrx_word' id='word_1_626' title='bbox 1867 3284 1962 3332; x_wconf 87' lang='grc'><strong>413</strong></span> <span class='ocrx_word' id='word_1_627' title='bbox 2131 3283 2248 3334; x_wconf 85' lang='grc' dir='ltr'><strong><em>Ωιι».</em></strong></span> <span class='ocrx_word' id='word_1_628' title='bbox 2275 3284 2362 3332; x_wconf 86' lang='grc' dir='ltr'><strong>ΧΙ.</strong></span> <span class='ocrx_word' id='word_1_629' title='bbox 2404 3310 2455 3319; x_wconf 91' lang='lat'>-</span> <span class='ocrx_word' id='word_1_630' title='bbox 2497 3284 2615 3333; x_wconf 85' lang='lat' dir='ltr'><strong>Dux</strong></span> <span class='ocrx_word' id='word_1_631' title='bbox 2646 3297 2673 3333; x_wconf 90' lang='lat' dir='ltr'><strong>e</strong></span> <span class='ocrx_word' id='word_1_632' title='bbox 2704 3284 2915 3333; x_wconf 83' lang='lat' dir='ltr'><strong>diverso</strong></span> <span class='ocrx_word' id='word_1_633' title='bbox 2961 3286 3240 3349; x_wconf 87' lang='lat' dir='ltr'><strong>completis</strong></span> <span class='ocrx_word' id='word_1_634' title='bbox 3288 3288 3434 3351; x_wconf 85' lang='lat' dir='ltr'><strong>apud</strong></span> <span class='ocrx_word' id='word_1_635' title='bbox 3478 3289 3729 3342; x_wconf 80' lang='lat' dir='ltr'><strong>Hieroso·</strong></span> 
     </span>
     <span class='ocr_line' id='line_1_48' title="bbox 368 3345 3730 3416; baseline 0.001 -17"><span class='ocrx_word' id='word_1_636' title='bbox 368 3350 486 3399; x_wconf 79' lang='grc' dir='ltr'><strong><em>Ωιι».</em></strong></span> <span class='ocrx_word' id='word_1_637' title='bbox 523 3349 632 3399; x_wconf 90' lang='lat' dir='ltr'><strong>Vll.</strong></span> <span class='ocrx_word' id='word_1_638' title='bbox 671 3376 734 3385; x_wconf 92' lang='lat'><strong>—</strong></span> <span class='ocrx_word' id='word_1_639' title='bbox 779 3348 871 3397; x_wconf 88' lang='lat' dir='ltr'><strong>Siti</strong></span> <span class='ocrx_word' id='word_1_640' title='bbox 911 3347 1144 3411; x_wconf 87' lang='lat' dir='ltr'><strong>populus</strong></span> <span class='ocrx_word' id='word_1_641' title='bbox 1172 3347 1458 3409; x_wconf 60' lang='lat' dir='ltr'><strong>fatigatum</strong></span> <span class='ocrx_word' id='word_1_642' title='bbox 1503 3346 1740 3409; x_wconf 86' lang='lat' dir='ltr'><strong>dumque</strong></span> <span class='ocrx_word' id='word_1_643' title='bbox 1788 3357 1960 3408; x_wconf 88' lang='lat' dir='ltr'><strong>aquas</strong></span> <span class='ocrx_word' id='word_1_644' title='bbox 2066 3345 2269 3396; x_wconf 86' lang='lat' dir='ltr'><strong>lvmam</strong></span> <span class='ocrx_word' id='word_1_645' title='bbox 2296 3345 2497 3395; x_wconf 87' lang='lat' dir='ltr'><strong>litaniis</strong></span> <span class='ocrx_word' id='word_1_646' title='bbox 2521 3345 3095 3403; x_wconf 84' lang='lat' dir='ltr'><strong>storationibus‚circa</strong></span> <span class='ocrx_word' id='word_1_647' title='bbox 3124 3348 3405 3400; x_wconf 85' lang='lat' dir='ltr'><strong>Ramulam</strong></span> <span class='ocrx_word' id='word_1_648' title='bbox 3429 3364 3634 3416; x_wconf 81' lang='lat' dir='ltr'><strong>congre</strong></span> <span class='ocrx_word' id='word_1_649' title='bbox 3675 3367 3730 3403; x_wconf 89' lang='lat' dir='ltr'><strong>a·</strong></span> 
     </span>
     <span class='ocr_line' id='line_1_49' title="bbox 380 3369 3728 3481; baseline -0.001 -19"><span class='ocrx_word' id='word_1_650' title='bbox 380 3415 554 3462; x_wconf 83' lang='lat' dir='ltr'><strong>oerunt</strong></span> <span class='ocrx_word' id='word_1_651' title='bbox 591 3412 751 3474; x_wconf 89' lang='lat' dir='ltr'><strong>longe</strong></span> <span class='ocrx_word' id='word_1_652' title='bbox 792 3411 1013 3474; x_wconf 75' lang='lat' dir='ltr'><strong>positae,</strong></span> <span class='ocrx_word' id='word_1_653' title='bbox 1057 3414 1110 3459; x_wconf 91' lang='lat' dir='ltr'><strong>et</strong></span> <span class='ocrx_word' id='word_1_654' title='bbox 1142 3409 1350 3473; x_wconf 86' lang='lat' dir='ltr'><strong>reliqua</strong></span> <span class='ocrx_word' id='word_1_655' title='bbox 1382 3409 1503 3458; x_wconf 78' lang='lat' dir='ltr'><strong>vitm</strong></span> <span class='ocrx_word' id='word_1_656' title='bbox 1544 3408 1864 3464; x_wconf 86' lang='lat' dir='ltr'><strong>necessaria,</strong></span> <span class='ocrx_word' id='word_1_657' title='bbox 1892 3406 1960 3456; x_wconf 88' lang='lat' dir='ltr'><strong>ab</strong></span> <span class='ocrx_word' id='word_1_658' title='bbox 2067 3397 2137 3458; x_wconf 78' lang='lat' dir='ltr'><strong>tis</strong></span> <span class='ocrx_word' id='word_1_659' title='bbox 2170 3410 2339 3472; x_wconf 86' lang='lat' dir='ltr'><strong>princi</strong></span> <span class='ocrx_word' id='word_1_660' title='bbox 2382 3408 2519 3464; x_wconf 89' lang='lat' dir='ltr'><strong>ibus,</strong></span> <span class='ocrx_word' id='word_1_661' title='bbox 2546 3407 2911 3480; x_wconf 80' lang='lat' dir='ltr'><strong>expeditiones</strong></span> <span class='ocrx_word' id='word_1_662' title='bbox 2940 3410 3166 3481; x_wconf 78' lang='lat' dir='ltr'><strong>colligit.</strong></span> <span class='ocrx_word' id='word_1_663' title='bbox 3633 3369 3728 3466; x_wconf 54' lang='grc' dir='ltr'><strong>ξιξ</strong></span> 
     </span>
     <span class='ocr_line' id='line_1_50' title="bbox 303 3423 3729 3538; baseline 0.001 -14"><span class='ocrx_word' id='word_1_664' title='bbox 303 3425 554 3524; x_wconf 57' lang='lat' dir='ltr'><strong>ggstibus</strong></span> <span class='ocrx_word' id='word_1_665' title='bbox 570 3476 904 3538; x_wconf 88' lang='lat' dir='ltr'><strong>perimuntur</strong></span> <span class='ocrx_word' id='word_1_666' title='bbox 922 3472 1241 3535; x_wconf 83' lang='lat' dir='ltr'><strong>frequenter.</strong></span> <span class='ocrx_word' id='word_1_667' title='bbox 1868 3470 1960 3518; x_wconf 91' lang='grc'><strong>414</strong></span> <span class='ocrx_word' id='word_1_668' title='bbox 2129 3471 2245 3521; x_wconf 87' lang='grc' dir='ltr'><strong><em>Ωιι».</em></strong></span> <span class='ocrx_word' id='word_1_669' title='bbox 2271 3423 2388 3521; x_wconf 54' lang='lat' dir='ltr'><strong>le.</strong></span> <span class='ocrx_word' id='word_1_670' title='bbox 2418 3497 2457 3506; x_wconf 95' lang='lat'>-</span> <span class='ocrx_word' id='word_1_671' title='bbox 2499 3470 2861 3520; x_wconf 80' lang='lat' dir='ltr'><strong>committitur</strong></span> <span class='ocrx_word' id='word_1_672' title='bbox 2931 3472 3135 3522; x_wconf 80' lang='lat' dir='ltr'><strong>roelium</strong></span> <span class='ocrx_word' id='word_1_673' title='bbox 3156 3476 3208 3523; x_wconf 91' lang='lat' dir='ltr'><strong>et</strong></span> <span class='ocrx_word' id='word_1_674' title='bbox 3245 3475 3446 3525; x_wconf 88' lang='lat' dir='ltr'><strong>nostris</strong></span> <span class='ocrx_word' id='word_1_675' title='bbox 3461 3476 3729 3528; x_wconf 84' lang='lat' dir='ltr'><strong>divinitus</strong></span> 
     </span>
    </p>
   </div>
   <div class='ocr_carea' id='block_1_9' title="bbox 306 3532 3730 3721">
    <p class='ocr_par' dir='ltr' id='par_1_17' title="bbox 306 3532 3730 3721">
     <span class='ocr_line' id='line_1_51' title="bbox 366 3532 3728 3597; baseline 0.001 -11"><span class='ocrx_word' id='word_1_676' title='bbox 366 3537 487 3590; x_wconf 86' lang='grc' dir='ltr'><strong><em>Ωιι».</em></strong></span> <span class='ocrx_word' id='word_1_677' title='bbox 525 3537 661 3586; x_wconf 88' lang='lat' dir='ltr'><strong>Vlll.</strong></span> <span class='ocrx_word' id='word_1_678' title='bbox 685 3562 740 3573; x_wconf 92' lang='lat'>—</span> <span class='ocrx_word' id='word_1_679' title='bbox 759 3537 911 3585; x_wconf 87' lang='lat' dir='ltr'><strong>Cives</strong></span> <span class='ocrx_word' id='word_1_680' title='bbox 932 3536 1207 3584; x_wconf 83' lang='lat' dir='ltr'><strong>machinas</strong></span> <span class='ocrx_word' id='word_1_681' title='bbox 1230 3536 1552 3582; x_wconf 88' lang='lat' dir='ltr'><strong>construunt</strong></span> <span class='ocrx_word' id='word_1_682' title='bbox 1576 3547 1588 3589; x_wconf 93' lang='lat'>;</span> <span class='ocrx_word' id='word_1_683' title='bbox 1612 3533 1678 3581; x_wconf 85' lang='lat' dir='ltr'><strong>sd</strong></span> <span class='ocrx_word' id='word_1_684' title='bbox 1713 3532 1959 3581; x_wconf 85' lang='lat' dir='ltr'><strong>resisten·</strong></span> <span class='ocrx_word' id='word_1_685' title='bbox 2067 3532 2342 3583; x_wconf 79' lang='lat' dir='ltr'><strong>confertur</strong></span> <span class='ocrx_word' id='word_1_686' title='bbox 2364 3533 2604 3590; x_wconf 88' lang='lat' dir='ltr'><strong>victoria,</strong></span> <span class='ocrx_word' id='word_1_687' title='bbox 2635 3533 2863 3597; x_wconf 88' lang='lat' dir='ltr'><strong>receptis</strong></span> <span class='ocrx_word' id='word_1_688' title='bbox 2917 3535 3601 3589; x_wconf 83' lang='lat' dir='ltr'><strong>ivitiisinnumerabilibus.</strong></span> <span class='ocrx_word' id='word_1_689' title='bbox 3635 3542 3728 3589; x_wconf 87' lang='grc'><strong>443</strong></span> 
     </span>
     <span class='ocr_line' id='line_1_52' title="bbox 306 3594 3727 3668; baseline 0.001 -20"><span class='ocrx_word' id='word_1_690' title='bbox 306 3598 435 3649; x_wconf 91' lang='lat' dir='ltr'><strong>dum</strong></span> <span class='ocrx_word' id='word_1_691' title='bbox 465 3612 522 3649; x_wconf 86' lang='lat' dir='ltr'><strong>se</strong></span> <span class='ocrx_word' id='word_1_692' title='bbox 547 3602 882 3663; x_wconf 79' lang='lat' dir='ltr'><strong>proeparant;</strong></span> <span class='ocrx_word' id='word_1_693' title='bbox 914 3598 1115 3655; x_wconf 77' lang='lat' dir='ltr'><strong>fideleS,</strong></span> <span class='ocrx_word' id='word_1_694' title='bbox 1149 3597 1240 3661; x_wconf 87' lang='lat' dir='ltr'><strong>qui</strong></span> <span class='ocrx_word' id='word_1_695' title='bbox 1266 3609 1388 3646; x_wconf 88' lang='lat' dir='ltr'><strong>cum</strong></span> <span class='ocrx_word' id='word_1_696' title='bbox 1419 3596 1494 3645; x_wconf 89' lang='lat' dir='ltr'><strong>eis</strong></span> <span class='ocrx_word' id='word_1_697' title='bbox 1516 3599 1686 3651; x_wconf 86' lang='lat' dir='ltr'><strong>erant,</strong></span> <span class='ocrx_word' id='word_1_698' title='bbox 1720 3594 1959 3657; x_wconf 81' lang='lat' dir='ltr'><strong>angariis</strong></span> <span class='ocrx_word' id='word_1_699' title='bbox 2129 3594 2246 3644; x_wconf 85' lang='grc' dir='ltr'><strong><em>Ωιι».</em></strong></span> <span class='ocrx_word' id='word_1_700' title='bbox 2278 3595 2487 3645; x_wconf 85' lang='lat' dir='ltr'><strong>XIII.—</strong></span> <span class='ocrx_word' id='word_1_701' title='bbox 2507 3596 2795 3645; x_wconf 88' lang='lat' dir='ltr'><strong>Discedunt</strong></span> <span class='ocrx_word' id='word_1_702' title='bbox 2803 3597 2979 3668; x_wconf 81' lang='lat' dir='ltr'><strong>princi</strong></span> <span class='ocrx_word' id='word_1_703' title='bbox 3021 3598 3158 3648; x_wconf 87' lang='lat' dir='ltr'><strong>esab</strong></span> <span class='ocrx_word' id='word_1_704' title='bbox 3176 3599 3403 3649; x_wconf 86' lang='lat' dir='ltr'><strong>invicem</strong></span> <span class='ocrx_word' id='word_1_705' title='bbox 3427 3600 3727 3658; x_wconf 86' lang='lat' dir='ltr'><strong>;Norman·</strong></span> 
     </span>
     <span class='ocr_line' id='line_1_53' title="bbox 308 3656 3730 3721; baseline 0.003 -16"><span class='ocrx_word' id='word_1_706' title='bbox 308 3661 574 3715; x_wconf 70' lang='lat' dir='ltr'><strong>afficiunt,</strong></span> <span class='ocrx_word' id='word_1_707' title='bbox 1864 3656 1959 3705; x_wconf 82' lang='grc'><strong>415</strong></span> <span class='ocrx_word' id='word_1_708' title='bbox 2069 3672 2171 3707; x_wconf 91' lang='lat' dir='ltr'><strong>nus</strong></span> <span class='ocrx_word' id='word_1_709' title='bbox 2192 3662 2242 3707; x_wconf 91' lang='lat' dir='ltr'><strong>et</strong></span> <span class='ocrx_word' id='word_1_710' title='bbox 2259 3658 2600 3707; x_wconf 83' lang='lat' dir='ltr'><strong>Flandrensis</strong></span> <span class='ocrx_word' id='word_1_711' title='bbox 2619 3661 2941 3721; x_wconf 77' lang='lat' dir='ltr'><strong>repatriant:</strong></span> <span class='ocrx_word' id='word_1_712' title='bbox 3002 3659 3258 3710; x_wconf 87' lang='lat' dir='ltr'><strong>olosanus</strong></span> <span class='ocrx_word' id='word_1_713' title='bbox 3275 3662 3411 3712; x_wconf 86' lang='lat' dir='ltr'><strong>redit</strong></span> <span class='ocrx_word' id='word_1_714' title='bbox 3427 3663 3730 3715; x_wconf 84' lang='lat' dir='ltr'><strong>Constanti·</strong></span> 
     </span>
    </p>
   </div>
   <div class='ocr_carea' id='block_1_10' title="bbox 302 3718 3728 3914">
    <p class='ocr_par' dir='ltr' id='par_1_18' title="bbox 302 3718 3728 3914">
     <span class='ocr_line' id='line_1_54' title="bbox 366 3718 3728 3833; baseline 0.001 -59"><span class='ocrx_word' id='word_1_715' title='bbox 366 3726 485 3774; x_wconf 90' lang='grc' dir='ltr'><strong><em>Ωιι».</em></strong></span> <span class='ocrx_word' id='word_1_716' title='bbox 514 3725 598 3773; x_wconf 84' lang='lat' dir='ltr'><strong>lx.</strong></span> <span class='ocrx_word' id='word_1_717' title='bbox 617 3750 678 3760; x_wconf 90' lang='lat'>—</span> <span class='ocrx_word' id='word_1_718' title='bbox 701 3724 897 3773; x_wconf 88' lang='lat' dir='ltr'><strong>Classis</strong></span> <span class='ocrx_word' id='word_1_719' title='bbox 919 3722 1275 3771; x_wconf 84' lang='lat' dir='ltr'><strong>Januensium</strong></span> <span class='ocrx_word' id='word_1_720' title='bbox 1302 3734 1334 3768; x_wconf 89' lang='lat' dir='ltr'><strong>a</strong></span> <span class='ocrx_word' id='word_1_721' title='bbox 1375 3720 1449 3770; x_wconf 91' lang='lat' dir='ltr'><strong>ud</strong></span> <span class='ocrx_word' id='word_1_722' title='bbox 1466 3720 1676 3783; x_wconf 83' lang='lat' dir='ltr'><strong>Joppen</strong></span> <span class='ocrx_word' id='word_1_723' title='bbox 1696 3731 1728 3768; x_wconf 88' lang='lat' dir='ltr'><strong>a</strong></span> <span class='ocrx_word' id='word_1_724' title='bbox 1769 3718 1957 3781; x_wconf 75' lang='lat' dir='ltr'><strong>plicat:</strong></span> <span class='ocrx_word' id='word_1_725' title='bbox 2067 3722 2307 3833; x_wconf 45' lang='lat' dir='ltr'><strong>nonglim</strong></span> <span class='ocrx_word' id='word_1_726' title='bbox 2332 3735 2345 3777; x_wconf 87' lang='lat'><em>;</em></span> <span class='ocrx_word' id='word_1_727' title='bbox 2374 3719 2680 3769; x_wconf 86' lang='lat' dir='ltr'><strong>Tancredus</strong></span> <span class='ocrx_word' id='word_1_728' title='bbox 2715 3720 2833 3769; x_wconf 90' lang='lat' dir='ltr'><strong>urbi</strong></span> <span class='ocrx_word' id='word_1_729' title='bbox 2862 3720 3153 3793; x_wconf 79' lang='lat' dir='ltr'><strong>proefieitur</strong></span> <span class='ocrx_word' id='word_1_730' title='bbox 3178 3723 3567 3776; x_wconf 85' lang='lat' dir='ltr'><strong>Tiberiadensi.</strong></span> <span class='ocrx_word' id='word_1_731' title='bbox 3637 3729 3728 3777; x_wconf 84' lang='grc'><strong>445</strong></span> 
     </span>
     <span class='ocr_line' id='line_1_55' title="bbox 303 3781 3725 3861; baseline 0.001 -25"><span class='ocrx_word' id='word_1_732' title='bbox 303 3787 592 3837; x_wconf 91' lang='lat' dir='ltr'><strong>mittuntur</strong></span> <span class='ocrx_word' id='word_1_733' title='bbox 617 3785 682 3835; x_wconf 90' lang='lat' dir='ltr'><strong>de</strong></span> <span class='ocrx_word' id='word_1_734' title='bbox 703 3786 955 3841; x_wconf 83' lang='lat' dir='ltr'><strong>exercitu,</strong></span> <span class='ocrx_word' id='word_1_735' title='bbox 983 3788 1188 3857; x_wconf 36' lang='lat' dir='ltr'><strong>qui-eos</strong></span> <span class='ocrx_word' id='word_1_736' title='bbox 1205 3783 1272 3832; x_wconf 87' lang='lat' dir='ltr'><strong>ad</strong></span> <span class='ocrx_word' id='word_1_737' title='bbox 1296 3797 1327 3832; x_wconf 95' lang='lat' dir='ltr'><strong>o</strong></span> <span class='ocrx_word' id='word_1_738' title='bbox 1369 3784 1631 3854; x_wconf 80' lang='lat' dir='ltr'><strong>sidionem</strong></span> <span class='ocrx_word' id='word_1_739' title='bbox 1656 3782 1726 3853; x_wconf 74' lang='lat' dir='ltr'><strong>de</strong></span> <span class='ocrx_word' id='word_1_740' title='bbox 1766 3785 1957 3853; x_wconf 52' lang='lat' dir='ltr'><strong>noenu</strong></span> <span class='ocrx_word' id='word_1_741' title='bbox 2201 3799 2251 3855; x_wconf 75' lang='grc' dir='ltr'><strong>ι».</strong></span> <span class='ocrx_word' id='word_1_742' title='bbox 2292 3781 2423 3833; x_wconf 81' lang='lat' dir='ltr'><strong>XIV.</strong></span> <span class='ocrx_word' id='word_1_743' title='bbox 2456 3809 2516 3820; x_wconf 87' lang='lat'>-</span> <span class='ocrx_word' id='word_1_744' title='bbox 2544 3782 2890 3832; x_wconf 78' lang='lat' dir='ltr'><strong>Boamundus</strong></span> <span class='ocrx_word' id='word_1_745' title='bbox 2905 3784 3360 3856; x_wconf 80' lang='lat' dir='ltr'><strong>Antiochenorum</strong></span> <span class='ocrx_word' id='word_1_746' title='bbox 3388 3788 3644 3861; x_wconf 83' lang='lat' dir='ltr'><strong>princeps</strong></span> <span class='ocrx_word' id='word_1_747' title='bbox 3677 3794 3725 3839; x_wconf 87' lang='lat' dir='ltr'><strong>et</strong></span> 
     </span>
     <span class='ocr_line' id='line_1_56' title="bbox 302 3842 3725 3914; baseline 0.001 -16"><span class='ocrx_word' id='word_1_748' title='bbox 302 3851 583 3914; x_wconf 90' lang='lat' dir='ltr'><strong>patiuntur</strong></span> <span class='ocrx_word' id='word_1_749' title='bbox 609 3850 664 3897; x_wconf 91' lang='lat' dir='ltr'><strong>in</strong></span> <span class='ocrx_word' id='word_1_750' title='bbox 689 3849 895 3903; x_wconf 90' lang='lat' dir='ltr'><strong>itinere,</strong></span> <span class='ocrx_word' id='word_1_751' title='bbox 913 3861 1004 3910; x_wconf 90' lang='lat' dir='ltr'><strong>qui</strong></span> <span class='ocrx_word' id='word_1_752' title='bbox 1032 3860 1180 3896; x_wconf 90' lang='lat' dir='ltr'><strong>missi</strong></span> <span class='ocrx_word' id='word_1_753' title='bbox 1207 3847 1435 3902; x_wconf 77' lang='lat' dir='ltr'><strong>fuerant,</strong></span> <span class='ocrx_word' id='word_1_754' title='bbox 1456 3846 1691 3894; x_wconf 85' lang='lat' dir='ltr'><strong>hostium</strong></span> <span class='ocrx_word' id='word_1_755' title='bbox 1716 3842 1956 3892; x_wconf 84' lang='lat' dir='ltr'><strong>insidias.</strong></span> <span class='ocrx_word' id='word_1_756' title='bbox 2066 3844 2549 3894; x_wconf 86' lang='lat' dir='ltr'><strong>Balduinuscomes</strong></span> <span class='ocrx_word' id='word_1_757' title='bbox 2578 3845 2992 3902; x_wconf 88' lang='lat' dir='ltr'><strong>Edessanorum.</strong></span> <span class='ocrx_word' id='word_1_758' title='bbox 3015 3847 3446 3913; x_wconf 81' lang='lat' dir='ltr'><strong>Hierosolymam</strong></span> <span class='ocrx_word' id='word_1_759' title='bbox 3478 3856 3725 3910; x_wconf 82' lang='lat' dir='ltr'><strong>veniunt,</strong></span> 
     </span>
    </p>
   </div>
   <div class='ocr_carea' id='block_1_11' title="bbox 300 3905 3726 4456">
    <p class='ocr_par' dir='ltr' id='par_1_19' title="bbox 1864 3905 3725 3964">
     <span class='ocr_line' id='line_1_57' title="bbox 1864 3905 3725 3964; baseline 0.005 -10"><span class='ocrx_word' id='word_1_760' title='bbox 1864 3905 1958 3954; x_wconf 86' lang='grc'><strong>417</strong></span> <span class='ocrx_word' id='word_1_761' title='bbox 2065 3906 2410 3957; x_wconf 61' lang='lat' dir='ltr'><strong>nativitatem</strong></span> <span class='ocrx_word' id='word_1_762' title='bbox 2445 3907 2776 3957; x_wconf 89' lang='lat' dir='ltr'><strong>Dominicam</strong></span> <span class='ocrx_word' id='word_1_763' title='bbox 2799 3907 2871 3956; x_wconf 90' lang='lat' dir='ltr'><strong>ibi</strong></span> <span class='ocrx_word' id='word_1_764' title='bbox 2905 3908 3253 3960; x_wconf 84' lang='lat' dir='ltr'><strong>celebrantes.</strong></span> <span class='ocrx_word' id='word_1_765' title='bbox 3631 3916 3725 3964; x_wconf 78' lang='grc'><strong>446</strong></span> 
     </span>
    </p>

    <p class='ocr_par' dir='ltr' id='par_1_20' title="bbox 300 3967 3726 4456">
     <span class='ocr_line' id='line_1_58' title="bbox 364 3967 3726 4039; baseline 0.001 -16"><span class='ocrx_word' id='word_1_766' title='bbox 364 3975 486 4027; x_wconf 89' lang='grc' dir='ltr'><strong><em>Ωιι».</em></strong></span> <span class='ocrx_word' id='word_1_767' title='bbox 524 3972 587 4021; x_wconf 83' lang='grc' dir='ltr'><strong>Χ.</strong></span> <span class='ocrx_word' id='word_1_768' title='bbox 610 3998 672 4011; x_wconf 89' lang='grc'>-</span> <span class='ocrx_word' id='word_1_769' title='bbox 696 3973 794 4032; x_wconf 91' lang='lat' dir='ltr'><strong>Qui</strong></span> <span class='ocrx_word' id='word_1_770' title='bbox 830 3972 884 4020; x_wconf 90' lang='lat' dir='ltr'><strong>in</strong></span> <span class='ocrx_word' id='word_1_771' title='bbox 915 3971 1082 4022; x_wconf 87' lang='lat' dir='ltr'><strong>classe</strong></span> <span class='ocrx_word' id='word_1_772' title='bbox 1107 3971 1453 4025; x_wconf 85' lang='lat' dir='ltr'><strong>advenerant,</strong></span> <span class='ocrx_word' id='word_1_773' title='bbox 1476 3968 1544 4018; x_wconf 90' lang='lat' dir='ltr'><strong>ad</strong></span> <span class='ocrx_word' id='word_1_774' title='bbox 1574 3967 1865 4017; x_wconf 86' lang='lat' dir='ltr'><strong>exercitum</strong></span> <span class='ocrx_word' id='word_1_775' title='bbox 1900 3981 1959 4017; x_wconf 78' lang='lat' dir='ltr'><strong>se</strong></span> <span class='ocrx_word' id='word_1_776' title='bbox 2127 3970 2251 4025; x_wconf 86' lang='grc' dir='ltr'><strong><em>Ωιι».</em></strong></span> <span class='ocrx_word' id='word_1_777' title='bbox 2293 3970 2404 4018; x_wconf 89' lang='lat' dir='ltr'><strong>XV.</strong></span> <span class='ocrx_word' id='word_1_778' title='bbox 2433 3996 2494 4006; x_wconf 94' lang='lat'><strong>—</strong></span> <span class='ocrx_word' id='word_1_779' title='bbox 2512 3970 2847 4020; x_wconf 86' lang='lat' dir='ltr'><strong>Daimbertus</strong></span> <span class='ocrx_word' id='word_1_780' title='bbox 2878 3969 3122 4021; x_wconf 65' lang='lat' dir='ltr'><strong>Ecclesiae</strong></span> <span class='ocrx_word' id='word_1_781' title='bbox 3143 3972 3346 4022; x_wconf 78' lang='lat' dir='ltr'><strong>Pisanoe</strong></span> <span class='ocrx_word' id='word_1_782' title='bbox 3367 3974 3726 4039; x_wconf 86' lang='lat' dir='ltr'><strong>archiepisco·</strong></span> 
     </span>
     <span class='ocr_line' id='line_1_59' title="bbox 303 4031 3724 4107; baseline 0.001 -21"><span class='ocrx_word' id='word_1_783' title='bbox 303 4036 589 4086; x_wconf 74' lang='lat' dir='ltr'><strong>conterunt</strong></span> <span class='ocrx_word' id='word_1_784' title='bbox 633 4040 685 4084; x_wconf 83' lang='lat' dir='ltr'><strong>et</strong></span> <span class='ocrx_word' id='word_1_785' title='bbox 717 4036 770 4085; x_wconf 91' lang='lat' dir='ltr'><strong>in</strong></span> <span class='ocrx_word' id='word_1_786' title='bbox 802 4035 1070 4107; x_wconf 80' lang='lat' dir='ltr'><strong>erigendis</strong></span> <span class='ocrx_word' id='word_1_787' title='bbox 1113 4032 1375 4083; x_wconf 81' lang='lat' dir='ltr'><strong>machinis</strong></span> <span class='ocrx_word' id='word_1_788' title='bbox 1410 4031 1672 4095; x_wconf 90' lang='lat' dir='ltr'><strong>plurimas</strong></span> <span class='ocrx_word' id='word_1_789' title='bbox 1702 4033 1959 4094; x_wconf 67' lang='lat' dir='ltr'><strong>praestant</strong></span> <span class='ocrx_word' id='word_1_790' title='bbox 2064 4044 2183 4095; x_wconf 88' lang='lat' dir='ltr'><strong>pus,</strong></span> <span class='ocrx_word' id='word_1_791' title='bbox 2213 4032 2709 4096; x_wconf 76' lang='lat' dir='ltr'><strong>liierosolymitanoe</strong></span> <span class='ocrx_word' id='word_1_792' title='bbox 2722 4031 3010 4094; x_wconf 66' lang='lat' dir='ltr'><strong>praeficitur</strong></span> <span class='ocrx_word' id='word_1_793' title='bbox 3027 4033 3269 4084; x_wconf 72' lang='lat' dir='ltr'><strong>Ecclesia·</strong></span> <span class='ocrx_word' id='word_1_794' title='bbox 3286 4037 3608 4100; x_wconf 85' lang='lat' dir='ltr'><strong>patriarcba.</strong></span> <span class='ocrx_word' id='word_1_795' title='bbox 3632 4039 3724 4088; x_wconf 89' lang='grc'><strong>447</strong></span> 
     </span>
     <span class='ocr_line' id='line_1_60' title="bbox 302 4092 3725 4165; baseline 0.001 -16"><span class='ocrx_word' id='word_1_796' title='bbox 302 4098 732 4151; x_wconf 84' lang='lat' dir='ltr'><strong>commoditates,</strong></span> <span class='ocrx_word' id='word_1_797' title='bbox 782 4097 1137 4147; x_wconf 84' lang='lat' dir='ltr'><strong>Pacificantur</strong></span> <span class='ocrx_word' id='word_1_798' title='bbox 1181 4095 1247 4146; x_wconf 85' lang='lat' dir='ltr'><strong>ad</strong></span> <span class='ocrx_word' id='word_1_799' title='bbox 1302 4095 1529 4143; x_wconf 84' lang='lat' dir='ltr'><strong>invicem</strong></span> <span class='ocrx_word' id='word_1_800' title='bbox 1563 4092 1863 4143; x_wconf 88' lang='lat' dir='ltr'><strong>Tolosanus</strong></span> <span class='ocrx_word' id='word_1_801' title='bbox 1905 4096 1958 4142; x_wconf 90' lang='lat' dir='ltr'><strong>et</strong></span> <span class='ocrx_word' id='word_1_802' title='bbox 2126 4095 2242 4144; x_wconf 87' lang='grc' dir='ltr'><strong><em>Ωιι».</em></strong></span> <span class='ocrx_word' id='word_1_803' title='bbox 2275 4094 2414 4144; x_wconf 78' lang='lat' dir='ltr'><strong>xvi.</strong></span> <span class='ocrx_word' id='word_1_804' title='bbox 2450 4119 2510 4132; x_wconf 93' lang='lat'>—</span> <span class='ocrx_word' id='word_1_805' title='bbox 2545 4094 2732 4144; x_wconf 84' lang='lat' dir='ltr'><strong>Studio</strong></span> <span class='ocrx_word' id='word_1_806' title='bbox 2767 4095 2889 4144; x_wconf 87' lang='lat' dir='ltr'><strong>mali</strong></span> <span class='ocrx_word' id='word_1_807' title='bbox 2970 4109 3125 4145; x_wconf 90' lang='lat' dir='ltr'><strong>orum</strong></span> <span class='ocrx_word' id='word_1_808' title='bbox 3155 4096 3296 4147; x_wconf 90' lang='lat' dir='ltr'><strong>inter</strong></span> <span class='ocrx_word' id='word_1_809' title='bbox 3323 4098 3517 4149; x_wconf 89' lang='lat' dir='ltr'><strong>ducem</strong></span> <span class='ocrx_word' id='word_1_810' title='bbox 3552 4104 3608 4150; x_wconf 91' lang='lat' dir='ltr'><strong>et</strong></span> <span class='ocrx_word' id='word_1_811' title='bbox 3635 4114 3725 4165; x_wconf 89' lang='lat' dir='ltr'><strong>pa-</strong></span> 
     </span>
     <span class='ocr_line' id='line_1_61' title="bbox 300 4155 3725 4226; baseline 0.003 -24"><span class='ocrx_word' id='word_1_812' title='bbox 300 4160 632 4215; x_wconf 71' lang='lat' dir='ltr'><strong>Tancredus,</strong></span> <span class='ocrx_word' id='word_1_813' title='bbox 1860 4155 1955 4204; x_wconf 84' lang='grc'><strong>418</strong></span> <span class='ocrx_word' id='word_1_814' title='bbox 2063 4156 2350 4207; x_wconf 84' lang='lat' dir='ltr'><strong>triarcbam</strong></span> <span class='ocrx_word' id='word_1_815' title='bbox 2377 4169 2567 4221; x_wconf 86' lang='lat' dir='ltr'><strong>graves</strong></span> <span class='ocrx_word' id='word_1_816' title='bbox 2588 4170 2711 4207; x_wconf 88' lang='lat' dir='ltr'><strong>cum</strong></span> <span class='ocrx_word' id='word_1_817' title='bbox 2742 4157 2903 4206; x_wconf 88' lang='lat' dir='ltr'><strong>simul</strong></span> <span class='ocrx_word' id='word_1_818' title='bbox 2963 4160 3015 4208; x_wconf 89' lang='lat' dir='ltr'><strong>te</strong></span> <span class='ocrx_word' id='word_1_819' title='bbox 3039 4160 3371 4210; x_wconf 86' lang='lat' dir='ltr'><strong>suscitantur</strong></span> <span class='ocrx_word' id='word_1_820' title='bbox 3394 4165 3725 4226; x_wconf 78' lang='lat' dir='ltr'><strong>quaestiones</strong></span> 
     </span>
     <span class='ocr_line' id='line_1_62' title="bbox 362 4216 3723 4285; baseline -0 -12"><span class='ocrx_word' id='word_1_821' title='bbox 362 4225 480 4273; x_wconf 85' lang='grc' dir='ltr'><strong><em>Ωιι».</em></strong></span> <span class='ocrx_word' id='word_1_822' title='bbox 520 4224 613 4273; x_wconf 88' lang='grc' dir='ltr'><strong>ΧΙ.</strong></span> <span class='ocrx_word' id='word_1_823' title='bbox 649 4248 710 4258; x_wconf 89' lang='lat'><em>-</em></span> <span class='ocrx_word' id='word_1_824' title='bbox 740 4222 1049 4272; x_wconf 87' lang='lat' dir='ltr'><strong>Indicantur</strong></span> <span class='ocrx_word' id='word_1_825' title='bbox 1079 4220 1281 4285; x_wconf 92' lang='lat' dir='ltr'><strong>populo</strong></span> <span class='ocrx_word' id='word_1_826' title='bbox 1330 4219 1566 4269; x_wconf 83' lang='lat' dir='ltr'><strong>Litanioe.</strong></span> <span class='ocrx_word' id='word_1_827' title='bbox 1609 4216 1667 4266; x_wconf 92' lang='lat' dir='ltr'><strong>ln</strong></span> <span class='ocrx_word' id='word_1_828' title='bbox 1716 4220 1955 4266; x_wconf 89' lang='lat' dir='ltr'><strong>montem</strong></span> <span class='ocrx_word' id='word_1_829' title='bbox 2064 4231 2126 4268; x_wconf 85' lang='lat' dir='ltr'><strong>su</strong></span> <span class='ocrx_word' id='word_1_830' title='bbox 2170 4233 2228 4268; x_wconf 91' lang='lat' dir='ltr'><strong>er</strong></span> <span class='ocrx_word' id='word_1_831' title='bbox 2249 4220 2381 4268; x_wconf 88' lang='lat' dir='ltr'><strong>turri</strong></span> <span class='ocrx_word' id='word_1_832' title='bbox 2415 4218 2603 4275; x_wconf 83' lang='lat' dir='ltr'><strong>David,</strong></span> <span class='ocrx_word' id='word_1_833' title='bbox 2640 4222 2691 4269; x_wconf 88' lang='lat' dir='ltr'><strong>et</strong></span> <span class='ocrx_word' id='word_1_834' title='bbox 2719 4222 2913 4282; x_wconf 83' lang='lat' dir='ltr'><strong>quarta</strong></span> <span class='ocrx_word' id='word_1_835' title='bbox 2941 4223 3091 4284; x_wconf 84' lang='lat' dir='ltr'><strong>parte</strong></span> <span class='ocrx_word' id='word_1_836' title='bbox 3120 4222 3373 4277; x_wconf 78' lang='lat' dir='ltr'><strong>civitatis.</strong></span> <span class='ocrx_word' id='word_1_837' title='bbox 3631 4227 3723 4275; x_wconf 81' lang='grc'><strong>448</strong></span> 
     </span>
     <span class='ocr_line' id='line_1_63' title="bbox 301 4280 3723 4348; baseline 0.001 -12"><span class='ocrx_word' id='word_1_838' title='bbox 301 4285 490 4336; x_wconf 82' lang='lat' dir='ltr'><strong>Oliveti</strong></span> <span class='ocrx_word' id='word_1_839' title='bbox 521 4283 766 4334; x_wconf 89' lang='lat' dir='ltr'><strong>ascendit</strong></span> <span class='ocrx_word' id='word_1_840' title='bbox 791 4286 1074 4334; x_wconf 86' lang='lat' dir='ltr'><strong>universus</strong></span> <span class='ocrx_word' id='word_1_841' title='bbox 1107 4283 1361 4347; x_wconf 88' lang='lat' dir='ltr'><strong>populus.</strong></span> <span class='ocrx_word' id='word_1_842' title='bbox 1863 4281 1954 4328; x_wconf 90' lang='grc'><strong>419</strong></span> <span class='ocrx_word' id='word_1_843' title='bbox 2197 4295 2241 4329; x_wconf 85' lang='grc' dir='ltr'><strong>ι».</strong></span> <span class='ocrx_word' id='word_1_844' title='bbox 2262 4282 2421 4331; x_wconf 81' lang='lat' dir='ltr'><strong>xvii.</strong></span> <span class='ocrx_word' id='word_1_845' title='bbox 2452 4307 2511 4319; x_wconf 93' lang='lat'>—</span> <span class='ocrx_word' id='word_1_846' title='bbox 2546 4280 2662 4341; x_wconf 85' lang='lat' dir='ltr'><strong>Qua</strong></span> <span class='ocrx_word' id='word_1_847' title='bbox 2687 4283 2895 4332; x_wconf 82' lang='lat' dir='ltr'><strong>ratione</strong></span> <span class='ocrx_word' id='word_1_848' title='bbox 2964 4286 3119 4333; x_wconf 84' lang='lat' dir='ltr'><strong>uarta</strong></span> <span class='ocrx_word' id='word_1_849' title='bbox 3143 4297 3270 4348; x_wconf 89' lang='lat' dir='ltr'><strong>pars</strong></span> <span class='ocrx_word' id='word_1_850' title='bbox 3304 4286 3539 4337; x_wconf 85' lang='lat' dir='ltr'><strong>civitatis</strong></span> <span class='ocrx_word' id='word_1_851' title='bbox 3564 4287 3621 4337; x_wconf 92' lang='lat' dir='ltr'><strong>in</strong></span> <span class='ocrx_word' id='word_1_852' title='bbox 3644 4288 3723 4338; x_wconf 83' lang='lat' dir='ltr'><strong>&#39;us</strong></span> 
     </span>
     <span class='ocr_line' id='line_1_64' title="bbox 362 4303 3723 4456; baseline 0 -59"><span class='ocrx_word' id='word_1_853' title='bbox 362 4349 484 4402; x_wconf 85' lang='grc' dir='ltr'><strong><em>Ωιι»,</em></strong></span> <span class='ocrx_word' id='word_1_854' title='bbox 522 4347 632 4396; x_wconf 86' lang='lat' dir='ltr'><strong>Xll.</strong></span> <span class='ocrx_word' id='word_1_855' title='bbox 664 4373 725 4383; x_wconf 94' lang='lat'><strong>—</strong></span> <span class='ocrx_word' id='word_1_856' title='bbox 765 4347 882 4395; x_wconf 86' lang='lat' dir='ltr'><strong>Dux</strong></span> <span class='ocrx_word' id='word_1_857' title='bbox 930 4351 984 4396; x_wconf 87' lang='lat' dir='ltr'><strong>et</strong></span> <span class='ocrx_word' id='word_1_858' title='bbox 1018 4345 1127 4396; x_wconf 91' lang='lat' dir='ltr'><strong>duo</strong></span> <span class='ocrx_word' id='word_1_859' title='bbox 1168 4345 1401 4408; x_wconf 87' lang='lat' dir='ltr'><strong>majores</strong></span> <span class='ocrx_word' id='word_1_860' title='bbox 1434 4343 1656 4393; x_wconf 89' lang='lat' dir='ltr'><strong>comites</strong></span> <span class='ocrx_word' id='word_1_861' title='bbox 1688 4340 1754 4391; x_wconf 86' lang='lat' dir='ltr'><strong>de</strong></span> <span class='ocrx_word' id='word_1_862' title='bbox 1787 4345 1951 4391; x_wconf 88' lang='lat' dir='ltr'><strong>noctu</strong></span> <span class='ocrx_word' id='word_1_863' title='bbox 2061 4346 2462 4456; x_wconf 57' lang='lat' dir='ltr'><strong>etffloesmoem</strong></span> <span class='ocrx_word' id='word_1_864' title='bbox 2488 4343 2691 4393; x_wconf 90' lang='lat' dir='ltr'><strong>domini</strong></span> <span class='ocrx_word' id='word_1_865' title='bbox 2721 4345 2950 4407; x_wconf 86' lang='lat' dir='ltr'><strong>patriarc</strong></span> <span class='ocrx_word' id='word_1_866' title='bbox 2990 4359 3035 4394; x_wconf 63' lang='grc' dir='ltr'><strong>αι</strong></span> <span class='ocrx_word' id='word_1_867' title='bbox 3056 4347 3295 4397; x_wconf 85' lang='lat' dir='ltr'><strong>cesserit.</strong></span> <span class='ocrx_word' id='word_1_868' title='bbox 3631 4303 3723 4402; x_wconf 57' lang='lat'><strong>²48</strong></span> 
     </span>
    </p>
   </div>
   <div class='ocr_carea' id='block_1_12' title="bbox 296 4404 3720 4720">
    <p class='ocr_par' dir='ltr' id='par_1_21' title="bbox 298 4404 3720 4541">
     <span class='ocr_line' id='line_1_65' title="bbox 298 4404 3719 4473; baseline 0.001 -13"><span class='ocrx_word' id='word_1_869' title='bbox 298 4415 476 4461; x_wconf 86' lang='lat' dir='ltr'><strong>castra</strong></span> <span class='ocrx_word' id='word_1_870' title='bbox 500 4422 598 4459; x_wconf 87' lang='lat' dir='ltr'><strong>sua</strong></span> <span class='ocrx_word' id='word_1_871' title='bbox 620 4408 985 4466; x_wconf 78' lang='lat' dir='ltr'><strong>transferunt;</strong></span> <span class='ocrx_word' id='word_1_872' title='bbox 1013 4422 1107 4472; x_wconf 89' lang='lat' dir='ltr'><strong>per</strong></span> <span class='ocrx_word' id='word_1_873' title='bbox 1136 4421 1329 4472; x_wconf 87' lang='lat' dir='ltr'><strong>gyrum</strong></span> <span class='ocrx_word' id='word_1_874' title='bbox 1369 4409 1495 4456; x_wconf 85' lang='lat' dir='ltr'><strong>ante</strong></span> <span class='ocrx_word' id='word_1_875' title='bbox 1529 4404 1716 4454; x_wconf 89' lang='lat' dir='ltr'><strong>urbem</strong></span> <span class='ocrx_word' id='word_1_876' title='bbox 1742 4405 1952 4465; x_wconf 88' lang='lat' dir='ltr'><strong>erigun·</strong></span> <span class='ocrx_word' id='word_1_877' title='bbox 2228 4443 2239 4454; x_wconf 94' lang='lat'><strong>.</strong></span> <span class='ocrx_word' id='word_1_878' title='bbox 2267 4406 2455 4460; x_wconf 82' lang='lat' dir='ltr'><strong>XVIII.</strong></span> <span class='ocrx_word' id='word_1_879' title='bbox 2489 4432 2552 4442; x_wconf 96' lang='lat'>—</span> <span class='ocrx_word' id='word_1_880' title='bbox 2581 4406 2713 4456; x_wconf 85' lang='lat' dir='ltr'><strong>Item</strong></span> <span class='ocrx_word' id='word_1_881' title='bbox 2749 4408 2815 4456; x_wconf 93' lang='lat' dir='ltr'><strong>de</strong></span> <span class='ocrx_word' id='word_1_882' title='bbox 2844 4405 3035 4457; x_wconf 90' lang='lat' dir='ltr'><strong>eodem</strong></span> <span class='ocrx_word' id='word_1_883' title='bbox 3065 4422 3077 4456; x_wconf 92' lang='lat'><strong>:</strong></span> <span class='ocrx_word' id='word_1_884' title='bbox 3110 4411 3165 4458; x_wconf 92' lang='lat' dir='ltr'><strong>et</strong></span> <span class='ocrx_word' id='word_1_885' title='bbox 3196 4423 3316 4473; x_wconf 68' lang='lat' dir='ltr'><strong>quo</strong></span> <span class='ocrx_word' id='word_1_886' title='bbox 3347 4408 3465 4460; x_wconf 86' lang='lat' dir='ltr'><strong>loca</strong></span> <span class='ocrx_word' id='word_1_887' title='bbox 3501 4424 3719 4462; x_wconf 88' lang='lat' dir='ltr'><strong>venera·</strong></span> 
     </span>
     <span class='ocr_line' id='line_1_66' title="bbox 298 4467 3720 4541; baseline -0.001 -17"><span class='ocrx_word' id='word_1_888' title='bbox 298 4475 388 4524; x_wconf 88' lang='lat' dir='ltr'><strong>tur</strong></span> <span class='ocrx_word' id='word_1_889' title='bbox 414 4472 697 4526; x_wconf 85' lang='lat' dir='ltr'><strong>machinoe.</strong></span> <span class='ocrx_word' id='word_1_890' title='bbox 1737 4527 1746 4537; x_wconf 44' lang='lat'>·</span> <span class='ocrx_word' id='word_1_891' title='bbox 1859 4468 1952 4515; x_wconf 73' lang='lat'><strong>420</strong></span> <span class='ocrx_word' id='word_1_892' title='bbox 2061 4467 2190 4518; x_wconf 84' lang='lat' dir='ltr'><strong>bilia</strong></span> <span class='ocrx_word' id='word_1_893' title='bbox 2218 4481 2290 4518; x_wconf 67' lang='grc' dir='ltr'><strong>ιω</strong></span> <span class='ocrx_word' id='word_1_894' title='bbox 2331 4482 2360 4519; x_wconf 92' lang='lat' dir='ltr'><strong>e</strong></span> <span class='ocrx_word' id='word_1_895' title='bbox 2393 4468 2538 4518; x_wconf 88' lang='lat' dir='ltr'><strong>dicta</strong></span> <span class='ocrx_word' id='word_1_896' title='bbox 2565 4481 2691 4541; x_wconf 88' lang='lat' dir='ltr'><strong>pars</strong></span> <span class='ocrx_word' id='word_1_897' title='bbox 2716 4467 2856 4518; x_wconf 78' lang='lat' dir='ltr'><strong>infra</strong></span> <span class='ocrx_word' id='word_1_898' title='bbox 2887 4482 2945 4519; x_wconf 87' lang='lat' dir='ltr'><strong>se</strong></span> <span class='ocrx_word' id='word_1_899' title='bbox 2976 4472 3274 4526; x_wconf 84' lang='lat' dir='ltr'><strong>contineat.</strong></span> <span class='ocrx_word' id='word_1_900' title='bbox 3626 4474 3720 4524; x_wconf 75' lang='grc'><strong>449</strong></span> 
     </span>
    </p>

    <p class='ocr_par' dir='ltr' id='par_1_22' title="bbox 296 4527 3717 4720">
     <span class='ocr_line' id='line_1_67' title="bbox 360 4527 3714 4598; baseline 0 -13"><span class='ocrx_word' id='word_1_901' title='bbox 360 4535 480 4585; x_wconf 87' lang='grc' dir='ltr'><strong><em>Ωιι».</em></strong></span> <span class='ocrx_word' id='word_1_902' title='bbox 500 4535 636 4585; x_wconf 86' lang='lat' dir='ltr'><strong>Xlll.</strong></span> <span class='ocrx_word' id='word_1_903' title='bbox 674 4560 732 4573; x_wconf 91' lang='lat'>-</span> <span class='ocrx_word' id='word_1_904' title='bbox 767 4534 808 4584; x_wconf 93' lang='grc' dir='ltr'><strong>Ο</strong></span> <span class='ocrx_word' id='word_1_905' title='bbox 850 4536 1124 4598; x_wconf 87' lang='lat' dir='ltr'><strong>pugnatur</strong></span> <span class='ocrx_word' id='word_1_906' title='bbox 1144 4532 1333 4582; x_wconf 87' lang='lat' dir='ltr'><strong>civitas</strong></span> <span class='ocrx_word' id='word_1_907' title='bbox 1362 4534 1414 4580; x_wconf 89' lang='lat' dir='ltr'><strong>et</strong></span> <span class='ocrx_word' id='word_1_908' title='bbox 1446 4527 1953 4579; x_wconf 82' lang='lat' dir='ltr'><strong>vehementissimus</strong></span> <span class='ocrx_word' id='word_1_909' title='bbox 2122 4531 2238 4581; x_wconf 89' lang='grc' dir='ltr'><strong><em>Ωιι».</em></strong></span> <span class='ocrx_word' id='word_1_910' title='bbox 2327 4531 2609 4591; x_wconf 87' lang='lat' dir='ltr'><strong>X.—Quis</strong></span> <span class='ocrx_word' id='word_1_911' title='bbox 2638 4530 2794 4581; x_wconf 79' lang='lat' dir='ltr'><strong>fuerit</strong></span> <span class='ocrx_word' id='word_1_912' title='bbox 2827 4534 2977 4596; x_wconf 89' lang='lat' dir='ltr'><strong>regni</strong></span> <span class='ocrx_word' id='word_1_913' title='bbox 3006 4536 3178 4583; x_wconf 85' lang='lat' dir='ltr'><strong>status</strong></span> <span class='ocrx_word' id='word_1_914' title='bbox 3207 4547 3302 4597; x_wconf 89' lang='lat' dir='ltr'><strong>per</strong></span> <span class='ocrx_word' id='word_1_915' title='bbox 3321 4533 3414 4585; x_wconf 91' lang='lat' dir='ltr'><strong>illa</strong></span> <span class='ocrx_word' id='word_1_916' title='bbox 3443 4538 3552 4585; x_wconf 89' lang='lat' dir='ltr'><strong>tem</strong></span> <span class='ocrx_word' id='word_1_917' title='bbox 3633 4549 3714 4590; x_wconf 87' lang='lat' dir='ltr'><strong>ra:</strong></span> 
     </span>
     <span class='ocr_line' id='line_1_68' title="bbox 296 4549 3717 4668; baseline 0 -20"><span class='ocrx_word' id='word_1_918' title='bbox 296 4597 421 4649; x_wconf 90' lang='lat' dir='ltr'><strong>hiric</strong></span> <span class='ocrx_word' id='word_1_919' title='bbox 449 4596 575 4648; x_wconf 93' lang='lat' dir='ltr'><strong>inde</strong></span> <span class='ocrx_word' id='word_1_920' title='bbox 599 4599 657 4647; x_wconf 82' lang='lat' dir='ltr'><strong>iit</strong></span> <span class='ocrx_word' id='word_1_921' title='bbox 687 4549 968 4647; x_wconf 59' lang='lat' dir='ltr'><strong>conifictus</strong></span> <span class='ocrx_word' id='word_1_922' title='bbox 997 4612 1010 4654; x_wconf 90' lang='lat'>;</span> <span class='ocrx_word' id='word_1_923' title='bbox 1037 4595 1130 4645; x_wconf 89' lang='lat' dir='ltr'><strong>sed</strong></span> <span class='ocrx_word' id='word_1_924' title='bbox 1158 4609 1264 4644; x_wconf 89' lang='lat' dir='ltr'><strong>nox</strong></span> <span class='ocrx_word' id='word_1_925' title='bbox 1307 4593 1623 4657; x_wconf 88' lang='lat' dir='ltr'><strong>interposita</strong></span> <span class='ocrx_word' id='word_1_926' title='bbox 1645 4591 1793 4640; x_wconf 85' lang='lat' dir='ltr'><strong>litem</strong></span> <span class='ocrx_word' id='word_1_927' title='bbox 1827 4590 1949 4641; x_wconf 90' lang='lat' dir='ltr'><strong>diri·</strong></span> <span class='ocrx_word' id='word_1_928' title='bbox 2060 4595 2113 4643; x_wconf 85' lang='lat' dir='ltr'><strong>et</strong></span> <span class='ocrx_word' id='word_1_929' title='bbox 2145 4593 2420 4658; x_wconf 88' lang='lat' dir='ltr'><strong>quomodo</strong></span> <span class='ocrx_word' id='word_1_930' title='bbox 2447 4593 2557 4643; x_wconf 89' lang='lat' dir='ltr'><strong>dux</strong></span> <span class='ocrx_word' id='word_1_931' title='bbox 2592 4592 2782 4643; x_wconf 89' lang='lat' dir='ltr'><strong>urbem</strong></span> <span class='ocrx_word' id='word_1_932' title='bbox 2820 4594 3145 4668; x_wconf 76' lang='lat' dir='ltr'><strong>maritimam</strong></span> <span class='ocrx_word' id='word_1_933' title='bbox 3169 4599 3339 4668; x_wconf 54' lang='lat' dir='ltr'><strong>Assur</strong></span> <span class='ocrx_word' id='word_1_934' title='bbox 3368 4550 3636 4658; x_wconf 48' lang='lat' dir='ltr'><strong>obsed&#39;ffl</strong></span> <span class='ocrx_word' id='word_1_935' title='bbox 3667 4603 3717 4649; x_wconf 83' lang='lat' dir='ltr'><strong>et</strong></span> 
     </span>
     <span class='ocr_line' id='line_1_69' title="bbox 296 4656 3711 4720; baseline 0.003 -18"><span class='ocrx_word' id='word_1_936' title='bbox 296 4661 415 4712; x_wconf 59' lang='lat' dir='ltr'><strong>mig,</strong></span> <span class='ocrx_word' id='word_1_937' title='bbox 1855 4656 1944 4704; x_wconf 76' lang='grc'><strong>421</strong></span> <span class='ocrx_word' id='word_1_938' title='bbox 2058 4668 2167 4720; x_wconf 86' lang='lat' dir='ltr'><strong>qua</strong></span> <span class='ocrx_word' id='word_1_939' title='bbox 2194 4657 2259 4706; x_wconf 93' lang='lat' dir='ltr'><strong>de</strong></span> <span class='ocrx_word' id='word_1_940' title='bbox 2292 4668 2458 4706; x_wconf 89' lang='lat' dir='ltr'><strong>causa</strong></span> <span class='ocrx_word' id='word_1_941' title='bbox 2483 4656 2729 4706; x_wconf 78' lang='lat' dir='ltr'><strong>eamdem</strong></span> <span class='ocrx_word' id='word_1_942' title='bbox 2764 4656 2985 4708; x_wconf 82' lang='lat' dir='ltr'><strong>solverit</strong></span> <span class='ocrx_word' id='word_1_943' title='bbox 3015 4657 3371 4710; x_wconf 89' lang='lat' dir='ltr'><strong>obsidionem.</strong></span> <span class='ocrx_word' id='word_1_944' title='bbox 3625 4662 3711 4713; x_wconf 79' lang='grc'><strong>451</strong></span> 
     </span>
    </p>
   </div>
   <div class='ocr_carea' id='block_1_13' title="bbox 282 4716 3714 5294">
    <p class='ocr_par' dir='ltr' id='par_1_23' title="bbox 289 4716 3714 5038">
     <span class='ocr_line' id='line_1_70' title="bbox 357 4716 3714 4785; baseline 0 -12"><span class='ocrx_word' id='word_1_945' title='bbox 357 4725 475 4774; x_wconf 82' lang='grc' dir='ltr'><strong><em>Ωιι».</em></strong></span> <span class='ocrx_word' id='word_1_946' title='bbox 507 4723 640 4772; x_wconf 86' lang='lat' dir='ltr'><strong>XIV.</strong></span> <span class='ocrx_word' id='word_1_947' title='bbox 667 4749 729 4759; x_wconf 94' lang='lat'>—</span> <span class='ocrx_word' id='word_1_948' title='bbox 756 4723 920 4772; x_wconf 85' lang='lat' dir='ltr'><strong>Nocte</strong></span> <span class='ocrx_word' id='word_1_949' title='bbox 948 4721 1039 4770; x_wconf 86' lang='lat' dir='ltr'><strong>illa</strong></span> <span class='ocrx_word' id='word_1_950' title='bbox 1066 4721 1122 4770; x_wconf 91' lang='lat' dir='ltr'><strong>in</strong></span> <span class='ocrx_word' id='word_1_951' title='bbox 1160 4719 1333 4769; x_wconf 90' lang='lat' dir='ltr'><strong>multa</strong></span> <span class='ocrx_word' id='word_1_952' title='bbox 1364 4717 1634 4768; x_wconf 85' lang='lat' dir='ltr'><strong>anxietate</strong></span> <span class='ocrx_word' id='word_1_953' title='bbox 1669 4720 1780 4765; x_wconf 88' lang='lat' dir='ltr'><strong>tam</strong></span> <span class='ocrx_word' id='word_1_954' title='bbox 1810 4716 1949 4766; x_wconf 88' lang='lat' dir='ltr'><strong>obsi·</strong></span> <span class='ocrx_word' id='word_1_955' title='bbox 2121 4717 2244 4773; x_wconf 88' lang='grc' dir='ltr'><strong><em>Ωιι»,</em></strong></span> <span class='ocrx_word' id='word_1_956' title='bbox 2282 4719 2391 4768; x_wconf 85' lang='lat' dir='ltr'><strong>XX.</strong></span> <span class='ocrx_word' id='word_1_957' title='bbox 2440 4744 2498 4755; x_wconf 91' lang='lat'>—</span> <span class='ocrx_word' id='word_1_958' title='bbox 2530 4719 2752 4769; x_wconf 81' lang='lat' dir='ltr'><strong>Factum</strong></span> <span class='ocrx_word' id='word_1_959' title='bbox 2787 4720 3045 4770; x_wconf 88' lang='lat' dir='ltr'><strong>memoria</strong></span> <span class='ocrx_word' id='word_1_960' title='bbox 3078 4720 3326 4785; x_wconf 86' lang='lat' dir='ltr'><strong>dignum,</strong></span> <span class='ocrx_word' id='word_1_961' title='bbox 3361 4721 3508 4785; x_wconf 87' lang='lat' dir='ltr'><strong>quod</strong></span> <span class='ocrx_word' id='word_1_962' title='bbox 3537 4722 3714 4774; x_wconf 88' lang='lat' dir='ltr'><strong>eidem</strong></span> 
     </span>
     <span class='ocr_line' id='line_1_71' title="bbox 295 4779 3714 4848; baseline -0.002 -11"><span class='ocrx_word' id='word_1_963' title='bbox 295 4786 483 4838; x_wconf 87' lang='lat' dir='ltr'><strong>dentes</strong></span> <span class='ocrx_word' id='word_1_964' title='bbox 541 4799 667 4835; x_wconf 87' lang='lat' dir='ltr'><strong>uam</strong></span> <span class='ocrx_word' id='word_1_965' title='bbox 691 4784 897 4835; x_wconf 86' lang='lat' dir='ltr'><strong>obsessi</strong></span> <span class='ocrx_word' id='word_1_966' title='bbox 930 4786 1266 4848; x_wconf 88' lang='lat' dir='ltr'><strong>permanent.</strong></span> <span class='ocrx_word' id='word_1_967' title='bbox 1853 4779 1947 4828; x_wconf 73' lang='lat'><strong>423</strong></span> <span class='ocrx_word' id='word_1_968' title='bbox 2056 4780 2111 4830; x_wconf 87' lang='lat' dir='ltr'><strong>in</strong></span> <span class='ocrx_word' id='word_1_969' title='bbox 2141 4781 2328 4831; x_wconf 88' lang='lat' dir='ltr'><strong>eadem</strong></span> <span class='ocrx_word' id='word_1_970' title='bbox 2358 4779 2638 4831; x_wconf 88' lang='lat' dir='ltr'><strong>obsidione</strong></span> <span class='ocrx_word' id='word_1_971' title='bbox 2659 4781 2870 4831; x_wconf 87' lang='lat' dir='ltr'><strong>accidit.</strong></span> <span class='ocrx_word' id='word_1_972' title='bbox 3622 4787 3714 4836; x_wconf 66' lang='lat'><strong>452</strong></span> 
     </span>
     <span class='ocr_line' id='line_1_72' title="bbox 355 4839 3650 4912; baseline 0.001 -16"><span class='ocrx_word' id='word_1_973' title='bbox 355 4849 471 4902; x_wconf 89' lang='grc' dir='ltr'><strong><em>Ωιι».</em></strong></span> <span class='ocrx_word' id='word_1_974' title='bbox 552 4849 609 4897; x_wconf 92' lang='lat' dir='ltr'><strong>V.</strong></span> <span class='ocrx_word' id='word_1_975' title='bbox 644 4874 698 4885; x_wconf 94' lang='lat'><em>-</em></span> <span class='ocrx_word' id='word_1_976' title='bbox 731 4847 984 4912; x_wconf 87' lang='lat' dir='ltr'><strong>Sequenti</strong></span> <span class='ocrx_word' id='word_1_977' title='bbox 1008 4846 1093 4896; x_wconf 88' lang='lat' dir='ltr'><strong>die</strong></span> <span class='ocrx_word' id='word_1_978' title='bbox 1109 4846 1336 4896; x_wconf 87' lang='lat' dir='ltr'><strong>redeunt</strong></span> <span class='ocrx_word' id='word_1_979' title='bbox 1358 4842 1680 4906; x_wconf 88' lang='lat' dir='ltr'><strong>inidipsum,</strong></span> <span class='ocrx_word' id='word_1_980' title='bbox 1700 4843 1755 4890; x_wconf 89' lang='lat' dir='ltr'><strong>et</strong></span> <span class='ocrx_word' id='word_1_981' title='bbox 1786 4839 1945 4891; x_wconf 88' lang='lat' dir='ltr'><strong>solito</strong></span> <span class='ocrx_word' id='word_1_982' title='bbox 2118 4843 2235 4893; x_wconf 90' lang='grc' dir='ltr'><strong><em>Ωιι».</em></strong></span> <span class='ocrx_word' id='word_1_983' title='bbox 2267 4844 2406 4899; x_wconf 87' lang='lat' dir='ltr'><strong>XXI.</strong></span> <span class='ocrx_word' id='word_1_984' title='bbox 2455 4870 2516 4880; x_wconf 89' lang='lat'>—</span> <span class='ocrx_word' id='word_1_985' title='bbox 2548 4843 2912 4901; x_wconf 85' lang='lat' dir='ltr'><strong>Boamundus.</strong></span> <span class='ocrx_word' id='word_1_986' title='bbox 2957 4844 3414 4897; x_wconf 78' lang='lat' dir='ltr'><strong>Antiochenorum</strong></span> <span class='ocrx_word' id='word_1_987' title='bbox 3464 4847 3650 4912; x_wconf 86' lang='lat' dir='ltr'><strong>prince</strong></span> 
     </span>
     <span class='ocr_line' id='line_1_73' title="bbox 290 4861 3712 4974; baseline -0.002 -11"><span class='ocrx_word' id='word_1_988' title='bbox 290 4911 661 4963; x_wconf 78' lang='lat' dir='ltr'><strong>vehementius</strong></span> <span class='ocrx_word' id='word_1_989' title='bbox 685 4912 1033 4974; x_wconf 88' lang='lat' dir='ltr'><strong>impugnatur</strong></span> <span class='ocrx_word' id='word_1_990' title='bbox 1054 4909 1258 4958; x_wconf 84' lang='lat' dir='ltr'><strong>civitas.</strong></span> <span class='ocrx_word' id='word_1_991' title='bbox 1285 4907 1512 4956; x_wconf 83' lang='lat' dir='ltr'><strong>Pereunt</strong></span> <span class='ocrx_word' id='word_1_992' title='bbox 1537 4904 1801 4958; x_wconf 74' lang='lat' dir='ltr'><strong>veneficae.</strong></span> <span class='ocrx_word' id='word_1_993' title='bbox 1823 4916 1945 4967; x_wconf 69' lang='lat' dir='ltr'><strong>quai</strong></span> <span class='ocrx_word' id='word_1_994' title='bbox 2053 4906 2198 4970; x_wconf 90' lang='lat' dir='ltr'><strong>apud</strong></span> <span class='ocrx_word' id='word_1_995' title='bbox 2224 4906 2413 4956; x_wconf 88' lang='lat' dir='ltr'><strong>urbem</strong></span> <span class='ocrx_word' id='word_1_996' title='bbox 2441 4904 2762 4957; x_wconf 77' lang='lat' dir='ltr'><strong>Meletenian</strong></span> <span class='ocrx_word' id='word_1_997' title='bbox 2783 4907 3016 4971; x_wconf 83' lang='lat' dir='ltr'><strong>capitur.</strong></span> <span class='ocrx_word' id='word_1_998' title='bbox 3621 4861 3712 4961; x_wconf 45' lang='grc' dir='ltr'><strong>ἐξ</strong></span> 
     </span>
     <span class='ocr_line' id='line_1_74' title="bbox 289 4968 3710 5038; baseline -0.001 -12"><span class='ocrx_word' id='word_1_999' title='bbox 289 4979 532 5026; x_wconf 86' lang='lat' dir='ltr'><strong>nostram</strong></span> <span class='ocrx_word' id='word_1_1000' title='bbox 564 4974 867 5023; x_wconf 84' lang='lat' dir='ltr'><strong>machinam</strong></span> <span class='ocrx_word' id='word_1_1001' title='bbox 898 4972 1219 5022; x_wconf 80' lang='lat' dir='ltr'><strong>fascinatum</strong></span> <span class='ocrx_word' id='word_1_1002' title='bbox 1250 4972 1528 5019; x_wconf 85' lang='lat' dir='ltr'><strong>venerant.</strong></span> <span class='ocrx_word' id='word_1_1003' title='bbox 1687 5027 1697 5037; x_wconf 90' lang='lat'><strong>.</strong></span> <span class='ocrx_word' id='word_1_1004' title='bbox 1802 5027 1811 5038; x_wconf 94' lang='lat'><strong>.</strong></span> <span class='ocrx_word' id='word_1_1005' title='bbox 1849 4968 1943 5016; x_wconf 77' lang='grc'>423</span> <span class='ocrx_word' id='word_1_1006' title='bbox 2116 4969 2233 5018; x_wconf 84' lang='grc' dir='ltr'><strong><em>Ωιι».</em></strong></span> <span class='ocrx_word' id='word_1_1007' title='bbox 2270 4968 2425 5019; x_wconf 82' lang='lat' dir='ltr'><strong>xxii.</strong></span> <span class='ocrx_word' id='word_1_1008' title='bbox 2452 4995 2515 5005; x_wconf 96' lang='lat'>—</span> <span class='ocrx_word' id='word_1_1009' title='bbox 2551 4969 2773 5020; x_wconf 83' lang='lat' dir='ltr'><strong>Factum</strong></span> <span class='ocrx_word' id='word_1_1010' title='bbox 2803 4969 2957 5020; x_wconf 88' lang='lat' dir='ltr'><strong>ducis</strong></span> <span class='ocrx_word' id='word_1_1011' title='bbox 2991 4971 3218 5036; x_wconf 91' lang='lat' dir='ltr'><strong>dignum</strong></span> <span class='ocrx_word' id='word_1_1012' title='bbox 3253 4972 3514 5023; x_wconf 87' lang='lat' dir='ltr'><strong>memoria</strong></span> <span class='ocrx_word' id='word_1_1013' title='bbox 3554 4972 3610 5023; x_wconf 92' lang='lat' dir='ltr'><strong>in</strong></span> <span class='ocrx_word' id='word_1_1014' title='bbox 3633 4987 3710 5024; x_wconf 82' lang='lat' dir='ltr'><strong>re·</strong></span> 
     </span>
    </p>

    <p class='ocr_par' dir='ltr' id='par_1_24' title="bbox 282 5027 3709 5294">
     <span class='ocr_line' id='line_1_75' title="bbox 351 5027 3709 5100; baseline -0.003 -12"><span class='ocrx_word' id='word_1_1015' title='bbox 351 5039 469 5088; x_wconf 82' lang='grc' dir='ltr'><strong><em>Ωιι».</em></strong></span> <span class='ocrx_word' id='word_1_1016' title='bbox 493 5036 625 5086; x_wconf 86' lang='lat' dir='ltr'><strong>xvl.</strong></span> <span class='ocrx_word' id='word_1_1017' title='bbox 665 5064 720 5074; x_wconf 92' lang='lat'>-</span> <span class='ocrx_word' id='word_1_1018' title='bbox 742 5036 910 5086; x_wconf 87' lang='lat' dir='ltr'><strong>Datur</strong></span> <span class='ocrx_word' id='word_1_1019' title='bbox 936 5035 1151 5097; x_wconf 86' lang='lat' dir='ltr'><strong>signum</strong></span> <span class='ocrx_word' id='word_1_1020' title='bbox 1181 5046 1214 5083; x_wconf 90' lang='lat' dir='ltr'><strong>a</strong></span> <span class='ocrx_word' id='word_1_1021' title='bbox 1244 5036 1426 5081; x_wconf 87' lang='lat' dir='ltr'><strong>monte</strong></span> <span class='ocrx_word' id='word_1_1022' title='bbox 1442 5029 1632 5081; x_wconf 77' lang='lat' dir='ltr'><strong>oliveti</strong></span> <span class='ocrx_word' id='word_1_1023' title='bbox 1648 5027 1940 5100; x_wconf 77' lang='lat' dir='ltr'><strong>divinitus;</strong></span> <span class='ocrx_word' id='word_1_1024' title='bbox 2051 5031 2209 5095; x_wconf 89' lang='lat' dir='ltr'><strong>gione</strong></span> <span class='ocrx_word' id='word_1_1025' title='bbox 2238 5031 2492 5082; x_wconf 80' lang='lat' dir='ltr'><strong>Arabum.</strong></span> <span class='ocrx_word' id='word_1_1026' title='bbox 3620 5035 3709 5086; x_wconf 64' lang='grc'><strong>653</strong></span> 
     </span>
     <span class='ocr_line' id='line_1_76' title="bbox 288 5093 3707 5165; baseline -0.001 -14"><span class='ocrx_word' id='word_1_1027' title='bbox 288 5104 340 5151; x_wconf 88' lang='lat' dir='ltr'><strong>et</strong></span> <span class='ocrx_word' id='word_1_1028' title='bbox 401 5100 617 5165; x_wconf 81' lang='lat' dir='ltr'><strong>opuluS‚</strong></span> <span class='ocrx_word' id='word_1_1029' title='bbox 635 5098 993 5163; x_wconf 79' lang='lat' dir='ltr'><strong>quiratigatus</strong></span> <span class='ocrx_word' id='word_1_1030' title='bbox 1010 5101 1142 5150; x_wconf 84' lang='lat' dir='ltr'><strong>erat.</strong></span> <span class='ocrx_word' id='word_1_1031' title='bbox 1161 5095 1298 5144; x_wconf 89' lang='lat' dir='ltr'><strong>redit</strong></span> <span class='ocrx_word' id='word_1_1032' title='bbox 1320 5095 1627 5158; x_wconf 83' lang='lat' dir='ltr'><strong>inpugnam</strong></span> <span class='ocrx_word' id='word_1_1033' title='bbox 1648 5093 1941 5141; x_wconf 71' lang='lat' dir='ltr'><strong>acrius.424</strong></span> <span class='ocrx_word' id='word_1_1034' title='bbox 2113 5093 2231 5144; x_wconf 83' lang='grc' dir='ltr'><strong><em>Ωιι».</em></strong></span> <span class='ocrx_word' id='word_1_1035' title='bbox 2263 5094 2439 5145; x_wconf 78' lang='lat' dir='ltr'><strong>xxiii.</strong></span> <span class='ocrx_word' id='word_1_1036' title='bbox 2476 5121 2539 5132; x_wconf 90' lang='lat'>—</span> <span class='ocrx_word' id='word_1_1037' title='bbox 2563 5093 2754 5146; x_wconf 87' lang='lat' dir='ltr'><strong>Obitus</strong></span> <span class='ocrx_word' id='word_1_1038' title='bbox 2778 5094 2949 5153; x_wconf 81' lang='lat' dir='ltr'><strong>ducis,</strong></span> <span class='ocrx_word' id='word_1_1039' title='bbox 2983 5098 3035 5147; x_wconf 86' lang='lat' dir='ltr'><strong>et</strong></span> <span class='ocrx_word' id='word_1_1040' title='bbox 3067 5094 3361 5161; x_wconf 85' lang='lat' dir='ltr'><strong>sepultura.</strong></span> <span class='ocrx_word' id='word_1_1041' title='bbox 3618 5099 3707 5149; x_wconf 80' lang='grc'><strong>454</strong></span> 
     </span>
     <span class='ocr_line' id='line_1_77' title="bbox 348 5115 2644 5224; baseline -0.003 -9"><span class='ocrx_word' id='word_1_1042' title='bbox 348 5115 464 5215; x_wconf 58' lang='grc' dir='ltr'><strong><em>διν.</em></strong></span> <span class='ocrx_word' id='word_1_1043' title='bbox 489 5163 646 5213; x_wconf 81' lang='lat' dir='ltr'><strong>xvii.</strong></span> <span class='ocrx_word' id='word_1_1044' title='bbox 688 5189 751 5198; x_wconf 93' lang='lat'><strong>—</strong></span> <span class='ocrx_word' id='word_1_1045' title='bbox 792 5161 850 5210; x_wconf 88' lang='lat' dir='ltr'><strong>lii</strong></span> <span class='ocrx_word' id='word_1_1046' title='bbox 894 5162 1044 5224; x_wconf 87' lang='lat' dir='ltr'><strong>parte</strong></span> <span class='ocrx_word' id='word_1_1047' title='bbox 1086 5157 1306 5208; x_wconf 87' lang='lat' dir='ltr'><strong>australi</strong></span> <span class='ocrx_word' id='word_1_1048' title='bbox 1330 5156 1629 5207; x_wconf 87' lang='lat' dir='ltr'><strong>Tolosanus</strong></span> <span class='ocrx_word' id='word_1_1049' title='bbox 1669 5169 1792 5209; x_wconf 87' lang='lat' dir='ltr'><strong>cum</strong></span> <span class='ocrx_word' id='word_1_1050' title='bbox 1828 5155 1940 5204; x_wconf 89' lang='lat' dir='ltr'><strong>suis</strong></span> <span class='ocrx_word' id='word_1_1051' title='bbox 2111 5156 2304 5207; x_wconf 83' lang='lat' dir='ltr'>LIBER</span> <span class='ocrx_word' id='word_1_1052' title='bbox 2337 5156 2644 5209; x_wconf 75' lang='lat' dir='ltr'><strong>DECIMUS.</strong></span> 
     </span>
     <span class='ocr_line' id='line_1_78' title="bbox 282 5219 3706 5294; baseline -0.001 -17"><span class='ocrx_word' id='word_1_1053' title='bbox 282 5225 475 5278; x_wconf 79' lang='lat' dir='ltr'><strong>urbem</strong></span> <span class='ocrx_word' id='word_1_1054' title='bbox 499 5226 669 5276; x_wconf 91' lang='lat' dir='ltr'><strong>nibilo</strong></span> <span class='ocrx_word' id='word_1_1055' title='bbox 696 5225 916 5289; x_wconf 89' lang='lat' dir='ltr'><strong>segnius</strong></span> <span class='ocrx_word' id='word_1_1056' title='bbox 945 5223 1248 5294; x_wconf 86' lang='lat' dir='ltr'><strong>impugnat.</strong></span> <span class='ocrx_word' id='word_1_1057' title='bbox 1843 5219 1938 5268; x_wconf 71' lang='grc' dir='ltr'><strong>4ὶὸ</strong></span> <span class='ocrx_word' id='word_1_1058' title='bbox 2110 5219 2228 5269; x_wconf 83' lang='grc' dir='ltr'><strong><em>Ωιι».</em></strong></span> <span class='ocrx_word' id='word_1_1059' title='bbox 2264 5220 2301 5269; x_wconf 89' lang='lat' dir='ltr'><strong>l.</strong></span> <span class='ocrx_word' id='word_1_1060' title='bbox 2327 5247 2384 5257; x_wconf 89' lang='lat'><strong>—</strong></span> <span class='ocrx_word' id='word_1_1061' title='bbox 2410 5220 2672 5271; x_wconf 89' lang='lat' dir='ltr'><strong>Dominus</strong></span> <span class='ocrx_word' id='word_1_1062' title='bbox 2700 5220 3017 5278; x_wconf 81' lang='lat' dir='ltr'><strong>Balduinus‚</strong></span> <span class='ocrx_word' id='word_1_1063' title='bbox 3063 5219 3469 5273; x_wconf 79' lang='lat' dir='ltr'><strong>Edessanornm</strong></span> <span class='ocrx_word' id='word_1_1064' title='bbox 3505 5235 3706 5280; x_wconf 77' lang='lat' dir='ltr'><strong>comes,</strong></span> 
     </span>
    </p>
   </div>
   <div class='ocr_carea' id='block_1_14' title="bbox 278 5280 3707 5532">
    <p class='ocr_par' dir='ltr' id='par_1_25' title="bbox 278 5280 3707 5532">
     <span class='ocr_line' id='line_1_79' title="bbox 344 5280 3706 5357; baseline -0.001 -17"><span class='ocrx_word' id='word_1_1065' title='bbox 344 5290 468 5340; x_wconf 86' lang='grc' dir='ltr'><strong><em>Ωιι».</em></strong></span> <span class='ocrx_word' id='word_1_1066' title='bbox 501 5288 688 5341; x_wconf 83' lang='lat' dir='ltr'><strong>XVIII.</strong></span> <span class='ocrx_word' id='word_1_1067' title='bbox 715 5314 777 5325; x_wconf 91' lang='lat'>—</span> <span class='ocrx_word' id='word_1_1068' title='bbox 802 5287 935 5344; x_wconf 78' lang='lat' dir='ltr'><strong>Dux,</strong></span> <span class='ocrx_word' id='word_1_1069' title='bbox 964 5290 1013 5335; x_wconf 93' lang='lat' dir='ltr'><strong>et</strong></span> <span class='ocrx_word' id='word_1_1070' title='bbox 1035 5298 1268 5350; x_wconf 87' lang='lat' dir='ltr'><strong>quicum</strong></span> <span class='ocrx_word' id='word_1_1071' title='bbox 1294 5296 1356 5334; x_wconf 92' lang='lat' dir='ltr'><strong>eo</strong></span> <span class='ocrx_word' id='word_1_1072' title='bbox 1386 5283 1556 5338; x_wconf 85' lang='lat' dir='ltr'><strong>erant,</strong></span> <span class='ocrx_word' id='word_1_1073' title='bbox 1581 5285 1859 5355; x_wconf 62' lang='lat' dir='ltr'><strong>acastello</strong></span> <span class='ocrx_word' id='word_1_1074' title='bbox 1880 5281 1936 5330; x_wconf 93' lang='lat' dir='ltr'><strong>li·</strong></span> <span class='ocrx_word' id='word_1_1075' title='bbox 2046 5280 2300 5332; x_wconf 79' lang='lat' dir='ltr'><strong>defuncto</strong></span> <span class='ocrx_word' id='word_1_1076' title='bbox 2328 5281 2480 5332; x_wconf 76' lang='lat' dir='ltr'><strong>fratri</strong></span> <span class='ocrx_word' id='word_1_1077' title='bbox 2513 5283 2834 5357; x_wconf 36' lang='lat' dir='ltr'><strong>succedit-in</strong></span> <span class='ocrx_word' id='word_1_1078' title='bbox 2862 5296 3054 5357; x_wconf 82' lang='lat' dir='ltr'><strong>regno.</strong></span> <span class='ocrx_word' id='word_1_1079' title='bbox 3440 5346 3452 5357; x_wconf 36' lang='lat'>⁸</span> <span class='ocrx_word' id='word_1_1080' title='bbox 3615 5287 3706 5336; x_wconf 74' lang='grc'><strong>455</strong></span> 
     </span>
     <span class='ocr_line' id='line_1_80' title="bbox 278 5344 3707 5464; baseline -0.001 -60"><span class='ocrx_word' id='word_1_1081' title='bbox 278 5365 419 5463; x_wconf 56' lang='lat' dir='ltr'><strong>ssneo</strong></span> <span class='ocrx_word' id='word_1_1082' title='bbox 448 5355 672 5425; x_wconf 76' lang='lat' dir='ltr'><strong>pontem</strong></span> <span class='ocrx_word' id='word_1_1083' title='bbox 700 5363 863 5415; x_wconf 89' lang='lat' dir='ltr'><strong>super</strong></span> <span class='ocrx_word' id='word_1_1084' title='bbox 885 5362 1101 5423; x_wconf 81' lang='lat' dir='ltr'><strong>murum</strong></span> <span class='ocrx_word' id='word_1_1085' title='bbox 1125 5348 1425 5413; x_wconf 83' lang='lat' dir='ltr'><strong>deponunt,</strong></span> <span class='ocrx_word' id='word_1_1086' title='bbox 1460 5357 1587 5395; x_wconf 85' lang='lat' dir='ltr'><strong>suos</strong></span> <span class='ocrx_word' id='word_1_1087' title='bbox 1615 5346 1933 5398; x_wconf 88' lang='lat' dir='ltr'><strong>immittunt.</strong></span> <span class='ocrx_word' id='word_1_1088' title='bbox 2108 5344 2407 5457; x_wconf 46' lang='lat' dir='ltr'><strong>Cain-Ilh—</strong></span> <span class='ocrx_word' id='word_1_1089' title='bbox 2455 5346 2530 5459; x_wconf 57' lang='lat'><strong>3⁰</strong></span> <span class='ocrx_word' id='word_1_1090' title='bbox 2563 5344 3163 5460; x_wconf 55' lang='lat' dir='ltr'><strong>corpossridsdgffiitndine.</strong></span> <span class='ocrx_word' id='word_1_1091' title='bbox 3210 5349 3263 5397; x_wconf 85' lang='lat' dir='ltr'><strong>et</strong></span> <span class='ocrx_word' id='word_1_1092' title='bbox 3305 5345 3572 5412; x_wconf 80' lang='lat' dir='ltr'><strong>qualitate</strong></span> <span class='ocrx_word' id='word_1_1093' title='bbox 3598 5362 3707 5464; x_wconf 50' lang='grc' dir='ltr'><strong><em>Ἠ</em></strong></span> 
     </span>
     <span class='ocr_line' id='line_1_81' title="bbox 278 5409 3707 5532; baseline -0.002 -68"><span class='ocrx_word' id='word_1_1094' title='bbox 278 5414 693 5532; x_wconf 53' lang='grc' dir='ltr'><strong><em>οἷὲιέώᾶιοέςίιιιιτ,</em></strong></span> <span class='ocrx_word' id='word_1_1095' title='bbox 729 5416 887 5479; x_wconf 85' lang='lat' dir='ltr'><strong>porta</strong></span> <span class='ocrx_word' id='word_1_1096' title='bbox 933 5413 1190 5478; x_wconf 87' lang='lat' dir='ltr'><strong>aperitur,</strong></span> <span class='ocrx_word' id='word_1_1097' title='bbox 1239 5413 1294 5460; x_wconf 87' lang='lat' dir='ltr'><strong>et</strong></span> <span class='ocrx_word' id='word_1_1098' title='bbox 1351 5411 1535 5459; x_wconf 88' lang='lat' dir='ltr'><strong>noster</strong></span> <span class='ocrx_word' id='word_1_1099' title='bbox 1576 5409 1936 5524; x_wconf 53' lang='lat' dir='ltr'><strong>inti-odueifflg</strong></span> <span class='ocrx_word' id='word_1_1100' title='bbox 2044 5419 2932 5532; x_wconf 41' lang='lat' dir='ltr'><strong>mffirffJIIIf-t-ncofflssnnems,</strong></span> <span class='ocrx_word' id='word_1_1101' title='bbox 2955 5470 3385 5532; x_wconf 47' lang='lat' dir='ltr'><strong>wammam</strong></span> <span class='ocrx_word' id='word_1_1102' title='bbox 3407 5473 3707 5529; x_wconf 54' lang='lat' dir='ltr'><strong>ww</strong></span> 
     </span>
    </p>
   </div>
  </div>
 </body>
</html>
