3784 6000
114 230 228 293 401

1024 223 1231 287 nls‘r.
1276 224 1547 288 RERUM
1590 222 2131 289 TRANSMAmN.
2179 260 2258 273 -
2300 226 2450 291 mn.
2492 227 2630 290 vn.

3409 232 3533 298 ⁸02

112 363 248 436 pius
268 364 330 420 et
359 361 724 420 orthodoxus
746 357 1019 434 princeps
1040 360 1432 417 Romanorum
1457 363 1767 432 augustus,
1797 360 1852 428 Α
1881 366 1947 418 ut
1975 366 2303 421 nostrorum
2344 364 2657 436 praevenire
2696 370 2935 439 possent
2962 367 3274 426 adveutum
3306 373 3364 427 et
3384 385 3533 442 pro·

112 451 372 510 illustris
393 451 689 508 memorias
706 448 985 506 dominus
1002 448 1369 506 Justinianus
1382 449 1566 506 multo
1581 449 1774 507 studio

114 546 173 599 et
201 541 511 599 devotione
556 543 822 612 prompta
864 537 1138 595 aedisscari
1171 546 1545 610 praeceperat,
1577 538 1773 595 audito

114 637 461 689 nostrorum
507 630 783 698 adventu,
853 626 1152 685 solotenus
1201 627 1395 684 hostes
1443 627 1777 700 dejecerant

113 718 294 792 paulo
325 722 484 789 ante,
507 717 785 775 timentes
806 730 880 771 ne
899 715 1099 772 trabes
1118 713 1400 784 ecclesiae,
1426 731 1554 786 quai
1577 714 1772 770 multae

115 807 492 882 proceritatis
522 809 710 876 erant,
743 804 804 861 in
834 803 1135 861 machinas
1163 807 1221 860 et
1250 807 1541 861 tormenta
1571 804 1642 859 ad
1675 819 1773 860 ex-

114 897 504 972 pugnandam
535 896 741 952 urbem
765 893 975 951 vellent
1007 901 1357 950 convertere.
1401 893 1769 965 compertum

118 992 323 1044 autem
359 985 648 1044 habentes
669 985 823 1057 quod
858 983 916 1039 in
940 982 1125 1040 vicino
1149 982 1361 1041 nobilis
1392 984 1659 1055 quiedam
1690 999 1777 1039 es·

111 1076 454 1151 setflcivitas,
486 1073 736 1132 Ramula
763 1072 1020 1139 nomine,
1053 1089 1186 1130 cum
1211 1072 1546 1146 quingentis
1566 1072 1774 1144 equiti-

108 1168 228 1225 bus
247 1166 560 1224 dominum
583 1163 1023 1222 Flandrensium
1049 1163 1321 1220 comitem
1343 1163 1767 1236 praemiserunt,

113 1258 218 1330 qui
244 1256 469 1314 civium
501 1252 1185 1327 proetentarentanimos.
1211 1258 1267 1310 et
1290 1252 1571 1325 quidnam
1604 1253 1774 1310 habe·

114 1351 244 1403 rent
317 1343 604 1417 propositi
652 1344 1058 1415 experirentur
1086 1357 1100 1399 ε
1155 1344 1256 1416 qui
1302 1343 1642 1399 accedentes
1696 1343 1768 1399 ad

114 1434 325 1492 urbem
360 1433 621 1507 propius,
649 1432 912 1489 videntes
934 1433 1089 1505 quod
1117 1448 1286 1489 nemo
1308 1432 1380 1490 ad
1403 1447 1502 1489 eos
1529 1432 1769 1504 egrede-

113 1528 298 1591 retur,
352 1526 571 1596 portas,
620 1537 769 1593 quas
816 1527 1081 1594 patentes
1126 1525 1486 1593 repererunt,
1516 1520 1769 1594 ingressi

112 1619 277 1681 sunt,
328 1612 537 1669 urbem
602 1611 836 1684 penitus
883 1611 1236 1682 reperientes
1279 1626 1542 1667 vacuam.
1593 1610 1768 1668 Nocte

111 1704 271 1760 enim
302 1717 428 1773 quo
450 1704 848 1776 praecesserat,
872 1701 1103 1773 cognito
1128 1704 1463 1758 nostrorum
1486 1700 1764 1768 adventu,

114 1794 399 1852 abeuntes
432 1809 566 1851 cum
598 1791 880 1849 uxoribus
920 1794 979 1848 et
1008 1790 1228 1860 liberis,
1259 1795 1317 1847 et
1346 1789 1618 1849 universa
1663 1806 1762 1847 eo-

113 1899 247 1941 rnm
296 1881 546 1948 familia,
611 1882 814 1938 urbem
861 1897 1105 1938 vacuam
1156 1881 1515 1954 reliquerant
1544 1896 1559 1937 :
1611 1880 1766 1952 quod

112 1973 319 2030 statim
334 1969 1030 2039 remissonuntio,comes
1050 1968 1377 2042 legionibus
1398 1968 1766 2042 significans,

111 2063 181 2119 ad
205 2061 417 2119 urbem
435 2076 537 2119 eos
557 2060 830 2118 accedere
853 2062 1149 2117 maturare
1171 2060 1482 2116 consuluit.
1504 2058 1591 2115 llli
1612 2075 1764 2130 vero,

114 2150 430 2224 completis
459 2150 528 2206 de
557 2164 720 2207 more
748 2149 1130 2217 orationibus,
1152 2148 1226 2204 ad
1250 2149 1452 2205 urbem
1482 2149 1770 2205 acceden-

112 2246 228 2307 tes,
258 2242 323 2298 in
344 2239 507 2297 omni
539 2239 957 2297 commoditate
987 2239 1285 2308 frumenti,
1310 2239 1432 2295 vini
1450 2243 1509 2296 et
1527 2237 1660 2306 olei,
1684 2238 1766 2293 ibi

116 2329 465 2388 continuum
478 2333 795 2403 exegerunt
812 2329 1090 2397 triduum,
1112 2327 1453 2401 episcopum
1472 2327 1658 2385 eidem
1675 2341 1768 2383 ec-

117 2422 309 2479 clesio
342 2420 724 2494 praeficientes
751 2419 1068 2492 quemdam
1118 2419 1433 2477 Robertum
1483 2418 1767 2474 Norman·

119 2527 256 2568 num
313 2526 553 2585 genere,
608 2510 680 2566 de
737 2509 1071 2582 episcopatu
1150 2507 1628 2582 Rothomagensi,
1675 2506 1768 2563 cui

57 2644 65 2654 .
117 2606 433 2674 utrumque
479 2599 708 2668 urbem,
768 2599 1010 2655 Liddam
1057 2597 1325 2657 videlicet
1370 2603 1427 2655 et
1457 2596 1766 2655 Ramulam

117 2707 251 2748 cum
280 2689 691 2763 adjacentibus
720 2688 1091 2755 suburbanis,
1130 2689 1266 2761 jure
1315 2696 1589 2760 perpetuo
1629 2703 1766 2759 pos·

118 2782 403 2840 sidendas
451 2777 842 2849 contulerunt,
877 2777 1168 2852 primitias
1216 2778 1478 2835 laborum
1529 2789 1768 2833 suorum

120 2886 251 2927 cum
283 2869 456 2929 omni
482 2869 786 2927 devotione
815 2869 1041 2940 egregio
1072 2867 1306 2940 martyri
1338 2867 1697 2924 dedicantes.

709 3012 945 3071 CAPUT
983 3012 1188 3070 xxm.

1885 453 2097 523 cidere,
2128 452 2500 512 decreverunt
2533 459 2623 523 ut,
2654 455 2978 513 interfectis
3016 456 3309 516 universis
3337 457 3531 517 fideli·

1883 540 2018 610 bus,
2052 541 2151 614 qui
2202 544 2330 614 ejus
2377 545 2543 601 urbis
2591 552 2760 602 erant
2812 546 3190 615 habitatores,
3221 547 3529 606 ecclesiam

1888 629 2197 688 Dominicae
2249 632 2711 692 Resurrectionis
2770 636 3086 707 dejicerent
3135 635 3422 703 funditus,
3473 640 3532 694 et

1880 718 2218 791 sepulcrum
2233 720 2462 778 Domini
2486 723 2557 780 ab
2580 724 2782 782 eadem
2813 724 3094 782 radicitus
3114 726 3525 794 convellerent,

1884 822 1957 863 ne
1987 807 2219 866 illoram
2251 811 2557 868 occasione
2586 816 2687 868 aut
2709 813 2991 871 orationis
3021 814 3228 887 gratia,
3260 814 3525 873 fidelium

1881 896 2136 969 populus
2165 899 2438 972 deinceps
2469 901 2761 972 accedere,
2787 908 2890 960 aut
2919 903 3121 960 urbem
3155 904 3526 976 frequentare

1881 991 2292 1058 proponerent.
2343 990 2450 1046 Sed
2491 990 2727 1047 tandem
2779 993 3032 1065 cognito,
3081 994 3235 1064 quod
3286 1009 3386 1065 per
3413 993 3524 1051 hoc

1880 1076 2107 1147 maiora
2138 1077 2485 1149 populorum
2512 1083 2840 1137 nostrorum
2860 1081 2919 1136 in
2943 1097 3004 1136 se
3028 1082 3347 1138 conflarent
3366 1080 3523 1150 odia,

1879 1167 1938 1220 et
1968 1165 2027 1220 in
2054 1182 2230 1224 suum
2259 1168 2663 1226 vehementius
2706 1169 3005 1227 irritarent
3033 1169 3356 1238 interitum,
3389 1187 3523 1227 mu·

1882 1258 1999 1311 tato
2044 1256 2310 1326 consilio,
2339 1262 2562 1315 extorta
2590 1260 2664 1315 ab
2693 1258 2775 1316 eis
2802 1259 3083 1317 violenter
3119 1260 3392 1317 universa
3423 1274 3525 1333 pe·

1880 1343 2076 1414 cunia,
2102 1349 2159 1401 et
2187 1346 2470 1418 quidquid
2515 1347 2729 1404 habere
2757 1348 3126 1416 videbantur,
3160 1348 3519 1421 quatuorde-

1880 1430 1995 1487 cirn
2036 1448 2344 1491 aureorum
2388 1435 2594 1506 millia,
2639 1441 2766 1494 tum
2800 1454 2833 1495 a
2861 1437 3209 1509 patriarcha,
3252 1439 3355 1511 qui
3386 1440 3524 1494 tuuc

1882 1521 2013 1578 urbi
2068 1529 2328 1597 praeerat,
2375 1532 2497 1581 tum
2545 1543 2579 1583 a
2607 1526 2824 1600 populo
2857 1527 3133 1598 civitatis,
3163 1532 3290 1585 tum
3322 1544 3391 1585 ex
3416 1526 3522 1583 ad-

1874 1612 2202 1682 jacentibus
2235 1615 2603 1672 monasteriis
2645 1616 3054 1674 abstulerunt:
3087 1619 3241 1675 unde
3270 1616 3526 1689 oportuit

1879 1703 2146 1759 eumdem
2179 1703 2367 1760 virum
2400 1704 2811 1775 venerabilem,
2846 1710 2913 1762 ut
2942 1705 3178 1763 haberet
3209 1707 3364 1763 unde
3393 1710 3521 1763 tan-

1872 1795 1995 1848 tam
2022 1808 2310 1849 summam
2331 1797 2566 1851 extortae
2596 1796 2854 1867 pecuniae
2882 1795 3104 1853 solvere
3132 1800 3327 1869 posset
3355 1796 3521 1869 (nam

1872 1883 1946 1938 ad
1979 1882 2037 1938 id
2071 1882 2475 1940 universorum
2508 1901 2623 1940 non
2657 1883 3025 1942 sufficiebant
3056 1884 3432 1957 patrimonia)
3462 1888 3522 1940 et

1867 1975 1936 2028 ut
1965 1971 2221 2044 inopiam
2250 1989 2441 2039 suam,
2476 1978 2534 2030 et
2563 1972 2747 2045 plebis
2778 1989 3130 2046 quocunque
3161 1974 3331 2030 modo
3365 1988 3517 2031 con·

1872 2061 2161 2119 solaretur
2191 2063 2562 2134 tenuitatem,
2586 2063 2644 2117 in
2667 2064 2917 2136 Cyprum
2941 2063 3198 2120 insulam
3230 2061 3517 2135 navigare,

1871 2159 1935 2207 ut
1968 2151 2046 2207 ibi
2079 2168 2111 2207 a
2138 2151 2410 2209 fidelibus
2438 2153 2938 2223 eleemosynarum
2966 2157 3024 2209 et
3052 2152 3159 2225 piae
3190 2151 3520 2225 largitionis

1872 2238 2230 2298 mendicaret
2259 2241 2558 2315 suffragia,
2584 2258 2713 2313 quoe
2735 2241 2941 2297 attritae
2970 2245 3029 2298 et
3057 2240 3339 2297 esurienti
3361 2237 3518 2312 plebi

1870 2328 1995 2398 Dei,
2027 2345 2150 2402 quae
2180 2331 2596 2403 Hierosolymis
2626 2336 2683 2389 et
2711 2332 2771 2386 in
2794 2333 2926 2403 ejus
2952 2330 3169 2387 finibus
3191 2327 3515 2400 habitabat,

1874 2421 2129 2476 mitteret
2157 2421 2229 2477 ad
2258 2419 2386 2476 vitae
2412 2420 2911 2477 sustentationem.
2947 2419 3062 2479 Nec
3091 2419 3268 2476 etiam
3295 2418 3403 2475 boc
3430 2417 3518 2475 eis

1869 2508 2063 2566 visum
2094 2513 2185 2566 est
2213 2509 2502 2579 sufficere,
2550 2511 2653 2567 sed
2697 2510 2940 2566 extortis
2969 2524 3004 2566 a
3034 2508 3200 2582 plebe
3231 2522 3332 2581 per
3359 2522 3519 2579 qun-

1871 2598 2093 2655 stiones
2120 2602 2180 2655 et
2213 2599 2415 2670 gravia
2446 2601 2736 2655 tormenta
2755 2598 2924 2654 bonis
2945 2597 3239 2668 omnibus,
3259 2596 3518 2667 exceptis

1872 2689 2016 2747 solis
2041 2688 2278 2746 senibus
2306 2693 2364 2745 st
2381 2687 2817 2746 valetudinariis
2848 2687 3192 2745 mulieribus
3222 2691 3282 2745 et
3305 2703 3513 2761 parvu-

1871 2776 1965 2846 lis,
2007 2793 2211 2834 omnes
2255 2777 2402 2834 alios
2452 2778 2591 2834 urbe
2648 2776 3035 2851 depulerunt:
3087 2778 3191 2849 qui
3230 2791 3416 2850 usque
3442 2774 3516 2833 ad

1873 2872 2212 2925 nostrorum
2242 2867 2555 2924 adventum
2588 2868 2647 2923 in
2692 2865 2899 2924 viculis
2933 2865 3281 2924 suburbanis
3312 2863 3522 2923 delite-

1872 2961 2122 3030 scentes,
2151 2956 2409 3031 quotidie
2440 2962 2684 3015 mortem
2705 2956 3138 3030 exspectabant,
3162 2971 3279 3015 uon
3300 2955 3518 3014 auden-

1875 3051 1962 3104 tes
1995 3047 2200 3104 urbem
2232 3047 2472 3104 introire
2504 3066 2519 3116 ;
2554 3048 2655 3104 sed
2686 3061 2792 3103 nec
2822 3046 3075 3103 exterius
3121 3046 3275 3103 inter
3320 3060 3515 3117 perse·

118 3122 567 3196 fflfl'ffldymffae
612 3120 746 3178 ”W
789 3119 1053 3195 s⁰rtib¹⁸³s
1101 3121 1278 3176 ‘'rm‘'
1318 3124 1372 3176 0²
1416 3120 1763 3188 υῑθῑῑωῑῑὺωι
1797 3111 1850 3179 C
1877 3140 2150 3209 quentem
2181 3135 2482 3208 populum,
2516 3139 2641 3192 tuta
2661 3135 2745 3192 eis
2766 3136 3019 3192 dabatur
3033 3134 3522 3208 requies‚haben-

190 3196 388 3253 urbem
412 3195 793 3251 communiunt
818 3192 1134 3262 diliqenter.
1168 3193 1321 3249 Cives
1339 3190 1527 3263 fideles
1552 3208 1624 3248 ex
1647 3193 1771 3265 plu-

184 3271 341 3325 rima
365 3270 527 3340 par-tc
549 3269 709 3322 extra
739 3264 930 3322 urbem
954 3263 1278 3336 projiciunt.

186 3412 425 3470 Interea
466 3407 949 3480 Hierosolymitae,
998 3407 1067 3462 de
1125 3409 1459 3463 nostrorum
1518 3406 1768 3464 adventu

124 3501 347 3560 nuntiis
389 3496 583 3556 edocti
631 3496 1050 3570 frequentibus,
1083 3496 1336 3552 scientes
1379 3495 1533 3567 quod
1582 3496 1772 3553 omnis

20 3657 23 3662 ,
124 3607 248 3666 quai
278 3588 564 3648 advenire
589 3588 890 3645 dicebatur
911 3586 1247 3654 multitudo,
1266 3585 1516 3658 speciale
1545 3591 1603 3643 et
1631 3603 1768 3659 prae·

124 3681 366 3753 cipuum
398 3677 636 3735 haberet
663 3675 953 3734 civitatem
988 3673 1148 3730 illam
1179 3674 1481 3731 obtinendi
1508 3675 1770 3748 proposi-

20 3807 23 3818 .
126 3774 269 3841 tum,
302 3772 535 3843 quanta
564 3771 811 3840 possunt
839 3764 1165 3837 diligentia,
1199 3770 1416 3837 quanta
1438 3763 1630 3821 valent
1650 3764 1772 3822 sol-

20 3929 23 3952 Ι
125 3858 459 3928 licitudine,
491 3856 693 3913 urbem
722 3854 1083 3913 communire
1114 3857 1425 3926 satagunt;
1457 3854 1635 3912 victui
1665 3871 1775 3912 ne-

20 3961 23 4000 :
128 3948 403 4016 cessaria,
437 3960 732 4004 armorum
763 3960 978 4018 genera
1002 3942 1294 4015 quislibet,
1337 3941 1518 4015 ligna,
1555 3943 1773 4000 ferrum

20 4061 23 4066 ·
128 4043 181 4094 ct
198 4036 542 4111 chalybem,
561 4040 998 4106 etquaecunque
1020 4032 1274 4089 obsessis
1293 4031 1481 4089 solent
1503 4036 1774 4104 praestare

20 4153 27 4180 ·.
131 4125 496 4209 presidium,
527 4138 852 4196 corrogare,
882 4125 940 4177 et
967 4121 1026 4176 in
1057 4120 1263 4177 urbem
1296 4120 1531 4187 inferre,
1564 4119 1774 4176 studiis

20 4227 29 4262 =
129 4215 463 4273 seinvicem
485 4211 982 4288 provenientibus,
1005 4210 1382 4267 contendunt.
1409 4210 1516 4266 Sed
1540 4212 1598 4265 et
1616 4209 1776 4282 prin-

130 4320 259 4378 ceps
288 4304 623 4378 Egyptius,
653 4301 752 4374 qui
786 4300 969 4357 multo
989 4298 1186 4356 labore
1206 4300 1407 4356 eodem
1430 4315 1606 4365 anno,
1626 4298 1774 4355 'Pur-

32 4449 37 4454 .
128 4410 331 4453 eorum
353 4392 597 4466 expulso
626 4390 979 4465 principatu,
1014 4389 1345 4461 praedictam
1376 4388 1581 4445 urbem
1613 4405 1776 4446 rece·

1876 3226 2034 3283 tibus
2053 3226 2313 3283 locorum
2334 3225 2538 3283 incolis
2557 3240 2791 3282 omnem
2814 3240 3016 3283 eorum
3037 3230 3367 3298 suspectam
3386 3240 3520 3300 ope-

1878 3332 2032 3384 ram,
2062 3320 2120 3373 et
2148 3332 2248 3373 eos
2303 3332 2492 3388 usque
2527 3318 2600 3372 ad
2646 3315 2978 3372 immundas
3023 3318 3080 3372 et
3127 3314 3522 3373 intolerabiles

1878 3408 2326 3481 perurgentibus
2357 3407 2648 3480 angarias.
2686 3407 2821 3464 Erat
2850 3410 3126 3479 praeterea
3151 3408 3355 3464 eodem
3380 3411 3522 3464 tam·

1880 3513 2038 3571 pore,
2070 3498 2131 3554 in
2160 3498 2362 3554 eadem
2395 3498 2510 3554 Deo
2540 3495 2778 3553 amabili
2799 3496 3048 3565 civitate,
3076 3497 3168 3553 vir
3193 3498 3328 3554 vito
3355 3511 3526 3554 vene-

1879 3587 2079 3643 rabilis
2127 3594 2180 3644 et
2231 3587 2342 3643 lide
2391 3586 2663 3658 insignis,
2712 3584 2997 3642 Geraldus
3026 3584 3284 3656 nomine,
3315 3585 3418 3659 qui
3444 3585 3523 3653 ei,

1880 3677 1952 3734 de
1993 3694 2107 3749 quo
2137 3693 2319 3749 supra
2347 3676 2624 3739 diximus,
2651 3681 2890 3745 praeerat
2916 3673 3295 3743 xenodochio,
3319 3674 3378 3729 in
3404 3689 3523 3745 quo

1882 3784 2189 3842 pauperes,
2213 3765 2314 3838 qui
2336 3766 2614 3822 orationis
2634 3763 2819 3837 gratia
2831 3765 2903 3821 ad
2922 3764 3125 3821 urbem
3150 3762 3525 3838 accedebant,

1880 3856 2350 3929 hospitabantur,
2401 3858 2458 3910 et
2503 3851 2814 3928 aliqualem
2866 3869 2968 3925 pro
3004 3852 3127 3909 loco
3170 3856 3230 3909 st
3267 3858 3524 3926 tempore

1883 3946 2194 4004 sumebant
2223 3943 2618 4002 resectionem.
2643 3942 2805 3999 Hunc
2824 3944 3121 4000 credentes
3144 3942 3521 4015 pecuniarum

1883 4040 2142 4112 aliquam
2172 4037 2387 4095 habere
2403 4035 2843 4109 repositionem,
2867 4039 2924 4093 et
2946 4038 3288 4107 suspectum
3310 4034 3523 4092 haben·

1881 4134 1969 4186 tes
2000 4144 2071 4185 ne
2101 4127 2161 4183 in
2193 4129 2526 4183 nostrorum
2571 4125 2820 4182 adventu
2854 4124 3072 4197 aliquid
3104 4123 3190 4181 sis
3221 4123 3527 4181 moliretur

1883 4220 2251 4286 damnosum,
2283 4214 2530 4273 vinculis
2558 4214 2932 4287 subjecerunt
2962 4217 3021 4272 et
3048 4212 3409 4287 verberibus,
3442 4214 3524 4271 ita

1883 4312 1950 4365 ut
1967 4323 2247 4364 manuum
2272 4323 2337 4364 ac
2359 4306 2572 4379 pedum
2595 4305 2923 4378 torquendo
2940 4303 3068 4377 ejus
3091 4304 3524 4377 confringerent

1885 4397 2180 4468 articulos,
2220 4401 2276 4454 et
2305 4395 2698 4454 membrorum
2730 4400 2948 4467 partem
2978 4393 3292 4451 maximam
3324 4394 3527 4451 redde-

130 4491 317 4561 perat,
347 4489 649 4559 comperto
687 4483 842 4556 quod
873 4482 945 4539 ab
976 4480 1285 4538 Antiochia
1315 4489 1505 4538 noster
1550 4481 1769 4537 disces«
1802 4474 1849 4542 D
1880 4491 2011 4545 rent
2037 4486 2323 4544 inutilem.

130 4580 287 4635 serat
311 4575 621 4644 exercitus,
652 4575 872 4647 quanto
912 4574 1138 4643 poterat
1166 4569 1383 4640 studio,
1405 4574 1595 4626 turres
1618 4586 1777 4643 repa—

132 4667 241 4724 rari
282 4668 642 4740 praeeperat
667 4671 726 4720 et
755 4661 989 4719 moenia.
1039 4660 1276 4718 Civibus
1325 4663 1388 4716 ut
1433 4675 1631 4717 eorum
1666 4657 1775 4716 sibi

26 4809 33 4814 .
130 4760 179 4814 et
204 4756 391 4814 fldem
415 4752 750 4812 conciliaret
785 4754 842 4808 et
871 4750 1137 4824 gratiam,
1187 4750 1258 4806 de
1307 4748 1536 4821 proprio
1573 4750 1775 4806 aerario

133 4861 257 4903 cum
273 4844 469 4903 multa
480 4841 832 4899 liberalitate
852 4838 1169 4896 ministrari
1190 4839 1535 4912 pracipiens
1560 4838 1775 4912 stipen-

32 4967 37 4972 -
133 4935 245 5005 dia,
274 4933 634 4992 tributorum
662 4936 720 4990 et
747 4927 1119 5003 vectigalium
1151 4929 1552 5000 proestationes
1570 4928 1773 4985 remit-

130 5028 253 5082 tens
276 5026 341 5083 in
368 5032 716 5098 perpetuum
742 5036 757 5077 t
789 5019 888 5094 qui
918 5022 1044 5075 tum
1074 5022 1141 5074 ut
1165 5016 1291 5073 vitis
1322 5017 1687 5075 consulerent
1718 5024 1774 5076 et

34 5117 41 5182 Ι,
136 5114 328 5186 saluti,
357 5118 490 5172 tum
520 5116 585 5169 ut
603 5114 778 5169 tanto
809 5108 1092 5167 libertatis
1112 5106 1568 5164 sublimarentur
1595 5107 1773 5180 privi-

36 5185 41 5200 '
138 5203 307 5280 legio,
343 5204 513 5279 regia!
542 5203 877 5275 satagentes
899 5213 1100 5274 parere
1119 5196 1423 5258 voluntati.
1445 5196 1772 5254 convocatis

137 5295 451 5354 vicinarum
500 5292 740 5352 urbium
783 5289 1027 5358 civibus,
1056 5287 1198 5344 viris
1226 5287 1471 5343 fortibus
1508 5289 1567 5343 et
1594 5285 1771 5345 indu-

140 5385 315 5456 striis,
357 5392 411 5444 et
457 5381 705 5443 armatis
745 5380 987 5455 optime,
1039 5377 1246 5434 urbem
1304 5375 1774 5435 communierant

142 5479 458 5556 diligenter.
483 5479 735 5550 Insuper
759 5472 938 5530 etiam
966 5467 1374 5529 convenientes
1403 5482 1610 5526 omnes
1631 5484 1775 5528 una·

80 5615 87 5622 .
144 5570 367 5629 nimiter
396 5569 463 5628 in
489 5565 638 5626 atrio
654 5560 883 5635 templi,
910 5560 1065 5635 quod
1096 5562 1222 5617 erat
1249 5556 1772 5635 spatiosissimum,

2467 4592 2699 4652 CAPUT
2739 4590 2932 4649 XXIV.

1882 4686 2286 4743 Bethlehemitae
2331 4683 2402 4740 ad
2442 4685 2710 4756 principes
2777 4682 2985 4754 levatos
3021 4679 3270 4753 dirimant
3303 4694 3326 4743 ,·
3372 4677 3525 4735 diri-

1952 4760 2104 4831 gitur
2146 4758 2282 4813 illuc
2310 4755 2642 4824 Tenendum,
2672 4753 2770 4827 qui
2802 4754 3088 4811 ecclesiam
3124 4756 3176 4808 et
3204 4753 3383 4808 locum
3428 4766 3524 4808 oc-

1953 4838 2137 4903 cupae.

1951 4937 2369 4993 consummato
2400 4933 2579 5007 igitur
2600 4931 2678 4988 ibi
2700 4929 2913 5002 tridue,
2945 4929 3287 4987 custodibus
3314 4927 3397 4986 ibi
3419 4927 3526 4985 ali-

1879 5028 2024 5098 quot
2052 5024 2367 5097 deputatis,
2413 5022 2512 5095 qui
2553 5021 2925 5078 munitiorem
2971 5019 3237 5092 ejusdem
3268 5017 3522 5078 civitatis

1878 5118 2102 5187 partem
2127 5114 2198 5170 ab
2220 5112 2479 5169 hostium
2499 5113 2806 5168 tuerentur
2827 5109 3083 5179 insidiis,
3104 5125 3339 5167 summo
3359 5106 3519 5165 dilu-

1877 5202 2093 5276 culogad
2106 5200 2540 5274 exsequendum
2554 5214 2614 5257 se
2625 5198 2932 5274 accingunt
2944 5198 3296 5273 propositum
3307 5239 3321 5255 .
3334 5196 3521 5268 Unde,

1878 5293 2200 5365 assumptis
2235 5291 2461 5349 itineris
2509 5289 2779 5359 ducibus,
2830 5288 2970 5346 viris
3006 5288 3415 5363 prudentibus,
3461 5290 3521 5348 et

1878 5385 2138 5443 locorum
2171 5384 2394 5458 peritis,
2416 5386 2800 5459 pervenerunt
2829 5380 3177 5457 Nicopolim.
3200 5381 3300 5441 snt
3319 5384 3518 5440 autem

1875 5474 2171 5548 Nicopolis
2203 5473 2408 5532 civitas
2439 5472 2754 5532 Palestinn
2784 5487 2801 5529 t
2834 5471 3009 5540 hanc,
3042 5473 3183 5531 dum
3220 5471 3386 5530 vicus
3417 5471 3522 5530 ad-

1877 5566 1996 5623 huc
2026 5569 2203 5635 esset,
2232 5582 2400 5624 sacer
2427 5563 2866 5639 Evangeliorum
2886 5560 3039 5622 liber
3057 5561 3371 5638 appellavit
3399 5564 3525 5622 Em·
