3784 6000
881 200 1254 262 EPISTOLAE
1290 200 1378 258 ET
1416 194 1858 260 vaiLEGlA.
1907 233 1970 244 -·
1998 192 2115 260 ΑΝ.
2147 193 2301 263 1184.

3159 209 3302 272 1258

137 348 393 391 ausuras
430 332 701 390 locorum
724 336 1087 397 vestrorum,
1120 346 1224 386 seu
1264 327 1536 401 grangia·
1575 328 1770 401 A-que
1792 330 2793 404 possessiones,quoeconquebona
2811 333 3027 392 eadem
3047 336 3302 396 ecclesia

137 429 410 479 isti-arum
454 421 680 478 furtum
720 422 932 492 tacere,
974 420 1176 491 ignem
1218 432 1543 491 apponere,

137 513 332 568 niuem
369 526 582 583 capere
614 510 703 567 vel
744 509 1070 566 interficere
1109 507 1346 565 audeat.
1389 505 1546 575 Adii-

151 608 350 658 autem
391 601 738 658 auctoritate
785 598 1174 655 nihilominus
1213 595 1546 668 apostolica

138 707 300 754 mus,
330 695 393 746 ut
421 688 562 746 nulli
593 689 879 761 episcopo
908 687 1085 744 liceat
1103 687 1160 743 in
1183 685 1430 741 ecclesia
1451 701 1546 741 ve-

140 780 331 837 tiones
360 778 554 835 facere
592 778 684 835 vel
726 778 944 834 missas
983 775 1255 848 publicas
1296 775 1424 831 sine
1453 791 1546 831 as·

137 874 305 924 ‘estro
335 867 656 934 celebrare,
690 883 764 923 ne
804 865 1152 922 monasticae
1192 862 1544 936 simplicitas

137 973 219 1013 noe
245 972 382 1028 quae
410 972 513 1029 per
553 955 831 1028 praelatos
869 953 1256 1011 ecclesiarum
1284 951 1544 1008 fovenda

142 1046 279 1112 itur,
319 1044 715 1117 popularibus
757 1043 1106 1100 tumultibus
1146 1042 1540 1113 perturbetur.

141 1152 271 1189 mus
304 1150 447 1203 ergo
479 1140 539 1188 ut
565 1132 708 1189 nulli
747 1132 997 1189 omnino
1028 1131 1343 1187 hominum
1372 1129 1546 1186 liceat

142 1240 199 1279 m
217 1223 644 1280 monasterium
669 1229 886 1278 temere
912 1219 1258 1293 perturbare
1289 1223 1393 1276 aut
1414 1218 1542 1290 ejus

138 1313 302 1368 iones
332 1310 584 1374 auferre,
613 1309 1235 1373 velablatas'retinere,
1278 1308 1543 1363 minuere

136 1401 394 1456 buslibet
431 1398 844 1456 vexationibus
877 1397 1149 1469 fatigare,
1193 1396 1299 1452 sed
1337 1395 1544 1452 omnia

145 1494 593 1556 conserventur,
607 1503 838 1556 eorum,
859 1502 966 1558 pro
982 1501 1241 1559 quorum
1253 1485 1546 1555 guberna-

137 1597 145 1632 =
173 1578 903 1634 sustentationeconcessa
927 1580 1087 1640 sunt,
1120 1574 1329 1631 usibus
1357 1575 1547 1631 omni-

1651 416 2194 489 impraesentiarum
2214 421 2376 495 juste
2406 426 2463 478 et
2489 422 2773 478 canonice
2801 424 3089 495 possidet,
3112 433 3216 484 aut
3243 428 3304 485 in

1652 505 1920 564 futurum
1976 511 2366 567 concessione
2411 511 2784 582 pontificum,
2848 513 3161 586 largitione
3218 533 3307 574 re-

1653 609 1797 665 gum
1837 596 1930 660 vel
1965 597 2328 672 principum,
2368 597 2671 656 oblatione
2701 601 2991 674 fidelium,
3025 620 3131 661 seu
3174 606 3309 664 aliis

1646 683 1823 755 justis
1842 686 2056 754 modis,
2075 693 2393 759 proestante
2421 689 2561 756 Dec,
2598 691 2810 763 poterit
2840 691 3111 765 adipisci,
3133 693 3310 754 firma
3347 735 3351 739 -

1653 772 1825 829 vobis
1868 775 2197 848 vestrisque
2233 777 2679 835 successoribus
2719 783 2776 835 et
2813 779 3042 838 illibata
3076 797 3313 854 perma-

1651 869 1853 919 neant.
1881 867 1944 920 ln
1970 864 2192 938 quibus
2205 866 2335 923 haec
2347 866 2900 939 propriisduximus
2914 871 3311 943 exprimenda

1653 950 2005 1009 vocabulis:

1723 1042 1944 1097 Locum
1983 1042 2183 1115 ipsum
2213 1044 2273 1100 in
2312 1059 2434 1116 quo
2471 1045 2718 1118 praefata
2755 1046 3008 1105 ecclesia
3043 1049 3159 1107 sita
3194 1054 3306 1121 est,

1651 1145 1787 1186 cum
1823 1131 2110 1187 omnibus
2153 1134 2522 1206 pertinentiis
2567 1136 2709 1202 suis,
2750 1136 3030 1194 ecclesias
3078 1141 3311 1197 Sanctae

1651 1219 1843 1276 Mariae
1870 1222 1928 1275 et
1954 1221 2153 1277 Sancti
2185 1222 2330 1278 Petri
2355 1222 2430 1279 de
2461 1223 2669 1280 Castro
2696 1226 2988 1295 Argenteo
3014 1243 3151 1283 cum
3177 1243 3317 1301 per-

1653 1307 1912 1365 tinentiis
1936 1310 2078 1376 suis„
2111 1311 2424 1368 ecclesiam
2456 1313 2651 1369 Sancti
2682 1313 2897 1371 Albani
2936 1313 3010 1371 de
3038 1317 3313 1375 Mosterio

1650 1412 1790 1453 cum
1825 1398 2110 1455 omnibus
2151 1401 2515 1472 pertinentiis
2557 1402 2701 1466 suis,
2742 1403 3059 1461 ecclesiam
3108 1403 3314 1463 Sancti

1652 1485 1948 1544 Laurentii
1990 1487 2065 1543 de
2113 1493 2315 1546 monte
2343 1488 2530 1546 Girolt
2562 1506 2704 1546 cuin
2745 1490 2995 1548 decimis
3038 1497 3096 1550 et
3135 1494 3318 1567 perti·

1656 1575 1868 1631 nentiis
1898 1574 2042 1642 suis,
2076 1577 2387 1635 ecclesiam
2425 1580 2626 1636 Sancti
2666 1581 2817 1637 Ursii
2850 1580 2925 1637 de
2961 1583 3148 1641 Conia
3176 1599 3319 1653 cum,

144 1663 1110 1737 rot'utura,salvasedisapotolicae
1124 1665 1475 1720 auctoritate
1493 1667 1549 1719 et
1577 1676 1620 1732 Β
1654 1663 1903 1719 decimis
1939 1670 1996 1721 et
2027 1667 2395 1736 pertinentiis
2436 1669 2577 1735 suis,
2617 1669 2930 1726 ecclesiam
2966 1673 3163 1729 Sancti
3196 1673 3316 1731 Ste-

139 1756 297 1813 ensis
341 1754 686 1812 monasterii
725 1760 780 1810 et
818 1753 1077 1810 ecelesiae
1111 1754 1168 1809 S.
1208 1751 1437 1808 Martini
1472 1752 1547 1808 de

165 1844 365 1902 debita
390 1844 738 1901 reverentia.
773 1843 826 1900 Si
849 1857 972 1914 qua
992 1842 1168 1914 igitur
1197 1841 1257 1896 in
1281 1841 1547 1896 futurum

137 1935 293 1992 ‚stica
306 1933 682 1991 saecularisve
696 1949 957 2006 persona
970 1932 1129 1988 hanc
1143 1936 1358 1987 nostrae
1380 1945 1545 1988 cons,

136 2025 180 2079 is
194 2026 479 2097 paginam
507 2023 724 2091 sciens,
741 2037 853 2078 con
864 2028 950 2078 tra
961 2037 1094 2077 eam
1113 2025 1330 2078 temere
1346 2021 1547 2076 venire

137 2113 222 2179 rit,
237 2112 502 2169 secundo
527 2113 767 2170 tertiove
781 2112 1170 2176 commonita,
1191 2109 1547 2166 nisireatum

137 2217 379 2271 :ongrua
417 2200 820 2269 satisfactione
857 2197 1196 2268 correxerit,
1239 2198 1547 2271 potestatis

140 2308 256 2365 que
283 2292 373 2346 sni
397 2289 1220 2360 careatdignitate,reamque
1252 2303 1312 2343 se
1348 2286 1548 2342 divino

144 2381 390 2437 existere
420 2379 496 2436 de
520 2377 1186 2453 perpetratainiquitate
1225 2379 1551 2447 cognoseat

137 2469 449 2525 =ratissimo
490 2483 739 2539 corpore
780 2483 851 2524 ac
875 2465 1171 2538 sanguine
1200 2464 1300 2521 Dei
1342 2469 1398 2520 et
1434 2463 1548 2519 Do·

137 2557 484 2630 idemptoris
533 2558 717 2613 nostri
751 2559 888 2613 Jesu
943 2555 1152 2612 Christi
1205 2555 1401 2611 aliena
1448 2552 1554 2609 flat

137 2664 159 2704 ι
182 2652 447 2704 extremo
459 2647 734 2703 examine
754 2646 973 2702 divinae
992 2644 1200 2701 ultioni
1222 2643 1550 2714 subjaceat.

162 2744 363 2794 autem
388 2736 582 2792 eidem
597 2736 731 2793 loco
759 2751 872 2792 sua
895 2735 1033 2805 jura
1053 2731 1452 2798 servantibus,
1480 2730 1557 2803 sig

137 2826 293 2883 »mini
344 2826 528 2882 nostri
560 2827 699 2881 Jesu
769 2824 1000 2890 Christi,
1041 2827 1339 2896 quatenus
1369 2827 1424 2876 et
1458 2819 1556 2876 hic

137 2932 153 2972 ι
188 2915 364 2972 bonae
399 2914 648 2970 actionis
686 2912 1017 2985 percipiant
1062 2917 1119 2968 et
1155 2910 1322 2983 apud
1358 2908 1556 2965 distri-

1657 1752 1839 1824 phani
1864 1753 1940 1809 de
1965 1755 2230 1812 Grazano
2252 1772 2390 1813 cum
2417 1755 2669 1813 decimis
2687 1763 2745 1814 et
2773 1759 3141 1830 pertinentiis
3168 1763 3315 1829 suis,

1654 1841 1971 1898 ecclesiam
2008 1841 2209 1900 Sancti
2252 1845 2477 1902 Martini
2523 1846 2598 1903 de
2627 1846 2842 1904 varaia
2886 1863 3024 1905 cum
3061 1849 3315 1906 decimis

1655 1936 1713 1987 et
1738 1931 2101 2003 pertinentiis
2132 1933 2278 2000 suis,
2306 1932 2620 1991 ecclesiam
2653 1934 2849 1992 Sancti
2877 1936 3204 1993 Salvatoris
3242 1935 3317 1993 de

1655 2018 1890 2076 Valesia
1932 2035 2072 2076 cum
2124 2021 2498 2093 appendiciis
2543 2023 2687 2088 suis,
2748 2023 3065 2082 ecclesiam
3121 2025 3320 2083 Sancti

1654 2109 1681 2165 J
1686 2106 1859 2164 acobi
1880 2107 1956 2164 de
1977 2108 2233 2166 Ussonia
2255 2115 2309 2167 et
2334 2109 2535 2169 locum
2556 2111 2631 2167 de
2650 2111 2897 2169 Stillano
2927 2129 3065 2171 cum
3098 2129 3324 2187 appen-

1655 2196 1828 2253 diciis
1857 2198 2004 2267 suis,
2034 2198 2343 2256 ecclesiam
2377 2200 2572 2256 Sancti
2611 2201 2859 2257 loannis
2884 2201 2959 2258 de
2986 2204 3231 2271 Quarto,
3265 2205 3323 2260 et

1656 2285 1972 2343 ecclesiam
1990 2288 2186 2344 Sancti
2204 2288 2452 2344 Andreas
2473 2290 2547 2345 de
2576 2289 2813 2346 Pavone
2829 2306 2966 2347 cum
2992 2291 3244 2348 decimis
3268 2295 3325 2349 et

1656 2374 2028 2448 appendiciis
2051 2377 2195 2443 suis,
2218 2377 2534 2436 ecclesiam
2555 2378 2628 2434 de
2652 2379 2896 2450 Salugia
2920 2396 3060 2436 cum
3077 2380 3326 2438 decimis

1658 2469 1714 2520 et
1739 2464 2110 2537 appendiciis
2142 2467 2288 2532 suis,
2318 2466 2633 2524 ecclesiam
2665 2467 2864 2525 Sancti
2900 2469 3061 2525 Pauli
3086 2469 3161 2526 de
3185 2471 3320 2527 Ver·

1658 2553 1740 2608 zel
1762 2553 1937 2624 juxta
1961 2554 2185 2610 Sesiam
2209 2570 2347 2611 cum
2375 2555 2748 2627 appendiciis
2775 2557 2922 2612 suis.
2954 2557 3108 2615 Sane
3135 2572 3325 2615 nova-

1653 2642 1807 2698 lium
1830 2648 2167 2700 vestrorum
2190 2659 2325 2716 quae
2354 2643 2615 2717 propriis
2643 2645 2923 2701 manibus
2946 2651 3051 2702 aut
3073 2647 3325 2719 sumpti·

1662 2729 1776 2786 bus
1820 2731 2031 2798 colitis,
2085 2731 2206 2788 sive
2259 2731 2334 2787 de
2385 2733 2762 2788 nutrimentis
2815 2739 3146 2790 vestrorum
3198 2735 3325 2792 ani-

1663 2819 1938 2888 malium,
1978 2819 2177 2876 nullus
2217 2837 2255 2878 a
2283 2821 2453 2877 vobis
2490 2823 2758 2878 decimas
2786 2828 3137 2896 extorquere
3175 2838 3324 2896 prae-

1663 2914 1882 2965 sumat.
1932 2911 2124 2967 Liceat
2154 2926 2399 2982 quoque
2437 2910 2605 2967 vobis
2646 2910 2893 2967 clericos
2921 2912 3012 2967 vel
3046 2911 3254 2980 laicos,
3291 2928 3325 2969 e

142 3005 374 3062 udicem
414 3004 662 3077 proemia
716 3008 950 3059 aeternae
999 3000 1168 3075 pacis
1226 2999 1551 3057 inveniant.
1590 3033 1632 3091 C
1664 2997 1878 3054 saeculo
1909 2996 2201 3068 fugientes
2235 2996 2457 3057 liberos
2500 3006 2555 3057 et
2589 2998 2924 3072 absolutos,
2966 3002 3046 3058 ad
3074 3017 3320 3059 conver·

137 3199 182 3239 n
236 3180 529 3246 verulani,
564 3195 670 3253 per
707 3194 960 3236 manum
1010 3177 1229 3235 Alberti
1272 3178 1330 3235 S.
1381 3179 1445 3234 R.
1488 3178 1548 3233 E.

137 3272 235 3328 teri
264 3268 588 3327 cardinalis
616 3274 674 3325 et
698 3265 1056 3331 cancellarii,
1087 3283 1125 3321 ιι
1163 3269 1363 3323 Nonas
1397 3265 1549 3330 Maii,

137 3377 222 3417 »ne
262 3376 320 3423 u,
365 3358 801 3415 incarnationis
829 3355 1154 3412 Dominicoe
1199 3369 1361 3411 anno
1395 3352 1550 3419 1184,

138 3454 278 3507 atus
312 3464 452 3505 vero
488 3447 698 3504 domni
720 3444 879 3502 Lucii
903 3460 1074 3518 papae
1102 3444 1172 3500 111
1200 3458 1362 3500 anno
1401 3458 1480 3498 ιιι.

631 3570 823 3626 CXLV.

137 3682 250 3754 qia,
263 3678 668 3736 immunitates
681 3692 753 3733 ae
762 3675 1149 3746 possessiones
1165 3672 1464 3732 canonicae
1489 3672 1553 3729 S.

323 3752 459 3810 Ursi
482 3751 555 3807 de
591 3750 763 3805 Aosta
802 3747 1138 3815 confirmat.

461 3854 731 3929 (Verulis,
761 3853 889 3910 Maii
917 3852 1000 3923 7.)

139 3966 336 4022 seoriae
353 3963 566 4034 patria
599 3962 884 4027 Menum„
915 3959 1167 4024 Chartoe,
1197 3958 1240 4025 1,
1273 3956 1428 4032 930.]

142 4104 170 4142 s
200 4087 545 4158 episcopus,
574 4099 783 4139 servus
815 4097 1125 4138 servorum
1169 4080 1289 4147 Dei,
1328 4080 1559 4138 dilectis

137 4190 350 4231 launico
375 4174 554 4246 priori
587 4172 784 4229 Sancti
812 4172 958 4227 Petri
994 4175 1053 4226 et
1092 4170 1288 4226 Sancti
1323 4169 1450 4226 Ursi
1486 4169 1562 4225 de

137 4280 191 4330 a,
217 4268 277 4319 et
297 4261 597 4317 canonicis
624 4259 899 4331 ejusdem
925 4257 1209 4319 ecclesiae.
1253 4262 1378 4313 tam
1406 4273 1562 4328 prae-

137 4370 172 4407 s
196 4367 384 4422 quam
410 4349 639 4416 tuturis,
664 4348 1022 4405 canonicam
1044 4348 1225 4404 vitam
1252 4346 1560 4420 professis,
1595 4389 1642 4445 D

143 4445 369 4497 etuum.

137 4529 288 4585 iosis
312 4527 461 4584 votis
486 4540 751 4584 annuere
783 4530 840 4581 et
869 4541 941 4582 ea
969 4522 1166 4595 operis
1195 4523 1564 4581 exhibitione

137 4633 208 4674 2re
232 4616 499 4673 officium
528 4631 639 4671 nos
660 4615 865 4671 invitat
890 4612 1150 4685 suscepti
1179 4611 1485 4684 regiminis
1510 4618 1566 4668 et

139 4706 310 4763 detur
340 4706 574 4776 exigere
603 4703 866 4761 rationis.
903 4704 1249 4774 Eapropter,
1274 4700 1469 4757 dilecti
1504 4701 1563 4758 in

137 4813 160 4853 ³
190 4795 314 4862 filii,
343 4794 552 4851 vestris
570 4792 749 4864 justis
773 4789 1280 4866 postulationibus
1312 4788 1568 4846 clemen-

137 4887 374 4951 iuimus,
415 4890 471 4940 et
498 4882 811 4955 proefatam
841 4879 1177 4946 ecclesiam,
1214 4878 1276 4935 in
1318 4894 1440 4951 qua
1475 4878 1569 4935 di-

137 4973 410 5047 lancipati
452 4978 587 5029 estis
625 4970 942 5043 obsequio,
983 4967 1098 5025 sub
1128 4967 1286 5024 beati
1328 4966 1475 5023 Petri
1511 4969 1569 5023 et

140 5064 505 5138 protectione
543 5060 909 5132 suscipimus
947 5063 1007 5114 et
1035 5057 1342 5130 praesentis
1367 5056 1567 5129 scripti

137 5153 215 5223 gio
243 5152 717 5216 communimus,
738 5147 1034 5219 imprimis
1056 5145 1358 5218 siquidem
1383 5150 1567 5201 statu-

137 5245 171 5297 it
196 5241 346 5298 ordo
384 5240 733 5304 canonicus,
757 5237 860 5310 qui
901 5234 1233 5291 secundum
1257 5233 1358 5289 Dei
1397 5233 1568 5290 timo-

171 5332 230 5387 B.
272 5330 586 5399 Augustini
615 5326 904 5399 Regulam
949 5324 1010 5380 in
1045 5324 1176 5396 ipsa
1205 5322 1455 5379 ecclesia
1485 5320 1570 5378 in-

137 5434 302 5475 iesse
330 5418 720 5489 dignoscitur,
753 5414 1059 5488 perpetuis
1086 5410 1313 5469 ibidem
1342 5414 1572 5483 tempo·

137 5505 528 5565 nviolabiliter
555 5505 919 5563 observetur.
949 5504 1238 5560 Proeterea
1272 5513 1574 5575 quascun-

187 5614 439 5673 Puaoi..
470 5611 604 5671 Cel.

1664 3087 1898 3143 sionem
1931 3088 2189 3160 recipere
2229 3094 2284 3145 et
2316 3104 2419 3145 eos
2452 3089 2679 3162 absque
2714 3090 3183 3148 contradictione
3212 3090 3318 3148 ali-

1663 3191 1785 3249 qua
1813 3176 2087 3235 retinere.

1738 3265 2132 3323 prohibemus
2180 3268 2430 3339 insuper
2487 3273 2551 3324 ut
2593 3268 2738 3325 nulli
2781 3268 3034 3326 fratrum
3088 3275 3321 3327 nostro·

1663 3370 1819 3419 rum,
1847 3354 2220 3426 postfactam
2250 3356 2310 3411 in
2339 3355 2553 3412 eodem
2580 3357 2712 3413 loco
2740 3358 3204 3430 professionem,
3236 3358 3323 3415 fas

1666 3445 1742 3500 sit
1781 3442 2013 3517 absque
2055 3443 2270 3515 prioris
2307 3444 2396 3500 sui
2425 3444 2657 3500 licentia
2691 3444 2767 3501 de
2804 3446 3020 3502 eodem
3046 3446 3178 3503 loco
3206 3447 3320 3503 nisi

1665 3532 1935 3589 arctioris
1949 3532 2250 3602 religionis
2262 3532 2532 3598 obtentu,
2549 3532 2854 3589 discedere
2874 3550 2889 3600 ;
2919 3534 3326 3591 discedentem

1662 3636 1828 3687 vere,
1855 3620 2418 3694 absquelitterarum
2439 3621 2854 3678 communium
2878 3621 3177 3691 cautione,
3200 3621 3331 3678 nul-

1669 3711 1759 3766 lus
1785 3710 2006 3769 audeat
2032 3711 2303 3768 retinere.
2333 3712 2480 3768 Cum
2511 3716 2713 3768 autem
2746 3711 3023 3782 generale
3049 3709 3331 3769 interdic-

1671 3805 1796 3857 tum
1833 3805 2000 3856 terroe
2028 3798 2225 3866 fuerit,
2259 3799 2433 3857 liceat
2472 3799 2663 3864 vobis,
2704 3799 2946 3867 clausis,
2975 3801 3201 3872 januis,
3227 3817 3327 3860 ex-

1669 3889 1846 3945 clusis
1874 3889 2407 3946 excommunicatis
2437 3895 2494 3946 et
2522 3889 2869 3957 interdictis,
2898 3904 3019 3945 non
3059 3890 3315 3963 pulsatis

1670 3979 2003 4050 campanis,
2027 3994 2359 4051 suppressa
2375 3994 2541 4045 voce,
2564 3977 2766 4034 divina
2786 3977 3323 4036 officiacelebrare.

1670 4068 1734 4123 ln
1759 4067 2202 4139 parochialibus
2229 4072 2433 4125 autem
2466 4066 2750 4136 ecclesiis,
2783 4082 2938 4140 quas
2965 4066 3225 4137 habetis,
3252 4066 3324 4124 li-

1672 4162 1802 4214 ceat
1828 4156 2000 4213 vobis
2016 4156 2357 4213 sacerdotes
2369 4156 2585 4229 eligere
2606 4155 3017 4213 etdioecesano
3031 4157 3319 4230 episcopo

1674 4250 2080 4321 praesentare3
2120 4244 2358 4318 quibus,
2400 4244 2447 4299 si
2482 4244 2681 4301 idonei
2721 4243 2960 4310 fuerint,
2993 4245 3318 4319 episeopus

1673 4338 2011 4394 animarum
2034 4349 2241 4391 curam
2262 4334 2613 4400 committat,
2630 4338 2695 4390 ut
2710 4334 2762 4389 ei
2787 4332 2861 4390 de
2884 4334 3317 4407 spiritualibus,

1676 4426 1843 4483 vobis
1866 4429 2066 4481 autem
2092 4423 2168 4480 de
2189 4423 2622 4496 temporalibus
2647 4423 2905 4481 debeant
2925 4424 3312 4497 respondere.

1674 4514 2056 4586 sepulturam
2078 4528 2318 4586 quoque
2340 4513 2525 4585 ipsius
2555 4511 2669 4569 loci
2694 4511 2948 4569 liberam
2964 4528 3095 4569 esse
3121 4512 3321 4569 decer-

1674 4604 1897 4669 nimus,
1933 4607 1995 4659 ut
2031 4617 2240 4658 eorum
2269 4601 2575 4658 devotioni
2614 4606 2670 4657 et
2710 4606 2989 4657 extremas
3030 4600 3318 4658 voluntati

1673 4693 1776 4766 qui
1801 4709 1863 4750 se
1874 4691 1991 4749 illic
2009 4690 2246 4765 sepeliri
2266 4689 2744 4756 deliberaverint,
2760 4688 2874 4745 nisi
2906 4690 3052 4746 forte
3075 4704 3320 4747 excom-

1677 4781 1960 4838 municati
1998 4779 2087 4835 vel
2116 4778 2413 4837 interdicti
2447 4779 2582 4843 sint,
2608 4778 2808 4835 nullus
2837 4778 3112 4845 obsistat,
3145 4777 3318 4837 salva

1675 4874 1876 4926 tamen
1904 4867 2138 4940 justitia
2171 4866 2405 4923 illarum
2434 4867 2822 4923 ecclesiarum
2851 4882 2887 4923 a
2910 4865 3129 4939 quibus
3157 4882 3316 4923 mor-

1675 4965 1918 5015 tuorum
1929 4971 2184 5029 corpora
2194 4960 2601 5013 assumuntur.
2618 4955 2886 5013 obeunte
2907 4970 3048 5011 vero
3058 4961 3133 5020 te,
3150 4971 3313 5013 nunc

1674 5048 1949 5120 ejusdem
1978 5045 2092 5102 loci
2124 5044 2365 5112 abbate,
2394 5044 2487 5101 vel
2520 5050 2761 5102 tuorum
2794 5044 3061 5117 quolibet
3090 5060 3323 5102 succes·

1676 5153 1902 5204 sorum,
1928 5135 2124 5192 nullus
2149 5133 2515 5205 ibiqualibet
2539 5134 2943 5205 subreptionis
2970 5134 3188 5191 astutia
3211 5150 3314 5190 sen

1677 5227 1954 5284 violentia
1980 5230 2386 5297 praeponatur,
2421 5222 2537 5278 nisi
2561 5238 2746 5295 quem
2775 5221 2985 5280 fratres
3010 5223 3321 5280 communi

1678 5330 1978 5373 consensu
2007 5312 2100 5368 vel
2123 5312 2370 5369 fratrum
2388 5327 2529 5385 pars
2556 5311 2784 5368 consilii
2807 5311 3085 5378 sanioris,
3113 5327 3327 5368 secun-

1678 5406 1829 5462 dum
1844 5402 1949 5459 Dei
1969 5401 2243 5458 timorem
2264 5407 2319 5457 et
2344 5400 2825 5471 beatiAugustini
2851 5399 3163 5474 Regulam,
3187 5415 3324 5473 pro-

1679 5494 1935 5553 viderint
1954 5491 2318 5564 eligendum.
2354 5491 2701 5549 inhibemus
2728 5489 2909 5550 etiam
2940 5504 3015 5548 ne
3040 5489 3326 5549 ecclesias

3031 5599 3103 5655 40
