3784 6000
282 212 420 300 ¹271

1714 236 1918 316 -Lucu
1956 234 2028 292 111
2067 234 2274 295 PAPAE

3581 242 3708 302 tm

281 368 669 440 indulgemus
693 366 976 424 ecclesias
998 367 1075 424 ad
1113 368 1403 427 honorem
1430 368 1532 425 Dei
1570 371 1935 429 construere,
1968 359 2018 417 Α
2119 365 2238 433 Ego
2268 366 2522 422 loannes
2553 366 2863 440 presbyter
2891 366 3056 426 card.
3083 366 3172 428 tit.
3205 367 3480 427 ecclesio
3509 363 3706 428 Sancti

281 466 340 515 et
384 457 720 515 libertatem
772 456 850 512 ab
903 456 1364 529 imperatoribus
1420 463 1479 515 et
1528 458 1770 532 regibus
1806 471 1935 511 mo-

279 548 548 604 nasterio
613 545 855 618 praefato
923 562 1272 604 concessam
1336 553 1459 606 tam
1524 549 1584 605 in
1657 545 1935 603 mereatis

284 633 738 699 constituendis,
801 651 988 705 quam
1048 635 1107 692 in
1161 637 1436 704 castellis,
1504 639 1564 694 in
1631 636 1799 693 terris
1845 635 1938 705 ip-

284 726 411 782 sius
463 723 807 780 monasterii
857 724 1199 798 ubicunque
1246 726 1498 783 voluerit
1530 742 1639 799 pro
1689 723 1937 782 utilitate

280 813 553 887 ejusdem
603 813 954 870 monasterii
997 813 1384 887 aedificandis,
1431 815 1648 888 pariter
1686 813 1936 871 robora-

278 918 438 960 mus.
482 901 686 959 Nullus
721 902 904 959 etiam
943 903 1286 975 episcopus,
1324 905 1468 974 dux,
1513 904 1802 971 marchi0,
1838 918 1936 959 co-

279 1008 432 1061 meS,
482 991 837 1058 vicecomes,
893 1008 1002 1049 seu
1062 992 1269 1066 aliqua
1344 1009 1569 1064 magna
1625 1006 1935 1067 parvaque

275 1096 562 1156 persona,
598 1081 788 1137 ullum
805 1079 1141 1138 districtum
1163 1083 1221 1139 in
1248 1083 1547 1157 aliquibus
1576 1082 1721 1140 locis
1746 1083 1935 1156 ipsius

282 1168 631 1228 monasterii
656 1173 857 1226 tenere
895 1169 984 1226 vel
1017 1171 1308 1241 judicare,
1351 1178 1455 1229 aut
1484 1172 1713 1246 aliquid
1757 1170 1936 1243 placi·

284 1263 433 1331 tum,
456 1259 688 1332 absque
714 1259 953 1316 lieentia
979 1259 1300 1317 abbatissae
1331 1261 1552 1318 habere
1581 1264 1931 1335 praesumat,

284 1353 389 1406 aut
419 1363 512 1405 res
536 1347 727 1420 ipsius
750 1347 1106 1420 spirituales,
1127 1350 1511 1408 saecularesve
1527 1349 1935 1424 quovismodo

286 1435 547 1495 alienare
583 1436 678 1494 vel
710 1436 1049 1494 molestiam
1080 1438 1131 1494 ei
1164 1439 1399 1506 inferre,
1442 1445 1545 1496 aut
1576 1439 1813 1495 fodrum
1847 1436 1937 1493 vel

284 1524 811 1591 mansionaticum,
855 1541 960 1583 seu
1002 1527 1334 1601 ripaticum,
1374 1534 1477 1585 aut
1516 1536 1777 1601 paratas,
1815 1527 1935 1583 sive

283 1614 617 1671 functiones
645 1614 878 1687 aliquas
918 1616 1152 1686 exigere
1190 1618 1428 1674 audeat.
1473 1618 1743 1675 Chrisma
1773 1631 1934 1680 vero,

2050 452 2239 510 Marci.

2119 545 2238 613 Ego
2285 543 2591 602 Laborans
2628 544 2832 618 presb.
2873 546 3041 603 card.
3091 547 3176 605 tit.
3231 549 3475 606 Sanctae
3528 549 3708 607 uaria

2045 632 2230 688 Trans
2257 633 2536 690 Tiberim.

2117 723 2237 792 Ego
2268 722 2656 795 pandulphus
2683 724 2995 797 presbyter
3014 725 3179 782 eard.
3214 726 3305 784 tit.
3336 724 3614 785 basilico
3639 743 3707 786 ιιι

2046 811 2493 881 Apostolorum.

2119 901 2239 969 Ego
2268 900 2502 956 Ardicio
2523 899 2679 959 diac.
2710 901 2870 959 card.
2907 903 2990 959 tit.
3012 904 3068 960 S.
3096 903 3416 962 Theodori.

2115 991 2238 1060 Ego
2270 989 2584 1047 Gratianus
2622 991 2706 1048 tit.
2737 991 2837 1049 SS.
2872 993 3099 1050 Cosmae
3135 997 3194 1050 et
3234 994 3522 1052 Damiani
3561 994 3703 1053 diac.

2045 1077 2211 1134 card.

2117 1169 2238 1312 Ego
2269 1167 2578 1225 Goffredus
2607 1169 2692 1226 tit.
2720 1171 2946 1227 Sanctae
2963 1170 3236 1228 Marioein
3267 1170 3374 1230 Via
3387 1173 3536 1229 Lata
3561 1172 3697 1230 diac.

2045 1272 2146 1312 car
2196 1300 2210 1312 .

2053 1426 2063 1439 .
2117 1347 2238 1489 Ego
2296 1345 2539 1403 Albinus
2591 1348 2675 1405 tit.
2723 1350 2951 1406 Sanctoe
2994 1349 3191 1407 Maria
3246 1351 3427 1407 Novae
3475 1348 3696 1409 diacon.

2046 1448 2149 1490 car
2202 1476 2213 1488 .

2118 1524 2328 1578 Datum
2346 1525 2609 1591 Veronoe,
2628 1539 2736 1596 per
2756 1540 3006 1582 manum
3037 1525 3305 1597 lingonis
3327 1526 3573 1584 Sanctae
3599 1529 3701 1584 lto-

2046 1626 2242 1667 manae
2270 1611 2540 1669 Ecclesiae
2569 1613 2802 1680 notarii,
2821 1631 2898 1671 xv
2923 1614 3172 1671 Kalend.
3207 1613 3602 1689 Septembris,
3624 1616 3696 1673 in·

285 1703 486 1760 oleum
501 1708 799 1770 sanctum,
822 1705 1300 1763 consecrationes
1314 1707 1607 1774 altarium,
1634 1707 1757 1762 sive
1779 1705 1936 1762 basi·
1967 1712 2015 1771 Β
2046 1699 2376 1770 dictionen,
2393 1703 2826 1760 lncarnationis
2843 1703 3168 1761 Dominicae
3191 1719 3361 1762 anno
3385 1706 3412 1760 1
3431 1708 3705 1779 184,pon-

283 1791 560 1858 licarum,
582 1791 990 1849 ordinationes
1016 1793 1336 1851 abbatissae
1361 1796 1449 1852 vel
1477 1795 1934 1861 monacharum,

286 1896 392 1938 seu
432 1879 782 1937 clericorum
823 1884 1158 1939 vestrorum
1201 1884 1306 1956 qui
1343 1883 1423 1941 ad
1458 1900 1659 1942 sacros
1696 1883 1937 1940 ordines

285 1968 504 2028 fuerint
533 1969 950 2042 promovendi,
984 1987 1087 2027 seu
1113 1971 1411 2045 quidquid
1443 1974 1519 2031 ad
1559 1989 1794 2030 sacrum
1827 1972 1940 2028 mi-

286 2059 595 2115 nisterium
628 2059 902 2131 pertinet,
928 2076 964 2116 a
992 2061 1456 2136 quibuscunque
1488 2062 1816 2120 malueritis
1844 2077 1942 2119 ca·

273 2140 520 2207 'tholicis
546 2148 885 2220 suscipiatis
912 2149 1229 2223 episcopis,
1255 2151 1358 2224 qui
1383 2152 1664 2208 nimirum
1708 2150 1942 2224 absque

285 2237 580 2310 pravitate
610 2241 666 2293 et
686 2237 1151 2310 reprehensione
1180 2238 1402 2312 aliqua,
1435 2256 1505 2296 ea
1536 2239 1706 2296 vobis
1735 2255 1946 2297 conce-

286 2326 971 2398 dant,quemamdodum
985 2343 1021 2381 a
1033 2328 1390 2399 supradictis
1405 2328 1945 2401 praedecessoribus

287 2414 509 2475 nostris
537 2414 778 2483 Calixt0,
799 2416 1163 2484 Innocentio,
1193 2418 1476 2489 Eugenio,
1496 2419 1779 2475 Romanis
1801 2433 1947 2490 pon-

289 2504 567 2571 tificibus,
607 2509 804 2560 vestro
831 2505 1192 2563 monasterio
1221 2522 1328 2579 pro
1367 2506 1677 2578 fragilitate
1708 2506 1949 2565 feminei

293 2609 474 2651 sexus
522 2597 755 2649 constat
800 2609 931 2650 esse
985 2610 1359 2652 concessum.
1413 2595 1681 2654 obeunte
1719 2610 1857 2652 vero
1895 2601 1950 2651 te

292 2697 456 2739 nunc
492 2681 762 2753 ejusdem
818 2681 930 2739 loci
961 2682 1269 2740 abbatissa
1316 2685 1409 2740 vel
1438 2701 1647 2742 earum
1688 2683 1953 2756 qualibet

293 2787 431 2846 quae
455 2770 556 2827 tibi
586 2772 999 2837 successerint,
1024 2771 1191 2828 nulla
1217 2772 1297 2829 ibi
1335 2773 1602 2846 qualibet
1624 2772 1953 2844 subreptio-

276 2854 391 2918 'nis
443 2860 657 2918 astutia
697 2877 802 2917 seu
843 2861 1121 2918 violentia
1156 2868 1562 2935 praeponatur,
1609 2861 1727 2918 nisi
1764 2878 1950 2935 quam

292 2965 528 3009 sorores
558 2949 866 3007 communi
888 2966 1206 3013 consensu,
1229 2951 1320 3008 vel
1345 2968 1617 3009 sororum
1645 2967 1788 3026 pars
1815 2967 1953 3008 con-

293 3039 410 3096 silii
453 3038 728 3105 sanioris,
761 3040 1093 3096 secundum
1132 3040 1235 3098 Dei
1268 3040 1542 3098 timorem
1573 3048 1630 3098 et
1674 3043 1731 3098 Β.
1772 3043 1955 3098 Bene-

292 3127 432 3185 dicti
463 3127 753 3199 Regulam
782 3127 1148 3201 providerint
1177 3129 1540 3200 eligendam.

364 3216 750 3274 Decernimus
779 3232 923 3288 ergo
951 3221 1014 3274 ut
1052 3218 1197 3274 nulli
1228 3219 1477 3275 omnino
1510 3219 1826 3275 hominum
1860 3218 1951 3274 fas

295 3307 369 3364 sit
389 3306 705 3381 praefatum
735 3306 1167 3364 monasterium
1198 3312 1417 3365 temere
1448 3309 1816 3381 perturbare,
1850 3314 1954 3365 aut

296 3396 427 3469 ejus
450 3396 869 3470 possessiones
890 3396 1143 3462 auferre,
1169 3398 1262 3453 vel
1285 3398 1518 3454 ablatas
1540 3399 1810 3464 retinere,
1842 3398 1954 3454 mi-

293 3501 500 3554 nuere,
532 3500 637 3541 seu
676 3484 1036 3558 quibuslibet
1076 3487 1494 3544 vexationibus
1535 3486 1801 3558 fatigare,
1845 3487 1951 3543 sed

280 3560 503 3644 fomnia
524 3574 755 3644 integra
791 3580 1236 3642 conserventur,
1279 3591 1510 3643 earum,
1553 3592 1662 3649 pro
1692 3592 1951 3649 quarum

295 3663 730 3736 gubernatione
776 3678 1065 3721 concessa
1109 3668 1271 3734 sunt,
1328 3665 1537 3723 usibus
1581 3665 1952 3723 omnimodis

281 3752 633 3835 profutura.
682 3753 897 3810 Omnia
944 3769 1128 3825 supra
1167 3755 1386 3826 scripta
1442 3755 1761 3811 statuimus
1813 3770 1954 3811 cum

297 3841 647 3900 auctoritate
668 3843 953 3899 Romanae
976 3842 1272 3899 Ecclesiae.
1293 3843 1348 3900 Si
1374 3844 1693 3917 quaigitur
1721 3844 1781 3899 in
1802 3843 1956 3900 futu·

297 3946 433 3989 rum
445 3929 842 3987 ecclesiastica
863 3931 1240 3988 saecularisve
1267 3949 1544 4005 persona,
1564 3933 1955 3990 hancnostroe

299 4019 740 4077 constitutionis
766 4021 1055 4092 paginam
1086 4021 1300 4087 sciens,
1332 4027 1541 4079 contra
1571 4039 1707 4079 eam
1732 4027 1955 4079 temere

298 4109 504 4166 venire
533 4109 861 4174 tentaverit,
881 4110 1147 4167 secundo
1174 4110 1417 4167 tertiove
1430 4112 1817 4179 commonita,
1844 4111 1956 4167 nisi

298 4203 534 4254 reatum
566 4213 741 4254 suum
772 4197 960 4267 digna
989 4199 1388 4256 satisfactione
1426 4201 1763 4267 correxerit,
1796 4206 1959 4273 pote-

301 4286 467 4342 statis
491 4284 866 4357 honorisque
896 4286 985 4341 sui
1009 4287 1298 4357 dignitate
1334 4295 1553 4355 careat,
1576 4304 1865 4363 reamque
1898 4305 1959 4345 se

301 4371 504 4429 divino
527 4372 757 4444 judicio
786 4374 1034 4432 existere
1061 4375 1135 4431 de
1165 4382 1500 4450 perpetrata
1528 4378 1839 4450 iniquitate
1864 4393 1961 4434 co·

303 4466 570 4533 gnoscat,
599 4465 655 4519 et
678 4477 715 4519 a
745 4461 1149 4521 sacratissimo
1168 4480 1417 4538 corpore
1443 4483 1511 4524 ac
1538 4467 1832 4538 sanguine
1861 4466 1960 4523 Dei

299 4553 359 4608 et
396 4551 629 4608 Domini
669 4551 1078 4625 Redemptoris
1117 4554 1308 4611 nostri
1344 4556 1480 4611 Jesu
1521 4555 1724 4612 Christi
1766 4555 1963 4612 aliena

299 4639 425 4711 fiat,
469 4646 649 4714 atque
687 4641 749 4696 in
786 4646 1055 4698 extremo
1109 4644 1384 4700 examine
1423 4644 1707 4700 districtae
1751 4644 1961 4700 ultioni

303 4728 632 4802 subjaceat.
666 4730 900 4786 Cunctis
931 4735 1131 4788 autem
1152 4732 1345 4788 eidem
1375 4732 1507 4789 loco
1548 4749 1657 4788 sua
1682 4734 1823 4805 jura
1845 4749 1963 4789 ser-

283 4817 585 4902 ·vantibus
612 4820 686 4877 sit
710 4834 828 4891 pax
858 4819 1090 4876 Domini
1112 4821 1294 4877 nostri
1319 4821 1459 4878 Jesu
1490 4822 1725 4893 Christi,
1756 4829 1963 4895 quate·

301 4922 419 4964 nus
433 4908 1061 4966 ethicfructumbonae
1082 4910 1332 4967 actionis
1346 4911 1699 4985 percipiant.
1722 4917 1779 4968 et
1797 4911 1963 4985 apud

304 4994 635 5054 districtum
656 4998 684 5051 J
692 4997 927 5054 udicem
942 5000 1191 5071 praemia
1206 5004 1442 5057 aeterum
1462 5000 1626 5073 pacis
1639 5000 1959 5058 inveniant.

302 5088 515 5152 Amen,
549 5102 750 5155 amen,
784 5102 988 5144 amen.

374 5178 496 5246 Ego
523 5175 736 5232 Lucius
766 5176 1075 5235 catholicae
1104 5178 1370 5234 Ecclesiae
1402 5179 1747 5252 episeopus.

378 5267 497 5338 Ego
543 5264 923 5323 Theobaldus
978 5267 1197 5324 Ostien.
1239 5276 1296 5324 et
1336 5267 1704 5325 velletrensis
1743 5269 1965 5342 episco-

301 5369 444 5427 pus.

376 5445 499 5513 Ego
543 5443 882 5502 Theodinus
939 5446 1278 5505 portuensis
1324 5452 1381 5505 et
1436 5448 1668 5508 Sanetae
1733 5448 1961 5506 Rufinae

292 5525 470 5585 'sedis
498 5531 840 5606 episcopus.
1925 5563 1936 5570 ·

2047 1788 2304 1847 tiflcatus
2336 1806 2475 1849 vero
2503 1792 2714 1849 domni
2743 1792 2896 1849 Lucii
2926 1809 3099 1866 papae
3125 1792 3199 1850 111
3229 1809 3399 1851 anno
3428 1809 3510 1850 tv.

2116 1880 2366 1951 Siquam
2393 1883 2564 1938 Lucii
2587 1897 2761 1952 papas
2789 1882 2902 1938 III.

2299 1986 2503 2027 amun
2535 1986 2661 2036 uos,
2693 1987 2847 2036 nens,
2880 1986 3179 2028 summis
3220 1986 3466 2030 nosne.

2784 2060 2956 2117 CLVl.

2220 2147 2406 2204 Bulla
2433 2163 2607 2218 pnpae
2633 2164 2745 2219 pro
2781 2148 3139 2207 monasterio
3179 2149 3553 2207 Boni-radii.

2572 2239 2863 2308 (Veronae,
2892 2242 3042 2309 Aug.
3072 2237 3190 2311 3¹.)

2252 2326 2438 2403 [Gall.
2474 2327 2697 2385 Christ.
2726 2342 2862 2385 nov.
2895 2328 3005 2395 ΧΠ,
3032 2330 3321 2383 lnstrum.
3369 2324 3524 2400 ¹38.]

2132 2421 2325 2475 Lucius
2354 2418 2692 2489 episcopus,
2735 2433 2942 2473 servus
2981 2432 3297 2473 servorum
3333 2414 3466 2481 Dei,
3505 2412 3715 2470 dilectis

2059 2508 2196 2565 tiliis
2215 2507 2473 2564 Gmnnno
2490 2506 2690 2564 abbati
2719 2505 3065 2563 monasterii
3090 2504 3455 2571 Boni-radii,
3485 2504 3714 2576 ejusque

2059 2597 2359 2659 fratribus.
2383 2601 2501 2652 tam
2517 2594 3108 2668 proesentibusquam
3127 2592 3376 2659 futuris,
3395 2591 3712 2665 regularem

2063 2687 2247 2743 vitam
2278 2684 2582 2758 professis,
2616 2684 2677 2740 in
2710 2689 3083 2756 perpetuum.

2134 2773 2489 2846 Religiosam
2508 2773 2693 2829 vitam
2709 2772 3066 2844 eligentibus
3081 2769 3507 2844 apostolicum
3527 2782 3711 2827 eonve-

2065 2864 2148 2921 nit
2163 2863 2370 2919 adesse
2393 2861 2759 2935 praesidium,
2773 2876 2847 2919 ne
2865 2861 3011 2918 forte
3031 2858 3372 2931 cuiuslibet
3393 2856 3712 2916 temeritatis

2066 2953 2341 3010 incursus
2368 2956 2469 3010 aut
2506 2967 2610 3008 eos
2651 2966 2688 3007 a
2725 2949 3032 3024 proposito
3067 2952 3344 3018 revocet,
3389 2952 3498 3006 aut
3535 2944 3711 3010 robur,

1993 3072 2034 3130 C
2065 3042 2228 3116 quod
2258 3041 2433 3108 absit,
2477 3056 2662 3097 sacrae
2699 3039 3001 3110 religionis
3031 3036 3354 3109 infringat.
3389 3040 3710 3110 Eapropter.

2065 3131 2333 3188 dilectiin
2356 3129 2609 3187 Domino
2632 3129 2759 3195 filii,
2775 3129 2992 3186 vestris
3002 3127 3186 3200 justis
3209 3124 3713 3199 postulationibus
3783 3124 3784 3136 ¹

2064 3220 2385 3279 clementer
2427 3217 2774 3286 annuimus,
2818 3222 2875 3274 et
2923 3216 3250 3290 praefatum
3296 3213 3712 3273 monasterium
3783 3222 3784 3238 ¹

2065 3308 2407 3375 Boni-radii,
2437 3308 2495 3364 in
2522 3323 2645 3381 quo
2671 3306 2875 3363 divino
2906 3304 3236 3377 mancipati
3271 3305 3426 3363 estis
3451 3300 3712 3375 obsequio

2064 3400 2180 3456 sub
2219 3399 2275 3453 B.
2320 3397 2468 3453 Petri
2507 3403 2565 3452 et
2603 3401 2807 3452 nostra
2837 3393 3204 3467 protectione
3237 3393 3644 3461 suscipimus,
3675 3391 3716 3445 et

2065 3487 2369 3560 praesentis
2395 3485 2598 3557 scripti
2620 3483 2931 3557 privilegio
2944 3482 3444 3541 communimus.
3459 3483 3528 3539 ln
3541 3477 3716 3553 primi·

2064 3576 2365 3651 siquidem
2377 3580 2700 3631 statuentes
2716 3573 2938 3629 utordo
2953 3571 3368 3638 monasticus,
3397 3571 3514 3646 qui
3539 3581 3716 3626 secum

2063 3667 2200 3723 dum
2217 3664 2314 3721 Dei
2329 3664 2591 3720 timorem
2604 3664 2664 3718 in
2676 3666 2870 3718 vestro
2882 3659 3254 3727 coenobio,et
3265 3661 3439 3719 beati
3455 3655 3714 3718 Benedicti

2063 3752 2345 3824 Regulam
2376 3767 2446 3808 ac
2484 3750 2956 3810 cisterciensium
2995 3747 3258 3806 fratrum
3300 3749 3715 3808 institutionem

2065 3840 2670 3908 nosciturinstitutus,
2686 3837 3235 3913 perpetuisibidem
3253 3838 3716 3914 temporibusia-

2065 3931 2418 3989 violabiliter
2430 3930 3510 4004 observetur.Proetereaquascunque
3523 3943 3714 4003 posses·

2067 4021 2674 4093 siones,quoecunque
2689 4016 3019 4075 bonaidem
3035 4018 3502 4074 monasterium
3519 4018 3714 4089 impre-

2066 4111 2393 4167 sentiarum
2408 4108 2800 4181 possidet,aut
2811 4107 2872 4162 in
2883 4105 3596 4171 futurum,concessione
3605 4119 3716 4178 pen·

2067 4200 2317 4266 titieum,
2345 4197 2656 4267 largitione
2685 4211 2891 4267 regum
2919 4194 3007 4251 vel
3029 4193 3422 4268 principum,
3449 4195 3718 4253 oblatione

2068 4288 2357 4352 fidelium,
2394 4302 2500 4343 seu
2527 4285 2659 4341 aliis
2692 4284 2871 4357 justis
2903 4282 3127 4352 modis,
3175 4284 3306 4340 Deo
3351 4285 3621 4358 proptio.
3647 4298 3720 4356 po-

2072 4378 2203 4435 terit
2229 4375 2499 4448 adipisci,
2530 4375 2708 4431 firma
2726 4372 2898 4431 vobis
2921 4372 3257 4446 vestrisque
3278 4374 3718 4433 suecessoribus

2070 4466 2253 4523 etiam
2278 4463 2505 4522 illibata
2524 4467 2936 4537 permaneant.
2965 4461 3033 4519 In
3059 4460 3298 4534 quibus
3323 4461 3472 4523 hnc
3503 4462 3718 4539 propriis

2070 4555 2354 4613 duximus
2379 4551 2773 4627 exprimenda
2798 4548 3111 4609 vocabulis
3153 4568 3170 4611 :

2144 4648 2364 4702 Locum
2404 4644 2603 4713 ipsum
2645 4642 2703 4699 in
2750 4655 2872 4714 qno
2922 4636 3244 4713 praefatum
3313 4643 3722 4702 monasterium

2073 4736 2252 4791 situm
2282 4739 2520 4790 estcum
2550 4729 2837 4787 omnibus
2856 4727 3233 4802 pertinentiis
3247 4731 3422 4800 suis,
3455 4748 3598 4807 quas
3623 4731 3724 4787 sunt

2075 4840 2111 4879 a
2140 4822 2236 4879 via
2263 4822 2397 4878 trita
2425 4835 2560 4892 quse
2593 4816 2779 4876 tendit
2814 4834 2852 4876 a
2889 4815 3162 4875 Nivernis
3197 4819 3620 4888 warziacum,
3655 4834 3726 4876 as·

2072 4928 2190 4985 que
2211 4910 2289 4967 ad
2320 4910 2516 4967 tritam
2548 4911 2805 4964 veterem
2832 4921 2968 4978 quae
2986 4904 3154 4962 ducit
3180 4920 3221 4962 a
3247 4907 3579 4970 Chat-itate
3601 4909 3728 4964 War-

2074 5001 2339 5068 ziacum;
2372 5002 2427 5055 et
2452 4998 2660 5054 omnia
2692 4995 2935 5053 usuaria
2969 4994 3031 5051 in
3056 4993 3232 5052 omni
3271 5003 3599 5070 potestate
3623 5001 3730 5057 cau·

2072 5088 2327 5155 demisii,
2357 5092 2481 5145 tam
2511 5088 2571 5143 in
2602 5083 2969 5142 memoribus
3006 5097 3200 5155 quam
3227 5083 3302 5144 in
3339 5087 3547 5161 plana
3569 5093 3730 5147 tem:

2073 5195 2291 5237 nemus
2329 5175 2490 5251 quod
2529 5176 2744 5232 dicitur
2779 5171 3009 5237 Bootes,
3047 5175 3402 5244 grangiam
3441 5174 3732 5238 noni-mlii

2073 5284 2214 5326 cum
2239 5264 2609 5340 pertinentiis
2624 5264 2749 5320 suis
2774 5278 2788 5330 3
2826 5267 3107 5335 pasturas
3133 5257 3198 5318 in
3221 5261 3575 5339 Boiplano,
3603 5278 3731 5340 gru

2075 5357 2238 5429 giam
2266 5355 2546 5414 cathelaii
2577 5369 2715 5410 cum
2749 5347 3119 5425 pertinentiis
3151 5351 3338 5422 suin
3377 5359 3581 5416 terras
3605 5357 3734 5414 un-

2074 5447 2223 5504 berti
2257 5444 2512 5511 Salonis,
2545 5459 2759 5500 nemus
2785 5438 3034 5508 Milonis,
3057 5453 3294 5499 nemus
3325 5446 3518 5518 qnod
3545 5445 3730 5504 dicim.

2074 5535 2335 5596 castales
2363 5532 2734 5609 (chastelet),
2749 5534 2936 5589 terras
2959 5525 3280 5604 Gaudriei,
3303 5533 3494 5596 vim
3515 5551 3640 5614 qm
3655 5533 3730 5592 iu
