3784 6000
168 274 287 338 598

1241 266 1667 335 GUILLELMI
1709 267 2103 332 TYRENSIS
2149 267 2511 330 ARCHIEP.

170 411 373 484 regina
400 408 708 467 familiaria
755 408 932 467 nimis
983 409 1252 467 misceret
1281 408 1568 482 colloquia
1595 427 1608 476 3
1643 409 1812 480 cujus
1843 407 1895 474 A
1926 406 2131 463 denter
2158 406 2302 464 lines
2320 415 2549 464 nostros
2581 407 2939 480 invadentes,
2969 408 3169 468 liberis
3193 409 3581 481 discursibus,

172 500 254 561 rei
291 499 482 557 multa
525 498 872 556 videbantur
912 503 1137 556 exstare
1166 503 1530 572 argumenta.
1563 497 1729 555 Unde
1759 504 1817 556 et

173 587 424 647 maritali
478 588 602 645 zelo
623 603 959 654 succensus,
993 587 1346 644 inexorabile
1382 588 1581 644 odium
1613 591 1814 643 adver·

173 694 279 737 sus
302 692 439 735 eum
486 677 790 733 dicebatur
844 676 1184 748 concipisss.
1240 677 1377 733 Erat
1429 683 1622 732 autem
1662 676 1816 730 idem

170 783 368 826 comes
394 766 1000 838 adolescens,corpore
1025 783 1320 839 procerus,
1342 768 1586 824 decorus
1609 766 1817 834 forma,

170 856 399 914 actibus
449 855 701 928 insignis
758 854 1137 925 militaribus,
1188 856 1480 925 gratiosus
1536 854 1597 911 in
1636 855 1818 912 oculis

170 945 519 1014 omnium,in
551 960 726 1018 quem
756 944 1109 1001 videbantur
1139 949 1359 1000 naturae
1391 946 1541 1000 dona
1563 943 1735 1016 plena
1754 943 1822 998 li·

171 1033 473 1094 beralitate
528 1035 870 1090 convenisse
893 1050 906 1102 ;
931 1033 1015 1089 ita
1046 1036 1109 1090 ut
1154 1033 1213 1089 in
1245 1048 1424 1106 regno
1454 1033 1540 1089 vel
1563 1033 1821 1105 corporis

174 1122 487 1196 elegantia,
507 1122 596 1179 vel
647 1122 1055 1195 generositatis
1103 1121 1294 1191 titulo,
1324 1122 1416 1177 vel
1441 1122 1521 1177 rei
1555 1122 1822 1178 militaris

172 1211 546 1284 experientia,
581 1210 806 1268 nullum
841 1211 1039 1283 procui
1082 1211 1260 1266 dubio
1310 1211 1548 1267 baberet
1580 1227 1819 1282 parem3

173 1301 427 1359 dominas
446 1315 682 1374 qnoque
713 1299 923 1374 reginae
954 1316 1022 1357 ex
1053 1308 1214 1373 parte
1245 1300 1424 1372 patris
1440 1300 1605 1358 valde
1634 1301 1822 1373 proxi-

175 1405 350 1458 man
380 1404 580 1448 eorum
612 1389 772 1447 enim
805 1393 999 1463 patres
1013 1390 1348 1447 consobrini
1374 1391 1622 1459 ruerant,
1652 1390 1710 1446 id
1734 1397 1826 1446 est

173 1479 424 1537 duarum
455 1494 724 1537 sororum
760 1478 884 1534 tilii.
907 1479 1153 1543 Quidam
1185 1495 1319 1536 vcro
1349 1479 1584 1536 verbnm
1615 1480 1822 1551 hujus·

175 1569 335 1629 modi
364 1568 596 1643 palliare
616 1560 894 1636 volentes,
926 1568 1193 1626 dicebant
1243 1570 1299 1625 id
1333 1569 1521 1625 solum
1553 1570 1821 1626 odiorum

175 1659 359 1717 fuisse
379 1658 663 1730 fomitem,
693 1658 849 1731 quod
907 1673 1102 1715 comes
1159 1659 1324 1731 quasi
1368 1674 1645 1730 arrogans
1666 1663 1723 1714 et
1752 1659 1824 1715 dc

174 1760 240 1806 se
277 1747 411 1821 plus
468 1762 629 1819 oequo
688 1763 1064 1820 praesumens,
1123 1747 1361 1803 domino
1411 1747 1527 1819 regi
1572 1747 1821 1818 nolebat,
1854 1780 1901 1847 Β

1929 495 2161 553 nemine
2196 495 2559 567 probibente,
2591 498 2842 566 praedam
2886 503 3126 571 agentes
3157 515 3341 572 usque
3372 501 3582 568 Arsnr,

1928 600 2054 657 quoe
2084 585 2198 643 alio
2249 586 2482 642 nomine
2510 586 2728 643 dicitur
2765 589 3147 660 antipatrida,
3179 604 3416 646 currere
3463 605 3582 646 non

1931 675 2271 731 timuerunt.
2305 676 2465 742 Quod
2528 676 2773 732 audiens
2827 693 2946 747 rex,
2977 677 3308 735 convocatis
3354 678 3427 735 dc
3458 677 3589 734 uni·

1929 777 2092 819 verso
2121 780 2300 836 regno
2325 763 2679 822 militaribus
2709 766 2914 838 copiis,
2948 773 3001 824 et
3033 766 3233 839 populi
3276 767 3590 824 immensi-

1928 856 2049 909 tate
2073 852 2269 921 multa,
2300 853 2526 924 ‚ioppen
2583 853 2832 911 obsidet.
2885 857 3013 912 Haec
3042 857 3302 913 videntes
3333 856 3582 929 quidam

1929 941 2001 998 de
2032 941 2301 999 fidelibus
2331 943 2480 1014 ejus,
2504 943 2606 1017 qui
2637 959 2770 1000 cum
2802 961 2867 1000 eo
2899 951 3065 1001 erant
3094 944 3152 1002 in
3176 946 3384 1002 eadem
3409 947 3584 1014 urbe,

1931 1030 2206 1087 Balianus
2261 1030 2529 1088 videlicet
2565 1033 2779 1100 senior,
2812 1037 2869 1090 et
2897 1034 3134 1106 quidam
3164 1033 3262 1090 alii
3301 1034 3488 1091 Deum
3521 1034 3594 1090 ti·

1932 1125 2175 1191 mentes,
2207 1122 2358 1194 quod
2422 1124 2499 1178 ita
2555 1122 2613 1177 in
2665 1139 2918 1195 praeceps
2949 1126 3107 1182 totus
3136 1124 3222 1182 ire
3252 1127 3593 1182 decreverat

1932 1225 2167 1279 comes;
2201 1214 2258 1266 et
2282 1211 2433 1282 quod
2467 1211 2731 1267 fidelium
2775 1216 2833 1267 et
2862 1212 3184 1270 amicorum
3216 1212 3590 1271 salutaribus

1930 1315 2174 1356 suorum
2208 1300 2445 1356 monitis
2466 1299 2813 1374 ab,incoepto
2835 1301 3155 1373 pernicioso
3186 1302 3442 1359 revocari
3465 1317 3590 1360 non

1933 1392 2176 1460 poterat,
2208 1390 2309 1444 sed
2342 1405 2551 1445 causas
2595 1388 2961 1461 pertinaciter
3008 1390 3314 1464 amplioris
3330 1394 3590 1449 tractare

1934 1477 2176 1549 periculi
2209 1493 2322 1533 non
2357 1482 2668 1544 vereretur,
2701 1478 3099 1551 relinquentes
3129 1496 3259 1553 quoe
3290 1480 3363 1537 ab
3383 1496 3452 1539 eo
3475 1480 3586 1538 ha·

1934 1566 2148 1624 bebant
2179 1566 2478 1640 beneficia,
2513 1569 2782 1627 meliores
2823 1576 3013 1641 partes
3061 1571 3265 1643 secuti,
3296 1570 3368 1627 ad
3392 1571 3586 1628 domi-

1934 1670 2077 1712 num
2107 1672 2302 1729 regem
2334 1672 2395 1713 se
2425 1656 2813 1714 contulerunt.

2528 1762 2763 1820 CAPUT
2803 1763 2981 1822 XVII.

174 1850 338 1892 ¹¹10?ss
382 1833 632 1892 vallorum
693 1834 855 1908 “⁵8⁰¹
898 1835 1253 1907 Pl'inssffifflm·
1285 1836 1534 1907 Bubjlssii
1589 1840 1645 1892 ⁶¹²
1686 1837 1814 1908 ⁰J¹¹⁸
1929 1850 2135 1909 Civitas
2181 1852 2462 1923 Ioppensis
2490 1871 2511 1918 ,·
2544 1852 2822 1909 obsidetur
2867 1856 3025 1923 requi
3052 1856 3325 1926 principes
3354 1853 3422 1911 de
3443 1871 3591 1928 pace

173 1923 533 1982 detrectabat
557 1923 848 1988 cervicose
869 1924 1047 1981 nimis
1078 1924 1341 1997 imperiis
1373 1924 1625 1982 obedire.

792 2030 1024 2088 CAPUT
1053 2029 1196 2086 XVI.

175 2122 424 2179 Galles-us
466 2121 815 2179 Caesariensis
832 2141 855 2185 ,·
883 2124 1138 2178 comitem
1157 2121 1228 2176 ad
1250 2121 1501 2178 duellum
1528 2127 1808 2192 provocat,

317 2194 411 2251 ille
433 2208 493 2250 se
520 2193 603 2250 ad
633 2193 812 2250 hostes
839 2195 1049 2264 confert
1073 2209 1086 2260 ;
1119 2210 1151 2248 a
1180 2196 1292 2249 suis
1321 2193 1656 2252 destituitur.

244 2282 577 2356 Exsurgens
606 2282 827 2339 interea
844 2282 1110 2338 Gaiterus
1131 2281 1523 2350 Caesariensis,
1549 2285 1814 2350 eiusdem

177 2370 428 2441 comitis,
458 2368 761 2442 privignus
775 2412 788 2436 ,
819 2369 908 2425 vir
927 2373 1049 2425 toto
1069 2385 1305 2441 corpore
1325 2360 1815 2443 elegantissimus,

170 2458 398 2515 viribus
428 2457 704 2530 insignis,
735 2462 906 2514 aetate
960 2457 1206 2529 integer,
1242 2475 1275 2514 a
1304 2459 1541 2516 domino
1567 2477 1721 2534 rege,
1754 2466 1821 2518 ut

106 2612 117 2620 ,
172 2544 408 2616 dicitur,
437 2546 812 2614 subernatus,
844 2546 904 2601 in
954 2554 1100 2603 coetu
1153 2563 1480 2618 procerum,
1540 2555 1820 2621 praesente

172 2635 412 2696 domino
442 2651 597 2710 rege,
638 2636 740 2693 ubi
787 2635 950 2692 curia
995 2641 1120 2694 erat
1164 2638 1668 2717 {frequentissimffi
1712 2657 1819 2712 pu·

174 2724 343 2793 blice,
373 2729 432 2784 et
460 2741 623 2783 more
671 2726 1022 2783 accusatoris
1052 2726 1255 2798 objicit
1283 2727 1478 2784 comiti
1512 2730 1660 2800 quod
1696 2745 1823 2786 ma-

175 2815 410 2889 jestatis
438 2814 686 2872 crimine
742 2830 878 2872 reus
905 2824 1044 2883 erat,
1076 2820 1133 2871 et
1189 2817 1340 2887 qnod
1370 2826 1570 2873 contra
1601 2819 1822 2875 domini

175 2904 334 2979 regis
353 2904 626 2974 salutem,
656 2919 790 2960 cum
847 2904 1203 2977 quibusdam
1260 2905 1526 2963 factionis
1556 2907 1822 2978 ejusdem

172 2993 585 3067 complicibus,
616 2997 820 3052 contra
847 2994 1030 3052 bonos
1061 3011 1252 3052 mores
1282 2999 1338 3053 st
1366 3000 1566 3053 contra
1596 3003 1822 3054 nostro·

2030 1927 2271 1979 tractant
2293 1940 2313 1985 ,·
2332 1923 2557 1979 Belinas
2588 1924 2815 1981 interim
2842 1927 2910 1981 ab
2942 1925 3181 1982 hostibus
3211 1928 3456 1999 capitur.

1998 2015 2223 2069 Interea
2279 2013 2547 2068 dominus
2606 2014 2937 2084 patriarcha
2977 2014 3332 2081 willelmus,
3364 2013 3452 2072 vir
3488 2017 3591 2073 mi-

1927 2100 2190 2157 tissimus
2219 2104 2276 2157 et
2304 2101 2464 2173 pacis
2493 2108 2735 2172 amator,
2770 2110 2823 2158 et
2846 2103 3087 2175 quidam
3119 2104 3190 2160 de
3220 2104 3386 2176 regni
3425 2106 3593 2177 prin-

1926 2189 2178 2262 cipibus,
2209 2188 2469 2247 videntes
2499 2191 2775 2248 intestina
2804 2192 2924 2249 haec
2958 2192 3158 2265 praelia
3180 2209 3362 2266 regno
3405 2193 3592 2252 nimis

1927 2292 2056 2334 esse
2110 2277 2454 2350 periculosa,
2525 2281 2888 2337 attendentes
2945 2281 3091 2337 illud
3146 2281 3547 2352 evangelicum
3574 2301 3587 2341 :

1924 2367 2097 2426 Omne
2154 2383 2379 2439 requam
2407 2371 2466 2423 iu
2508 2383 2567 2425 se
2628 2370 2809 2440 ipsum
2842 2369 3081 2426 divisum
3129 2370 3491 2440 desolabitur,
3519 2379 3578 2429 et

1876 2502 1888 2511 .
1926 2457 2113 2514 domus
2139 2473 2306 2529 supra
2326 2457 2544 2514 domum
2569 2457 2724 2514 cadet
2753 2458 2960 2531 (matth.
2986 2476 3090 2529 ιιι,
3112 2459 3206 2532 25)
3232 2476 3246 2529 ;
3285 2459 3582 2526 timentes,

1928 2545 2083 2604 sicut
2113 2550 2170 2602 et
2200 2546 2408 2602 merito
2466 2547 2671 2604 timere
2720 2552 3007 2618 poterant,
3042 2564 3112 2605 ne
3134 2549 3243 2604 hac
3274 2551 3586 2607 occasione

1928 2634 2199 2692 hostibus
2228 2634 2545 2691 Christiani
2574 2635 2829 2693 nominis
2860 2637 3063 2693 damni
3082 2637 3373 2696 inferendi
3398 2639 3589 2711 major

1930 2727 2151 2795 pateret
2180 2725 2407 2781 occasio
2437 2728 2494 2780 et
2521 2726 2950 2796 opportunitas,
2982 2726 3207 2783 medios
3238 2743 3300 2783 sc
3352 2728 3586 2784 consti-

1930 2816 2126 2877 tuunt,
2158 2816 2217 2869 et
2246 2813 2316 2868 de
2348 2813 2502 2872 bono
2562 2814 2722 2885 pacis
2771 2814 2920 2871 inter
2940 2815 3239 2872 dominum
3270 2831 3493 2889 regem,
3524 2821 3585 2874 et

1932 2917 2082 2973 sape
2112 2901 2335 2958 dictum
2355 2903 2631 2958 comitem
2664 2907 2953 2960 conantur
2981 2903 3159 2961 utiles
3190 2905 3585 2963 invenit-etra-

1933 2994 2146 3049 ctatus.
2204 2990 2463 3048 Tandem
2513 3008 2645 3049 vero
2712 2998 2844 3066 post
2891 2992 3103 3050 multas
3152 2992 3583 3067 altercationes,

172 3100 306 3142 rum
362 3083 734 3157 disciplinam
789 3087 1117 3158 temporum
1176 3085 1591 3159 conspirasset.
1620 3087 1825 3143 Comes
1935 3081 2089 3138 sicut
2117 3081 2177 3137 in
2200 3080 2537 3151 hujusmodi
2569 3082 2882 3150 lierirsolet,
2916 3081 3105 3155 placet
3144 3085 3305 3156 pacis
3334 3101 3585 3159 compo-

170 3188 307 3230 νει-ο
336 3172 627 3229 inficiatus
657 3172 899 3241 crimen,
933 3188 995 3229 se
1034 3174 1229 3246 ipsum
1283 3174 1512 3243 obtulit,
1546 3176 1695 3245 quod
1721 3176 1822 3248 ju·
1850 3154 1904 3220 G
1931 3171 2234 3239 sitoribus,
2268 3175 2332 3227 ut
2363 3189 2463 3244 pro
2529 3173 2681 3231 bono
2729 3173 2914 3246 pacis,
2945 3182 3004 3231 et
3069 3178 3133 3230 ut
3189 3175 3429 3232 domino
3461 3177 3588 3249 regi

171 3260 392 3319 dicium
423 3260 598 3318 curin
628 3276 802 3333 super
830 3261 1093 3332 objectis,
1116 3271 1390 3335 tanquam
1425 3264 1484 3319 in
1519 3264 1625 3319 bac
1658 3279 1818 3335 parte

173 3352 474 3420 innocens,
507 3355 742 3423 paratus
795 3355 920 3408 erat
976 3350 1189 3408 subire.
1223 3352 1325 3408 His
1346 3352 1427 3409 ita
1457 3369 1520 3409 se
1549 3352 1816 3411 habenti-

173 3441 286 3498 bus
305 3439 519 3510 verbis,
543 3439 613 3497 de
640 3440 1061 3497 consuetudine
1087 3442 1459 3509 Francorum,
1487 3441 1817 3502 decernitur

173 3529 329 3587 inter
347 3545 448 3587 eos
478 3545 676 3602 pugna
703 3528 1042 3602 singularis,
1074 3533 1131 3585 et
1160 3531 1231 3587 ad
1261 3531 1692 3603 exsequendam
1717 3550 1818 3606 pu·

60 3649 75 3662 —
169 3634 348 3694 gnam
379 3619 506 3675 dies
555 3621 895 3690 competens
942 3618 1300 3691 designatur.
1333 3622 1540 3677 Comes
1567 3636 1700 3678 vero
1731 3638 1814 3680 so-

168 3707 294 3767 luta
322 3708 507 3777 curia,
536 3709 757 3781 Joppen
791 3708 1338 3776 reversus‚dubium
1374 3712 1465 3765 est
1493 3726 1564 3765 an
1597 3710 1816 3768 veritus

102 3787 107 3794 ’
170 3796 611 3867 conscientiam,
644 3801 699 3853 et
729 3796 944 3868 obiecti
976 3797 1243 3855 criminis
1293 3814 1456 3855 reum
1487 3814 1546 3855 ss
1594 3815 1812 3872 cogno-

168 3902 352 3957 scens,
387 3885 460 3945 ad
491 3886 716 3943 curiam
766 3886 988 3943 babens
1026 3891 1384 3960 suspectam,
1416 3889 1489 3945 ad
1521 3890 1815 3962 praeflxam

169 3973 328 4032 diem
361 3979 708 4047 presentem
741 3991 805 4032 se
852 3993 967 4033 non
1008 3976 1304 4046 exhibuit;
1341 3978 1496 4034 unde
1539 3980 1813 4049 majorem

168 4062 376 4135 objecti
406 4063 670 4121 criminis
702 4053 1206 4136 merito‘incurrit,
1230 4067 1401 4123 etiam
1435 4069 1585 4139 apud
1618 4067 1815 4126 fauto-

171 4166 265 4209 res
320 4167 482 4219 suos,
542 4151 964 4223 suspicionem.
999 4153 1170 4209 Curia
1225 4170 1379 4221 vero,
1411 4159 1467 4212 et
1510 4173 1814 4229 procerum

169 4244 511 4306 conventus,
533 4240 664 4308 elus
684 4237 1666 4313 attendentesjconttimaciam,cum
1682 4246 1818 4304 licet

170 4327 785 4401 absentem,tanquam
822 4327 1031 4400 objecti
1062 4331 1327 4388 criminis
1353 4348 1515 4389 reum
1540 4336 1818 4392 condem-

170 4418 473 4473 naverunt.
488 4415 650 4479 Quod
674 4432 868 4474 comes
888 4416 1245 4490 intelligens,
1261 4435 1383 4476 rem
1399 4426 1488 4477 est
1502 4437 1814 4495 aggressus

1932 3261 2151 3333 aliquid
2185 3260 2488 3332 amplioris
2517 3262 2952 3336 impenderetur
2973 3263 3239 3336 honoris,
3260 3279 3461 3321 comes
3487 3281 3588 3337 per

1931 3350 2245 3407 triennium
2278 3354 2436 3406 extra
2480 3367 2725 3424 regnum
2773 3353 2935 3409 fleret
2968 3370 2981 3408 :
3008 3370 3123 3425 quo
3158 3357 3412 3424 peracto,
3445 3370 3583 3411 cum

1928 3440 2145 3498 domini
2178 3440 2332 3512 regis
2361 3440 2551 3513 gratia
2571 3441 2629 3496 in
2662 3457 2907 3514 regnum
2939 3442 3176 3510 iterum,
3204 3441 3329 3499 sinc
3359 3442 3584 3501 calum-

1930 3528 2028 3585 nia
2049 3543 2221 3599 quam
2249 3543 2350 3599 pro
2373 3529 2572 3610 eodem
2593 3530 2664 3584 de
2687 3530 2912 3600 negotio
2934 3529 3006 3586 de
3026 3536 3235 3587 caetero
3260 3537 3577 3606 pateretur,

1930 3632 2063 3673 cum
2093 3617 2220 3674 suis
2250 3633 2398 3688 quos
2421 3605 2705 3674 eduxerat
2735 3619 2784 3676 si
2815 3618 3014 3676 liceret
3045 3620 3313 3689 introirc3
3347 3623 3584 3683 interim

1927 3721 2057 3761 vero
2110 3710 2179 3761 de
2234 3706 2559 3762 redditibus
2627 3708 3057 3778 possessionem
3094 3724 3331 3766 suarum
3356 3726 3371 3779 ;
3405 3728 3585 3770 omne

1926 3795 2056 3866 ejus
2086 3793 2371 3863 debitum,
2394 3799 2451 3850 et
2490 3796 2638 3866 quod
2680 3797 3067 3871 undecunque
3097 3802 3471 3859 contraxerat
3502 3819 3582 3859 aes

1926 3880 2207 3952 alienum,
2235 3882 2678 3954 persolveretur.
2703 3883 2811 3941 Per
2838 3885 2995 3942 idem
3027 3891 3281 3959 tempus,
3311 3889 3455 3946 dum
3479 3890 3585 3948 do·

1929 3971 2130 4028 minus
2159 3987 2257 4027 rex
2284 3971 2438 4029 circa
2464 3972 2689 4044 Joppen
2725 3974 2808 4030 ita
2836 3981 2990 4033 esset
3030 3981 3375 4049 occupatus,
3396 3959 3458 4035 et
3485 3980 3589 4036 do·

1929 4060 2120 4116 minus
2137 4060 2462 4134 ‚Rainerius
2493 4063 2836 4132 cognomine
2868 4064 3032 4133 Brus,
3065 4081 3200 4122 cum
3249 4066 3381 4123 aliis
3412 4070 3582 4141 regni

1928 4149 2291 4222 principibus
2320 4151 2531 4209 ibidem
2567 4168 2790 4209 moram
2843 4154 3077 4222 faceret,
3109 4154 3313 4213 civitas
3354 4156 3587 4215 Panea-

1925 4238 2188 4307 densis,a
2204 4240 2613 4312 Tegelmelucb
2647 4243 3137 4302 Damascenorum
3157 4259 3291 4318 rege
3311 4246 3585 4319 obsessa,

1927 4332 2235 4401 antequam
2268 4346 2365 4386 rex
2394 4332 2652 4388 obsessis
2673 4333 3012 4391 ministrare
3037 4340 3248 4406 posset,
3271 4337 3426 4407 quod
3444 4355 3586 4396 eum

1928 4417 2115 4474 multa
2161 4418 2448 4476 instantia
2506 4423 2879 4492 procurabat,
2908 4424 3262 4495 subsidium,
3295 4426 3589 4486 violenter

171 4519 359 4578 nsque
387 4504 460 4561 ad
481 4504 641 4562 iilam
673 4504 829 4562 diem
862 4506 1357 4578 inauditam,odio
1373 4511 1816 4582 populietomni
1849 4501 1899 4567 D
1929 4507 2185 4573 effracta,
2217 4507 2276 4563 in
2309 4524 2521 4565 manus
2551 4511 2782 4567 devenit
2801 4512 3081 4569 hostium.
3114 4513 3310 4586 Captis
3338 4530 3583 4591 quoque

171 4593 569 4668 indignatione
596 4595 834 4668 dignam
867 4612 882 4653 :
916 4597 1264 4656 Ascalonem
1296 4599 1454 4656 enim
1486 4601 1820 4669 urbem,no-

168 4682 315 4742 mini
370 4682 701 4741 Christiano
758 4685 1026 4756 invisam,
1058 4690 1118 4744 et
1169 4687 1441 4745 hostibus
1469 4690 1816 4750 familiarem

170 4771 413 4841 nostris,
434 4772 663 4847 navigio
693 4790 1033 4847 properans,
1065 4782 1267 4834 contra
1297 4779 1602 4837 dominum
1620 4796 1815 4855 regem

167 4861 241 4919 ab
270 4859 538 4918 hostibus
581 4876 750 4933 opem
798 4863 1219 4934 postulaturus,
1252 4865 1553 4940 ingressus
1583 4872 1691 4927 cst.
1727 4870 1815 4927 lili

166 4964 303 5006 vero
331 4948 597 5007 videntes
644 4954 974 5010 nostrorum
1021 4953 1297 5011 intestina
1353 4955 1551 5028 praelia
1605 4962 1664 5015 et
1701 4960 1814 5015 do·-

171 5037 444 5097 mesticas
474 5038 793 5097 seditiones
839 5043 964 5099 suis
1022 5042 1399 5101 incrementis
1429 5048 1724 5117 accedere,
1755 5055 1816 5108 et

168 5132 498 5186 nostrorum
556 5143 683 5185 esse
719 5145 959 5187 causam
1018 5132 1428 5205 periculorum,
1487 5138 1812 5206 gratuitum

98 5207 105 5216 '
170 5216 520 5291 impendunt
543 5232 851 5275 assenwm
879 5235 893 5275 ε
918 5221 1290 5294 sumptisque
1315 5222 1385 5278 ab
1417 5238 1486 5280 eo
1515 5224 1814 5283 obsidibus

171 5309 230 5363 st
256 5304 442 5378 pactis
465 5304 604 5362 hinc
629 5305 767 5364 inde
808 5309 1053 5365 redactis
1095 5307 1170 5367 ad
1190 5313 1812 5387 consonantiam,Jop-

171 5409 285 5469 pen
313 5407 581 5451 reversus
605 5397 716 5451 est.
733 5394 911 5453 Porro
945 5397 1287 5457 Ascalonita
1312 5402 1594 5471 pertinaci
1622 5404 1684 5460 in
1704 5421 1812 5463 nos

169 5487 228 5540 et
240 5479 528 5540 obstinato
558 5482 692 5540 odio
719 5485 974 5554 ducti,et
987 5487 1057 5542 de
1074 5486 1306 5545 comitis
1337 5491 1547 5549 roeders
1559 5494 1812 5567 etgratia

46 5599 51 5604 ·
170 5569 307 5631 facti
363 5570 711 5646 securiores,
740 5572 911 5636 sclito
962 5575 1304 5648 protervius,
1343 5584 1402 5638 et
1430 5580 1616 5653 magis
1643 5582 1811 5640 confl-

1930 4596 2178 4665 civibus,
2210 4602 2268 4653 et
2296 4599 2398 4670 qui
2428 4597 2490 4656 in
2522 4614 2588 4654 ea
2641 4604 2810 4658 erant
2838 4603 3241 4675 stipendiariis
3271 4603 3586 4681 utriusque

1929 4689 2051 4743 tam
2082 4689 2345 4759 equitum
2380 4706 2556 4761 quam
2611 4690 2869 4761 peditum
2891 4693 3221 4761 ordinibus,
3254 4709 3400 4751 uxor
3428 4711 3583 4768 prae-

1928 4776 2065 4831 dicii
2123 4777 2338 4834 nobilis
2402 4786 2457 4835 et
2496 4780 2717 4836 strenui
2747 4781 2854 4837 viri
2886 4798 3022 4840 cum
3052 4783 3185 4841 aliis
3201 4783 3586 4859 transmjgra·

1926 4863 2147 4922 tionem
2184 4881 2352 4937 passa
2382 4873 2472 4925 est
2500 4869 2750 4940 captiva.

2435 5007 2440 5011 ·
2514 4975 2743 5034 CAPUT
2780 4977 2986 5036 XVIII.

1926 5060 2109 5119 Comes
2155 5064 2439 5136 lappensis
2472 5066 2617 5136 apud
2648 5068 3083 5141 Hierosolymam
3136 5070 3418 5127 malitiose
3444 5073 3575 5129 vul-

1991 5143 2226 5191 neratur
2244 5152 2264 5197 ,·
2283 5137 2348 5206 fit
2375 5139 2640 5193 tumultus
2669 5140 3030 5213 iterum-{sed
3065 5148 3281 5215 recepte
3307 5145 3575 5202 convale-

1991 5209 2218 5275 scentia,
2248 5223 2319 5263 ex
2346 5208 2587 5266 condicto
2616 5226 2770 5269 mare
2789 5214 3013 5269 transit.

1994 5314 2219 5372 Interea
2243 5332 2439 5374 comes
2485 5316 2795 5388 Joppensis
2843 5320 3152 5377 transitum
3194 5326 3576 5396 exspectans,

1922 5401 2063 5460 dum
2122 5406 2531 5481 Hierosolymis
2552 5412 2723 5481 prout
2752 5418 3131 5469 consueverat
3152 5428 3379 5470 moram
3412 5413 3578 5472 iace·

1923 5497 2026 5559 ret,
2050 5495 2259 5551 accidit
2289 5498 2444 5570 quod
2475 5497 2534 5555 in
2565 5513 2632 5555 eo
2661 5498 2805 5567 vico,
2835 5500 2936 5574 qui
2968 5501 3183 5559 dicitur
3219 5500 3571 5575 pellipario-

1922 5599 2079 5654 rum,
2109 5590 2245 5644 ante
2293 5588 2658 5649 meritorium
2680 5589 2856 5650 unius
2885 5591 3340 5667 negotiatorum,
3373 5592 3572 5652 aliani
