3784 6000
173 290 297 354 693

585 248 787 353 ms'T.
833 288 1102 353 asana
1143 283 1697 355 rememsis.
1743 322 1820 337 -
1860 278 2011 354 me.
2060 288 2249 356 xvii.
2295 291 2741 356 nascamus
2786 290 2873 355 111
2919 290 3097 355 anx.

3462 294 3582 354 694

174 428 341 498 viris,
362 429 539 501 cujus
573 426 814 485 consilio
844 433 898 485 et
922 443 1095 497 opera
1142 426 1509 501 principatus
1565 426 1817 500 regatur.
1851 419 1906 495 Α
1936 443 2082 494 ram,
2106 424 2341 496 horum,
2369 427 2631 484 omnium
2663 427 2927 500 ignarus.
2958 427 3259 484 Commota
3305 429 3396 484 est
3443 441 3579 500 ergo

173 522 356 575 Erant
376 526 578 575 autem
609 532 675 574 eo
707 520 966 589 tempore
987 514 1189 589 inclyti
1221 519 1278 572 et
1329 514 1555 573 nobiles
1610 515 1717 572 viri
1768 515 1829 571 in

174 608 380 665 eadem
416 607 666 677 regione,
699 605 919 662 domini
953 607 1104 679 regis
1135 610 1323 662 castra
1355 609 1685 676 sequentes,
1730 604 1830 662 do·

176 697 377 755 minus
402 694 667 753 videlicet
696 696 792 752 Ivo
825 695 896 752 de
926 695 1143 766 Neella,
1176 711 1367 753 comes
1389 693 1827 752 Suessionensis

176 788 263 844 vir
289 784 666 860 magnificae,
693 785 953 856 prudens
984 784 1358 852 etdiscretus,
1379 785 1549 857 cujus
1572 784 1633 842 in
1652 798 1829 857 regno

178 878 541 936 Francorum
575 874 828 949 plurima
844 882 964 931 erat
985 876 1328 945 auctoritas;
1354 874 1662 932 Galtherus
1684 891 1832 947 quo·-

180 963 1170 1040 quedeFalcunberga.castellanus
1190 963 1386 1021 Sancti
1406 962 1829 1037 Aldemari,qul

178 1061 385 1130 postea
403 1055 515 1112 suit
535 1053 974 1112 Tiberiadensis
1003 1054 1294 1123 dominus,
1325 1054 1451 1126 ipse
1489 1071 1718 1126 quoque
1742 1054 1830 1110 vir

179 1144 466 1218 prudens,
503 1143 855 1201 urbanitotis
877 1143 1120 1214 eximite,
1151 1142 1429 1216 providus
1468 1143 1527 1199 in
1567 1142 1830 1201 consiliis

177 1239 235 1291 et
266 1235 327 1291 in
360 1233 541 1291 armis
572 1240 887 1302 strenuus;
918 1232 1193 1289 dominus
1223 1249 1457 1306 quoque
1487 1232 1828 1305 Radulpbus

176 1326 250 1382 de
272 1324 473 1392 Merlo,
497 1322 585 1378 vir
605 1338 835 1380 summe
863 1320 1096 1391 nobilis,
1130 1327 1189 1380 et
1211 1339 1501 1379 armorum
1526 1339 1701 1379 usum
1723 1322 1826 1379 ha·

176 1415 416 1481 benS,et
437 1412 746 1486 prudentia
769 1411 955 1469 multa
968 1412 1350 1485 conspicuus;
1375 1429 1628 1485 quorum
1661 1411 1829 1485 quili-

174 1505 275 1560 bet
305 1503 380 1561 ad
429 1503 854 1574 procurandam
905 1501 1226 1572 regionem,
1265 1502 1469 1559 merito
1517 1494 1827 1559 videbatur

176 1591 500 1649 sufficiens.
532 1588 639 1646 Illa
659 1593 852 1646 autem
873 1588 1107 1646 vincula
1131 1588 1347 1646 timens
1369 1588 1716 1664 conjugalia,
1739 1607 1828 1646 so-

176 1680 485 1753 lutamque
499 1696 563 1736 ac
581 1677 824 1735 liberam
842 1679 1020 1735 vitam
1043 1694 1412 1752 praeponens,
1434 1696 1551 1736 non
1573 1679 1824 1735 multum

177 1768 517 1826 attendebat
536 1767 673 1841 quid
693 1764 905 1841 populo
926 1768 1240 1840 expediret,
1266 1768 1416 1826 circa
1434 1768 1487 1824 id
1509 1768 1826 1840 plurimum

175 1858 452 1924 sollicita,
469 1857 737 1914 utcarnis
752 1874 816 1913 cu
827 1874 947 1913 ram
965 1856 1329 1928 perficeretin
1351 1857 1677 1915 desideriis.
1716 1858 1830 1914 Rex

174 1953 369 2006 autem
389 1948 514 2018 ejus
546 1946 877 2018 intelligens
912 1948 1295 2019 propositum,
1339 1950 1493 2019 apud
1543 1947 1827 2020 Tripolim

172 2037 550 2112 principibus
580 2035 882 2106 utriusque
912 2039 1031 2091 tam
1056 2037 1217 2106 regni
1241 2053 1414 2107 quam
1438 2037 1826 2108 principatus,

172 2116 1261 2197 curiamindicitgeneralem.Adquam
1275 2123 1829 2182 tamdominumAn-

176 2216 459 2274 tiocbenu
471 2233 524 2272 m
543 2212 926 2286 patriarcham
943 2230 1077 2268 cum
1092 2231 1159 2270 su
1171 2212 1473 2286 ffraganeis
1488 2214 1633 2284 suis,
1648 2230 1826 2287 quam

175 2305 486 2363 dominam
510 2303 921 2377 principissam
942 2319 1075 2359 cum
1096 2304 1221 2360 suis
1236 2303 1572 2374 proceribus
1587 2302 1824 2372 invitat;

182 2393 457 2452 interluit
479 2398 673 2450 autem
705 2397 763 2449 et
790 2396 973 2450 mater
993 2394 1141 2465 ejus,
1172 2391 1411 2450 domina
1430 2392 1631 2466 regina
1669 2391 1826 2447 Mili·

182 2483 405 2552 sendis,
430 2488 488 2540 et
517 2483 675 2555 regni
707 2481 1001 2556 principes
1032 2499 1160 2539 eam
1192 2481 1392 2538 secuti.
1431 2480 1538 2537 Ubi
1571 2497 1706 2537 cum
1755 2481 1829 2538 de

181 2572 442 2648 publicis
465 2572 714 2646 negotiis
757 2571 1006 2644 diligens
1046 2571 1279 2628 habitus
1331 2574 1488 2629 esset
1517 2573 1824 2641 tractatus,

178 2671 424 2719 ventum
452 2662 615 2719 estad
639 2662 940 2734 negotium
958 2660 1345 2734 principissae3
1370 2661 1470 2717 sed
1487 2677 1674 2732 neque
1686 2664 1826 2718 tunc

187 2751 287 2810 vel
321 2766 434 2822 rex,
459 2750 542 2809 vel
572 2767 787 2818 comes,
819 2752 947 2822 ejus
977 2750 1319 2823 sanguinei;
1351 2748 1439 2806 vel
1489 2750 1706 2823 regina,
1740 2749 1826 2806 vel

183 2839 491 2898 comitissa
507 2838 890 2911 Tripolitana,
912 2837 1094 2894 ambas
1107 2837 1234 2909 ejus
1271 2841 1610 2908 materteras,
1636 2838 1693 2894 in
1717 2836 1827 2895 boc

181 2946 316 2987 eam
351 2932 662 3002 potuerunt
694 2928 985 2994 inducere,
1030 2927 1217 2983 utsibi
1265 2931 1323 2984 et
1372 2927 1593 2999 regioni
1634 2927 1694 2982 in
1717 2926 1825 2984 hac

181 3024 352 3093 parte
379 3017 551 3074 veltet
581 3018 902 3090 providere.
936 3017 1251 3074 Dicebatur
1278 3021 1476 3073 autem
1499 3021 1557 3073 et
1581 3016 1827 3089 patriar-

179 3109 304 3166 chae
327 3107 434 3164 niti
462 3105 724 3176 consilio,
746 3107 845 3180 qui
876 3111 1155 3179 tanquam
1189 3106 1546 3179 virargustus
1577 3111 1636 3163 et
1654 3106 1825 3164 versi-

1942 514 2210 572 universa
2241 514 2467 586 civitas,
2498 531 2637 571 nece
2668 515 2898 572 comitis
2946 515 3181 586 audita3
3202 518 3262 574 et
3290 516 3361 572 ad
3426 514 3590 572 arma

1942 602 2194 676 populus
2213 603 2542 667 convolans,
2578 620 2993 677 quemcunque
3022 605 3277 662 alienum
3310 622 3343 661 a
3383 604 3588 677 lingua

1943 699 2162 763 nostra,
2185 692 2273 751 vel
2305 692 2509 750 habitu
2543 694 2777 767 reperit,
2815 700 3037 766 putans
3062 696 3299 752 sicarios
3339 693 3440 767 qui
3481 693 3590 750 hoc

1941 781 2160 839 malum
2192 784 2615 840 commiserant
2645 784 2936 852 invenire,
2985 782 3177 858 gladio
3233 783 3504 857 percutit,
3536 788 3592 840 et

1939 876 2183 929 mortem
2215 872 2489 930 omnibus
2514 870 2733 946 irrogat
2761 872 3184 932 indifferenter.
3215 874 3444 931 Interea
3493 887 3593 928 rex

1939 961 2259 1033 repentinis
2291 963 2515 1020 excitus
2546 962 2921 1032 clamoribus,
2953 966 3138 1021 morte
3168 963 3404 1021 comitis
3427 959 3594 1018 intel·

1937 1046 2111 1120 lecta,
2132 1049 2314 1107 tristis
2337 1052 2680 1122 admodum,
2701 1057 2758 1110 et
2780 1055 2973 1110 mente
2989 1050 3309 1125 plurimum
3331 1055 3587 1108 conster-

1942 1143 2135 1208 natus,
2169 1138 2458 1212 lacrymas
2488 1144 2545 1196 et
2576 1142 2834 1214 suspiria
2869 1158 2988 1198 non
3035 1140 3234 1198 valens
3292 1139 3582 1204 cohibere,

1940 1231 2181 1284 matrem
2212 1231 2267 1285 et
2299 1231 2666 1286 materteram
2700 1246 2833 1286 mox
2855 1230 3119 1302 praecipit
3135 1227 3414 1286 revocari.
3446 1227 3586 1294 Qui·

1935 1312 2045 1374 bus
2067 1318 2337 1387 reversis,
2370 1321 2506 1391 post
2533 1318 2713 1376 multa
2738 1316 3000 1376 lamenta
3029 1322 3086 1375 et
3115 1317 3286 1375 ssatus
3371 1316 3582 1374 uberes

1939 1423 2181 1479 corpore
2214 1422 2349 1464 cum
2379 1406 2577 1465 debita
2606 1408 3012 1481 exsequiarum
3038 1407 3471 1481 magnificentia
3499 1422 3588 1463 se-

1937 1494 2189 1569 pulturas
2219 1495 2456 1566 tradito,
2499 1497 2869 1570 praecipiente
2895 1496 3132 1554 domino
3182 1513 3340 1570 rege,
3388 1495 3584 1552 cuncti

1938 1600 2202 1657 proceres
2234 1584 2471 1642 illarum
2504 1587 2778 1661 partium,
2812 1586 3057 1644 dominae
3091 1584 3405 1644 comitissae
3434 1589 3493 1641 et
3516 1582 3584 1639 li-

1937 1673 2092 1729 beris
2115 1673 2242 1746 ejus
2271 1673 2614 1732 fidelitatem
2636 1676 3047 1734 exhibuerunt.
3072 1677 3212 1733 Erat
3241 1682 3434 1732 autem
3484 1670 3588 1730 do·

1884 1787 1893 1795 ·
1939 1760 2098 1819 mino
2129 1763 2350 1831 comiti,
2375 1762 2534 1820 filius
2558 1765 2608 1821 ei
2639 1767 2992 1838 aequivocus,
3027 1766 3263 1823 nomine
3295 1764 3579 1820 Raimun·

1939 1853 2075 1922 dus,
2106 1851 2202 1908 vix
2232 1869 2518 1910 annorum
2551 1855 2889 1925 duodecim;
2922 1859 2979 1911 et
3010 1854 3129 1912 fllia
3150 1855 3387 1909 nomine
3424 1850 3578 1908 uili-

1940 1941 2160 2008 sendis,
2200 1940 2377 1998 fratre
2400 1947 2538 2000 natu
2571 1945 2873 2016 posterior.
2905 1944 3006 1999 His
3032 1959 3167 2014 ergo
3199 1939 3584 2012 siccomposi·

1940 2030 2040 2098 tis,
2072 2046 2171 2086 rex
2196 2046 2328 2088 cum
2363 2037 2548 2088 matre
2569 2038 2627 2089 et
2657 2031 3019 2104 principibus
3051 2032 3179 2088 suis
3211 2031 3270 2087 in
3328 2043 3578 2102 regnum

1937 2135 2209 2177 reversus
2239 2126 2343 2175 est.

2560 2211 2799 2269 CAPUT
2839 2210 2955 2269 XX.

1938 2327 2239 2383 Tarcorum
2266 2320 2462 2391 inam
2488 2320 2790 2376 multitudo
2837 2319 3267 2390 Hierosolymam
3323 2320 3491 2387 venit,
3523 2321 3584 2374 ut

2008 2413 2131 2453 eam
2151 2397 2371 2465 occupet
2389 2411 2410 2458 ,·
2430 2391 2526 2448 sed
2567 2390 2905 2464 egredientes
2929 2394 3127 2462 nostri,
3158 2406 3245 2448 eos
3292 2388 3353 2446 in
3384 2393 3587 2447 virtute

2009 2484 2207 2541 maana
2233 2460 2604 2539 prosternunt.

2007 2580 2137 2633 Non
2160 2573 2343 2631 multo
2356 2589 2488 2629 vero
2504 2570 2945 2644 postinterjecto
2958 2569 3242 2642 temporis
3253 2567 3579 2640 intervallo,

1939 2666 2184 2742 quidam
2215 2661 2442 2721 nobiles
2465 2662 2789 2719 Turcorum
2821 2665 3087 2734 satrapae,
3129 2661 3236 2718 viri
3292 2660 3579 2734 potentes,

1935 2762 1995 2814 et
2022 2753 2178 2828 apud
2200 2766 2335 2810 suos
2368 2750 2583 2825 egregii
2609 2750 2887 2821 nominis,
2910 2750 3129 2822 quibus
3151 2765 3471 2821 cognomen
3494 2752 3582 2804 est

1938 2843 2295 2916 Hiaroquin3
2356 2856 2608 2913 quorum
2641 2848 2845 2897 sancta
2901 2840 3129 2908 civitas,
3198 2843 3506 2911 antequam
3544 2854 3581 2892 a

1936 2931 2282 2990 Christianis
2328 2927 2696 2997 liberaretur,
2743 2928 2958 2985 dicitur
3015 2916 3193 2985 tuisse
3240 2926 3578 2995 hareditas,

1947 3025 2211 3082 hortante
2241 3025 2425 3079 matre
2454 3024 2511 3078 et
2553 3037 2755 3078 eorum
2787 3020 3221 3095 improperante
3265 3020 3576 3093 ignaviam,

1937 3113 2094 3187 quod
2114 3111 2316 3169 tandiu
2339 3111 2410 3166 ab
2442 3110 2776 3167 baereditate
2804 3111 2957 3167 avita
2977 3126 3039 3167 se
3070 3114 3407 3178 paterentur
3443 3121 3574 3166 esse

182 3197 377 3270 pellis,
408 3202 473 3254 ut
501 3197 739 3255 liberius
765 3197 999 3254 interim
1032 3200 1153 3254 tota
1202 3200 1352 3253 terra
1397 3198 1821 3267 dominaretur,
1853 3175 1898 3246 C
1936 3207 2211 3270 extorres,
2245 3199 2485 3258 collecta
2541 3199 2771 3256 infinita
2828 3200 3154 3257 Turum-um
3194 3196 3571 3255 multitudine

182 3289 359 3358 cujus
388 3286 470 3344 rei
501 3287 751 3360 cupidus
774 3292 899 3343 erat
918 3286 1117 3354 nimis,
1139 3286 1199 3343 in
1224 3287 1331 3343 hoc
1360 3303 1488 3344 eam
1522 3286 1826 3344 dicebatur

180 3392 378 3435 errore
408 3375 616 3432 lovere.
649 3375 796 3431 Cum
815 3391 949 3446 ergo
984 3374 1129 3431 nihil
1161 3377 1220 3432 in
1247 3392 1314 3432 eo
1337 3376 1704 3449 proficerent,
1736 3393 1826 3434 so-

182 3465 310 3523 lnta
341 3465 523 3534 curia,
553 3465 622 3522 ad
656 3465 889 3538 propria
921 3466 1173 3538 quisque
1203 3480 1470 3522 reversus
1499 3468 1608 3522 est.

798 3571 1032 3630 CAPUT
1089 3573 1246 3630 xlx,

180 3665 301 3720 Rex
319 3670 371 3719 et
402 3670 579 3719 mater
607 3664 724 3735 ejus
752 3663 897 3733 apud
928 3662 1187 3734 Tripolim
1231 3661 1584 3731 conveniunt,
1633 3669 1696 3718 ut
1742 3679 1826 3719 co·

252 3735 444 3790 mium
472 3735 638 3790 uxori
662 3732 1021 3791 reconcilient
1039 3752 1060 3800 ,·
1092 3734 1186 3790 sed
1216 3749 1322 3790 non
1351 3734 1664 3808 proficiunt.
1720 3735 1826 3792 Co-

252 3821 369 3862 mes
398 3806 466 3862 ab
496 3806 781 3861 assissinis
804 3807 863 3861 in
890 3811 1048 3877 porta
1067 3804 1307 3861 civitatis
1335 3806 1626 3863 occiditur.

256 3918 397 3970 Erat
423 3917 621 3969 autem
651 3911 768 3968 illis
797 3909 1017 3980 diebus»,
1041 3913 1192 3968 inter
1212 3912 1518 3969 dominum
1549 3914 1824 3972 comitem

180 4007 234 4058 et
256 3999 384 4072 ejus
404 4015 664 4068 uxorem,
699 3997 950 4056 dominae
981 3997 1307 4055 Miliseudis
1332 3999 1541 4072 reginae
1569 4015 1824 4057 sororem

181 4107 251 4146 ex
274 4089 436 4146 zelon
461 4088 710 4145 maritali
729 4086 1134 4154 ortaeimulta;
1152 4088 1600 4157 quussedandae
1614 4088 1823 4160 gratia,

183 4183 240 4235 et
271 4188 332 4235 ut
355 4176 769 4250 principissam
803 4180 1034 4246 neptem
1070 4190 1238 4231 suam
1287 4174 1531 4245 videret,
1589 4175 1827 4234 domina

186 4266 514 4324 Milisendis
544 4265 876 4322 advenerat.
902 4263 964 4320 In
1025 4282 1137 4338 qua
1195 4264 1563 4322 resarcienda
1618 4265 1826 4339 gratia,

185 4373 322 4414 cum
355 4356 483 4427 ipsa
529 4355 738 4411 iterum
780 4371 895 4411 non
946 4354 1195 4411 multum
1252 4355 1615 4427 profecisset,
1663 4372 1826 4413 soro-

188 4461 339 4512 rem,
371 4444 624 4511 rediens,
657 4442 936 4499 deducere
956 4459 1152 4499 secum
1177 4445 1530 4513 decreverat,
1560 4443 1696 4501 etin
1717 4444 1828 4501 boc

1932 3290 2393 3363 Hierosolymam
2423 3288 2621 3344 venire
2643 3291 2701 3344 et
2727 3304 2854 3345 eam
2881 3289 3047 3361 quasi
3080 3289 3216 3360 jure
3264 3286 3568 3345 haeredita·-

1934 3381 2019 3438 rio
2049 3379 2160 3438 sihi
2194 3378 2453 3453 pabitam
2481 3378 2778 3435 vindicare
2824 3382 3179 3452 proponunt.
3236 3376 3567 3448 Assumptis

1932 3484 2069 3541 ergo
2124 3467 2236 3524 sibi
2292 3466 2628 3539 ingentibus
2673 3467 3013 3524 militarium
3061 3468 3311 3525 virorum
3372 3466 3578 3539 copiis,

1936 3562 2175 3614 matrem
2237 3552 2555 3626 longaevam
2612 3554 2908 3610 continuis
2959 3555 3458 3612 exhortationibus
3513 3553 3571 3608 id

1938 3646 2273 3702 monentem
2305 3643 2511 3712 secuti,
2562 3642 2673 3698 iter
2722 3643 3012 3715 arripiunt
3073 3644 3459 3715 propositum,
3518 3641 3570 3696 si

1938 3732 2329 3792 Dominusita
2361 3731 2712 3803 permiserit,
2744 3733 3135 3804 prosecuturi.
3168 3730 3576 3787 pervenientes

1937 3826 2116 3897 igitur
2168 3826 2541 3892 Damascum,
2574 3822 2655 3878 ibi
2715 3823 2785 3879 ad
2821 3823 3172 3894 reparandos
3202 3822 3490 3878 exercitus
3518 3825 3578 3878 et

1934 3916 2089 3975 vires
2119 3913 2464 3970 recreandas
2486 3928 2710 3968 moram
2737 3912 3015 3968 facientes
3033 3911 3315 3984 aliquam,
3336 3908 3578 3966 volenti-

1938 4005 2050 4061 bus
2078 4002 2461 4061 Damascenis
2489 4018 2691 4059 eorum
2739 4000 3026 4073 insipiens
3065 4015 3330 4058 revocare
3391 3999 3578 4056 consi·

1937 4091 2106 4160 lium,
2141 4106 2257 4146 non
2288 4088 2733 4160 acquieverunt;
2766 4087 2868 4146 sed
2901 4090 3219 4162 resumptis
3246 4088 3473 4144 viaticis
3514 4093 3577 4146 et

1938 4180 2280 4255 compositis
2303 4179 2510 4237 iterum
2541 4179 2812 4248 sarcinis,
2843 4180 3014 4253 quasi
3044 4181 3115 4237 de
3142 4179 3437 4252 proposito
3458 4195 3577 4236 non

1940 4268 2296 4333 diffidentes,
2325 4283 2530 4324 versus
2585 4266 3042 4340 Hierosolymam
3102 4267 3575 4340 proficiscuntur.

1938 4358 2198 4415 Tandem
2229 4356 2479 4414 transito
2508 4355 2764 4414 Jordane
2785 4374 2917 4414 cum
2941 4357 3228 4415 universis
3242 4356 3579 4414 cohortibus

1937 4448 2029 4506 sui
2081 4450 2362 4505 montana
2382 4448 2820 4516 conscedentes,
2853 4447 2912 4504 in
2935 4448 3151 4521 quibus
3174 4447 3289 4503 sita
3313 4452 3403 4504 est
3433 4460 3579 4518 proe·

191 4534 494 4608 procinctu
528 4533 710 4588 ambae
741 4539 903 4589 erant
959 4532 1163 4588 urbem
1220 4531 1642 4606 Tripolitanam
1709 4535 1827 4606 iam
1856 4541 1903 4609 D
1933 4538 2091 4596 dicta
2119 4538 2345 4610 civitas,
2375 4538 2435 4594 in
2468 4542 2730 4595 montem
2761 4536 2991 4606 Oliveti,
3033 4538 3131 4609 qui
3155 4553 3321 4593 mons
3353 4539 3578 4593 conter-

187 4638 453 4695 egressae.
476 4621 677 4678 Comes
699 4626 897 4679 autem
923 4621 1308 4693 proficiscenti
1331 4621 1694 4696 principissae
1733 4640 1827 4682 co-

186 4714 391 4770 mitem
414 4728 475 4768 se
496 4710 569 4768 ad
586 4714 818 4783 tempus
841 4710 1096 4782 dederat,
1117 4730 1147 4767 a
1171 4728 1287 4784 qua
1311 4714 1547 4785 sumpta
1569 4710 1824 4782 licentia,

185 4808 321 4876 post
353 4801 645 4859 modicum
671 4817 939 4857 reversus
972 4805 1062 4857 est
1092 4801 1496 4869 intervallum;
1530 4801 1656 4875 qui,
1683 4799 1824 4858 dum

186 4895 415 4965 portam
438 4891 689 4948 civitatis
701 4890 1113 4963 ingrederetur.
1130 4890 1392 4965 nihilque
1404 4892 1639 4950 omnino
1653 4909 1824 4950 casus

185 4982 421 5038 timeret
448 4981 692 5050 sinistri,
725 4981 782 5035 in
818 4979 1055 5037 introitu
1090 4987 1287 5054 portoe,
1320 4984 1470 5038 inter
1499 4999 1732 5040 murum
1769 4985 1827 5040 et

180 5070 569 5138 antemurale,
600 5071 1028 5127 Assissinorum
1059 5069 1268 5144 gladiis
1289 5072 1616 5143 confossus,
1648 5072 1825 5130 mise-

179 5160 445 5216 rabiliter
476 5160 718 5218 interiit.
752 5160 967 5217 Cecidit
1000 5166 1190 5217 autem
1231 5165 1288 5216 et
1307 5177 1440 5216 cum
1474 5176 1540 5217 eo
1572 5162 1822 5233 inclytus

175 5254 239 5306 et
260 5249 475 5305 nobilis
504 5250 612 5318 vir,
645 5251 814 5321 cujus
836 5250 1108 5322 superius
1164 5251 1411 5308 fecimus
1462 5250 1821 5308 mentionem

176 5338 458 5397 dominus
484 5338 832 5411 Radulphus
862 5340 934 5396 de
955 5337 1153 5407 Merlo,
1186 5356 1319 5397 cum
1352 5342 1604 5413 quodam
1636 5340 1822 5398 milite

178 5445 316 5499 suo,
340 5443 593 5501 quorum
626 5432 867 5501 uterque
895 5429 1131 5487 domino
1188 5430 1387 5488 comiti
1417 5430 1477 5488 in
1517 5446 1585 5488 ea
1624 5431 1820 5504 prose-

174 5518 375 5577 ctione
404 5533 543 5584 casu
574 5534 637 5575 se
667 5517 891 5576 delerat
920 5520 1403 5577 consortem.Rex
1422 5527 1616 5579 autem
1653 5509 1715 5579 ia
1744 5509 1818 5578 οἷ’

172 5605 360 5665 vitate
374 5621 614 5665 securus
635 5605 822 5667 aleam
842 5601 1104 5680 ludebat,
1123 5608 1466 5669 recreationi
1502 5609 1650 5669 dans
1680 5626 1819 5686 ope—

1939 4627 2136 4683 minus
2166 4629 2449 4700 praedictae
2482 4627 2869 4697 supereminet
2892 4626 3045 4695 urbi,
3076 4643 3138 4682 se
3176 4625 3576 4690 contulerunt;

1936 4717 2019 4773 ita
2032 4716 2247 4773 utinde
2268 4717 2395 4773 loca
2415 4717 2613 4772 omnia
2630 4714 3010 4784 venerabilia,
3039 4719 3095 4770 et
3117 4712 3369 4768 maxime
3394 4713 3577 4768 Tem-

1937 4805 2103 4879 plum
2132 4803 2387 4871 Domini,
2410 4804 2564 4875 quod
2591 4805 2649 4859 in
2681 4818 2919 4859 summa
2949 4805 3005 4859 et
3035 4802 3328 4873 praecipua
3365 4798 3582 4856 habent

1936 4895 2280 4963 reverentia,
2313 4897 2371 4951 et
2403 4894 2735 4951 universam
2774 4893 2973 4951 urbem
3008 4892 3091 4948 eis
3121 4890 3573 4948 dareturliberis

1933 4984 2342 5057 prospectibus
2374 4983 2609 5040 intueri.
2641 4983 2799 5049 Quod
2856 4982 3118 5039 videntes
3168 4981 3270 5053 qui
3316 4981 3376 5037 in
3434 4981 3575 5038 urbe

1933 5079 2099 5131 erant
2131 5072 2380 5142 residui;
2416 5088 2553 5128 nam
2584 5071 2839 5128 maxima
2867 5073 3046 5130 totius
3079 5070 3332 5142 regionis
3354 5070 3574 5126 mititioe

1934 5179 2071 5236 pars
2087 5163 2245 5235 apud
2272 5160 2574 5235 Neapolim
2605 5167 2975 5233 convenerat,
3010 5164 3242 5228 timens,
3267 5161 3406 5232 quia
3437 5159 3578 5215 urbs

1932 5252 2062 5309 sine
2092 5251 2377 5308 maenibus
2405 5255 2550 5317 erat,
2594 5267 2668 5308 ne
2699 5249 2838 5307 illuc
2865 5251 3295 5308 advenientium
3313 5248 3573 5304 hostium

1932 5357 1996 5397 se
2025 5342 2283 5397 conferet
2322 5340 2655 5410 multitudo,
2706 5340 2973 5399 invocato
3030 5342 3099 5397 de
3137 5339 3299 5396 coetis
3335 5337 3569 5405 auxilio,

1931 5429 2474 5508 arma-corripiunt,
2496 5434 2555 5487 et
2584 5429 2847 5487 certatim
2878 5430 3117 5504 egressi,
3150 5429 3421 5485 inhostes
3441 5444 3574 5500 pro-

1931 5535 2139 5593 perare
2171 5524 2231 5578 et
2259 5535 2391 5578 cum
2422 5520 2507 5579 eis
2536 5519 2897 5578 committere
2925 5519 3077 5577 votis
3107 5518 3447 5577 ardentibus
3477 5533 3577 5576 ac-

1938 5611 2220 5673 celerant.
2252 5614 2357 5673 Est
2384 5615 2581 5673 autem
2609 5612 2723 5684 via,
2754 5629 2886 5687 quae
2914 5612 2988 5671 ab
3017 5611 3435 5686 Hierosolymis
3473 5612 3578 5668 de-
