3784 6000
289 238 408 301 379

1357 229 1793 296 GUILLELMI
1832 226 2218 292 TYRENSIS
2260 230 2617 296 ARchP.

3567 227 3692 289 380

292 377 452 449 cipes
483 392 546 434 se
576 375 963 448 accingerent,
987 376 1045 428 et
1063 368 1298 428 Domini
1339 367 1612 441 praeirent
1640 365 1936 434 exercitui,
1966 366 2021 433 Α
2046 365 2201 422 dicto
2233 366 2416 424 nobili
2445 367 2703 425 amicitia
2733 368 3067 436 soederatur,
3108 368 3167 426 iu
3200 381 3369 425 suam
3399 378 3534 422 eum
3565 378 3693 433 gra-

291 481 481 522 causae
510 462 834 537 principali,
866 477 996 533 quoe
1025 474 1228 516 omnes
1249 457 1320 514 de
1338 455 1678 530 regionibus
1697 455 1821 511 suis
1841 469 1938 510 ex-

290 554 531 621 civerat,
563 551 1005 609 satisfacientes.
1040 551 1167 616 Qua
1193 565 1260 605 ex
1290 562 1467 606 causa
1488 544 1782 619 principes
1802 560 1936 601 con-

289 643 591 700 venientes
614 642 672 697 in
704 656 911 707 unum,
944 655 1123 712 super
1160 637 1269 694 hac
1308 636 1510 709 populi
1548 633 1933 707 postulatione

294 736 415 788 tam
447 730 749 788 favorabili
770 736 822 786 et
846 728 1209 785 exauditione
1231 727 1430 799 digna,
1452 723 1930 782 deliberationem

294 820 545 892 ingressi
587 823 748 888 sunt,
789 820 846 876 in
879 834 995 890 qua
1022 817 1172 875 alius
1203 816 1309 885 sic,
1342 815 1492 872 alius
1514 815 1679 871 aliter
1708 814 1932 871 afficie-

289 908 496 966 batur:
530 909 887 981 quibusdam
920 907 1074 963 enim
1097 907 1155 962 id
1180 904 1486 961 videbatur
1504 904 1926 975 expedientius,

289 1004 354 1056 ut
383 999 576 1056 statim
609 998 737 1056 sine
782 998 1061 1055 dilatione
1100 998 1212 1053 iter
1253 995 1594 1066 arriperent,
1634 999 1692 1051 et
1728 992 1931 1068 populi

288 1089 694 1146 satisfacerent
707 1088 1032 1156 desideriis;
1049 1086 1401 1159 quibusdam
1414 1101 1548 1142 vero
1563 1084 1929 1142 obinstantis

290 1177 574 1235 servorem
605 1180 818 1234 sistatis
863 1181 919 1233 et
948 1190 1228 1248 aquarum
1270 1174 1600 1247 penuriam,
1637 1181 1692 1230 et
1729 1172 1931 1246 populi

291 1265 463 1324 tamis
489 1266 802 1324 acerbitate
827 1266 1050 1323 diutius
1071 1264 1271 1321 afflicti
1292 1263 1741 1333 debilitatem,et
1755 1278 1932 1335 equo·

292 1370 425 1413 rum
454 1356 762 1426 defectum,
796 1371 980 1427 usque
1007 1356 1079 1412 ad
1111 1353 1503 1412 clementioris
1530 1353 1762 1409 initium
1789 1357 1931 1409 tem-

294 1443 454 1517 poris
494 1448 552 1503 et
582 1445 706 1501 Kal.
754 1444 984 1502 Octobr.
1028 1445 1138 1500 iter
1181 1443 1563 1500 differendum
1599 1443 1927 1514 videbatur,

294 1535 362 1590 ut
389 1533 498 1589 hoc
528 1534 721 1591 medio
752 1538 1033 1606 tempore,
1066 1533 1230 1605 equis
1262 1532 1332 1590 de
1363 1548 1508 1589 novo
1537 1531 1843 1605 acquisitis
1872 1535 1931 1587 et

292 1621 625 1679 refocillatis
655 1622 966 1691 veteribus,
1002 1621 1214 1695 populo
1256 1637 1487 1694 quoque
1535 1620 1830 1677 alimentis
1873 1624 1930 1676 et

290 1710 491 1784 requie
519 1711 578 1766 in
612 1716 829 1768 statum
863 1711 1175 1783 pristinum
1209 1711 1538 1778 reformato,
1568 1717 1623 1766 et
1660 1709 1925 1766 omnium

289 1800 509 1857 viribus
540 1801 845 1873 reparatis,
876 1800 948 1856 ad
994 1799 1254 1856 laborem
1300 1799 1525 1856 itineris
1554 1801 1795 1872 possent
1837 1814 1927 1854 re·
1958 1765 2005 1830 Β

290 1902 528 1960 surgere
551 1888 837 1945 fortiores.
859 1887 1088 1943 Placuit
1105 1888 1335 1945 tandem
1360 1887 1633 1944 omnibus
1648 1886 1930 1960 posterior

290 1978 595 2047 sententia,
630 1982 687 2034 et
706 1992 889 2051 usque
920 1978 991 2033 ad
1015 1982 1246 2051 tempus
1277 1983 1652 2049 praetaxatum
1678 1978 1749 2033 de
1770 1993 1930 2035 com-

287 2065 454 2124 muni
483 2066 847 2124 conniventia
875 2071 1114 2139 receptae
1141 2072 1278 2124 sunt
1305 2067 1481 2124 i'erioe.
1510 2066 1580 2124 Ut
1606 2083 1742 2124 vero
1774 2068 1925 2123 inte·

288 2154 397 2211 rim
423 2158 480 2211 et
507 2153 689 2211 cladis
718 2155 1077 2212 declinarent
1101 2156 1460 2213 imminentis
1492 2156 1835 2229 periculum,
1868 2158 1928 2213 et

287 2244 751 2301 necessariorum
785 2246 1059 2316 majorem
1093 2244 1234 2301 alibi
1274 2247 1597 2318 reperirent
1625 2244 1931 2303 abundan-

286 2332 456 2401 tiam,
486 2333 658 2390 divisi
698 2337 840 2390 sunt
879 2334 1171 2406 principes
1212 2335 1284 2390 ab
1326 2334 1596 2402 invicem,
1637 2350 1706 2390 ea
1732 2335 1930 2392 condi-

289 2421 470 2486 tione,
499 2424 562 2476 ut
590 2422 714 2479 sine
743 2422 1051 2490 delatione,
1075 2426 1338 2495 tempore
1359 2425 1617 2481 redirent
1637 2423 1923 2482 condicto.

289 2509 670 2565 Boamundus
687 2511 920 2567 enimin
936 2511 1199 2569 Ciliciam
1217 2514 1598 2581 descendens,
1617 2514 1924 2582 Tharsum,

287 2597 575 2668 Adanam,
608 2598 979 2656 Manistram.
1010 2602 1365 2657 Anavarzam
1402 2605 1570 2658 urbes
1591 2604 1824 2672 recepit,
1846 2607 1923 2669 et,

290 2685 637 2743 custodibus
667 2688 985 2759 deputatis,
1020 2690 1315 2762 regionem
1337 2691 1449 2747 sibi
1472 2691 1784 2747 vindicavit
1804 2693 1926 2747 uni·

289 2789 539 2832 versam.
583 2774 698 2834 Alii
738 2793 968 2851 quoque
1007 2794 1108 2850 per
1138 2781 1310 2836 urbes
1340 2779 1587 2852 dispersi
1618 2780 1925 2848 finitimas,

290 2878 553 2921 seorsum
594 2881 628 2921 a
659 2866 868 2937 turbis,
900 2866 1066 2939 equis
1099 2877 1156 2924 et
1185 2869 1320 2938 sibi,
1366 2873 1626 2942 agentes,
1658 2869 1927 2942 indulge·

288 2951 456 3011 bant.
501 2953 667 3012 Multi
705 2955 881 3012 etiam
915 2959 1032 3014 tam
1065 2957 1137 3014 de
1169 2957 1336 3031 plebe
1368 2974 1543 3031 quam
1574 2959 1643 3016 de
1675 2958 1925 3017 nobilio·

288 3041 451 3099 ribus
480 3043 552 3099 ad
586 3043 888 3103 dominum
920 3046 1267 3103 Balduinum
1300 3049 1468 3106 ducis
1487 3049 1746 3117 fratrem,
1771 3056 1831 3105 ut
1851 3050 1923 3105 ab

286 3146 354 3188 eo
384 3130 604 3205 aliquid
631 3135 892 3207 accipere
920 3142 1302 3205 mererentur,
1336 3138 1628 3211 Edessam,
1659 3139 1753 3196 cui
1782 3156 1928 3212 proe·
1964 3131 2009 3198 C

288 3228 430 3290 erat,
457 3223 696 3280 transito
720 3224 1033 3296 Euphrate,
1057 3228 1319 3282 certatim
1346 3229 1752 3300 properabant.
1775 3231 1929 3293 Quos

286 3306 386 3365 ille
405 3324 539 3365 oum
563 3310 748 3367 multa
769 3311 1071 3370 honestate
1082 3315 1429 3389 suscipiens,
1453 3320 1510 3372 et
1528 3318 1682 3388 apud
1705 3334 1768 3374 se
1788 3334 1931 3375 com·

290 3402 586 3457 morantes
618 3404 874 3458 tractans
890 3402 1223 3475 benignius,
1249 3404 1455 3461 multis
1476 3404 1707 3463 donatis
1728 3422 1932 3465 mune-

290 3486 477 3560 ribus,
506 3488 720 3547 hilares
750 3491 1085 3549 remittebat
1114 3494 1184 3549 ad
1217 3509 1374 3550 suos.

929 3597 1159 3657 CAPUT
1197 3600 1293 3656 111.

290 3682 558 3741 Dominus
595 3685 830 3742 Haearlh
872 3692 1062 3744 contra
1091 3688 1379 3747 dominum
1420 3706 1582 3746 suum
1615 3690 1871 3748 Rodohan
1900 3708 1935 3747 a

362 3756 497 3813 duce
523 3760 660 3828 petie
688 3759 994 3816 auxilium.
1029 3762 1174 3827 Dux,
1205 3766 1422 3819 evocato
1437 3766 1613 3834 fratre
1633 3762 1931 3834 Balduino,

361 3828 498 3884 illuc
514 3833 787 3902 properat.

364 3934 591 3992 Accidit
619 3941 814 3993 autem
856 3953 959 4010 per
1004 3938 1237 3995 eosdem
1284 3940 1410 3996 dies
1454 3942 1606 4012 quod
1653 3940 1934 3998 Rodohan

294 4021 729 4095 Halapiensium
758 4026 1044 4099 princeps,
1076 4043 1209 4084 cum
1240 4030 1489 4101 quodam
1514 4030 1584 4086 de
1605 4030 1729 4087 suis
1747 4034 1937 4087 satra-

296 4111 409 4183 pis,
442 4113 544 4183 qui
576 4114 813 4172 castello
844 4116 1090 4173 Hasarth
1121 4122 1381 4188 praeerat,
1427 4124 1788 4176 contraxerat
1824 4119 1934 4177 ini·

300 4200 583 4267 micitias;
616 4217 800 4273 eoque
830 4204 1029 4259 odium
1062 4204 1213 4260 inter
1237 4222 1336 4262 eos
1364 4212 1721 4278 pervenerat,
1755 4209 1933 4280 quod,

299 4290 616 4342 convocata
644 4304 712 4343 ex
742 4290 1029 4346 universis
1059 4292 1172 4347 sibi
1201 4293 1451 4350 subditis
1473 4296 1811 4368 regionibus
1833 4297 1937 4353 mi-

297 4372 445 4445 litia,
476 4378 734 4432 castrum
766 4378 1108 4450 praedictum
1140 4380 1463 4439 obsederat.
1490 4385 1710 4441 Vidons
1740 4394 1933 4443 autem

2042 455 2187 512 tiam
2234 455 2542 529 recipiens,
2605 457 2902 531 missoque
2954 457 3183 527 nuntio,
3222 458 3462 514 tratrem
3514 468 3688 510 suum
3715 508 3726 515 .

2047 543 2407 603 Edessanum
2440 547 2709 604 comitem
2742 563 2875 604 cum
2910 546 3262 604 militaribus
3305 544 3487 616 copiis
3525 543 3596 598 ad
3627 556 3692 598 se

2041 634 2297 708 praecipit
2344 635 2592 703 evocari,
2636 639 2699 691 ut
2734 634 2987 692 amicum
3028 634 3333 692 obsidione
3361 633 3560 691 soluta
3586 646 3694 688 ex-

2039 728 2252 800 pediat.
2299 725 2519 795 Vixque
2556 724 2866 795 praedictus
2911 723 3193 782 Rodohan
3232 722 3384 780 circa
3426 725 3689 778 castrum

2040 815 2285 873 Hasarth
2322 829 2423 886 per
2454 811 2711 886 quinque
2748 813 2870 870 dies
2903 829 3035 869 cum
3064 811 3186 869 suis
3222 809 3689 884 expeditionibus

2037 905 2396 970 consederat,
2449 918 2580 958 cum
2633 918 2765 961 ecce
2814 902 2931 959 dux
2979 901 3328 959 Godeiridus
3377 901 3437 957 in
3477 914 3692 969 magna

2042 993 2416 1052 multitudine
2433 996 2552 1048 tam
2570 991 2831 1049 fidelium
2850 1008 3116 1061 suorum,
3138 1007 3309 1064 quam
3333 989 3688 1057 amicorum,

2039 1101 2184 1157 quos
2225 1083 2298 1140 ad
2332 1082 2803 1155 persequendum
2828 1082 3188 1153 propositum
3219 1079 3589 1146 invitaverat,
3613 1077 3686 1134 ab

2036 1172 2348 1229 Antiochia
2377 1186 2650 1244 egressus
2679 1171 2738 1226 in
2771 1187 2952 1227 manu
2987 1169 3140 1236 lorti,
3162 1170 3232 1225 ad
3257 1171 3452 1238 partes
3470 1165 3607 1223 illas
3623 1168 3690 1222 ut

2038 1262 2227 1321 amico
2257 1261 2610 1329 subveniret,
2642 1261 2891 1333 impiger
2920 1258 3286 1332 properabat.
3333 1256 3442 1325 Qui
3486 1258 3686 1313 autem

2037 1369 2072 1410 a
2100 1352 2376 1424 praedicto
2421 1349 2604 1408 nobili
2643 1350 2763 1407 viro
2809 1351 2882 1407 ad
2921 1350 3230 1407 dominum
3267 1349 3480 1405 ducem
3514 1345 3685 1403 missi

2035 1443 2246 1509 fuerat,
2279 1441 2538 1498 videntes
2567 1441 2703 1512 quia
2750 1455 3026 1513 prospere
3054 1444 3110 1496 et
3140 1455 3243 1511 pro
3274 1438 3425 1495 votis
3465 1440 3682 1494 cuncta

2035 1531 2486 1604 compleverant,
2518 1531 2577 1586 in
2608 1534 2925 1603 conspectu
2957 1529 3124 1586 ducis
3155 1528 3394 1588 domino
3424 1543 3530 1585 suo
3549 1543 3682 1601 gra·

2035 1622 2172 1678 tiam
2196 1620 2521 1677 obtinentes
2540 1618 3011 1688 cumulatiorem,
3036 1618 3309 1689 quoniam
3333 1615 3450 1690 ipsi
3473 1617 3532 1672 in
3555 1631 3685 1688 per-

2034 1728 2180 1771 sona
2208 1709 2441 1783 propria
2471 1710 2773 1765 dominum
2808 1725 2984 1765 suum
3033 1724 3211 1779 super
3239 1722 3305 1765 eo
3345 1705 3682 1763 nullatenus

2039 1803 2305 1874 poterant
2326 1799 2562 1854 reddere
2583 1798 2902 1854 doctiorem
2924 1797 3239 1870 (exercitus
3259 1795 3476 1869 quippe
3496 1793 3679 1851 hosti·

2037 1888 2112 1946 lis
2141 1889 2220 1944 ita
2259 1889 2518 1958 undique
2540 1894 2798 1944 castrum
2830 1885 3164 1952 vallaverat,
3188 1889 3250 1940 ut
3273 1900 3376 1941 nec
3402 1883 3682 1940 introitus

2038 1978 2210 2034 alicui
2236 1980 2473 2049 pateret,
2498 1974 2584 2031 vel
2606 1975 2815 2046 exitus)
2839 1975 2989 2031 duas
3009 1975 3331 2030 emiserunt
3351 1973 3677 2033 columbas.

2041 2066 2112 2124 ad
2145 2065 2205 2122 id
2236 2064 2498 2121 muneris
2539 2064 3013 2136 prosequendum
3045 2062 3356 2119 instructas
3386 2062 3675 2135 apprime,

2039 2156 2250 2228 quibus
2269 2154 2561 2210 litterulas
2580 2153 2885 2226 legationis
2906 2169 3025 2209 suae
3051 2152 3257 2209 seriem
3282 2152 3677 2222 continentes,

2039 2245 2112 2302 ad
2143 2246 2358 2302 caudas
2387 2242 2797 2315 religaverunt,
2830 2240 3046 2313 quibus
3066 2240 3368 2298 dominum
3389 2254 3564 2296 suum
3587 2256 3677 2297 su-

2039 2350 2143 2408 per
2169 2333 2263 2389 his
2293 2331 2567 2389 omnibus
2599 2348 2722 2404 quae
2754 2330 3147 2401 obtinuerant,
3170 2329 3531 2387 instruerent
3548 2328 3684 2386 dili·-

2039 2422 2284 2497 gentius.
2315 2423 2449 2488 Ques
2472 2435 2587 2476 suae
2627 2418 2886 2476 libertati
2932 2417 3232 2486 restituto,
3281 2418 3343 2475 in
3383 2422 3681 2475 momento

2040 2515 2113 2570 ad
2145 2514 2336 2568 iocum
2361 2510 2515 2567 unde
2536 2509 2756 2565 eductis
2784 2510 3013 2566 fuerant
3032 2509 3361 2578 redeuntes,
3384 2507 3458 2563 ab
3481 2523 3680 2565 earum

2040 2600 2281 2656 custode
2312 2597 2528 2670 pariter
2554 2599 2613 2652 et
2640 2596 2877 2654 alumno
2908 2601 3086 2669 captae
3115 2600 3275 2663 sunt,
3306 2600 3363 2652 et
3384 2594 3683 2652 dissoluta

2040 2686 2329 2762 paginulis
2354 2690 2865 2760 praesentataesunt
2880 2685 3371 2750 domino-Quibus
3390 2685 3682 2758 perlectis,

2039 2779 2098 2835 in
2130 2781 2348 2835 tantam
2381 2793 2545 2849 spem
2578 2780 2805 2832 erectus
2838 2780 2947 2845 est,
2979 2784 3039 2832 ut
3071 2775 3167 2847 qui
3208 2774 3376 2848 prius
3413 2773 3685 2831 obsiden-

2035 2871 2156 2924 tem
2202 2866 2420 2924 veritus
2470 2865 2924 2936 multitudinem,
2970 2866 3041 2922 de
3085 2864 3412 2921 resistendo
3461 2863 3683 2920 diutius

2037 2959 2460 3031 desperaverat,
2490 2957 2718 3014 eosdem
2770 2961 2977 3029 sponte
3027 2956 3309 3013 lacessere
3359 2970 3475 3011 uon
3521 2969 3681 3012 vere·

2038 3051 2216 3105 retur.

2676 3151 2909 3210 CAPUT
2948 3151 3041 3210 tv.

2036 3261 2343 3320 Balduinus
2367 3262 2540 3330 fratri
2567 3260 2803 3317 occurrit
2834 3276 2962 3315 cum
2992 3260 3301 3332 ingentibus
3345 3259 3539 3331 copiis.
3579 3261 3684 3317 Re-

2110 3333 2253 3405 liqui
2293 3331 2574 3403 principes
2612 3334 2931 3388 ministrant
2970 3333 3269 3387 auxilium.
3307 3331 3467 3402 Fugit
3503 3331 3683 3388 Bodo-

2111 3405 2243 3461 haem.
2279 3404 2512 3474 Quidam
2542 3419 2611 3459 ex
2638 3404 2840 3460 noser-is
2859 3405 2919 3460 in
2948 3406 3035 3459 via
3052 3412 3322 3476 perman
3356 3401 3688 3460 occiduntur

2109 3477 2350 3533 hostium
2377 3475 2448 3531 ad
2464 3474 2644 3533 decem
2673 3476 2872 3532 millia.

2109 3583 2336 3639 Interea
2362 3596 2497 3638 cum
2533 3581 2645 3652 jam
2675 3580 2788 3637 diei
2819 3579 2999 3637 unius
3027 3580 3238 3637 itinere
3268 3580 3386 3635 dux
3414 3595 3553 3636 cum
3575 3595 3683 3638 suo

2041 3670 2318 3727 comitatu
2362 3670 2762 3741 processisset,
2809 3669 3062 3726 occurrit
3102 3669 3152 3725 ei
3181 3669 3360 3725 frater
3387 3669 3517 3739 ejus
3548 3683 3686 3725 oum

2043 3759 2230 3816 tribus
2274 3757 2536 3813 millibus
2582 3758 2840 3814 virorum
2888 3758 3148 3826 fortium,
3204 3762 3263 3815 et
3322 3761 3687 3814 armatorum

2041 3847 2290 3921 optime:
2324 3863 2440 3919 quo
2470 3862 2602 3902 cum
2634 3846 2807 3919 plena
2836 3846 3114 3904 charitate
3144 3851 3203 3904 et
3220 3845 3457 3918 pietatis
3478 3847 3688 3905 affectu

2040 3939 2294 4012 benigne
2322 3942 2616 4011 suscepto,
2660 3938 2940 4011 propositi
2971 3938 3176 4011 pandit
3205 3938 3437 4005 seriem,
3465 3940 3527 3994 et
3553 3952 3688 4009 gra·

2042 4029 2182 4088 tiam
2214 4045 2389 4102 quam
2423 4044 2557 4085 cum
2590 4030 2861 4102 praedicto
2899 4028 3081 4086 nobili
3122 4045 3254 4087 vero
3292 4032 3686 4099 contraxerat,

2042 4118 2228 4191 aperit
2299 4118 2612 4192 diligenter
2651 4138 2665 4176 ε
2704 4119 3034 4193 quaeomnia
3085 4120 3265 4177 frater
3319 4120 3685 4193 approbans,

2043 4212 2176 4263 ante
2204 4209 2403 4265 omnia
2435 4214 2654 4275 monet,
2686 4213 2751 4265 ut
2781 4209 3057 4281 quoniam
3088 4210 3217 4279 eius
3246 4208 3421 4277 vires,
3453 4209 3526 4265 ad
3548 4214 3684 4266 tan·

2042 4299 2162 4350 tam
2194 4297 2554 4354 obsidionem
2586 4298 2872 4354 violenter
2900 4297 3353 4366 dissolvendam,
3380 4313 3498 4356 non
3526 4297 3688 4357 vide·

2043 4386 2257 4443 bantur
2284 4403 2456 4459 posse
2486 4389 2788 4459 sufficere3
2823 4392 3138 4462 antequam
3187 4388 3483 4461 procedat,
3513 4390 3688 4462 prin-

299 4462 553 4537 praesidii
585 4464 881 4537 dominus,
913 4468 1052 4540 quia
1073 4485 1187 4525 non
1208 4471 1377 4527 facile
1400 4472 1512 4528 nisi
1532 4490 1635 4545 per
1653 4474 1933 4530 auxilium
2045 4475 2200 4547 cipes
2240 4478 2336 4548 qui
2378 4477 2535 4549 apud
2576 4477 2942 4535 Antiochiam
2981 4483 3384 4535 remanserant
3416 4478 3476 4534 in
3506 4494 3683 4536 suum

298 4551 676 4623 Francorum,
715 4556 952 4614 domino
999 4559 1217 4630 potenti
1259 4564 1315 4615 et
1356 4560 1503 4618 irato
1550 4566 1749 4634 posset
1786 4564 1936 4621 resi·
1965 4524 2014 4590 D
2044 4576 2241 4621 evocet
2267 4566 2571 4635 auxilium,
2604 4568 3074 4626 utconiidentius
3093 4567 3360 4625 valeatin
3384 4568 3535 4625 facto
3557 4585 3685 4642 pro·

297 4649 469 4714 stet-e,
502 4643 685 4701 missa
727 4643 1015 4720 legatione
1046 4647 1118 4705 ad
1160 4649 1367 4707 ducem
1406 4650 1785 4708 Godeiridum
1831 4670 1935 4727 per

295 4735 611 4806 quemdam
630 4734 1024 4795 Christianum
1049 4738 1276 4797 fidelem
1299 4757 1498 4808 suum,
1514 4740 1716 4799 missis
1737 4759 1935 4800 mune-

297 4824 483 4894 ribus,
514 4830 579 4882 ut
608 4826 738 4897 ejus
767 4828 880 4885 sibi
904 4828 1132 4887 facilius
1151 4830 1488 4889 conciliaret
1507 4832 1779 4905 gratiam,
1801 4834 1934 4907 ejus

297 4913 613 4972 amicitiam
647 4917 932 4989 postulat;
957 4919 1259 4977 servitium
1283 4937 1457 4978 suum
1480 4938 1606 4978 cum
1632 4923 1935 4980 devotione

297 5003 564 5072 spondet,
598 5004 989 5064 indissolubili
1032 5024 1181 5066 nexu
1231 5010 1462 5068 ioederis
1511 5011 1564 5068 ei
1603 5027 1662 5069 se
1692 5014 1934 5087 cupiens

300 5089 590 5163 obligat-03
623 5096 682 5148 et
698 5100 761 5149 ut
778 5094 968 5153 verbis
984 5098 1113 5169 ejus
1136 5098 1452 5170 pleniorem
1475 5099 1715 5157 baberet
1734 5102 1934 5171 iidem,

299 5188 354 5237 et
384 5181 548 5239 nulla
576 5196 645 5238 ex
671 5187 829 5254 parte
859 5185 930 5241 de
958 5187 1087 5258 ejus
1108 5189 1395 5259 promisso
1415 5190 1720 5258 dubitaret,
1745 5191 1933 5249 fllium

299 5289 473 5330 suum
519 5273 572 5330 ei
617 5273 871 5331 destinat
915 5275 1199 5347 obsidem,
1249 5294 1423 5336 orans
1453 5282 1511 5336 et
1551 5282 1776 5353 petens,
1807 5284 1872 5336 ut
1902 5298 1936 5338 a

296 5363 571 5435 prasenti
601 5379 735 5420 eum
768 5365 947 5422 solvat
976 5365 1256 5438 periculo,
1288 5368 1639 5442 condignam
1680 5385 1786 5443 pro
1812 5385 1932 5428 me·

299 5451 428 5509 ritis
451 5456 709 5528 tempore
721 5460 1051 5529 opportuno
1068 5457 1511 5516 retributionem
1530 5465 1933 5533 percepturus.

298 5538 405 5600 nis
438 5546 499 5599 et
525 5541 864 5614 hujusmodi
891 5543 980 5601 vir
1005 5544 1354 5606 venerabilis
1398 5562 1737 5623 persuasus,
1782 5566 1933 5623 prn-

2041 4654 2267 4713 cedere.
2324 4657 2710 4728 Acquiescens
2758 4673 2895 4731 ergo
2948 4659 3067 4714 dux
3114 4658 3384 4716 fraternis
3425 4658 3687 4728 monitis,

2044 4745 2225 4801 missa
2240 4746 2548 4817 legatione,
2571 4746 2875 4804 dominum
2898 4747 3325 4813 Boamundum,
3350 4747 3691 4805 dominum-

2045 4851 2157 4909 que
2186 4836 2538 4893 Tolosanum
2569 4838 2842 4895 comitem
2888 4838 3073 4895 multa
3102 4853 3341 4910 precum
3371 4837 3686 4896 exoratin·

2044 4925 2277 4994 stantia,
2324 4929 2381 4981 et
2424 4927 2534 4981 sub
2576 4928 2816 4983 obtentu
2849 4927 3226 4984 fraternitatis
3254 4926 3467 4988 invitat
3493 4926 3691 4984 humi-

2043 5014 2196 5083 liter,
2230 5018 2295 5070 ut
2322 5013 2433 5070 sibi
2471 5031 2575 5086 pro
2609 5016 2796 5072 amico
2834 5014 3151 5088 laboranti,
3183 5030 3354 5089 opem
3384 5016 3537 5074 ferm
3566 5032 3687 5075 non

2044 5104 2336 5172 differant,
2392 5103 2576 5161 vicem
2625 5105 2976 5179 condignam
3013 5108 3274 5178 tempore
3313 5114 3550 5181 accepto
3599 5121 3692 5164 re·

2043 5192 2288 5268 cepturi.
2322 5193 2671 5251 Invitaverat
2699 5198 2891 5252 autem
2923 5210 3019 5252 eos
3060 5203 3117 5253 et
3147 5194 3333 5268 prius,
3371 5201 3689 5268 antequam

2043 5284 2250 5341 urbem
2280 5284 2670 5357 egrederetur,
2702 5291 2756 5341 et
2786 5283 3038 5351 multum
3069 5283 3259 5342 amice
3286 5283 3530 5343 illorum
3569 5285 3685 5344 sibi

2043 5372 2436 5448 postulaverat
2465 5372 2847 5446 suffragium;
2881 5374 2985 5431 sed
3014 5374 3241 5432 invidia
3268 5372 3532 5432 stimulis
3552 5374 3686 5449 agi·

2043 5463 2169 5532 tati,
2199 5479 2270 5520 eo
2327 5464 2482 5537 quod
2511 5464 2823 5536 pradictus
2868 5464 2958 5521 vir
3003 5462 3242 5537 nobilis,
3291 5463 3460 5523 ducis
3515 5466 3686 5539 priua

2042 5567 2221 5626 quam
2272 5568 2447 5613 suum
2497 5554 2813 5628 expetierat
2840 5553 3293 5641 adminiculum,
3351 5569 3485 5612 cum
3514 5567 3685 5631 aeqm·
