3784 6000
183 234 300 296 419

1252 222 1678 286 GUILLELMI
1720 223 2114 285 TYRENsls
2156 218 2525 282 AncutEP.

3473 222 3602 286 ⁴20

186 365 456 423 videlicet
483 368 800 424 Gastonem
832 360 903 415 de
934 358 1121 424 Beart,
1144 355 1302 428 operi
1316 334 1699 426 'praefecerent
1728 375 1743 426 ς
1776 358 1833 414 et
1860 359 1916 424 A
1947 355 2104 428 phus
2134 352 2365 410 comitis
2392 352 2866 408 Normannorum
2897 352 3227 426 familiaris,
3256 355 3347 412 vir
3375 355 3607 416 littera-

187 470 362 526 super
417 452 669 509 artifices
702 464 771 504 ne
812 464 875 503 se
924 445 1202 501 baberent
1242 441 1631 514 negligentius
1679 443 1833 498 circa

187 543 567 616 propositum,
591 553 789 595 curam
812 550 949 591 eum
976 536 1319 603 rogaverant
1345 531 1678 602 impendere
1698 531 1834 587 dili-

190 636 444 705 gentem.
479 630 596 701 ipsi
644 641 779 682 vero
828 622 1278 695 egrediebantur
1306 619 1515 692 saepius
1554 620 1833 692 populum

188 721 500 776 educentes
530 718 589 772 in
622 729 800 772 manu
826 714 979 781 sorti,
1007 716 1071 767 ut
1101 711 1260 783 ligna
1294 711 1575 767 caederent
1603 719 1656 766 et
1685 726 1834 766 caesa

187 810 258 866 ad
289 824 436 881 opus
481 804 855 870 edificiorum
902 804 1357 873 comportarent.
1390 799 1499 854 Alii
1546 815 1677 856 vero
1706 799 1830 855 vir-

185 895 372 970 gulta,
404 896 660 960 truticeS,
693 901 747 949 et
776 891 1019 958 vimina,
1042 894 1098 945 et
1128 889 1418 944 minorum
1451 904 1642 945 ramos
1672 890 1834 945 arbo-

187 1003 321 1044 rum
354 985 666 1051 caedentes,
698 986 765 1038 ut
808 997 874 1037 ex
907 980 991 1036 eis
1039 983 1225 1035 crates
1263 977 1487 1046 fierent,
1518 993 1586 1033 ex
1616 978 1834 1049 quibus

185 1074 468 1133 machinas
481 1067 1399 1145 operirenturexteriu5,certatim
1413 1067 1830 1138 congerebant;

188 1163 286 1221 alii
305 1161 650 1233 animaljum
672 1164 792 1216 tam
828 1158 1147 1216 occisorum
1179 1172 1354 1228 quam
1379 1172 1491 1227 pras
1514 1155 1644 1211 sitis
1666 1154 1836 1211 aridi·

186 1257 307 1312 tate
328 1251 725 1309 deficientium
748 1247 1132 1305 detrahebant
1149 1245 1326 1314 coria,
1342 1245 1694 1302 mundorum
1717 1244 1837 1303 sive

190 1341 637 1401 immundorum
670 1337 1066 1395 indifferenter
1097 1354 1111 1406 ;
1147 1339 1209 1391 ut
1238 1351 1306 1391 cx
1335 1336 1417 1392 eis
1446 1351 1623 1408 super
1649 1344 1837 1393 crates

189 1434 632 1507 protegerentur
659 1427 962 1488 machinae.
994 1442 1068 1482 ne
1097 1426 1241 1482 forte
1286 1424 1360 1480 ab
1389 1425 1654 1481 hostibus
1682 1423 1837 1497 ignis

189 1522 493 1580 immissus
541 1519 787 1576 oedificia
835 1525 1026 1590 posset
1074 1530 1438 1572 consumere.
1481 1513 1595 1573 Nec
1644 1512 1838 1572 solum

187 1613 340 1670 circa
371 1614 591 1683 partem
637 1605 1147 1680 septentrionalem
1178 1605 1343 1661 ducis
1371 1604 1585 1672 studi0,
1617 1607 1677 1660 et
1704 1619 1844 1675 prrs-

184 1703 474 1761 dictorum
497 1698 779 1757 comitum
804 1698 1053 1752 duorum
1076 1711 1222 1766 opus
1244 1693 1323 1749 ita
1346 1694 1618 1764 fervebat,
1634 1708 1834 1749 verum

185 1793 361 1850 etiam
388 1794 446 1846 et
470 1807 504 1846 a
531 1788 678 1844 turri
712 1783 979 1857 angulari
1004 1800 1192 1855 usque
1220 1784 1293 1840 ad
1308 1787 1532 1856 portam
1564 1783 1832 1839 occiden-

180 1882 382 1949 talem,
405 1896 533 1953 quae
557 1883 646 1934 est
677 1876 787 1932 sub
810 1892 940 1931 arce
961 1874 1162 1941 David,
1179 1873 1453 1929 dominus
1474 1872 1833 1942 Tancredus,

179 1976 237 2030 et
267 1969 368 2027 alii
402 1966 629 2025 nobiles
661 1963 924 2038 plurimi,
959 1963 1059 2035 qui
1093 1962 1151 2018 in
1183 1978 1252 2018 ea
1273 1965 1433 2033 parte
1463 1965 1654 2018 castra
1687 1959 1837 2017 loca·

179 2063 405 2126 verant,
439 2073 558 2114 non
598 2055 871 2112 interiore
901 2051 1296 2109 sollicitudine
1321 2050 1506 2109 eidem
1538 2050 1837 2106 instabant

178 2148 366 2224 operi,
397 2163 597 2204 curam
630 2145 1035 2217 impendentes
1063 2140 1596 2214 diligentissimam.
1629 2139 1741 2196 Sed
1773 2139 1833 2194 in

189 2243 355 2314 parte
378 2235 619 2295 australi
650 2233 873 2291 domini
892 2231 1120 2290 comitis
1147 2230 1416 2288 Tolosani
1446 2230 1751 2298 exercitus,
1782 2234 1837 2286 et

189 2332 401 2386 cuneta
429 2325 668 2392 familia,
699 2323 994 2379 indefesso
1024 2320 1246 2389 studio,
1267 2323 1322 2375 et
1350 2336 1487 2375 cum
1519 2318 1683 2376 omni
1708 2318 1839 2375 dili-

190 2417 383 2490 gentia
429 2414 582 2472 circa
623 2413 772 2468 idem
822 2409 1242 2467 sollicitabatur
1281 2409 1574 2480 negotium
1605 2421 1619 2463 :
1653 2422 1837 2479 eoque

191 2503 528 2571 ferventius,
552 2517 668 2574 quo
690 2505 749 2557 et
779 2500 956 2556 ditior
985 2506 1124 2567 erat,
1148 2503 1205 2553 et
1235 2497 1485 2570 maj0res
1507 2496 1558 2554 ei
1589 2497 1660 2553 de
1690 2512 1835 2553 novo

193 2599 313 2652 tam
348 2590 647 2649 bominum
671 2606 846 2662 quam
880 2603 1075 2644 rerum
1102 2585 1561 2642 necessariarum
1587 2601 1838 2642 accesse-

189 2686 323 2740 rant
353 2680 530 2753 copiae
554 2695 569 2735 t
597 2681 884 2751 quotquot.
912 2676 1066 2733 enim
1093 2675 1162 2731 de
1194 2675 1437 2731 navibus
1459 2676 1833 2742 advenerant,

187 2773 311 2845 ejus
340 2787 403 2828 se
433 2770 822 2840 adjunxerant
850 2766 1076 2831 castris,
1099 2769 1157 2822 et
1187 2763 1606 2836 supellectilem
1629 2763 1836 2821 intule-

191 2866 327 2919 rant
353 2861 425 2917 ad
457 2875 600 2931 opus
621 2857 999 2913 aediticiorum
1022 2855 1187 2912 valde
1211 2854 1617 2911 necessariam.
1644 2854 1835 2912 Funes

188 2952 347 3009 enim
377 2957 427 3007 et
462 2946 704 3005 malleos
731 2950 790 3004 et
832 2945 946 3002 alia
975 2945 1363 3002 instrumenta
1421 2945 1602 2999 ferrea
1633 2959 1832 3000 secum

185 3040 467 3098 habentes
487 3056 502 3107 3
526 3039 623 3095 sed
652 3042 712 3094 et
739 3036 987 3108 optimos
1009 3035 1258 3091 artifices
1280 3034 1462 3106 quiin
1488 3038 1829 3091 construen-

1864 1743 1913 1807 Β

1944 449 2061 511 tus,
2095 441 2516 502 exhortationis
2538 455 2864 497 sermonem
2887 440 3173 498 habentes
3195 444 3269 500 ad
3292 445 3599 518 populum,

1944 533 2006 590 in
2029 540 2310 607 quantum
2336 529 3204 603 poterantadlonganimitatem
3229 535 3598 593 animabant.

1942 625 2043 677 Eat
2072 626 2264 677 autem
2289 636 2459 675 mons
2497 619 2701 676 oliveti
2728 619 2859 674 urbi
2899 619 2972 675 ab
3004 618 3238 678 Oriente
3267 623 3599 695 oppositus,

1942 712 2015 767 ab
2049 711 2188 767 urbe
2219 711 2384 782 quasi
2419 707 2689 764 milliario
2738 708 2982 778 distans,
3014 708 3162 766 valle
3189 709 3476 784 Josaphat
3502 711 3600 770 in·

1942 801 2187 871 terjecta
2213 816 2226 855 z
2264 798 2416 855 unde
2446 805 2552 867 est,
2603 798 2760 870 quod
2790 815 2826 854 a
2856 798 3021 854 beato
3053 800 3202 856 Luca
3229 801 3443 858 dicitur
3472 819 3487 859 ε
3520 803 3600 859 Ab

1942 887 2333 959 Hierosolymis
2383 889 2491 944 iter
2537 886 2739 943 habens
2768 887 2992 944 Sabbata·
3036 888 3174 962 (Act.
3213 907 3256 957 1,
3287 890 3397 964 12).
3430 891 3598 949 Unde

1942 984 2000 1036 et
2028 978 2286 1034 Salvator
2328 981 2546 1045 noster,
2581 976 2951 1033 cernentibus
2993 977 3319 1049 discipulis,
3349 982 3600 1051 quadra·

1943 1070 2162 1144 gesimo
2202 1069 2641 1126 resurrectionis
2670 1084 2789 1125 suae
2835 1069 2929 1126 die
2985 1075 3070 1127 est
3099 1069 3357 1128 elevatus
3388 1072 3448 1129 in
3480 1089 3594 1130 cm-

1943 1161 2089 1229 ium,
2120 1169 2177 1217 et
2220 1158 2405 1215 nubes
2453 1158 2714 1230 suscepit
2752 1174 2882 1215 cum
2930 1175 2998 1216 ex
3026 1159 3210 1217 oculis
3252 1177 3480 1220 eorum.
3510 1164 3596 1220 Ad

1943 1258 2112 1321 quem
2146 1246 2339 1303 locum
2397 1263 2524 1303 cum
2554 1248 2911 1318 pervenisset
2942 1248 3105 1321 plebs
3143 1249 3356 1320 fidelis,
3388 1251 3450 1307 in
3482 1251 3595 1322 spi·

1946 1338 2057 1394 ritu
2107 1335 2452 1393 humilitatis
2483 1339 2539 1392 et
2583 1337 2641 1391 in
2703 1337 2898 1393 animo
2957 1339 3224 1410 contrit0,
3282 1339 3594 1412 implorato

1945 1445 2080 1485 cum
2103 1427 2321 1501 gemitu
2346 1434 2402 1484 et
2440 1428 2710 1499 lacrymis
2732 1429 2800 1485 de
2838 1428 3101 1501 supernis
3129 1429 3366 1502 auxilio,
3390 1447 3593 1489 recon-

1948 1519 2127 1576 ciliati
2171 1519 2243 1575 ad
2284 1517 2534 1574 invicem
2588 1517 2952 1590 principibus
2991 1518 3279 1591 praedictis
3327 1523 3383 1578 et
3428 1520 3591 1578 omni

1951 1607 2165 1680 populo
2194 1607 2252 1663 in
2285 1609 2544 1664 mutuam
2587 1606 2927 1663 charitatem
2981 1611 3261 1677 revocato,
3294 1609 3367 1666 de
3396 1613 3592 1667 monte

1952 1696 2388 1763 descendentes,
2423 1696 2492 1750 ad
2533 1694 2836 1752 ecclesiam
2895 1695 3108 1752 Montis
3150 1697 3313 1767 Sion,
3345 1714 3475 1770 ques
3529 1697 3587 1755 in

1943 1783 2256 1841 australem
2291 1784 2552 1855 ejusdem
2593 1783 2842 1841 civitatis
2882 1790 3128 1855 partem,
3157 1802 3329 1843 secus
3359 1786 3587 1854 urbem,

1944 1878 2007 1930 ut
2037 1875 2430 1946 praediximus,
2451 1872 2510 1928 in
2536 1875 2749 1930 montis
2771 1874 3001 1946 fastigio
3029 1874 3143 1931 sita
3163 1880 3271 1943 est,
3306 1877 3589 1934 ascende-

1944 1963 2271 2020 runt.Cives
2302 1967 2497 2018 autem
2527 1961 2586 2017 in
2625 1963 2887 2019 turribus
2908 1968 2963 2019 et
2995 1980 3163 2021 muro
3196 1963 3366 2035 positi
3398 1966 3585 2021 admi-

1943 2057 2156 2122 rantes,
2190 2052 2328 2123 quid
2352 2052 2463 2108 sibi
2498 2051 2667 2109 vellet
2688 2052 3025 2124 hujusmodi
3054 2053 3251 2126 populi
3280 2054 3587 2124 circuitus,

1943 2141 2189 2198 arcubus
2253 2146 2312 2198 et
2377 2141 2611 2197 balistis
2641 2141 2754 2200 tela
2802 2143 2861 2200 in
2911 2148 3139 2200 turmas
3173 2143 3590 2215 jaculabantur

1943 2230 2095 2287 unde
2126 2230 2392 2287 nonnulli
2431 2247 2500 2287 ex
2544 2233 2782 2300 nostris,
2823 2232 3115 2289 incautius
3161 2249 3225 2289 se
3280 2232 3586 2302 babentes,

1941 2319 2178 2376 vulnera
2207 2324 2611 2390 susceperunt.
2643 2321 2753 2376 Sed
2811 2324 2868 2378 et
2913 2337 3115 2378 cruces
3145 2321 3204 2378 in
3251 2326 3587 2379 nostrorum

1944 2408 2320 2481 opprobrium
2351 2416 2406 2466 et
2426 2408 2866 2478 contumeliam,
2888 2427 3036 2483 quas
3052 2427 3231 2483 super
3248 2427 3491 2468 murum
3521 2410 3595 2469 lo·

1942 2502 2233 2567 caverant,
2251 2499 2443 2570 sputis
2475 2502 2533 2554 et
2559 2498 2689 2555 aliis
2712 2498 3038 2557 immundis
3063 2500 3397 2557 actionibus
3427 2500 3591 2572 igno·

1943 2587 2191 2643 miniose
2242 2593 2575 2658 tractantes,
2609 2589 2669 2644 in
2717 2588 3028 2646 Dominum
3079 2595 3342 2646 nostrum
3390 2590 3593 2647 Jesnm

1941 2677 2243 2733 Christum
2279 2681 2337 2733 et
2389 2679 2518 2748 ejus
2549 2676 2916 2735 salutiferam
2964 2667 3291 2737 doctrinam
3335 2678 3595 2737 convicia

1941 2770 2000 2823 et
2025 2767 2200 2823 verba
2220 2765 2595 2838 blasphemiis
2626 2767 2995 2839 impudenter
3022 2768 3442 2841 congerebant.
3482 2767 3596 2826 Pe·

1942 2855 2117 2928 pulus
2132 2859 2325 2912 tamen
2345 2871 2478 2912 cum
2494 2854 2654 2911 omni
2669 2856 2973 2912 devotione
2986 2862 3184 2913 votum
3205 2871 3589 2929 prosequens,

1942 2942 2031 3000 ira
2064 2959 2405 3013 succensus,
2431 2943 2663 3017 qualem
2696 2944 2981 3017 sacrilegii
3010 2943 3176 3003 dolor
3204 2949 3430 3017 poterat
3472 2945 3588 3003 mi·

1942 3033 2208 3103 nistrare,
2241 3035 2310 3088 ad
2362 3035 2699 3107 praedictam
2758 3036 3018 3106 pervenit
3072 3034 3402 3093 ecclesiam.
3455 3035 3586 3104 Ubi,

78 3131 85 3138 '
186 3133 277 3188 dis
307 3130 713 3202 erigendisque
743 3125 1128 3192 machinis,ut
1153 3125 1550 3197 praediximus,
1583 3125 1822 3181 multam
1855 3106 1900 3174 C
1936 3122 2243 3194 completis
2300 3123 2511 3180 iterum
2543 3122 2923 3193 orationibus,
2966 3131 3022 3181 et
3068 3123 3286 3180 indicta
3323 3124 3419 3180 die
3468 3139 3589 3197 qua

183 3219 478 3276 habebant
497 3215 938 3289 experientiam,
963 3214 1035 3269 ad
1057 3218 1620 3270 consummationem
1643 3214 1833 3284 operis

183 3309 441 3382 plurima
497 3306 897 3378 proestiterunt
930 3303 1297 3375 compendia.
1330 3304 1578 3360 Praeerat
1634 3309 1831 3360 autem

181 3398 213 3455 J
223 3396 609 3467 anuensibus,
642 3395 735 3466 qui
770 3395 1146 3454 advenerant.
1178 3392 1415 3464 quidam
1446 3392 1660 3449 nobilis
1690 3392 1836 3450 Wil-

185 3486 398 3544 lelmus
454 3483 708 3552 nomine,
752 3484 1139 3555 cognomento
1199 3480 1496 3548 Ebriacus,
1553 3482 1718 3553 cujus
1773 3482 1832 3538 in

186 3575 380 3649 operis
408 3574 652 3632 artificio
698 3571 883 3629 multa
925 3571 1180 3643 pollebat
1223 3571 1536 3627 industria.
1569 3571 1833 3644 Cumque

182 3665 298 3737 jam
331 3680 433 3737 per
481 3667 735 3736 quatuor
763 3661 1163 3718 hebdomadas
1217 3660 1370 3717 circa
1428 3659 1485 3715 id
1517 3660 1834 3717 universus

183 3753 526 3811 desudasset
571 3752 879 3818 exercitus,
911 3750 1096 3807 multo
1129 3749 1326 3806 labore
1354 3750 1426 3805 ad
1456 3765 1829 3806 consumma-

178 3842 534 3915 tionemjam
568 3843 908 3914 pervenerat
939 3839 1254 3911 negotium.
1288 3838 1452 3894 Unde
1483 3843 1540 3895 et
1568 3855 1831 3896 commu-

178 3932 371 3989 nicato
398 3932 666 4000 consilio,
701 3930 988 4001 principes
1026 3930 1187 3984 urbis
1223 3928 1642 4001 oppugnationi
1674 3928 1825 3984 diem

179 4021 546 4094 proeiixerant
578 4040 594 4089 ς
627 4020 752 4087 sed,
785 4020 923 4091 quia
955 4019 1103 4075 inter
1145 4018 1444 4074 dominum
1471 4018 1827 4075 Tolosanum

179 4110 453 4166 comitem
478 4112 535 4165 et
563 4108 868 4164 dominum
899 4108 1257 4163 Tancredum
1281 4106 1470 4178 gravis
1493 4106 1826 4164 intercesse-

179 4202 273 4255 rat
298 4196 595 4260 simultas,
626 4200 684 4251 et
732 4195 883 4250 inter
912 4200 1147 4251 caeteros
1190 4196 1358 4250 etiam
1391 4194 1729 4267 nonnullos,
1759 4213 1824 4254 ex

179 4284 378 4341 causis
408 4281 761 4354 quibusdam
794 4286 1001 4337 exortis
1044 4286 1210 4338 erant
1236 4282 1575 4354 inimicitiae,
1608 4284 1826 4356 placuit

176 4370 488 4446 episcopis,
541 4369 910 4441 principibus
941 4386 1174 4441 quoque
1202 4378 1255 4425 et
1296 4372 1557 4428 universo
1588 4372 1822 4444 populo,

1939 3212 2143 3268 urbem
2177 3212 2528 3270 unanimiter
2554 3212 2989 3284 impugnarent,
3027 3214 3393 3271 circumdata
3422 3214 3587 3285 urbe,

1937 3298 1997 3356 in
2030 3306 2216 3357 castra
2247 3301 2460 3358 reversi
2509 3306 2674 3358 sunt.
2705 3302 2764 3359 si
2815 3304 2948 3375 quid
2981 3307 3175 3358 autem
3221 3301 3415 3375 operis
3442 3318 3590 3360 con-

1936 3389 2318 3447 summationi
2340 3390 2557 3458 deerat,
2579 3407 2713 3447 cum
2743 3390 2932 3447 multu
2964 3390 3294 3448 celebritate
3313 3392 3373 3449 id
3408 3396 3593 3448 matu-

1935 3479 2055 3536 rari
2111 3479 2467 3552 praecipitur,
2500 3495 2572 3536 ne
2628 3479 2769 3553 quid
2823 3478 3223 3552 impedimenti
3271 3498 3341 3537 ex
3389 3481 3590 3554 aliqua

1933 3565 2396 3639 imperfectione,
2413 3569 2616 3626 urbem
2640 3569 2988 3642 impugnare
3017 3569 3363 3640 volentibus,
3396 3585 3591 3629 occur·

1932 3664 2103 3713 reret.

2559 3746 2796 3803 CAPUT
2836 3746 2969 3804 ΧΠ.

1931 3851 2059 3909 Dux
2087 3854 2140 3907 et
2183 3850 2290 3908 duo
2337 3852 2572 3924 ”naiores
2624 3854 2847 3910 comites
2900 3852 2968 3909 de
3022 3858 3193 3911 noctu
3238 3857 3430 3912 castra
3483 3873 3590 3913 sua

2003 3924 2352 4050 lactasset-unt
2378 3941 2402 3990 ;
2427 3939 2528 3996 per
2544 3941 2745 3997 yyrum
2766 3933 2899 3982 ante
2919 3923 3109 3982 arbem
3134 3927 3433 3996 eripiantur
3457 3944 3584 3985 ura·

1998 4010 2029 4051 c
2065 4011 2193 4051 mae.

1999 4102 2355 4160 Adveniente
2384 4102 2564 4176 igitur
2604 4104 2698 4162 die
2741 4104 2814 4160 ad
2865 4104 3323 4177 impugnandam
3372 4105 3583 4164 urbem

1932 4192 2184 4263 proeflxa,
2211 4207 2278 4248 ea
2308 4196 2475 4250 nocte
2504 4210 2633 4265 quae
2656 4192 2812 4250 diem
2836 4193 3164 4266 proximam
3197 4195 3584 4268 precedebat,

1931 4283 2051 4340 dux
2081 4288 2142 4339 et
2191 4286 2307 4341 duo
2365 4286 2664 4358 saepedicti
2721 4287 2966 4359 maiores
3026 4286 3291 4360 comites,
3318 4287 3583 4345 videntes

1931 4373 2085 4444 quod
2119 4389 2187 4430 ea
2217 4390 2352 4446 pars
2384 4374 2652 4443 civitatis,
2686 4391 2863 4447 quam
2895 4374 3001 4447 ipsi
3033 4376 3402 4448 obsederant,
3431 4394 3468 4432 a
3496 4377 3583 4435 ci-

177 4465 240 4518 ut
269 4460 426 4533 prius
456 4459 768 4516 reformata
803 4457 957 4514 inter
996 4474 1094 4515 eos
1141 4458 1369 4529 plenius
1400 4458 1700 4529 charitate,
1732 4462 1826 4519 di·
1853 4456 1903 4522 D
1936 4461 2105 4518 vibus
2136 4467 2291 4520 esset
2337 4462 2649 4529 machinIs,
2679 4464 2859 4520 armis
2887 4468 2947 4521 et
2990 4464 3128 4521 viria
3176 4464 3426 4522 fortibus
3456 4482 3583 4523 ma-

178 4550 374 4607 vinum
405 4548 649 4606 sinceris
698 4546 988 4606 mentibus
1034 4546 1345 4619 implorare
1373 4553 1609 4620 possent
1664 4550 1824 4607 auxi-

173 4639 344 4697 lium.

813 4728 1041 4785 CAPUT
1078 4728 1178 4785 xl.

173 4818 500 4877 iudicantur
525 4818 722 4893 populo
753 4819 1001 4874 Litaniae.
1039 4818 1107 4873 In
1135 4825 1368 4875 mortem
1385 4818 1602 4877 oliveti
1624 4834 1819 4877 ascen-

654 4889 740 4947 dit
766 4893 1054 4947 universus
1085 4891 1339 4963 populus.

243 4994 347 5053 Die
401 4996 579 5069 igitur
633 5001 871 5069 statuta,
901 4998 973 5053 de
1028 4997 1260 5069 publico
1310 4997 1542 5056 decreto
1589 5000 1819 5057 indictis

169 5087 311 5143 sunt
331 5085 599 5142 universo
622 5085 821 5158 populi
853 5085 1106 5155 Litaniae,
1129 5090 1185 5142 et
1206 5088 1526 5160 assumptis
1547 5088 1820 5146 crucibus

173 5176 233 5231 et
262 5176 603 5231 sanctorum
633 5172 992 5245 patrociniis,
1021 5174 1274 5246 episcopi
1304 5183 1357 5230 et
1377 5176 1568 5231 clerus
1591 5176 1820 5233 univer-

172 5278 274 5320 aua
304 5263 496 5320 induti
553 5262 1014 5320 sacerdotalibus
1043 5267 1099 5319 et
1146 5262 1387 5320 leviticis
1436 5264 1817 5337 indumentis,

171 5350 349 5407 nudis
379 5351 629 5424 pedibus
677 5354 735 5407 et
770 5367 907 5407 cum
953 5350 1138 5407 muita
1185 5351 1486 5409 devotione
1536 5354 1817 5427 populum

171 5438 650 5511 subsequentem,
682 5456 869 5512 usque
899 5440 970 5496 ad
996 5444 1254 5496 montem
1287 5439 1489 5496 Oliveti
1511 5457 1816 5513 precesse-

170 5530 332 5585 runt.
360 5526 470 5586 Ubi
496 5528 581 5585 vir
607 5528 959 5586 venerabilis
980 5527 1188 5587 Petrus
1218 5528 1491 5598 Eremita,
1522 5534 1578 5589 et
1602 5532 1823 5591 Araui-

1933 4550 2089 4609 xime
2145 4552 2523 4621 communita,
2549 4568 2731 4625 eoque
2788 4554 2998 4612 fortius
3046 4571 3162 4628 quo
3200 4555 3388 4627 magis
3415 4572 3489 4614 ex
3515 4572 3584 4614 ea

1930 4644 2096 4713 parte
2124 4641 2446 4698 timendum
2469 4641 2937 4713 arbitrabantur3
2968 4650 3022 4699 et
3051 4644 3206 4715 quod
3236 4643 3294 4701 in
3315 4660 3386 4701 ea
3416 4651 3582 4717 parte

1932 4728 2024 4786 die
2054 4730 2347 4804 sequenti,
2368 4730 2443 4787 ob
2469 4730 2579 4788 loci
2610 4732 3057 4803 munimen,non
3092 4732 3343 4790 multum
3374 4749 3581 4808 spera-

1931 4823 2059 4876 rent
2088 4836 2151 4876 se
2184 4836 2356 4892 posse
2376 4820 2676 4893 proficere,
2701 4821 2953 4879 mirabili
2982 4822 3344 4895 providentia
3371 4828 3432 4879 et
3460 4828 3581 4881 stu·

1931 4907 2118 4979 pendo
2149 4907 2347 4965 labore
2370 4909 2673 4967 machinas
2693 4917 2751 4967 et
2768 4910 3074 4968 castellnm
3098 4916 3413 4984 antequam
3436 4928 3576 4971 con·

1932 5002 2303 5055 necterentur
2332 4999 2404 5055 ad
2436 5000 2680 5057 invicem
2703 5001 2988 5069 membra,
3007 5001 3082 5057 ad
3103 5017 3228 5058 eam
3251 5002 3579 5075 regionem,

1932 5103 2055 5160 quoe
2098 5090 2190 5144 est
2220 5086 2373 5144 inter
2394 5092 2623 5160 portam
2659 5088 2718 5144 S.
2743 5088 3043 5161 Stephani,
3065 5094 3125 5147 et
3145 5094 3368 5147 turrem
3391 5106 3581 5164 angu-

1932 5175 2141 5244 larem,
2172 5191 2297 5247 quoe
2328 5191 2364 5232 a
2393 5177 2781 5249 septentrione
2823 5193 2999 5252 super
3035 5176 3246 5235 vallam
3291 5178 3583 5252 Jcsaphat

1930 5266 2118 5338 posita
2138 5270 2246 5334 est,
2269 5265 2658 5337 particulatim
2690 5266 3137 5337 transtulerunt,
3168 5267 3376 5325 castris
3402 5268 3581 5327 etiam

1930 5354 2071 5411 illuc
2103 5354 2336 5411 delatis.
2367 5354 2689 5412 Videbatur
2716 5356 2872 5413 enim
2919 5357 3028 5424 eis,
3057 5364 3114 5413 et
3140 5372 3271 5414 vere
3315 5357 3402 5414 sic
3430 5364 3579 5429 erat,

1931 5443 2084 5516 quod
2107 5444 2246 5514 quia
2268 5460 2339 5499 ex
2358 5443 2462 5500 illa
2476 5451 2642 5519 parte
2663 5445 2868 5503 civitas
2883 5449 3234 5504 remanserat
3246 5445 3580 5520 inobsessa,

1930 5532 2146 5592 idcirco
2170 5536 2231 5590 et
2255 5550 2290 5590 a
2334 5531 2560 5592 civibus
2590 5534 2814 5594 minore
2861 5534 3170 5609 diligentia
3196 5540 3531 5595 servantur
3558 5553 3578 5610 ς
