3784 6000
114 270 237 331 'us

564 262 764 325 tttS'r.
814 260 1086 324 RERUM
1128 260 1660 323 TRANSMARIN.
1706 292 1785 305 —
1826 260 1981 322 LIB.
2026 258 2242 322 XVIII.
2285 258 2742 324 BALDUINUS
2784 261 2864 324 111
2913 262 3084 325 REX.

3407 258 3526 330 ⁴1⁴6

110 401 324 468 nisset,
354 399 593 458 eosdem
625 394 991 469 imperatoris
1030 394 1269 453 nuntios
1288 394 1531 465 seperit,
1554 411 1705 467 quos
1736 411 1769 450 a
1797 394 1849 461 Α
1885 410 2020 450 sura
2038 394 2281 450 reddere
2312 392 2598 451 tilionem.
2624 394 2753 452 Haec
2782 395 2833 452 ei
2855 396 3159 470 cogitanti,
3183 412 3250 455 ex
3292 398 3522 460 diverso

108 488 336 562 Tripoli
356 487 630 547 credebat
654 484 978 542 abiisse.Hi
1000 501 1133 541 cum
1156 485 1392 541 domina
1418 484 1767 556 principissa

110 596 218 651 pro
248 579 508 635 tiliarum
538 577 665 646 ejus
697 574 1040 641 novissima,
1068 573 1253 631 Maria
1284 574 1540 640 nomine,
1565 572 1765 645 quoti-

110 668 361 725 dianum
390 671 451 724 et
482 664 827 721 familiarem
847 662 1141 719 habebant
1169 667 1500 719 tractatum.
1525 664 1767 735 Insuper

111 766 167 813 et
196 752 426 812 domini
449 752 821 826 imperatoris
842 766 979 807 auro
998 751 1261 823 signatas
1294 752 1351 806 in
1376 751 1644 823 praesenti
1671 751 1767 806 ha-

114 844 335 902 bebant
360 842 612 910 litteras,
644 839 858 914 quihus
888 845 1079 896 ratum
1110 855 1173 895 se
1205 839 1563 908 habiturum,
1607 839 1762 911 quod

114 950 220 1006 per
249 948 457 990 eorum
503 944 749 986 manum
798 929 868 984 de
899 926 1171 996 praesenti
1204 926 1597 987 matrimonio.
1628 944 1762 983 cum

115 1024 361 1078 domina
392 1018 749 1092 principissa
773 1015 854 1072 vel
879 1015 1084 1073 amicis
1115 1015 1243 1087 ejus
1274 1016 1767 1087 firmaretur,pro-

112 1110 412 1167 mittebat.
438 1106 699 1164 Praesens
729 1122 863 1179 ergo
891 1105 1078 1161 factus
1109 1120 1224 1171 rex,
1256 1102 1687 1160 communicato
1710 1103 1763 1160 ei

113 1199 449 1270 verbo,etsi
482 1198 540 1254 in
575 1197 765 1269 priore
806 1196 955 1252 iacto
987 1196 1159 1252 la-sus
1190 1195 1500 1262 videretur,
1522 1201 1763 1250 eatenus

116 1296 179 1347 ut
208 1288 422 1345 merito
455 1288 513 1343 in
549 1284 821 1360 praesentt
854 1300 1115 1355 operam,
1147 1288 1205 1340 et
1233 1284 1489 1339 studium
1529 1285 1762 1340 domino

114 1378 457 1451 imperatori
491 1380 686 1447 posset
708 1373 1068 1442 subtrahere,
1093 1380 1288 1429 tamen
1310 1373 1492 1444 gratia
1513 1388 1760 1429 consan-

114 1468 362 1540 guineoe,
385 1481 513 1537 qum
536 1463 761 1537 pupilla
782 1467 928 1530 erat,
945 1467 1001 1517 et
1023 1462 1207 1534 patrIs
1233 1460 1508 1516 destituta
1533 1460 1760 1531 solatio,

117 1564 319 1630 partes
345 1553 662 1626 interponit
700 1567 873 1618 suas;
905 1554 961 1606 et
1008 1555 1140 1621 post
1188 1550 1403 1605 multas
1435 1549 1760 1619 dilationes,

114 1643 353 1701 effectui
378 1639 952 1713 satagitmancipari.
969 1637 1267 1707 completo
1290 1637 1484 1709 itaque
1508 1638 1759 1707 negotia,

116 1732 319 1806 gala-is
351 1732 409 1788 in
442 1730 704 1785 faucibus
733 1726 976 1783 Orontis
1006 1725 1290 1792 fluminis,
1321 1727 1378 1780 in
1406 1725 1530 1781 loco
1552 1727 1651 1796 qui
1677 1725 1760 1781 di·
1797 1760 1840 1823 B

116 1823 274 1877 citur
304 1824 507 1892 portus
554 1818 750 1874 Sancti
819 1816 1128 1881 Simeonis,
1162 1815 1519 1886 praeparatis,
1553 1814 1763 1869 tradita

120 1911 338 1983 puella,
356 1906 846 1982 prosequentibus
867 1923 995 1961 earn
1020 1906 1088 1960 de
1104 1905 1469 1977 magnatibus
1488 1904 1762 1975 regionis,

118 2002 221 2074 qui
254 2001 327 2057 ad
355 2000 461 2056 hoc
493 1997 834 2054 videbantur
854 1995 1070 2063 idonei,
1093 1998 1151 2049 et
1177 2009 1365 2065 usque
1397 1995 1468 2050 ad
1491 1993 1763 2049 maritum

116 2093 221 2147 viae
256 2088 645 2156 consortibus,
677 2086 785 2143 iter
816 2083 1123 2155 arripiunt.

716 2216 954 2275 CAPUT
985 2216 1195 2272 xxxtl.

118 2314 233 2368 Rea:
261 2309 415 2366 circa
438 2307 791 2364 Antiochiam
837 2311 1079 2362 castrum
1110 2306 1423 2376 reaedificat‚
1454 2307 1594 2378 quod
1622 2306 1763 2362 dici·

190 2392 284 2438 tur
313 2382 457 2438 Pons
505 2381 681 2436 Ferri.
715 2379 916 2449 Reqina
964 2377 1266 2433 milisendis
1304 2384 1482 2433 mater
1507 2379 1628 2449 ejus
1646 2394 1766 2434 mc·-

190 2456 359 2512 ritur.

191 2579 420 2634 Interea
451 2576 586 2632 dum
613 2591 707 2631 rex
744 2573 802 2628 in
836 2573 1102 2644 partibus
1126 2571 1241 2628 illis
1272 2589 1497 2629 moram
1530 2574 1761 2640 faceret,

119 2675 181 2723 ut
215 2668 347 2737 eius
380 2666 683 2738 praesentia
712 2662 925 2733 regioni
950 2668 1104 2718 esset
1126 2663 1310 2729 utilis,
1333 2668 1588 2718 castrum
1609 2661 1767 2732 quod

117 2772 307 2827 super
337 2762 565 2826 pontem
623 2751 886 2808 fluminis
918 2751 1149 2807 Orontis
1181 2754 1307 2822 (qui
1353 2752 1522 2823 vulgo
1554 2750 1767 2806 dicitur

119 2846 283 2903 Pons
325 2844 501 2916 Ferri)
532 2843 846 2914 aliquando
880 2842 1087 2909 fuerat,
1119 2842 1190 2895 ab
1224 2844 1366 2898 urbe
1408 2841 1766 2897 Antiochena

120 2934 289 3009 quasi
319 2949 417 2990 sex
448 2939 550 2989 aut
580 2942 791 3005 septem
813 2932 1043 2987 distans
1076 2930 1767 2997 milliaribus,reaedisica-

124 3027 231 3093 vit,
269 3024 489 3081 utiliter
518 3023 685 3091 satis,
716 3024 785 3076 ad
835 3021 1227 3078 cohibendum
1258 3020 1515 3076 hostium
1538 3021 1767 3076 discur-

124 3132 233 3172 sus
264 3119 324 3171 et
353 3111 827 3170 latrocinantium
862 3111 1131 3166 introitus
1159 3109 1438 3166 occultos.
1481 3110 1767 3179 Occupato

123 3221 263 3276 ergo
294 3219 364 3260 eo
396 3203 545 3259 circa
575 3202 827 3274 partium
881 3199 1112 3255 illarum
1156 3200 1409 3271 negotia,
1443 3200 1537 3271 pia
1586 3204 1770 3255 mater

124 3296 257 3366 eJus
279 3293 457 3366 longo
489 3297 779 3348 macerata
802 3290 1074 3362 languore
1097 3294 1153 3345 et
1173 3291 1463 3347 continuis
1485 3291 1768 3347 exhausta

121 3382 593 3462 cruciatibusfln·
619 3382 757 3436 Idus
785 3379 1137 3451 Septembris
1160 3379 1310 3434 viam
1346 3380 1625 3436 universa:
1647 3395 1769 3434 car-

120 3473 219 3530 nis
251 3474 518 3544 ingressa
547 3475 670 3536 est;
721 3468 876 3539 quod
909 3474 1215 3539 postquam
1258 3469 1327 3523 ad
1360 3469 1480 3538 ejus
1510 3467 1767 3538 pervenit

118 3561 418 3627 notitiam,
451 3561 603 3615 veris
635 3561 971 3615 contestans
1002 3557 1361 3628 argumentis
1391 3562 1609 3626 quanta
1637 3572 1763 3612 eam

120 3650 457 3707 sinceritate
507 3647 824 3710 dilexisset,
860 3647 917 3701 in
964 3645 1222 3701 lamenta
1252 3663 1314 3701 se
1360 3645 1617 3715 dedit,et
1668 3661 1766 3717 per

116 3741 249 3798 dies
280 3738 494 3796 multos
526 3737 748 3793 nullam
783 3752 1019 3807 prorsus
1042 3737 1256 3807 recepit
1285 3735 1761 3792 consolationem.

120 3830 366 3903 Sepulta
413 3835 497 3884 est
545 3831 740 3883 autem
786 3825 1015 3898 inclytae
1060 3825 1480 3882 recordationis
1528 3825 1768 3882 domina

124 3917 486 3981 Milieendis,
504 3917 847 3988 angelorum
874 3915 1066 3971 choris
1092 3914 1483 3973 int‘erenda.in
1514 3914 1659 3970 valle
1678 3914 1767 3970 Jo-

121 4010 356 4082 saphat,
372 4005 866 4063 descendentibus
888 4005 958 4058 ad
978 4002 1313 4075 sepulcrum
1348 4005 1523 4058 beatae
1541 4008 1599 4058 et
1619 4003 1765 4058 inte-

122 4101 366 4154 meratae
410 4095 509 4151 Dei
544 4094 841 4166 genitricis
880 4098 937 4149 et
964 4093 1205 4164 virginis
1235 4092 1425 4147 Marias
1458 4093 1526 4146 ad
1566 4092 1769 4147 dexte-

121 4185 351 4256 ram‚in
382 4191 583 4257 crypta
616 4182 863 4255 lapidea,
874 4182 1077 4252 januis
1108 4181 1306 4237 ferreis
1348 4184 1648 4252 praesepta,
1681 4181 1765 4236 al-

119 4283 251 4334 tare
276 4275 498 4332 habens
528 4273 811 4337 vicinum,
842 4271 941 4327 ubi
975 4281 1089 4326 tam
1124 4287 1227 4343 pro
1271 4270 1526 4327 remedio
1557 4269 1767 4327 animm

121 4368 276 4437 ejns,
300 4379 478 4436 quam
511 4379 614 4435 pro
645 4361 951 4432 spiritibus
980 4362 1243 4417 omnium
1274 4359 1535 4415 fidelium
1566 4360 1771 4416 defun-

121 4461 375 4524 ctorum,
420 4451 804 4525 acceptabiles
850 4451 1099 4507 Creatori
1142 4449 1399 4522 quotidie
1446 4449 1771 4506 offeruntur

123 4544 347 4602 hostiae.

697 4651 931 4709 CAPUT
961 4651 1201 4708 XXXIII.

127 4747 316 4805 Comes
346 4744 715 4814 Tripolitanae
745 4758 841 4812 pro
871 4742 1099 4812 repudio
1128 4743 1334 4797 sororis
1365 4742 1562 4810 iratus,
1598 4740 1770 4812 impe·

368 4815 551 4873 ratori
578 4821 818 4888 quantas
850 4818 1020 4886 potest
1054 4815 1271 4882 irrogat
1301 4812 1558 4885 injurias.

202 4943 431 4998 interea
457 4956 654 4999 comes
678 4938 1071 5010 Tripolitanae
1099 4938 1297 4995 dolore
1348 4940 1539 4996 cordis
1585 4944 1774 4996 tactus

129 5031 512 5100 Intrinsecus,
531 5033 590 5087 et
610 5045 759 5103 aegre
792 5030 1002 5097 serens,
1026 5029 1180 5101 quod
1213 5031 1284 5084 ab
1317 5029 1668 5102 imperatore
1689 5031 1775 5087 sic

126 5128 254 5182 erat
282 5121 544 5190 delusus,
566 5120 772 5176 videns
803 5136 866 5177 se
894 5120 1197 5177 occasione
1227 5120 1592 5190 imperatoris
1613 5135 1776 5176 enor-

128 5229 255 5270 mes
276 5211 481 5268 l'ecisse
500 5209 822 5282 impensas,
838 5225 1099 5265 sororem
1123 5212 1607 5280 suam,tanquam
1643 5223 1773 5280 gre-

124 5303 275 5377 garii
306 5300 559 5373 alicujus
608 5299 813 5366 filiam,
846 5299 917 5356 ab
947 5316 1014 5356 eo
1050 5299 1176 5356 sine
1223 5315 1413 5354 causae
1443 5298 1775 5371 cognitione

123 5392 495 5466 repudiatam
526 5406 674 5461 esse,
699 5391 910 5448 anxius
931 5390 1086 5463 apud
1110 5407 1172 5447 se
1201 5390 1400 5462 gemit,
1426 5393 1485 5445 et
1512 5405 1582 5445 ex
1602 5389 1775 5446 corde

120 5483 286 5542 ducit
313 5479 589 5554 suspiria,
621 5479 881 5551 cogitans
909 5479 959 5536 si
1011 5494 1125 5550 qua
1153 5478 1247 5533 via
1294 5481 1492 5550 posset
1518 5476 1776 5551 impera-

120 5573 239 5633 tori
271 5570 516 5630 reddere
543 5567 720 5640 vices,
744 5572 805 5626 et
833 5584 939 5641 pro
959 5567 1122 5625 illata
1149 5566 1367 5639 injuria
1384 5567 1586 5626 eadem
1612 5584 1772 5627 men·

449 5670 714 5732 Parnoi..
762 5668 905 5731 cot.

1880 483 2239 549 occurrebat,
2272 483 2428 555 quod
2463 483 2735 555 princeps
2765 484 2917 540 inter
2954 488 3233 545 mortales
3265 493 3394 546 erat
3420 504 3523 563 po-

1874 571 2258 639 tentissimus,
2311 588 2416 630 nec
2454 573 2589 643 ejus
2628 573 2777 630 vires
2825 573 3094 632 sufficere
3139 580 3424 649 poterant,
3457 584 3524 637 ut

1872 677 2009 717 eum
2040 659 2127 719 vel
2159 661 2218 716 in
2239 660 2429 732 aliquo
2461 661 2666 719 laedere
2696 668 2927 734 posset;
2956 667 3156 722 tamen
3190 682 3262 723 ne
3289 666 3520 726 illatam

1872 751 2151 823 injuriam
2175 757 2412 808 autnon
2435 752 2651 808 sentire
2675 752 3101 821 videretur,aut
3124 754 3517 828 negligentius

1873 838 2267 908 dissimulare,
2299 842 2497 913 galeas
2527 857 2676 912 quas
2707 842 2777 897 ad
2810 840 2993 898 alium
3026 860 3198 899 usum
3233 860 3522 918 prapara-

1872 935 2053 995 verat,
2086 928 2283 986 dolore
2311 929 2672 1002 compulsus,
2702 931 2914 987 armari
2945 932 3241 1006 proecipit;
3275 938 3334 991 et
3353 950 3520 993 voca-

1871 1017 1948 1073 tis
1979 1018 2205 1089 piratis,
2237 1026 2290 1073 et
2332 1019 2713 1075 nefandorum
2747 1020 3030 1078 scelerum
3061 1022 3386 1081 artificibus
3415 1038 3517 1081 eas

1874 1106 2075 1175 tradit,
2106 1107 2466 1179 proecipiens,
2508 1113 2574 1164 ut
2620 1108 2878 1180 praedicti
2911 1110 3277 1181 imperatoris
3329 1116 3518 1171 terras

1870 1196 2337 1265 obambulantes,
2370 1197 2610 1254 omnino
2671 1214 2776 1256 neo
2833 1199 2988 1254 aetati
3029 1210 3353 1271 parcerent,
3411 1216 3518 1258 neo

1871 1285 2057 1353 sexui,
2081 1289 2139 1340 et
2167 1284 2569 1342 conditionum
2590 1287 2761 1342 etiam
2794 1286 3013 1343 nullam
3036 1287 3320 1345 haberent
3348 1289 3520 1348 ditro-

1870 1374 2117 1429 rentiam
2146 1392 2159 1441 ;
2193 1375 2292 1430 sed
2329 1376 2543 1445 passim
2566 1380 2625 1432 et
2654 1375 2782 1432 sine
2811 1375 3039 1433 delectu
3073 1381 3194 1433 tam
3229 1384 3514 1436 monaste-

1871 1463 1960 1518 ria
1989 1480 2161 1532 quarn
2196 1465 2490 1534 ecelesias,
2522 1466 2723 1522 omnia
2772 1466 3067 1522 traderent
3112 1467 3420 1537 incendiis,
3459 1472 3518 1526 et

1869 1551 2108 1619 rapinas
2142 1552 2506 1623 ubique,sive
2537 1553 2857 1610 homicidia
2886 1554 3065 1611 libere
3094 1560 3516 1628 perpetrarent,

1871 1656 1973 1713 pro
1998 1642 2162 1710 justa
2201 1659 2374 1697 causa
2407 1660 2573 1699 arma
2602 1647 2658 1698 et
2709 1644 2860 1700 vires
2909 1644 3148 1700 illaturi.
3184 1645 3273 1701 llli
3320 1650 3518 1704 autem

1869 1730 2021 1785 dicto
2053 1740 2338 1799 parentes,
2367 1748 2524 1786 mare
2552 1731 2822 1803 ingressi,
2843 1733 3105 1802 regiones
3128 1735 3514 1806 imperatoris,

1871 1824 1988 1872 tam
2023 1834 2151 1889 quae
2179 1820 2239 1874 in
2271 1819 2478 1876 insulis
2511 1826 2679 1877 erant
2707 1837 2881 1893 quam
2915 1838 3042 1893 quae
3080 1823 3143 1877 in
3174 1827 3327 1880 terra
3370 1826 3518 1881 mari

1871 1907 2232 1962 contermina
2257 1908 2702 1979 perlustrantes,
2718 1910 2960 1965 verbum
2984 1910 3217 1968 comitis
3235 1910 3514 1983 interpre-

1870 2000 2064 2050 tantes
2109 1994 2350 2068 largius,
2402 1998 2618 2069 ubique
2675 1998 2928 2070 rapinas,
2962 1998 3178 2070 ubique
3227 1999 3514 2071 incendia,

1873 2082 2087 2154 ubique
2117 2085 2428 2141 homicidia
2465 2091 2811 2156 procurant;
2847 2087 3124 2144 ecclesias
3169 2088 3516 2157 violant,eI·

1871 2171 2136 2242 fringunt
2168 2173 2794 2243 monasteriastocorum
2822 2175 3246 2232 venerabilium
3275 2177 3518 2236 omnino

1874 2260 2094 2317 nullam
2147 2261 2426 2317 habentes
2476 2263 2884 2319 differentiam.
2935 2263 3044 2319 Sed
3093 2268 3151 2320 et
3195 2266 3517 2339 peregrinis

1874 2348 2001 2405 loca
2031 2354 2233 2405 sancta
2263 2350 2636 2419 adeuntibus,
2666 2350 2756 2406 vel
2785 2351 2921 2407 inde
2947 2352 3215 2420 reversis,
3245 2352 3521 2413 viaticula

1873 2456 1982 2494 sua
2011 2438 2375 2511 diripientes,
2409 2441 2601 2496 nullos
2645 2449 2696 2496 et
2744 2440 2968 2513 inopes,
3000 2445 3101 2496 aut
3129 2442 3296 2511 mori,
3329 2447 3430 2499 aut
3457 2442 3520 2499 ln

1870 2528 2244 2583 mendicitate
2273 2530 2447 2584 vitam
2480 2529 2814 2599 protrahere
2836 2530 3307 2602 compellebant;
3343 2547 3518 2605 nego·

1875 2615 2205 2677 tiatoribus,
2223 2616 2606 2673 nihi10miuus
2629 2618 2843 2673 victum
2865 2633 2932 2673 eo
2954 2619 3289 2674 commercii
3312 2634 3521 2690 genere

1875 2706 2010 2774 sihi,
2047 2707 2321 2762 uxoribus
2352 2711 2408 2762 et
2457 2708 2653 2763 liberis
2686 2708 3166 2779 propagantibus,
3200 2708 3354 2764 bona
3391 2726 3520 2781 quai

1876 2804 2295 2868 congesserant
2342 2797 2707 2868 diripientes,
2755 2813 2969 2852 vacuos
3015 2797 3255 2853 domum
3310 2799 3520 2869 redire,

1876 2891 2030 2943 sorte
2061 2902 2195 2942 cum
2230 2887 2389 2943 lucro
2430 2886 2748 2958 deperdita,
2782 2888 3091 2958 cogebant.

2434 3030 2672 3088 CAPUT
2699 3030 2940 3088 XXXIV.

1797 3133 1848 3199 C
1877 3163 1997 3215 Rea:
2024 3165 2168 3230 apwt
2199 3158 2560 3213 Antiochiam
2588 3158 2951 3229 pharmacum
2975 3159 3108 3213 bibit
3129 3177 3148 3225 ,·
3171 3159 3314 3216 unde
3333 3158 3396 3216 in
3421 3178 3524 3217 su-

1948 3247 2194 3303 premam
2224 3230 2484 3285 deductus
2529 3230 2953 3298 aeqrituclinem,
2986 3231 3260 3301 quaerebat
3288 3231 3359 3287 ad
3384 3247 3515 3304 pro-

1949 3305 2071 3374 pria
2094 3303 2294 3357 reverti
2301 3301 2420 3366 ‚sed
2443 3302 2815 3357 invalescente
2837 3302 3194 3374 oeqritndine,
3211 3306 3268 3359 in
3317 3303 3524 3362 itinere

1949 3373 2095 3446 apud
2127 3374 2418 3429 Bet-illium
2457 3375 2631 3429 vitam
2660 3373 2806 3442 finit.

1948 3516 2096 3572 Dum
2147 3515 2272 3571 haec
2297 3532 2493 3573 comes
2522 3517 2938 3590 Tripolitanae,
2970 3518 3089 3574 zelo
3138 3517 3384 3588 proprias
3415 3518 3522 3574 du-

1876 3611 2007 3661 ctus
2037 3604 2262 3675 injuriae
2305 3610 2598 3675 procurat,
2631 3622 2729 3661 rex
2777 3607 2930 3676 apud
2978 3605 3346 3661 Antiochiam
3384 3610 3521 3662 ante

1876 3695 2242 3766 ingruentem
2273 3693 2549 3761 hiemem,
2582 3698 2754 3766 prout
2783 3699 3179 3761 consueverat,
3205 3694 3521 3765 pharmaco

1876 3784 1961 3838 uti
2010 3783 2225 3850 volens,
2261 3798 2361 3853 per
2409 3797 2642 3838 manum
2695 3782 2897 3848 Barac,
2923 3781 3131 3839 medici
3177 3782 3522 3854 Tripolitani

1875 3872 2128 3939 comitis,
2163 3870 2394 3944 pillulas
2440 3872 2686 3943 accepit,
2713 3879 2768 3927 et
2798 3888 2939 3942 quas
2966 3872 3025 3928 in
3059 3871 3302 3928 instanti
3332 3887 3526 3929 sume-

1877 3968 1985 4030 ret,
2036 3965 2093 4017 et
2139 3977 2280 4031 quas
2330 3960 2706 4033 postmodum
2759 3960 2978 4016 modico
3028 3960 3329 4032 interjecto
3376 3966 3526 4019 tem-

1878 4066 2017 4121 pore
2046 4053 2199 4107 esset
2230 4052 2574 4120 accepturus
2603 4066 2616 4105 :
2651 4050 2838 4105 Nostri
2856 4051 3007 4105 enim
3038 4048 3345 4107 Orientale:
3361 4052 3526 4122 prin-

1877 4141 2045 4209 cipes,
2075 4137 2328 4192 maxime
2356 4136 2413 4191 id
2433 4137 2797 4207 efficientibus
2825 4138 3175 4199 mutieribus,
3199 4145 3382 4209 spreta
3424 4153 3528 4194 ηο-

1879 4235 2122 4282 strorum
2151 4225 2482 4282 Latinorum
2511 4227 2738 4298 physica
2784 4233 2838 4282 et
2887 4226 3140 4283 medendi
3189 4226 3366 4293 modo,
3395 4227 3528 4284 solis

1878 4317 2101 4383 Judaeis,
2146 4316 2545 4382 Samaritanis,
2576 4317 2732 4388 Syris
2782 4321 2836 4371 et
2887 4315 3182 4373 Saracenis
3227 4316 3392 4387 fidem
3420 4314 3527 4372 lta·

1880 4408 2085 4475 bentes,
2112 4421 2299 4462 eorum
2339 4421 2490 4464 curae
2516 4422 2577 4461 se
2614 4406 2921 4475 subiiciunt
2951 4406 3345 4478 imprudenter,
3373 4407 3529 4464 etsie

1798 4505 1848 4569 Ι)
1877 4511 1934 4550 se
1961 4497 2367 4562 commendant,
2397 4494 2757 4566 physicarum
2806 4497 3090 4552 rationum
3115 4510 3340 4565 prorsus
3365 4495 3531 4564 iqua-

1880 4587 1981 4640 ris.
2013 4583 2363 4641 DIcebantur
2396 4588 2590 4639 autem
2632 4585 2917 4656 praedictae
2947 4582 3167 4654 pillulae
3195 4597 3403 4638 venero
3433 4581 3528 4636 in·

1884 4674 2066 4740 t'ectae,
2099 4690 2205 4730 nec
2232 4677 2358 4730 erat
2379 4690 2413 4729 a
2439 4689 2570 4729 vero
2603 4674 2856 4729 multum
2876 4670 3167 4729 dissimile
3189 4688 3203 4739 ;
3231 4685 3363 4725 nam
3386 4667 3530 4725 resi-

1883 4762 2066 4818 duum
2088 4764 2238 4834 quod
2266 4762 2387 4832 regi
2410 4762 2667 4818 secundo
2689 4775 2922 4817 sumere
2943 4759 3285 4815 mandatum
3318 4757 3525 4826 suerat,

1885 4857 2086 4925 postea
2115 4852 2514 4923 experimento
2545 4851 2697 4921 apud
2732 4849 3009 4920 Tripolim
3045 4849 3104 4903 In
3137 4863 3287 4920 pane
3311 4846 3530 4916 intuso,

1883 4941 2118 4996 cuidam
2141 4941 2345 4996 datum
2390 4940 2691 5010 caniculas,
2717 4943 2965 4996 mortem
2989 4938 3100 4995 sihi
3127 4937 3282 4994 int'ra
3310 4951 3531 5010 paucos

1883 5031 2010 5088 dies
2035 5030 2512 5103 propinaverunt.
2529 5029 2614 5085 Ab
2636 5045 2701 5085 ea
2720 5028 2901 5101 igitur
2926 5028 3039 5096 die,
3056 5044 3172 5100 qua
3194 5026 3527 5100 praedictam

1883 5136 1985 5178 rex
2040 5120 2189 5176 bibit
2237 5118 2612 5186 medicinam,
2644 5133 2778 5174 oum
2822 5116 3156 5188 dysenteria
3185 5113 3529 5171 febriculam

1885 5209 2152 5277 incurrit,
2186 5224 2310 5280 quoe
2354 5212 2556 5279 postea
2586 5207 2646 5263 in
2677 5206 2958 5264 hecticam
2993 5221 3157 5262 versa
3187 5208 3293 5272 est,
3326 5219 3431 5260 nec
3456 5201 3530 5259 ab

1884 5316 1974 5368 ea,
2005 5314 2195 5370 usque
2241 5296 2299 5352 in
2356 5297 2510 5352 diem
2565 5296 2783 5366 obitus,
2828 5294 3145 5351 remedium
3192 5291 3400 5361 sensit,
3429 5295 3533 5348 aut

1884 5385 2432 5444 convalescentiam.
2464 5385 2732 5442 Sentiens
2776 5384 2956 5456 igitur
3003 5383 3159 5456 apud
3210 5397 3269 5439 se
3313 5378 3531 5438 doloris

1882 5476 2225 5534 instantiam
2250 5480 2307 5533 et
2325 5474 2684 5549 aegritudinis
2702 5476 3110 5547 augmentum,
3134 5471 3204 5530 ab
3223 5469 3535 5529 Antiochia

1883 5566 2196 5626 discedens
2227 5581 2415 5639 usque
2456 5563 2740 5640 Tripolim
2768 5563 3056 5639 pervenit.
3086 5561 3196 5620 Ubi
3226 5560 3531 5620 mensibus

3133 5665 3214 5725 24
