3784 6000
104 275 235 339 605

735 271 937 333 HIST.
987 270 1269 332 RERUM
1312 242 1855 331 TRANSMARIN.
1901 301 1978 313 --
2028 269 2165 329 LIB.
2218 270 2374 333 XIV.
2428 270 2679 334 FULCO
2727 271 2902 333 REX.

3409 273 3527 337 606

105 412 270 470 sicut
300 413 422 467 erat
452 408 536 464 vir
558 405 997 479 sagacissimus,
1022 407 1077 459 et
1107 403 1185 459 rei
1220 402 1488 459 militaris
1520 403 1762 460 multam
1791 407 1852 473 Α
1881 403 2041 476 regni
2065 403 2295 475 populis
2325 404 2605 476 invitent3
2632 406 2918 463 etiterum
2954 423 3150 464 eorum
3176 423 3531 481 quocunque

119 502 350 559 babens
405 497 852 571 experientiam,
897 495 1098 550 videns
1130 492 1436 551 meliorem
1486 510 1549 550 se
1572 494 1785 551 babere
1893 494 2065 549 modo
2097 493 2507 565 praestolentur
2546 497 2878 552 adventum.
2931 497 3038 553 Per
3076 498 3228 556 idem
3270 503 3528 569 tempus,

101 589 429 658 calculum,
461 587 658 644 animo
692 589 934 650 tervens,
986 601 1126 640 suos
1156 599 1509 646 convocans,
1547 591 1602 639 et
1633 583 1784 639 inter

103 679 300 736 millia
321 692 563 734 suorum
599 675 851 747 primus,
882 674 1058 729 verbo
1107 688 1244 729 suos
1299 672 1551 744 erigens,
1576 688 1778 742 provo·

100 786 249 826 cans
269 766 557 837 example,
589 767 649 821 in
706 765 931 820 medias
979 774 1318 820 nostrorum
1378 760 1549 816 irruit
1581 761 1779 819 acies?

102 861 165 915 et
185 856 438 912 viriliter
485 854 802 920 dimicans,
836 853 903 909 sd
964 855 1300 907 nostrorum
1358 854 1610 922 stragem
1647 849 1779 905 ani-

108 952 257 1015 mat,
291 950 349 1003 et
378 945 618 1018 agmina
667 948 864 1000 nostra
926 944 1114 1012 prima
1177 943 1238 995 in
1273 942 1466 1011 fugam
1502 956 1780 995 conversa

109 1018 454 1111 prostessit.
475 1036 750 1094 videntes
774 1020 967 1090 autem
995 1033 1176 1089 nostri
1202 1032 1453 1103 maJores
1472 1029 1779 1086 exercitus»

112 1128 342 1201 primas
365 1125 520 1182 acies
548 1125 853 1193 defecisse,
885 1125 945 1178 et
989 1122 1047 1178 in
1083 1121 1240 1178 nullo
1274 1120 1580 1176 resistendi
1616 1136 1774 1188 spem

110 1214 353 1284 babere,
387 1229 566 1285 seque
606 1212 664 1266 in
713 1213 961 1282 angusto
1011 1209 1251 1280 positos,
1285 1206 1778 1263 subveniendiaf-

118 1303 301 1360 flictis
329 1304 561 1377 copiam
578 1317 692 1357 non
713 1300 943 1367 babere,
975 1302 1215 1354 monent
1256 1297 1771 1367 dominumregem

115 1403 184 1450 nt
215 1393 397 1450 saluti
428 1391 762 1458 consulens,
795 1391 853 1445 in
901 1389 1154 1445 vicinum
1187 1403 1247 1445 se
1279 1388 1536 1443 conferat
1566 1385 1771 1459 praesi-

118 1483 312 1540 dium.
343 1481 508 1546 Quod
531 1480 735 1536 videns
783 1478 1056 1534 dominus
1098 1493 1194 1534 rex
1223 1492 1352 1533 esse
1382 1492 1482 1548 pro
1514 1481 1771 1547 tempore

113 1569 539 1643 expedientius,
572 1570 632 1626 in
664 1568 1003 1641 praesidium
1029 1584 1090 1624 se
1121 1584 1253 1623 cum
1304 1567 1506 1640 paucis
1536 1565 1764 1639 recipit,

114 1658 490 1733 pedestribus
525 1658 708 1730 copiis
739 1673 884 1729 pene
914 1656 1209 1723 omnibus,
1244 1658 1342 1712 aut
1382 1654 1505 1710 neci
1538 1654 1770 1710 traditis

1891 582 2032 638 dum
2067 583 2188 638 haec
2219 584 2371 640 circa
2399 587 2649 641 Montem
2693 586 3049 643 Ferrandum
3092 592 3368 660 aguntur,
3393 588 3531 644 Rai-

1892 671 2120 739 naldus,
2142 660 2695 746 quicognominatus
2729 676 3168 748 estEpiscopuS,
3209 693 3388 749 nepos
3425 678 3530 731 do-

1892 760 2036 816 mini
2095 762 2324 834 Rogerii
2364 764 2618 835 episcopi
2667 766 2986 831 hiddensis,
3046 765 3267 821 militiae
3327 766 3527 822 Sancti

1889 849 2115 920 Georgii
2171 852 2560 923 primicerius,
2596 853 2763 909 miles
2795 856 2851 909 in
2913 855 3094 910 armis
3142 861 3417 923 strenuus
3470 859 3528 910 et

1889 938 2115 994 actibus
2136 939 2486 996 militaribus
2519 943 2791 1013 insignis,
2823 944 2959 999 dum
2988 944 3353 1000 Ascalonitas
3374 960 3527 1001 more

1890 1028 2077 1095 solito,
2104 1029 2202 1083 sed
2247 1029 2472 1086 incaute
2517 1032 2906 1102 prosequitur,
2940 1033 2998 1088 in
3043 1039 3354 1105 praetentas
3385 1051 3524 1090 casu

1886 1115 2160 1173 decidens
2184 1118 2438 1174 hostium
2472 1120 2738 1186 insidias,
2781 1120 3133 1192 capttiebst.
3167 1123 3394 1179 Interea
3411 1141 3523 1180 non

1884 1214 2114 1261 cessant
2147 1208 2360 1273 nuntii,
2403 1209 2503 1264 sed
2536 1210 2647 1266 sub
2675 1211 2833 1265 omni
2867 1212 3161 1269 celeritate
3185 1217 3517 1285 properant.

1884 1296 1986 1353 nic
2016 1297 2319 1353 dominum
2354 1299 2672 1370 principem
2706 1301 2898 1356 debita
2928 1301 3193 1357 stimulat
3225 1302 3525 1372 instantia3

1882 1389 1939 1440 et
1968 1386 2122 1455 regis
2154 1388 2212 1441 et
2240 1403 2480 1443 suorum
2515 1389 2893 1446 necessitates
2936 1391 3208 1456 edocens,
3244 1407 3408 1446 mora
3440 1408 3525 1447 ar-

1879 1475 2027 1548 guit,
2089 1476 2365 1532 festinare
2437 1482 2632 1533 monet
2677 1480 2955 1535 attentius
2986 1495 2998 1534 ε
3062 1480 3160 1535 ille
3218 1481 3522 1536 dominum

1877 1563 2240 1621 Edessanum
2272 1565 2542 1623 comitem
2558 1568 3150 1625 continuusincendit
3171 1569 3515 1627 hortatibus.

1877 1652 2112 1709 Tertius
2139 1655 2595 1729 Hierosolymam
2630 1656 2876 1714 festinus
2917 1659 3216 1725 accelerat,
3248 1663 3304 1715 et
3334 1677 3522 1733 popu-

116 1749 305 1807 autin
334 1747 570 1805 vincula
596 1747 892 1819 conjectis.
925 1745 1139 1818 Captus
1175 1750 1265 1801 est
1306 1744 1385 1800 ibi
1407 1744 1647 1815 egregias
1679 1746 1765 1799 in·
1795 1778 1843 1842 B
1874 1743 1995 1798 tum
2028 1754 2347 1800 commovet
2394 1746 2750 1803 universum.
2783 1747 2996 1803 Verum
3037 1749 3306 1821 princeps
3325 1749 3520 1805 Antio-

111 1836 271 1895 dolis
301 1836 647 1894 adolescens
667 1852 863 1893 comes
890 1835 1305 1906 Tripolitanus,
1325 1839 1382 1890 et
1412 1835 1481 1889 de
1510 1834 1761 1905 equestri
1875 1833 2101 1893 chenus
2130 1835 2343 1893 dubius
2403 1838 2539 1909 quid
2600 1839 2795 1905 faciat,
2826 1839 3006 1896 haeret
3045 1841 3473 1913 aliquantulum
3506 1859 3520 1909 ;

121 1927 330 1985 ordine
388 1942 519 1983 cum
570 1941 639 1983 co
692 1926 844 1998 capti
891 1929 1030 1982 sunt
1077 1923 1366 1993 nonnulli.
1400 1925 1541 1980 Pars
1572 1931 1761 1981 autem

112 2015 422 2076 dominum
470 2030 666 2088 regem
709 2019 928 2086 secuta,
961 2014 1021 2070 in
1071 2013 1455 2085 municipium
1488 2013 1762 2086 ingressi,

113 2106 243 2164 vitas
264 2104 689 2162 consuluerunt
708 2120 1058 2177 quocunque
1086 2103 1277 2169 modo,
1300 2108 1357 2159 et
1380 2104 1577 2160 saluti.
1599 2104 1763 2159 Ami·

115 2199 322 2253 serunt
352 2210 490 2268 ergo
545 2193 647 2252 illa
693 2193 787 2251 die
840 2194 1395 2265 impedimentorum
1432 2196 1759 2250 universam

117 2284 577 2354 multitudinem,
611 2300 793 2356 equos
840 2289 898 2340 et
928 2284 1001 2340 ad
1031 2283 1292 2339 sarcinas
1323 2284 1601 2354 deputata
1631 2284 1764 2339 ani-

118 2372 317 2442 malia,
337 2373 548 2445 quibus
569 2374 908 2447 pradictum
928 2372 1210 2444 oppidum
1233 2373 1561 2429 instaurare
1580 2363 1764 2429 suerat

1871 1942 2008 1982 nam
2042 1943 2144 1999 pro
2177 1927 2401 1985 toribus
2439 1929 2661 1986 babens
2705 1932 3142 2003 imperatorem,
3177 1933 3305 1989 urbi
3329 1934 3516 2000 timet,

1876 2014 1926 2070 si
1957 2019 2134 2072 tentet
2164 2017 2469 2074 abscedere
2504 2034 2517 2074 :
2552 2019 2758 2076 iterum
2818 2022 3054 2078 domino
3114 2024 3231 2092 regi
3267 2022 3325 2078 in
3356 2024 3520 2080 tanta

1872 2105 2216 2161 necessitate
2275 2108 2488 2178 posito,
2535 2109 2752 2164 durum
2811 2110 2986 2165 nimis
3017 2115 3074 2166 et
3126 2111 3515 2167 inhumanum

1870 2198 2099 2263 reputat
2155 2210 2271 2251 non
2322 2196 2646 2252 subvenire.
2705 2198 2963 2254 Tandem
3023 2199 3246 2254 domini
3293 2199 3438 2271 regis
3458 2203 3515 2256 et

1869 2281 2182 2338 Christiani
2217 2283 2412 2355 populi
2446 2284 2728 2340 molestiis
2776 2291 2832 2340 et
2854 2286 3244 2343 anxietatibus
3273 2304 3512 2360 compa-

1871 2370 2044 2437 tiens,
2077 2371 2363 2428 civitatem
2396 2388 2564 2428 suam
2596 2372 2843 2430 Domino
2895 2376 3288 2440 committens,
3322 2377 3509 2433 satius

119 2463 507 2536 propositum.
543 2463 690 2521 Nam
721 2464 821 2536 qui
852 2463 911 2519 ln
933 2469 1186 2519 castrum
1211 2463 1498 2534 fugientes
1520 2462 1764 2536 ingressi
1860 2458 2235 2529 judicatcum
2255 2460 2978 2534 fratribusquantumlibet
3000 2464 3241 2520 adversa
3255 2465 3510 2520 sustine·

118 2556 279 2622 sunt,
312 2552 500 2620 vacui,
531 2559 586 2610 et
639 2552 765 2610 sola
821 2568 1020 2610 secum
1069 2568 1250 2617 arma,
1284 2552 1500 2625 quibus
1550 2552 1759 2609 muniti

117 2646 303 2710 erant,
336 2640 642 2708 habentes,
673 2640 818 2698 nibil
848 2642 1029 2698 victus
1058 2641 1400 2697 intulerant.
1425 2641 1761 2699 Ceciditilla

117 2729 211 2787 die
239 2730 398 2786 inter
450 2733 685 2786 ceteros
739 2729 827 2785 vir
860 2729 1226 2799 magnificus,
1262 2729 1558 2787 nobilitate
1577 2735 1636 2786 et
1668 2748 1760 2787 ar·

117 2834 350 2876 morum
406 2835 519 2876 usu
569 2819 819 2892 insignis
855 2818 1163 2876 Gaurridus
1192 2819 1501 2891 Chat-palu,
1537 2821 1759 2877 domini

113 2906 393 2965 Joscellni
441 2906 685 2964 senioris
743 2907 1024 2965 Edessani
1070 2907 1302 2964 comitis
1359 2908 1555 2977 frater,
1588 2910 1761 2980 cujus

117 2997 394 3068 interitus
447 3000 730 3071 tanquam
779 2996 998 3054 strenui
1029 2996 1159 3067 viri,
1190 2996 1388 3053 multis
1408 2997 1629 3056 exstitit
1658 2999 1764 3055 do-

1871 2563 2137 2619 re,quam
2161 2548 2244 2604 eis
2264 2549 2788 2620 sicdeflcientibus,
2810 2552 3108 2608 abundare
3138 2553 3520 2624 prosperis‚et

1873 2637 2131 2708 qualibet
2178 2637 2602 2710 tranquillitate
2666 2641 2939 2712 gaudere.
2999 2642 3285 2698 Convocat
3340 2642 3523 2715 igitur

1874 2742 2166 2798 proceres,
2199 2732 2256 2783 et
2314 2729 2512 2800 populi
2565 2731 2855 2801 majores3
2907 2731 3272 2803 revelataque
3293 2731 3524 2787 cunctis

1873 2816 2105 2886 propria
2135 2819 2504 2887 conscientia,
2537 2818 2746 2875 invitat
2801 2836 3005 2876 omnes
3037 2819 3111 2877 ad
3142 2821 3294 2893 regis
3333 2820 3520 2877 subsi-

1873 2906 2053 2976 dium,
2086 2911 2142 2963 et
2174 2907 2338 2963 facile
2396 2909 2719 2980 persuadet.
2756 2910 2972 2980 Sponte
3029 2910 3180 2966 enim
3226 2912 3279 2964 in
3315 2912 3519 2966 eadem

1877 2999 1990 3051 Deo
2046 2996 2383 3068 gratissima
2439 3002 2794 3055 concurrunt
2842 3015 3034 3055 omnes
3082 2998 3423 3063 desideria:
3465 3004 3523 3055 et

114 3082 253 3142 loris
282 3100 465 3142 causa
494 3083 890 3157 amplioris,!et
917 3083 1256 3140 universum
1288 3087 1582 3142 concussit
1601 3102 1763 3143 exer·
1878 3087 2074 3143 subito
2105 3092 2332 3157 paratos
2388 3104 2450 3144 se
2507 3089 2834 3156 offerentes,
2866 3090 2937 3145 ab
2976 3090 3122 3145 urbe
3152 3091 3391 3162 egressi,
3424 3091 3518 3147 do-

117 3174 301 3230 citum
331 3188 512 3232 casus
538 3175 590 3246 ej
602 3189 670 3229 us
690 3172 981 3245 lugubris.

706 3279 940 3337 CAPUT
976 3280 1155 3337 XXVI
1167 3322 1178 3334 .

120 3370 441 3441 Sanquinius
458 3373 662 3427 iterum
690 3375 936 3427 castrum
982 3370 1236 3433 obsidet:
1267 3370 1473 3427 obsessi
1500 3355 1765 3442 finitimos

470 3443 553 3499 ad
566 3442 868 3499 subsidium
896 3441 1136 3513 undique
1163 3449 1406 3498 evocant.

186 3532 532 3603 Sanguinus
580 3532 803 3588 interea
858 3532 1058 3588 videns
1092 3534 1322 3587 nostros
1352 3530 1497 3587 nibil
1529 3548 1768 3603 prorsus

116 3613 533 3677 alimentorum
563 3620 834 3678 intulisse
854 3620 913 3677 in
946 3624 1232 3687 castrum,
1265 3637 1326 3677 se
1357 3621 1767 3691 eorumcopias

117 3709 334 3767 habere
363 3710 695 3776 universas,
726 3713 784 3765 et
839 3726 1043 3766 omnes
1076 3710 1237 3781 regni
1270 3708 1421 3765 vires
1452 3709 1765 3781 attrivisse,

117 3799 390 3856 comitem
422 3813 656 3873 quoque
686 3815 747 3855 se
777 3798 987 3855 habere
1007 3799 1068 3854 in
1084 3797 1564 3872 vinculis,regem
1587 3800 1764 3856 etiam

119 3887 174 3944 in
202 3895 397 3945 castro
426 3887 711 3944 semiruto
741 3890 798 3944 et
845 3886 1135 3943 alimentis
1191 3903 1394 3956 vacuo,
1427 3903 1561 3943 cum
1603 3889 1765 3961 regni

26 4002 37 4015 ·
77 3971 441 4048 'majoribus
469 3974 758 4033 inclusum
784 3995 799 4045 ς
824 3977 1096 4047 apposuit
1126 3976 1337 4032 iterum
1374 3976 1762 4048 municipium

111 4064 387 4123 obidione
430 4064 746 4136 claudere3
788 4082 1029 4138 sperans
1090 4082 1204 4122 non
1259 4080 1387 4122 esse
1443 4065 1545 4137 qui
1583 4066 1770 4137 possit

109 4153 374 4212 obsessis
420 4154 752 4212 subsidium
793 4156 1169 4224 tuinistrars;
1202 4155 1378 4228 idque
1421 4153 1763 4227 praesidium

107 4244 261 4299 infra
290 4258 512 4315 paucos
546 4243 670 4301 dies
702 4260 818 4301 non
858 4244 1138 4301 dubitans
1184 4261 1247 4301 se
1279 4231 1449 4315 pos'se
1476 4243 1759 4300 evincere.

104 4331 450 4389 Convocatis
480 4331 664 4405 igitur
692 4333 753 4388 in
787 4350 974 4389 unum
1005 4334 1507 4401 cuneis,·redeunt
1538 4338 1761 4391 nostro·

106 4439 241 4480 rum
301 4422 503 4494 spoliis
541 4422 759 4492 onusti,
792 4423 1137 4495 ampliorem
1166 4424 1418 4495 predam
1449 4439 1563 4495 prae
1585 4423 1758 4480 colle·

1795 3148 1838 3215 C
1878 3176 2108 3232 minum
2140 3177 2549 3249 imperatorem
2580 3179 2735 3235 circa
2753 3179 3020 3235 eamdem
3035 3179 3325 3236 civitatem
3346 3179 3526 3235 relin-

1876 3269 2146 3338 quentes,
2179 3266 2537 3324 unanimiter
2592 3268 2663 3323 ab
2722 3268 2941 3324 domini
2995 3270 3148 3341 regis
3196 3268 3523 3325 subsidium

1875 3354 2345 3426 proficiscuntur.
2370 3355 2576 3412 Comes
2607 3373 2835 3429 quoque
2869 3358 3214 3427 Edessanus‚
3233 3373 3362 3414 cum
3388 3358 3522 3413 uni-

1876 3444 2058 3499 versis
2089 3444 2312 3515 viribus
2343 3446 2461 3501 suis
2493 3446 2616 3517 pari
2651 3451 2775 3502 voto
2810 3448 3156 3520 accingitur,
3187 3453 3244 3504 et
3274 3448 3348 3503 ad
3369 3448 3520 3503 idem

1875 3545 2022 3599 opus
2079 3530 2224 3584 mira
2287 3531 2524 3587 festinat
2576 3532 2885 3587 celeritate.
2949 3535 3230 3588 Dominus
3286 3549 3522 3604 quoque

1877 3615 2405 3687 Hierosolymorum
2467 3618 2797 3688 patriarcha
2842 3618 3196 3684 Willelmus,
3256 3619 3517 3676 collectis

1878 3704 2163 3760 universis
2221 3707 2422 3775 copiis,
2473 3722 2621 3777 quas
2675 3708 2735 3762 in
2769 3723 2941 3779 regno
2999 3708 3182 3779 potuit
3238 3708 3515 3774 invenire,

1875 3798 2174 3862 assumpto
2227 3793 2339 3849 sibi
2387 3794 2705 3851 Dominicae
2762 3797 2953 3854 crucis
2986 3796 3303 3852 venerabili
3335 3796 3518 3869 ligne,

1875 3881 2013 3936 illuc
2045 3882 2294 3955 impiger
2348 3883 2660 3952 accelerat;
2693 3886 3026 3958 standique
3083 3886 3356 3950 suffragia
3387 3902 3515 3941 cot·-

1874 3986 2105 4042 rogans,
2136 3972 2193 4027 in
2226 3986 2427 4027 eorum
2458 3974 2793 4030 subsidium
2830 3981 3058 4031 mature
3089 3976 3405 4032 contendit.

2445 4081 2676 4139 CAPUT
2734 4081 2944 4139 xxvtt.

1870 4174 2112 4239 emuqo
2169 4169 2631 4228 Damascenorum
2693 4180 3035 4243 procurator,
3086 4172 3370 4245 Neapolim
3429 4171 3518 4228 in-

2359 4244 2536 4300 cendit
2556 4247 2614 4300 ‘et
2634 4245 3014 4317 depopulatur.

1941 4339 2040 4395 His
2070 4338 2149 4394 ita
2178 4340 2331 4395 circ-a
2361 4336 2667 4392 dominum
2696 4351 2884 4407 rogem
2915 4351 2974 4389 sc
3020 4334 3533 4416 habentibuS,Be-·

1868 4443 2044 4498 zeuge
2076 4426 2238 4498 regni
2271 4426 2761 4481 Damascenorum
2795 4428 3134 4495 procurator
3164 4429 3221 4479 et
3244 4425 3516 4496 princeps

106 4517 335 4571 ctorum
366 4511 744 4570 multitudine
804 4514 1203 4584 fastidientes3
1237 4515 1291 4570 et
1322 4521 1571 4571 castrum
1604 4516 1756 4572 ordi·
1789 4530 1838 4593 ι)
1868 4517 2082 4573 militiae
2117 4519 2186 4572 de
2218 4532 2346 4599 quo·
2368 4516 2540 4572 etiam
2567 4515 2838 4586 superma
2874 4514 3119 4569 fecimus
3135 4513 3514 4590 mentionem,

109 4602 268 4658 natis
298 4600 359 4658 in
389 4618 595 4676 gyrum
628 4602 977 4675 legionibus,
1009 4604 1313 4661 obsidione
1341 4602 1516 4660 vallat
1547 4619 1760 4675 urgen-

106 4690 362 4749 tissima.
387 4691 563 4749 Porro
594 4692 754 4748 intus
801 4709 934 4749 cum
982 4694 1217 4750 domino
1249 4709 1379 4766 rege
1409 4709 1470 4749 se
1501 4693 1761 4749 contule·

108 4788 260 4851 rant,
294 4781 367 4838 de
395 4781 558 4855 regni
590 4782 947 4856 proceribus,
981 4782 1313 4840 Willelmus
1342 4784 1413 4840 de
1433 4783 1602 4841 Buris
1619 4800 1761 4840 con-

107 4867 498 4941 stabularius,
532 4870 820 4927 Rainerus
870 4872 1017 4928 Brus
1061 4870 1226 4929 miles
1264 4872 1529 4943 insignis,
1571 4873 1759 4930 Guido

107 4956 437 5021 Brisebm.
506 4958 825 5017 Balduinus
884 4962 957 5017 de
1018 4961 1239 5033 Ramis,
1299 4962 1649 5019 Heml'redus
1689 4964 1761 5020 de

105 5046 341 5102 Torono
373 5050 498 5118 tyro
525 5051 586 5105 et
611 5047 864 5105 nimium
905 5048 1284 5118 adolescens;
1319 5059 1376 5106 et
1406 5051 1503 5107 alii
1535 5051 1756 5124 plures,

109 5150 245 5191 cum
277 5134 497 5208 quibus
528 5152 627 5194 rex
666 5136 892 5194 habens
941 5138 1277 5204 consilium,
1311 5138 1596 5196 deliberat
1624 5141 1760 5212 quid

106 5224 172 5282 iu
195 5228 626 5298 tanta,tamquc
657 5231 905 5299 angusta
922 5232 979 5284 et
1002 5238 1244 5300 urgente
1267 5229 1611 5284 necessitate
1636 5227 1760 5285 fieri

105 5315 396 5387 oporteat.
453 5313 783 5373 Decernunt
833 5332 969 5391 ergo
1026 5318 1258 5389 pariter,
1320 5322 1389 5374 ut
1435 5317 1758 5390 principem

99 5401 536 5462 Antiochenam
592 5409 650 5460 et
703 5406 1060 5464 Edessanum
1091 5408 1366 5476 comitem
1394 5406 1758 5463 Joscelinum

90 5493 400 5568 juniorem
430 5494 490 5551 in
521 5510 694 5552 suum
707 5494 1394 5568 sollicitentsubsidium3
1428 5497 1757 5558 dominum·

96 5599 213 5657 que
274 5581 811 5657 Hierosolymorum
850 5586 1267 5659 patriarcbam‘
1307 5602 1444 5646 eum
1475 5586 1761 5647 universis

1872 4608 2118 4663 audiens
2167 4621 2415 4677 regnum
2466 4605 2639 4660 solito
2688 4603 2888 4658 robore
2927 4617 3198 4668 vacuum,
3233 4616 3424 4671 regem
3459 4600 3518 4656 in

1870 4696 2144 4751 extremis
2175 4692 2508 4768 regionibus
2566 4692 2868 4748 obsidione
2905 4691 3191 4757 clausum,
3226 4688 3518 4762 principes

1871 4785 2288 4865 eguniversum
2323 4779 2603 4852 populum
2634 4780 2790 4835 circa
2819 4779 2944 4847 ejus
2977 4776 3378 4832 liberationem
3404 4774 3520 4830 sol-

1869 4872 2113 4940 licitum,
2154 4871 2225 4925 ad
2250 4869 2380 4924 illas
2413 4876 2604 4940 partes
2637 4866 2989 4923 unanimiter
3008 4865 3332 4932 convolare;
3355 4868 3517 4921 ratus

1870 4976 1938 5016 ex
1972 4965 2231 5029 tempore
2262 4958 2501 5014 nocendi
2535 4954 2902 5012 occasionem
2926 4954 3214 5010 invenisse
3231 4957 3513 5025 optatam,

1870 5064 2002 5105 cum
2037 5047 2215 5102 multa
2237 5045 2442 5102 militia
2472 5046 2532 5101 in
2565 5043 3182 5116 regnumingreditur3
3215 5046 3273 5098 et
3293 5047 3517 5115 Neapo-

1871 5137 1973 5193 lim
2006 5136 2294 5193 civitatem
2339 5134 2742 5201 immunitam,
2764 5137 3000 5188 muroet
3021 5131 3513 5200 ante-uralibus,

1869 5233 1923 5283 et
1952 5207 2095 5281 itam
2117 5213 2266 5282 vallo
2297 5228 2612 5291 carentem,
2672 5222 3011 5294 aggreditur
3042 5237 3111 5277 ex
3153 5220 3469 5292 improviso
3495 5239 3510 5288 ;

1868 5322 1924 5372 et
1954 5316 2146 5372 subito
2184 5314 2437 5381 irruens,
2469 5316 2752 5385 tanquam
2811 5311 2906 5367 rur
2949 5311 3009 5366 in
3051 5314 3240 5378 nocte,
3271 5308 3331 5366 in
3361 5308 3518 5366 cives

1869 5406 2133 5461 incautos
2164 5402 2397 5475 gladiis,
2419 5405 2478 5457 et
2493 5405 2627 5458 toto
2679 5400 2917 5457 desoevit
2947 5400 3177 5472 spiritu,
3209 5397 3363 5454 aetati
3396 5413 3511 5455 non

1868 5508 2134 5567 parcens,
2162 5497 2263 5548 aut
2310 5491 2471 5548 sexui
2505 5507 2521 5562 ;
2551 5491 2787 5548 tandem
2837 5488 3025 5546 serius
3071 5487 3376 5553 admoniti,
3408 5486 3511 5559 qui

1867 5584 2094 5645 inventi
2107 5588 2245 5646 sunt
2257 5583 2495 5657 residui,
2513 5584 2573 5641 iu
2588 5580 2921 5657 presidium
2934 5580 3090 5653 quod
3107 5580 3167 5638 in
3180 5579 3373 5639 medio
3387 5576 3520 5637 eivi-
