3784 6000
166 275 288 342 507

1229 269 1654 335 GUILLELMI
1699 268 2082 331 TYRENSIS
2126 265 2491 330 ARCHIEP.

3459 263 3583 329 508

174 411 415 470 diebant
446 411 507 468 in
541 413 802 468 nostram
828 407 1144 480 perniciem
1170 423 1185 475 ;
1217 408 1318 482 qui
1339 411 1501 465 tanto
1529 407 1587 463 id
1603 406 1814 464 melius
1844 412 1900 481 Α
1925 405 2194 463 videlicet
2221 406 2465 479 Rogero,
2498 406 2598 478 qui
2647 408 2849 479 postea
2876 406 2986 462 fuit
3016 419 3116 462 rex
3140 403 3375 472 Sicilie,
3401 407 3582 478 coepit

171 502 364 559 facere
397 503 684 573 poterant,
702 502 922 572 quanto
943 501 1132 555 status
1156 498 1341 556 nostri
1366 496 1687 571 pleniorem
1714 496 1816 553 ba-

175 591 393 649 bebant
447 589 754 646 scientiam
787 605 801 644 ε
836 589 1001 644 Nulla
1047 590 1197 646 enim
1240 587 1412 660 pestis
1439 588 1717 659 efficacior
1742 587 1817 643 ad

171 681 481 738 nocendum
515 694 678 751 quam
708 677 1013 750 familiaris
1040 679 1322 734 inimicus.
1354 677 1453 734 His
1481 693 1616 750 ergo
1646 677 1812 734 duci·

174 769 287 826 bus
317 769 514 825 hostes
572 766 702 823 freti
760 775 814 824 et
861 783 1061 824 eorum
1123 767 1389 824 tortiores
1428 766 1562 825 facti
1587 766 1812 834 solatio,

167 857 339 916 villas
369 854 701 915 circuibant
755 860 813 913 et
849 855 1101 925 castella,
1136 858 1380 928 proedas,
1410 860 1469 913 et
1526 856 1817 928 mancipia

169 963 370 1005 secum
400 945 718 1003 trahentes.
752 946 1095 1019 Tantusque
1125 944 1333 1002 horror
1361 960 1608 1019 regnum
1638 961 1818 1002 occu-

168 1039 409 1109 paverat
437 1035 799 1101 universum,
831 1038 897 1093 ut
922 1042 1087 1091 extra
1118 1034 1335 1091 moenia
1366 1050 1540 1092 nemo
1572 1050 1815 1106 prorsus

171 1124 416 1184 auderet
446 1140 804 1196 comparere.

797 1229 1031 1288 CAPUT
1071 1230 1187 1288 XX.

171 1321 504 1379 Ascalonitae
559 1323 882 1393 impuqnant
932 1321 1413 1394 Hierosolymam:
1442 1322 1538 1379 sed
1591 1321 1814 1378 tandem

242 1393 484 1475 hostium
548 1392 923 1449 dissolvuntur
984 1395 1146 1464 acies,
1175 1401 1227 1451 et
1288 1392 1517 1450 redeunt
1577 1393 1649 1449 ad
1692 1409 1819 1466 pro-

242 1481 392 1539 pria.

244 1575 584 1630 Accesserat
614 1575 894 1645 praeterea
943 1573 1012 1628 ad
1060 1571 1287 1628 timoris
1334 1575 1392 1629 et
1416 1587 1688 1629 aerumnae
1709 1589 1818 1629 cu-

176 1661 429 1735 mulum,
460 1664 619 1736 quod
647 1661 1016 1732 Ascalonitoe,
1034 1666 1318 1735 tanquam
1341 1678 1566 1720 vermes
1591 1664 1817 1737 inquie-

1922 512 2056 553 cum
2088 497 2291 554 eodem
2322 497 2395 554 de
2425 495 2598 553 verbo
2629 495 2729 552 illo
2762 495 3187 562 deliberareget
3215 495 3456 552 tandem
3488 497 3584 552 vi-

1922 603 2054 644 sum
2084 592 2175 644 est
2204 587 2489 644 ambobus
2520 586 2677 658 quod
2730 585 2780 643 si
2812 585 3083 642 dominus
3115 601 3216 642 rex
3245 585 3359 642 sub
3397 588 3580 643 certis

1923 676 2355 734 conditionibus
2387 676 2731 749 praedictum
2748 676 2987 732 verbum
3010 675 3183 733 vellet
3202 677 3584 743 confirmare,

1926 767 2039 841 ipsi
2070 768 2337 840 petitioni
2357 771 2484 838 eJus
2538 766 2719 839 parati
2749 770 2920 823 erant
2940 768 3330 838 acquiescere.
3363 767 3583 824 Forma

1925 864 2123 917 autem
2153 856 2556 915 conditionum
2589 857 2709 913 baec
2756 860 2880 913 erat
2904 872 2919 911 τ
2950 856 3111 926 Quod
3135 857 3187 913 si
3215 873 3321 912 rex
3350 862 3410 911 et
3435 872 3583 928 pree-

1926 949 2087 1006 dicta
2132 950 2409 1005 comitissa
2451 948 2660 1018 protem
2698 948 3020 1018 susciperet,
3042 947 3096 1002 ei
3121 950 3240 1018 post
3270 951 3420 1019 repis
3448 946 3579 1003 obi-

1925 1048 2041 1096 tum
2064 1041 2186 1095 sine
2202 1037 2635 1094 contradictione
2690 1040 2741 1093 et
2769 1036 3024 1093 molestia
3054 1053 3287 1108 reanum
3313 1035 3581 1093 concede-

1926 1133 2129 1196 retur-,-
2156 1127 2298 1200 quod
2358 1128 2408 1183 si
2460 1127 2662 1200 absque
2716 1126 2942 1184 ttaerede
2981 1140 3052 1182 ex
3078 1125 3270 1181 eadem
3298 1128 3581 1183 eomitissa

1929 1222 2177 1290 suscepto
2222 1218 2635 1289 desunqeretur,
2684 1231 2861 1272 eomes
2908 1218 3172 1284 Rooerus,
3211 1213 3373 1284 filius
3428 1216 3487 1286 ej
3491 1231 3578 1284 us,

1931 1306 2101 1364 ἦεν-ει
2120 1306 2423 1369 existeret:
2451 1310 2504 1364 et
2528 1309 2589 1361 in
2646 1320 2833 1376 reyno,
2865 1307 2985 1360 siue
3036 1303 3473 1361 contradictione
3525 1308 3581 1360 et

1930 1397 2181 1453 molestia
2201 1412 2305 1453 rex
2324 1398 2569 1467 futurus,
2589 1392 2918 1451 succederet.
2977 1396 3095 1450 Rex
3133 1397 3327 1448 autem
3346 1393 3579 1449 abeun-

1933 1486 2085 1543 tibus
2113 1485 2319 1558 legatis
2350 1484 2407 1540 in
2430 1483 2971 1540 mandatisdederat
3005 1485 3090 1550 ut,
3115 1482 3573 1555 quibuscunque

1927 1574 2302 1646 petitionibus
2335 1577 2622 1647 parentes,
2655 1588 2781 1629 eam
2834 1587 3036 1629 secum
3069 1570 3264 1628 modis
3291 1570 3571 1627 omnibus

1928 1665 2214 1722 deducere
2263 1663 2614 1721 laborarent.
2664 1661 2938 1718 Audierat
2964 1660 3140 1728 enim,
3169 1668 3226 1716 et
3254 1674 3386 1716 vere
3415 1659 3571 1717 scie-

174 1752 238 1821 ti,
272 1754 525 1810 scientes
555 1753 710 1825 quod
769 1768 868 1809 rex
914 1768 1044 1809 cum
1079 1752 1356 1809 omnibus
1389 1752 1547 1824 regni
1568 1752 1815 1822 viribus,
1848 1784 1903 1850 B
1932 1758 2041 1822 rat,
2074 1754 2226 1828 quod
2285 1753 2496 1810 mulier
2543 1751 2808 1824 locuples
2858 1755 3017 1817 erat;
3062 1753 3119 1807 et
3139 1748 3259 1805 filio
3313 1752 3569 1821 accepta,

177 1841 331 1898 eirca
359 1845 559 1913 partes
587 1841 1032 1898 Tiberiadenses
1082 1842 1437 1898 detineretur
1475 1850 1813 1914 occupatus,

171 1929 371 1988 hostes
421 1946 655 2003 quoqne
702 1931 1001 2002 regionem
1056 1946 1200 2004 pene
1250 1935 1433 1988 totam
1465 1931 1820 1999 obtinerent.

170 2017 389 2093 egressi
418 2034 551 2075 cum
585 2019 808 2093 ingenti
841 2018 1240 2087 multitudine.
1264 2022 1336 2077 ad
1369 2025 1646 2078 montana
1675 2037 1818 2079 con-

169 2109 488 2176 scendunt,
515 2109 1064 2184 etflierosolymam,
1085 2109 1440 2168 militaribus
1473 2110 1817 2168 destitutam

170 2200 377 2274 copiis,
411 2199 719 2270 obsident;
756 2200 1090 2271 nonnullos,
1124 2218 1275 2276 quos
1305 2207 1466 2259 extra
1494 2204 1699 2260 urbem
1737 2218 1821 2260 re·

172 2291 545 2362 periunt,aut
600 2289 919 2362 captivant,
977 2294 1079 2346 aut
1135 2290 1495 2349 interficiunt
1528 2309 1544 2348 ε
1605 2307 1822 2349 messes

174 2378 392 2447 aridas,
422 2393 571 2449 quas
599 2377 866 2451 agricolae
924 2378 983 2433 in
1033 2395 1198 2436 areas
1228 2385 1668 2454 congesserant,
1700 2384 1818 2437 tra·

173 2468 321 2525 dunt
345 2466 652 2524 incendiis.
679 2469 943 2525 Tandem
991 2486 1126 2525 oum
1169 2486 1269 2541 per
1330 2470 1552 2542 aliquot
1583 2470 1706 2528 dies
1735 2470 1817 2528 ibi

172 2555 593 2617 consedissent.
615 2557 880 2614 videntes
900 2559 1057 2630 quod
1081 2558 1281 2615 nullus
1301 2561 1372 2616 ad
1395 2576 1494 2616 eos
1525 2562 1820 2632 egredere-

171 2650 290 2712 tur,
324 2645 427 2701 sed
459 2660 665 2702 omnes
697 2644 851 2704 intra
906 2647 1123 2702 moenia
1153 2647 1387 2705 cautius
1418 2664 1480 2704 se
1509 2648 1814 2718 baberent,

170 2734 443 2792 timentes
477 2732 629 2806 regis
660 2735 994 2805 adventum,
1026 2736 1238 2793 reversi
1296 2740 1434 2794 sunt
1454 2737 1523 2793 ad
1558 2739 1811 2810 propria.

173 2824 247 2878 At
276 2837 410 2880 vero
432 2825 633 2878 oestate
659 2822 864 2894 jamin
895 2831 1236 2881 autumnum
1269 2825 1616 2895 declinante,
1641 2828 1814 2900 juxta

174 2910 686 2982 consuetudinem,
708 2913 1148 2985 peregrinorum
1201 2920 1500 2989 coeperunt
1527 2918 1818 2990 applicare

1931 1843 2101 1901 bonis
2137 1843 2413 1901 omnibus
2461 1841 2818 1899 abundabat.
2851 1842 2979 1912 Ipse
3035 1855 3169 1895 vero
3208 1854 3241 1895 e
3294 1853 3575 1895 converso

1932 1950 2150 2006 pauper
2179 1937 2304 1991 erat
2330 1937 2389 1990 et
2416 1931 2633 2002 tenuis,
2654 1931 2747 1987 vix
2771 1931 2841 1987 ad
2866 1929 3244 1987 necessitates
3277 1928 3576 2002 quotidia-

1932 2041 2035 2081 nas
2083 2028 2142 2082 et
2193 2023 2460 2094 equitum
2518 2020 2811 2094 stipendia
2863 2019 2975 2076 sibi
3010 2022 3236 2091 poterat
3263 2017 3533 2074 sufficere
3560 2034 3575 2073 z

1930 2114 2087 2172 unde
2117 2118 2174 2170 et
2228 2115 2297 2170 de
2345 2112 2503 2168 illius
2533 2109 2922 2167 redundantia
2950 2125 3070 2166 sum
3098 2106 3336 2165 sitiebat
3363 2107 3574 2180 inopia

1930 2203 2250 2261 subveniri.
2283 2202 2447 2260 Missi
2478 2201 2655 2271 igitur
2676 2199 2848 2272 legati
2870 2198 3236 2257 conditiones
3267 2197 3575 2270 praedictas

1928 2297 2225 2368 gratanter
2281 2289 2653 2363 suscipiunt;
2683 2293 2741 2345 et
2796 2286 3158 2360 interpositis
3191 2287 3571 2359 juramentis,

1928 2387 2100 2455 prout
2128 2382 2508 2454 exigebantur
2536 2379 2690 2451 quod
2753 2378 2842 2434 bis
2876 2377 3061 2450 pactis
3091 2394 3124 2432 a
3153 2375 3397 2434 domino
3441 2392 3572 2446 rege

1927 2475 1986 2528 et
2016 2471 2141 2528 suis
2168 2469 2549 2543 principibus,
2582 2468 2738 2524 bona
2793 2465 2928 2535 fide,
2962 2466 3089 2523 sine
3118 2463 3325 2521 fraude
3354 2469 3415 2522 et
3445 2463 3573 2522 dolo

1929 2562 2082 2618 malo
2127 2564 2402 2627 staretur,
2420 2557 2740 2625 comitissa,
2772 2556 2892 2614 filio
2935 2556 3205 2613 universa
3236 2555 3574 2612 necessaria

1926 2654 2292 2725 suggerente,
2322 2665 2385 2706 se
2414 2648 2667 2721 accingit
2693 2647 2766 2703 ad
2796 2645 2929 2715 iter,
2952 2648 3010 2703 et
3037 2644 3293 2702 oneratis
3325 2645 3573 2702 navibus

1927 2742 2216 2797 frumento
2278 2739 2412 2796 vino
2468 2743 2526 2795 et
2582 2737 2728 2804 oleo,
2761 2738 2817 2792 et
2863 2733 3034 2792 salsis
3058 2733 3357 2804 carnibus,
3391 2734 3575 2790 armis

1924 2838 2201 2903 praeterea
2229 2833 2287 2886 et
2315 2827 2667 2901 equitaturis
2724 2824 2999 2898 egregiis,
3030 2838 3339 2880 assumens
3369 2838 3571 2880 secum

1920 2919 2213 2977 infinitam
2246 2918 2583 2992 pecuniam,
2615 2912 2890 2972 omnibus
2919 2930 3045 2970 eam
3080 2911 3568 2986 prosequentibus

176 3018 375 3061 naves.
408 3002 514 3070 Qui
535 3018 666 3060 vero
696 3003 755 3060 in
776 3004 863 3062 eis
892 3006 1118 3063 advecti
1139 3011 1326 3071 erant,
1348 3009 1818 3082 audientesquod
1921 3010 2124 3082 copiis,
2151 3010 2210 3066 in
2261 3012 2547 3073 nostram,
2573 3013 2632 3061 ut
2683 3004 3027 3079 pradictum
3071 3007 3178 3073 est,
3208 3002 3444 3076 appulit
3480 3018 3569 3059 re-

177 3107 278 3150 rsx
307 3097 365 3150 et
393 3092 645 3167 populns
675 3094 1038 3154 Christianus
1066 3097 1245 3155 tantis
1283 3098 1612 3157 laborarent
1636 3117 1819 3174 angu-
1851 3132 1895 3201 c
1923 3101 2177 3175 gionem.
2208 3100 2339 3156 Hoec
2369 3102 2586 3164 autem,
2609 3102 2671 3154 ut
2699 3095 3037 3169 praedictum
3067 3098 3177 3162 est,
3207 3092 3434 3150 Arnulfl
3471 3110 3571 3165 pa·

175 3180 326 3248 stiis,
360 3180 499 3239 illuc
528 3197 660 3239 cum
709 3184 870 3240 omni
900 3185 1191 3244 celeritate
1230 3192 1350 3244 tam
1381 3189 1604 3261 equites
1637 3205 1810 3261 quam
1922 3189 2192 3246 triarebae
2224 3187 2675 3245 machinabatur
2726 3184 2972 3255 malitie,
3005 3187 3067 3240 ut
3107 3181 3212 3238 illa
3260 3181 3481 3239 nobilis
3509 3185 3568 3239 et

176 3269 402 3343 pedites
432 3271 696 3328 certatim
728 3282 1076 3346 properant3
1110 3276 1191 3332 ita
1238 3283 1301 3332 ut
1329 3277 1692 3335 evidentibus
1723 3279 1816 3336 in·
1925 3278 2176 3335 honesta
2205 3278 2568 3350 deciperetur
2597 3274 2818 3331 {emina
2848 3290 2861 3329 :
2896 3273 3199 3346 deceptam
3230 3271 3451 3345 quippe
3472 3288 3573 3327 ne·

177 3360 490 3416 crementis
521 3364 721 3419 noster
748 3377 846 3433 per
880 3362 1143 3435 singulos
1172 3364 1296 3422 dies
1337 3366 1822 3438 multiplicaretur
1928 3382 2066 3441 gare
2097 3384 2211 3424 non
2243 3382 2559 3438 possumus
2589 3381 2745 3433 eam,
2774 3379 2900 3435 quae
2957 3362 3017 3417 in
3049 3359 3424 3432 simplicitate
3453 3359 3574 3415 via-

179 3447 491 3506 exercitus.
524 3448 686 3514 Quod
745 3449 1132 3524 intelligentes
1186 3453 1446 3511 hostium
1507 3455 1820 3529 principes,

179 3535 457 3595 timentes
487 3553 562 3596 ne
592 3538 995 3612 multiplicatis
1035 3541 1281 3613 viribus,
1312 3545 1386 3600 ad
1422 3543 1822 3603 ulciscendum

180 3641 323 3684 snas
354 3642 418 3683 se
446 3632 720 3699 pararent
760 3628 1031 3702 injurias.
1058 3632 1118 3688 in
1150 3632 1296 3690 fines
1325 3632 1819 3691 Damascenorum

182 3731 246 3774 se
276 3726 650 3789 receperunt;
685 3721 868 3778 nostri
898 3738 1032 3779 vero
1062 3723 1135 3779 ab
1157 3722 1402 3781 invicem
1433 3724 1822 3795 discedentes,

181 3805 394 3863 reversi
424 3812 568 3864 sunt
595 3809 668 3866 ad
700 3810 954 3884 propria.
996 3812 1070 3868 At
1119 3828 1251 3870 vero
1282 3812 1583 3871 hostilium
1606 3813 1821 3872 exerei-

180 3899 350 3954 tuum
381 3897 674 3972 princeps,
708 3900 809 3973 qui
835 3918 1079 3975 regnum
1112 3902 1193 3960 ita
1225 3907 1489 3973 potenter
1516 3904 1821 3974 afflixerat,

179 3986 524 4044 Damascum
583 3990 948 4060 perveniens,
997 3992 1412 4063 consentiente,
1473 3997 1535 4050 ut
1590 3993 1821 4063 dicitur,

185 4075 673 4134 Damascenorum
734 4095 867 4153 rege
932 4081 1315 4156 Doldequino,
1378 4099 1412 4139 a
1466 4082 1819 4156 quibusdam

179 4163 410 4221 sicariis
492 4166 829 4224 interfectus
883 4175 1011 4238 est;
1083 4176 1418 4242 suspectam
1485 4173 1643 4229 enim
1690 4173 1821 4244 ejus

179 4252 479 4394 ditabatur
538 4255 750 4312 babere
781 4259 1119 4329 potentiam,
1155 4276 1226 4317 ne
1256 4276 1391 4316 eum
1426 4277 1602 4335 regno
1630 4262 1822 4333 priva-

184 4355 245 4396 re
276 4380 291 4395 .

793 4435 1027 4494 CAPUT
1063 4437 1216 4494 xx1.

179 4517 465 4578 comitissa
519 4521 744 4590 Sieiliae,
775 4527 918 4597 repis
972 4544 1120 4583 uxor
1173 4527 1389 4596 sutura,
1420 4529 1479 4583 in
1537 4533 1700 4600 portu
1729 4544 1827 4601 ap·

690 4597 867 4667 plicat
894 4600 1303 4656 acconensium.

253 4699 448 4759 Diviso
478 4702 664 4776 igitur
695 4704 769 4760 ab
825 4705 1069 4764 invicem
1101 4706 1353 4766 exercitu
1378 4711 1436 4764 et
1468 4706 1717 4780 singulis
1748 4708 1822 4764 ad

183 4792 417 4865 propria
459 4795 879 4867 remeantibus,
912 4796 1098 4854 adsuit
1125 4798 1398 4868 nuntius,
1430 4796 1670 4854 domino
1700 4798 1828 4871 regi

178 4879 516 4949 significans
561 4884 710 4955 quod
765 4886 1066 4942 comitissa
1143 4885 1350 4944 Siciliae
1411 4888 1558 4956 apud
1618 4887 1821 4943 urbem

180 4972 574 5029 acconensem
605 4973 986 5045 applicuerat.
1020 4977 1228 5033 Fuerat
1258 4977 1527 5049 praedicta
1555 4976 1824 5034 comitis-

174 5074 263 5128 sa,
294 5058 518 5117 domini
574 5061 783 5137 Roget-i
834 5066 1089 5137 comitis,
1121 5067 1219 5140 qui
1257 5067 1704 5140 cognominatus
1733 5069 1825 5125 est

178 5146 381 5219 Bursa,
414 5150 514 5223 qui
569 5151 747 5210 frater
796 5153 906 5211 fuit
942 5153 1419 5213 dominiRoberti
1449 5154 1820 5226 Guischardi,

178 5237 358 5310 uxor};
398 5239 628 5310 nobilis,
680 5246 740 5300 et
766 5249 770 5253 '
796 5248 1027 5317 potens,
1084 5249 1144 5302 et
1200 5246 1364 5304 dives
1421 5249 1710 5304 matrona.
1733 5244 1820 5301 Ad

177 5321 330 5382 hanc
360 5343 514 5386 anno
547 5331 810 5403 proxime
843 5334 1150 5405 proeterito,
1177 5335 1461 5407 quosdam
1492 5332 1719 5392 nobiles
1748 5334 1820 5391 de

175 5426 356 5486 regno
384 5433 492 5476 suo
550 5436 650 5477 rex
694 5420 1002 5495 direxerat,
1031 5423 1287 5482 invitans
1322 5427 1460 5498 {cam
1481 5424 1705 5498 etsscum
1732 5423 1820 5480 in·

173 5502 393 5561 stantia
423 5508 750 5580 postulans,
785 5517 845 5568 ut
899 5528 1034 5568 cum
1076 5528 1143 5570 eo
1166 5513 1289 5586 lege
1319 5512 1616 5586 conjugali
1645 5512 1821 5572 vellet

174 5593 504 5654 convenire.
528 5599 661 5665 Ques
675 5600 917 5660 verbum
936 5600 1058 5661 tuto
1086 5604 1555 5674 communicans,
1577 5602 1819 5664 domino

1931 3473 2062 3515 rum
2102 3471 2364 3524 suarum,
2391 3470 2578 3527 regem
2623 3452 2862 3525 putabat
2918 3451 3191 3507 idoneam
3220 3464 3424 3522 gerere
3452 3464 3576 3520 per-

1931 3561 2158 3614 sonam,
2191 3546 2262 3601 ad
2295 3544 2404 3601 hoo
2435 3546 2500 3600 ut
2526 3543 2578 3600 ei
2609 3543 2854 3599 nuberet
2899 3538 3176 3612 legitime.
3207 3540 3342 3595 Erat
3373 3541 3572 3594 antem

1932 3635 2104 3710 longe
2129 3650 2497 3704 secus3nam
2546 3648 2688 3689 uxor
2735 3645 2912 3703 quam
2949 3629 3076 3702 ipse
3105 3628 3256 3701 apud
3291 3628 3572 3684 Edessam

1932 3725 2194 3798 legitime
2214 3726 2477 3794 duxerat,
2500 3722 2689 3779 adbuc
2722 3722 2783 3777 in
2823 3720 2996 3778 rebus
3025 3719 3233 3790 agebat
3272 3716 3572 3774 humanis.

1932 3819 2250 3888 Postquam
2279 3830 2417 3888 ergo
2448 3810 2732 3886 applicuit
2759 3810 2915 3867 dicta
2943 3808 3266 3877 eomitissa,
3289 3809 3573 3879 prasente

1933 3906 2167 3963 domino
2198 3920 2351 3978 rege,
2387 3900 2739 3976 patriarcba,
2770 3903 2827 3955 et
2858 3898 3020 3971 regni
3060 3896 3448 3970 principibus,
3479 3894 3575 3951 in-

1934 4002 2141 4053 novata
2170 4000 2307 4052 sunt
2328 3994 2689 4066 juramenta,
2706 3991 2874 4061 juxta
2892 3989 3155 4045 eamdem
3179 3988 3577 4057 tormam‚qua

1935 4086 2099 4158 prius
2129 4086 2188 4141 in
2216 4084 2417 4141 Sicilia
2447 4083 2677 4138 fuerant
2705 4078 2979 4136 exhibita.
3004 4076 3074 4132 Et
3093 4076 3233 4148 quia
3249 4074 3576 4132 intentione

1934 4178 2175 4233 sinistra
2203 4180 2257 4231 et
2289 4173 2455 4231 oculo
2489 4187 2604 4227 non
2632 4167 2886 4240 simplici
2916 4166 3038 4223 binc
3068 4166 3302 4222 fuerant
3330 4163 3575 4220 inchoa·

1933 4274 2012 4336 ta,
2043 4265 2358 4338 respiciens
2389 4263 2674 4319 Dominus
2702 4259 2772 4313 ad
2800 4271 3002 4314 eorum
3035 4254 3446 4322 intentionem,
3469 4268 3580 4309 nec

1932 4357 2163 4414 solitam
2198 4352 2447 4421 mulieri,
2481 4350 2616 4407 licet
2643 4347 2963 4411 innocenti.
2997 4347 3056 4401 in
3080 4360 3252 4416 regno
3283 4341 3581 4400 concessit

1936 4448 2371 4515 fecunditatem,
2411 4449 2469 4500 et
2497 4448 2745 4499 extrema
2786 4440 2949 4513 hujus
2988 4437 3189 4509 qaudii
3216 4437 3392 4492 tuctus
3420 4450 3579 4493 oceu—

1936 4542 2087 4613 pavit
2113 4537 2440 4609 (Promxiv),
2466 4536 2530 4589 ut
2550 4532 2610 4587 in
2640 4529 3023 4603 sequentibus
3047 4527 3309 4583 dicetur:
3337 4525 3580 4597 Difficile

1932 4638 2009 4688 est
2037 4631 2202 4698 enim,
2233 4632 2296 4681 ut
2350 4625 2485 4680 bono
2541 4620 2881 4677 claudantur
2908 4616 3083 4686 exitu,
3122 4629 3250 4689 quae
3273 4614 3422 4672 mato
3450 4623 3583 4674 sunt

1934 4720 2190 4776 inchoata
2220 4711 2519 4788 principio.
2555 4710 2791 4765 {nterim
2819 4712 3016 4765 tamen
3037 4709 3118 4762 tot
3144 4704 3581 4777 tantasquead-

1931 4808 2168 4866 veniens
2199 4819 2377 4875 regno
2426 4799 2625 4856 intulit
2654 4796 3113 4864 commoditates,
3145 4798 3212 4851 ut
3243 4792 3450 4851 merito
3473 4792 3579 4849 mi-

1932 4897 2130 4955 nimus
2160 4893 2352 4949 dicere
2375 4893 2570 4962 posset
2601 4905 2615 4943 ε
2647 4890 2717 4943 Ει
2743 4902 2842 4943 nos
2871 4885 2937 4942 de
2972 4883 3332 4957 plenitudine
3349 4882 3474 4954 ejus
3492 4898 3584 4939 ac·

1930 4988 2171 5061 cepimus
2202 4983 2383 5055 (toan.
2406 4979 2541 5051 xvi).

2552 5066 2786 5124 CAPUT
2814 5064 2982 5122 xxn.

1929 5170 1997 5225 In
2026 5164 2248 5238 reqione
2276 5160 2550 5216 Edessana
2597 5158 2779 5226 fames
2801 5157 2990 5212 oritur
3027 5152 3230 5210 valida.
3265 5150 3580 5232 Batauinus

1999 5236 2333 5298 Josoetinum
2354 5230 2832 5299 consanguineum
2859 5242 3027 5283 suum
3045 5228 3220 5295 capit,
3252 5230 3310 5280 et
3338 5223 3409 5279 ab
3439 5239 3577 5279 unt·

2002 5325 2157 5367 versa
2185 5305 2412 5376 reqione
2436 5303 2711 5360 violenter
2740 5301 2892 5357 exire
2915 5295 3209 5370 compellit.

2000 5415 2228 5474 Accidit
2252 5417 2446 5469 autem
2477 5408 2595 5465 illis
2623 5405 2826 5463 diebus
2853 5405 3011 5478 quod
3041 5403 3101 5460 in
3139 5400 3357 5458 fluibus
3385 5401 3574 5459 Edes-

1929 5504 2087 5565 sanis
2116 5503 2358 5561 suborta
2387 5502 2478 5556 est
2526 5497 2711 5553 tames
2766 5493 3147 5562 validissima,
3176 5493 3300 5548 tum
3333 5494 3578 5563 propter

1929 5601 2097 5657 terra
2126 5597 2186 5653 et
2210 5590 2370 5652 aeris
2398 5584 2802 5662 intemperiem
2825 5601 2842 5656 ς
2863 5587 2990 5642 tum
3011 5583 3150 5655 quia
3177 5580 3238 5639 in
3256 5579 3451 5640 medio
3470 5578 3573 5638 ho·
