3784 6000
119 205 264 265 1113

1130 212 1501 273 EPISTOLAE
1544 212 1631 269 ET
1671 211 2111 275 PRIVILEGIA.
2152 250 2213 262 -
2257 218 2371 276 AN.
2414 217 2579 275 1182.

3405 206 3551 266 {114

117 349 221 391 ⁸⁸⁸
237 348 391 390 0⁰⁸⁰
431 332 566 391 ffliffl
617 333 720 391 fflii
760 343 848 401 sui
895 337 1159 408 Hugonis
1198 344 1256 399 et
1309 340 1538 397 Henrici
1581 340 1775 398 mariti
1808 344 1854 397 Α
1891 342 2104 404 odilia.
2128 345 2427 402 Allodium
2450 345 2508 401 in
2532 340 2760 399 eisdem
2786 337 3032 407 finibus,
3064 335 3229 410 quod
3252 308 3547 396 dederunt

96 423 309 505 ‚suide
325 426 555 482 Castro.
581 428 899 488 Vineamiu
931 431 1603 504 Galteri·Campoquam
1615 430 1777 487 dedit

119 512 289 570 vobis
328 513 601 572 Albertus
647 518 722 574 de
771 521 1034 578 Parneis.
1096 520 1341 577 Vineam
1387 535 1574 593 quam
1614 518 1778 576 dedit

122 600 289 659 vobis
317 604 582 661 Rechitia
628 607 688 663 in
719 609 934 666 eodem
966 609 1121 667 loco.
1155 611 1398 666 Vineam
1450 609 1511 666 in
1547 611 1779 666 Uaram-

119 692 442 765 preiquam
467 694 812 754 deditvobis
842 700 1130 757 Suenrus.
1150 699 1391 756 Vineam
1410 714 1597 773 quam
1615 699 1780 755 dedit

118 781 293 839 vobis
313 783 602 840 Letardus
624 785 697 842 de
718 786 927 854 vilers,
955 789 1198 846 nomine
1225 788 1506 860 Rovigne.
1530 788 1779 845 Vineam

114 886 305 943 quam
331 872 628 931 dederunt
651 877 821 932 vobis
853 878 1215 936 Godefridus
1252 883 1310 935 et
1337 893 1480 935 uxor
1517 877 1648 947 ejus
1679 880 1778 933 Bo·

122 958 328 1016 nafllia
351 960 408 1017 in
429 962 638 1018 eodem
657 964 1065 1024 loco.Vineam
1080 968 1139 1024 in
1163 966 1391 1024 Fosseis
1410 982 1595 1040 quam
1618 964 1781 1022 dedit

119 1048 295 1105 vobis
310 1050 598 1108 widricus
619 1053 790 1110 miles
817 1057 1173 1113 cusiaensis.
1200 1056 1445 1112 Vineam
1471 1055 1531 1111 in
1559 1054 1779 1112 Genval

119 1154 306 1210 quam
338 1139 500 1196 dedit
526 1141 695 1198 vobis
725 1143 1011 1200 Letardus
1033 1146 1108 1201 de
1135 1145 1343 1202 vilers.
1374 1147 1530 1201 Duas
1568 1144 1778 1201 vineas

120 1243 275 1300 quas
298 1228 532 1286 habetis
564 1233 622 1286 in
665 1234 900 1289 Fosseis
939 1251 975 1292 a
1012 1235 1189 1292 fratre
1220 1239 1415 1292 vestro
1463 1233 1730 1291 Gualone
1762 1249 1777 1300 ;

119 1317 360 1373 vineam
386 1319 559 1390 juxta
600 1320 856 1390 Bellelai,
907 1339 1096 1396 quam
1144 1324 1307 1381 dedit
1333 1323 1505 1380 vobis
1564 1324 1777 1380 Uscha.

117 1406 260 1464 Tres
300 1408 505 1465 vineas
535 1426 796 1483 quarum
834 1412 988 1469 duas
1017 1413 1252 1471 habetis
1280 1415 1340 1471 in
1381 1413 1594 1471 eodem
1625 1414 1778 1481 loce,

120 1497 355 1553 tertiam
379 1498 458 1554 ad
480 1499 797 1557 melariam.
836 1502 1080 1559 Vineam
1109 1502 1271 1577 apud
1304 1502 1540 1561 Fosseis
1564 1503 1624 1559 in
1651 1501 1783 1558 loco

121 1585 229 1657 qui
253 1584 469 1642 dicitur
493 1587 687 1644 Linus.
735 1591 979 1648 Vineam
1015 1592 1075 1647 in
1108 1592 1394 1650 Murvaldi
1434 1592 1568 1650 loco
1596 1606 1782 1665 quam

1886 435 2052 493 vobis
2082 434 2142 492 in
2171 435 2358 501 terris,
2385 433 2590 509 sylvis,
2637 429 2923 503 pasturis,
2960 431 3130 498 nugo
3160 425 3236 483 de
3265 425 3456 483 Tireio
3492 431 3549 482 et

1887 541 2119 583 sorores
2144 541 2271 582 suoe
2311 530 2368 581 et
2416 527 2583 596 nugo
2640 522 2715 576 de
2772 522 3059 575 Munzuns
3112 522 3165 572 et
3223 532 3375 573 uxor
3413 515 3544 588 ejus

1884 614 2194 680 Bonafllia,
2228 630 2477 672 assensu
2510 612 2611 669 filii
2650 610 2740 666 sui
2768 606 3118 666 Theoderici
3146 609 3200 661 et
3248 604 3380 662 flliae
3421 621 3545 662 suae
3661 646 3676 661 .-

1891 704 2184 762 Falchatoe
2206 709 2262 761 et
2293 704 2464 774 Hugo
2492 703 2565 758 de
2590 699 2800 765 Bricio,
2832 711 3081 754 assensu
3113 693 3376 750 filiorum
3408 710 3548 751 suo·

1888 811 2023 852 rum
2049 793 2403 857 Herbranni,
2434 789 2696 863 {ingonis
2721 793 2778 844 et
2808 784 3123 856 Arnulphi.
3156 782 3459 840 Allodium
3484 783 3547 838 in

1890 884 2117 940 eisdem
2153 883 2373 940 finibus
2405 881 2565 955 quod
2597 878 2812 935 dicitur
2847 873 3140 939 Berlairet,
3174 870 3337 944 quod
3370 871 3551 928 dede-

1890 973 2216 1030 runtvobis
2242 975 2451 1028 Hanno
2468 970 2543 1027 de
2566 968 2980 1025 Grunsuncurt
3011 977 3263 1019 assensn
3286 959 3547 1016 filiorum

1891 1079 2138 1119 suorum
2178 1062 2424 1128 Henrici,
2461 1057 2742 1131 Stephani
2772 1061 2829 1111 et
2859 1057 3027 1126 Hugo
3054 1056 3111 1106 et
3140 1052 3295 1105 Bovo
3329 1048 3545 1105 milites

1889 1153 1964 1208 de
1991 1152 2204 1209 eadem
2234 1149 2392 1213 villa,
2420 1154 2476 1204 et
2507 1145 2797 1204 Holiardis
2829 1159 2977 1199 uxor
3002 1139 3245 1199 Gerardi
3268 1137 3343 1193 de
3373 1141 3548 1195 Ram-

1892 1242 2171 1305 bertcurt‚
2200 1255 2449 1297 assensu
2478 1238 2737 1294 filiorum
2767 1238 2824 1290 et
2845 1232 3108 1288 filiarum
3136 1242 3384 1285 suarum
3413 1225 3550 1282 Ful-

1891 1331 2078 1396 conis,
2114 1329 2351 1394 Galteri,
2387 1325 2650 1398 nugonis
2680 1329 2737 1380 et
2769 1319 3091 1380 Elisabeth.

1967 1422 2120 1477 Sane
2138 1419 2448 1475 novalium
2473 1420 2809 1473 vestrorum
2827 1426 2962 1486 quae
2985 1407 3241 1483 propriis
3272 1404 3552 1462 manibus

1895 1515 1995 1567 aut
2019 1507 2361 1581 sumptibus
2399 1505 2613 1571 colitis,
2647 1504 2768 1559 sive
2794 1501 2869 1557 de
2900 1496 3265 1554 nutrimento
3318 1494 3553 1551 anima-

1895 1597 2042 1655 lium
2055 1603 2384 1653 vestrorum
2398 1594 2596 1650 nullus
2617 1609 2650 1648 a
2675 1590 2844 1647 vobis
2865 1587 3132 1644 decimas
3154 1584 3388 1655 exigere
3405 1597 3553 1655 prae·

122 1674 286 1731 dedu
329 1675 500 1731 V0b5⁸
552 1678 744 1748 ⁰¹·080
800 1680 876 1735 de
932 1679 1357 1738 Claro-monte·
1417 1681 1665 1738 Vineam
1725 1679 1782 1733 i1¹
1815 1698 1860 1755 Β
1899 1693 2118 1745 sumat.
2141 1681 2776 1761 Liceatquoquevobis
2803 1679 3048 1737 clericos
3074 1675 3165 1732 vel
3188 1674 3553 1731 laicosesoe·

120 1762 335 1820 eodem
387 1763 518 1821 loco
558 1781 744 1838 quam
784 1767 1079 1826 dederunt
1130 1769 1301 1826 vobis
1356 1768 1670 1826 Dudardus
1733 1772 1789 1824 et

124 1856 319 1923 Drogo
351 1854 578 1911 fratres.
610 1857 855 1913 Vineam
892 1858 949 1913 in
1000 1860 1213 1916 eodem
1251 1859 1384 1916 loco
1409 1875 1594 1933 quam
1625 1854 1790 1914 dedit

120 1942 290 1999 vobis
327 1943 671 2000 Richardus.
699 1948 941 2003 Vineam
976 1948 1148 2021 juxta
1181 1949 1439 2006 torcular
1471 1964 1656 2022 quam
1688 1947 1791 2003 de·

119 2032 336 2089 derunt
361 2033 535 2090 vobis
559 2035 751 2106 Drogo
785 2042 842 2092 et
876 2037 1249 2095 Theobaldus
1276 2037 1506 2095 fratres.
1535 2039 1785 2094 Vineam

115 2122 288 2194 juxta
312 2122 593 2179 eumdem
625 2123 902 2182 locnmin
936 2127 1370 2185 Hodani-vinea
1404 2143 1591 2201 quam
1622 2125 1787 2184 dedit

120 2210 291 2267 vobis
325 2212 538 2282 Drogo.
573 2212 820 2271 Vineam
859 2214 919 2272 iu
967 2216 1183 2273 eodem
1233 2217 1365 2274 loco
1409 2232 1596 2290 quam
1622 2216 1786 2277 dedit

122 2300 291 2357 vobis
334 2300 615 2358 Garterus
650 2302 945 2360 Filamont
975 2322 988 2360 :
1025 2306 1266 2362 Vineam
1298 2307 1356 2362 iu
1388 2307 1602 2363 eodem
1652 2306 1784 2364 loco

120 2406 304 2463 quam
343 2391 508 2449 dedit
547 2392 716 2448 vobis
759 2393 927 2464 Hugo
969 2394 1391 2453 Clari-montis.
1442 2397 1685 2452 Vineam
1727 2397 1784 2451 in

120 2478 334 2535 eodem
365 2479 497 2536 loco
522 2497 707 2554 quam
739 2482 1032 2539 dederunt
1065 2483 1232 2540 vobis
1281 2484 1476 2556 Drogo
1531 2489 1589 2542 et
1636 2501 1786 2542 uxor

120 2571 271 2639 ejus.
290 2569 535 2626 Vineam
552 2572 627 2625 ad
644 2571 941 2629 melariam
966 2588 1152 2646 quam
1177 2574 1342 2630 dedit
1366 2573 1540 2631 vobis
1555 2575 1780 2631 Simon.

123 2658 366 2714 Vineam
397 2658 472 2715 ad
513 2659 846 2717 Audelaudi
900 2661 1127 2718 fontem
1164 2678 1349 2736 quam
1399 2663 1563 2721 dedit
1614 2664 1785 2719 vobis

119 2747 392 2804 Galterus
422 2746 600 2804 frater
633 2748 925 2805 Balduiui.
961 2752 1208 2808 Vineam
1254 2753 1312 2808 in
1357 2751 1566 2809 Bellilei
1597 2768 1783 2825 quam

121 2836 284 2892 dedit
308 2837 475 2892 vobis
496 2837 772 2893 Lifridus.
799 2840 1050 2896 Vineam
1073 2842 1317 2898 nomine
1339 2841 1574 2898 Bellelai
1596 2858 1784 2912 quam

120 2926 285 2982 dedit
314 2926 487 2983 vobis
522 2928 841 2985 Ancelinus
880 2930 1042 2986 Miles
1080 2931 1154 2986 de
1187 2931 1494 2989 venderia.
1540 2932 1786 2989 Vineam

123 3019 365 3073 nomine
405 3018 702 3075 Gerundia
755 3034 939 3091 quam
983 3020 1217 3076 habetis
1261 3036 1297 3078 a
1343 3037 1545 3079 sorore
1592 3027 1785 3078 vestra

122 3105 385 3163 Rechitia
426 3114 482 3163 et
513 3108 631 3164 filia
684 3108 808 3179 ejus
854 3109 1153 3165 Bertrude.
1189 3111 1429 3167 Vineam
1469 3111 1532 3168 in
1569 3111 1783 3168 eodem

119 3194 255 3252 loco
275 3212 457 3269 quem
480 3196 1115 3253 deditvobisGarinus.
1135 3200 1290 3255 Duas
1303 3201 1504 3256 vineas
1523 3216 1783 3273 quarum

125 3300 307 3340 unam
340 3284 573 3341 habetis
631 3287 688 3341 in
727 3285 1007 3355 Blacerio,
1041 3286 1219 3343 aliam
1253 3287 1311 3343 in
1345 3287 1554 3344 Alandi
1584 3290 1783 3358 vinea,

125 3389 277 3447 quas
338 3374 535 3429 Aledis
576 3374 650 3430 de
699 3375 986 3432 venderia
1024 3380 1082 3432 et
1105 3374 1206 3432 filii
1237 3376 1327 3431 sui
1367 3376 1702 3434 Alexander
1731 3384 1788 3436 et

127 3464 326 3521 Simon
375 3463 690 3521 dederunt.
731 3464 981 3520 Vineam
1031 3464 1203 3535 juxta
1230 3465 1568 3522 Sorberium
1600 3483 1785 3539 quam

126 3550 471 3608 deditvobis
485 3552 1049 3608 Martinus.Vineam
1077 3553 1137 3609 iu
1165 3554 1369 3611 Credie
1402 3555 1574 3611 vinea
1598 3572 1785 3629 quam

125 3640 290 3697 dedit
326 3639 492 3696 vobis
537 3642 716 3698 Gista.
770 3642 1014 3698 Vineam
1048 3643 1106 3697 in
1149 3642 1384 3699 Gunval
1414 3659 1597 3717 quam
1620 3645 1788 3706 dedit

128 3730 466 3787 Hei-bertus.
503 3730 743 3787 Vineam
772 3731 831 3787 iu
854 3732 1063 3788 eodem
1097 3730 1231 3790 loco
1256 3749 1439 3807 quam
1452 3732 1687 3791 habetis
1708 3734 1788 3793 ab

128 3819 402 3875 Ascelino
442 3819 631 3876 Fasne
655 3819 831 3877 fratre
862 3825 1056 3878 vestro
1086 3826 1144 3879 et
1173 3838 1357 3880 uxore
1379 3839 1506 3881 sua.
1540 3824 1786 3881 Vineam

126 3909 185 3964 in
209 3909 420 3966 eodem
452 3909 584 3967 loco
614 3926 800 3984 quam
831 3910 993 3968 dedit
1020 3912 1190 3969 vobis
1214 3916 1407 3985 Drogo
1434 3912 1509 3970 de
1543 3915 1700 3973 Salia
1728 3919 1786 3973 et

127 4013 281 4054 uxor
308 4000 459 4070 ejus.
488 4001 737 4057 Vineam
766 4001 828 4057 in
867 4002 1171 4074 Wiuaprei
1200 4019 1387 4076 quam
1422 4003 1581 4061 dedit
1616 4004 1788 4062 vobis

129 4086 487 4161 Rodulphus
538 4089 691 4145 tilius
748 4090 934 4148 Auloe.
1005 4090 1249 4147 Vineam
1304 4093 1363 4148 in
1399 4093 1616 4150 eodem
1655 4094 1787 4151 loco

127 4192 313 4249 quam
335 4177 500 4234 dedit
521 4179 691 4235 vobis
717 4178 1030 4236 Holiardis.
1047 4180 1294 4238 Vineam
1309 4181 1483 4253 juxta
1504 4181 1786 4253 torcular,

130 4283 318 4340 quam
358 4266 655 4324 dederunt
688 4267 860 4324 vobis
900 4270 1160 4325 Joannes
1191 4275 1248 4325 et
1278 4272 1440 4328 Bono
1470 4271 1682 4329 fratres
1713 4274 1788 4330 de

131 4357 398 4411 Parnei0.
431 4356 672 4412 Pratum
707 4357 879 4427 juxta
921 4356 1241 4414 Parneium
1284 4360 1449 4433 quod
1493 4359 1786 4421 dederunt

133 4444 303 4499 vobis
345 4444 615 4499 Galterus
645 4450 701 4500 et
730 4443 866 4501 Julo
898 4445 1062 4501 fitius
1091 4446 1240 4517 ejus,
1276 4453 1331 4505 et
1359 4450 1691 4508 Richardus
1730 4458 1787 4510 et

132 4532 459 4589 Halvindis.
510 4533 753 4589 Pratum
792 4534 960 4606 quod
1001 4533 1166 4592 dedit
1191 4538 1360 4593 vobis
1391 4554 1560 4597 soror
1591 4546 1788 4600 vestra

134 4621 394 4678 Rechitia
427 4622 482 4678 iu
518 4622 757 4679 Mollum
791 4623 1101 4696 (Moulon).
1136 4625 1409 4700 Quinque
1438 4629 1790 4690 molendina

132 4726 272 4783 quoe
323 4710 578 4778 habetis,
624 4727 885 4784 quorum
941 4716 1202 4785 quatuor
1261 4713 1376 4771 sita
1422 4721 1566 4773 sunt
1610 4736 1792 4793 super

131 4800 474 4856 mantheum
491 4800 572 4857 flu
582 4801 769 4866 vium,
797 4817 982 4856 unum
1000 4801 1172 4872 juxta
1188 4803 1526 4862 Borleacurt
1547 4808 1790 4867 nomine

129 4888 458 4961 Gorauges‚
501 4890 664 4947 aliud
695 4889 868 4963 juxta
896 4890 1085 4946 Vilers
1125 4907 1266 4949 cum
1319 4899 1491 4966 prato
1558 4897 1620 4954 in
1668 4914 1792 4972 quo

129 4979 309 5034 situm
333 4986 424 5036 est
454 4982 728 5051 ;tertium
759 4985 816 5036 et
836 4984 1121 5053 quartum
1144 4981 1203 5036 in
1224 4982 1429 5040 banno
1461 4983 1535 5041 de
1568 4988 1795 5046 vande·

127 5067 226 5122 riis
241 5086 256 5137 ;
276 5069 554 5141 quintum
573 5069 721 5125 inter
738 5069 923 5125 Vilers
949 5072 1007 5125 et
1065 5069 1373 5128 abbatiam
1395 5079 1673 5133 vestram.
1698 5077 1792 5135 Al-

126 5154 358 5211 lodium
390 5158 553 5229 quod
572 5158 735 5216 dedit
768 5158 938 5214 vobis
973 5158 1236 5216 Witerus
1266 5160 1341 5216 de
1372 5163 1701 5235 Escrignes,
1727 5167 1790 5225 in

127 5245 316 5310 terris,
350 5244 553 5317 sylvis,
583 5246 871 5318 pasturis,
899 5247 957 5303 in
999 5247 1222 5305 finibus
1254 5250 1467 5306 vestris
1497 5252 1660 5322 villae,
1695 5271 1787 5314 as·

125 5348 306 5389 sensu
354 5335 611 5391 Ricoldis
643 5337 842 5394 uxoris
872 5353 994 5393 suaa
1040 5342 1096 5393 et
1138 5338 1245 5396 filii
1299 5339 1390 5395 sui
1433 5340 1680 5401 Garneri
1727 5351 1785 5404 et

122 5422 420 5478 neuvildis
437 5424 658 5480 sororis
671 5440 793 5482 suoe
809 5432 864 5483 et
888 5426 1151 5483 filiorum
1163 5434 1218 5481 et
1232 5426 1490 5486 filiarum
1507 5431 1778 5502 ejusdem

122 5512 372 5581 sororis,
400 5512 701 5574 Lamberti
734 5514 1008 5574 videlicet
1033 5520 1092 5573 et
1119 5516 1360 5584 Galteri,
1391 5518 1701 5581 navandis
1721 5530 1780 5583 et

1899 1776 2035 1835 culo
2061 1778 2351 1850 fugientes
2370 1776 2584 1832 liberos
2601 1778 2657 1829 et
2672 1769 2983 1828 absolutos
3001 1766 3075 1822 ad
3090 1764 3546 1822 conversionem

1899 1867 2164 1940 recipere
2194 1872 2251 1924 et
2293 1883 2395 1923 eos
2435 1864 2664 1936 absque
2691 1856 3154 1917 contradictione
3179 1854 3384 1926 aliqua
3414 1851 3550 1908 reti-

1900 1973 2064 2016 nere.
2087 1957 2477 2014 Prohibemus
2507 1953 2756 2023 insuper
2779 1954 2841 2003 ut
2871 1946 3012 2002 nulli
3045 1945 3294 2001 fratrum
3325 1945 3552 1999 vestro·

1899 2063 2031 2103 rum
2047 2053 2186 2119 post
2204 2046 2425 2103 factam
2444 2043 2503 2099 in
2527 2042 2736 2099 eodem
2758 2037 2891 2095 loco
2912 2029 3452 2108 professionemras
3474 2029 3551 2085 sit
3626 2093 3630 2098 ,

1898 2136 2132 2210 absque
2144 2135 2382 2193 abbatis
2397 2133 2489 2189 sui
2503 2130 2733 2188 licentia
2745 2128 2818 2183 de
2835 2124 3044 2181 eodem
3065 2122 3195 2179 loco
3216 2118 3545 2189 discedere,

1897 2226 2300 2283 discedentem
2323 2238 2463 2280 vero
2492 2221 2727 2294 absque
2766 2212 3184 2273 communium
3213 2210 3544 2266 litterarum

1896 2317 2171 2373 cautione
2199 2314 2400 2370 nullus
2433 2310 2655 2368 audeat
2682 2307 2951 2364 retinere.
2983 2302 3330 2358 Inhibemus
3362 2297 3544 2355 etiam

1895 2422 1969 2462 ne
2001 2404 2301 2470 ecclesias,
2335 2407 2435 2459 aut
2459 2405 2667 2466 terras,
2700 2413 2803 2453 sen
2837 2392 3139 2468 quodlibet
3165 2388 3427 2446 ecolesioe
3455 2400 3549 2442 ve·

1897 2503 2031 2552 strae
2054 2494 2411 2551 beneficium
2434 2490 2716 2547 collatum
2760 2486 2933 2542 liceat
2958 2481 3132 2539 alicui
3160 2476 3551 2552 personaliter

1896 2583 2047 2650 dari,
2081 2598 2184 2639 seu
2223 2581 2340 2638 alio
2374 2580 2557 2636 modo
2589 2576 2834 2634 alienari
2878 2573 3003 2628 sine
3033 2582 3332 2627 consensu
3369 2564 3548 2621 totius

1896 2673 2159 2746 capituli,
2193 2669 2559 2741 autmajoris
2586 2671 2644 2724 et
2668 2663 2923 2722 sanioris
2940 2659 3124 2734 partis
3145 2654 3440 2728 eiusdem.

1970 2763 2027 2819 Si
2076 2778 2213 2836 qnoe
2242 2776 2380 2816 vero
2412 2758 2767 2814 donationes
2800 2751 2893 2809 vel
2914 2738 3327 2808 ‘alienationes
3382 2742 3549 2801 aliter

1896 2867 2083 2926 quam
2104 2851 2331 2907 dictum
2354 2852 2440 2905 est
2467 2848 2635 2904 factae
2659 2843 2894 2907 fuerint,
2918 2856 3019 2897 eas
3047 2838 3238 2893 irritas
3260 2849 3388 2890 esse
3415 2847 3554 2890 cen-

1897 2956 2117 2997 semus.
2150 2941 2238 2996 Ad
2269 2939 2398 2996 haec
2424 2943 2624 2994 autem
2656 2933 2995 3006 adjicimus,
3038 2944 3109 2984 ne
3155 2925 3340 2998 aliqui
3370 2936 3551 2979 cano-

1816 3050 1859 3108 ρ
1897 3032 2035 3098 uici,
2070 3046 2175 3088 seu
2213 3029 2486 3086 conversi
2529 3024 2644 3082 snb
2684 3022 3046 3098 protectione
3084 3017 3303 3073 domus
3339 3017 3552 3070 vestrm

1896 3121 2110 3179 astricti
2135 3121 2263 3176 siue
2286 3133 2588 3175 consensu
2618 3120 2673 3172 et
2694 3113 2933 3171 licentia
2964 3108 3200 3166 abbatis
3221 3109 3277 3161 et
3305 3101 3554 3175 majoris

1895 3210 2083 3285 partis
2109 3208 2354 3282 capituli
2380 3207 2572 3272 vestri,
2602 3221 2710 3279 pro
2736 3203 2940 3275 aliquo
2966 3197 3330 3270 fidejubeant
3351 3191 3443 3250 vel
3472 3189 3552 3248 ab

1896 3302 2100 3373 aliquo
2131 3298 2447 3371 pecuniam
2483 3300 2691 3352 mutuo
2736 3290 3051 3364 accipiant.
3101 3286 3253 3344 ultra
3293 3281 3551 3357 pretium

1897 3387 2137 3460 capituli
2164 3388 2252 3442 sui
2270 3385 2654 3459 providentiae
2671 3382 3004 3454 provisum,
3031 3376 3142 3432 nisi
3158 3378 3399 3447 propter
3418 3385 3553 3428 ma-

1897 3478 2175 3534 nifestam
2215 3476 2434 3530 domus
2469 3476 2676 3528 vestrae
2712 3470 3043 3525 utilitatem.
3078 3464 3249 3530 Quod
3275 3463 3323 3517 si
3355 3461 3549 3519 facere

1897 3564 2347 3639 praesumpserit
2376 3579 2495 3619 non
2525 3563 2796 3616 teneatur
2819 3565 3168 3619 conventia,
3212 3552 3338 3607 sine
3378 3550 3550 3621 cujus

1897 3655 2132 3712 licentia
2160 3659 2216 3711 et
2236 3668 2532 3710 consensu
2559 3651 2673 3706 hoc
2703 3650 2969 3719 egerant,
3003 3659 3113 3717 pro
3142 3641 3234 3697 his
3267 3638 3553 3711 aliquate-

1897 3761 2012 3802 nus
2034 3742 2416 3817 respondere.
2431 3742 2718 3797 Praeterea
2743 3736 2966 3792 licitum
2992 3733 3063 3789 sit
3087 3729 3331 3788 vobisin
3352 3726 3553 3784 causis

1897 3834 2331 3892 vestrisfratres
2344 3828 2837 3888 vestrosidoneos
2868 3824 2945 3881 ad
2967 3818 3414 3879 testificandum
3440 3815 3553 3874 ad-

1898 3924 2116 3981 ducere
2149 3940 2165 3991 ;
2197 3928 2375 3996 atque
2405 3921 2678 3993 ipsorum
2706 3913 3064 3975 testimonio.
3096 3912 3143 3965 si
3177 3912 3404 3965 rectum
3428 3904 3553 3962 fue-

1897 4013 1991 4083 rit,
2013 4018 2070 4070 et
2091 4010 2442 4086 propulsare
2461 4006 2801 4065 violentiam
2824 4009 2882 4061 et
2899 4002 3192 4077 justitiam
3223 3995 3545 4054 vindicare.

1900 4103 1988 4160 Ob
2001 4101 2311 4159 evitandas
2336 4115 2471 4157 vero
2483 4096 2866 4156 soecularium
2893 4087 3546 4167 frequentias,liberum

1900 4193 1995 4257 sit,
2012 4192 2179 4249 salvo
2195 4191 2330 4264 jure
2349 4188 2671 4246 dioecesani
2696 4183 2964 4260 episcopi
2989 4186 3046 4239 et
3075 4178 3337 4238 ecclesiae
3362 4191 3541 4251 paro-

1897 4282 2125 4349 chialis,
2148 4280 2410 4337 oratoria
2437 4280 2495 4335 in
2519 4276 2784 4350 grangiis
2809 4274 3015 4331 vestris
3032 4274 3374 4344 construere
3406 4266 3551 4324 etin

1898 4372 2069 4445 ipsis,
2101 4387 2241 4427 cum
2270 4383 2513 4426 necesse
2541 4367 2718 4424 fuerit
2742 4363 2911 4422 vobis
2942 4365 3001 4418 et
3032 4358 3271 4417 familioe
3316 4360 3548 4427 vestrae,

1897 4460 2101 4517 divina
2125 4459 2326 4516 olflcia
2357 4456 2677 4515 celebrare.
2711 4457 2819 4512 Pro
2860 4452 3179 4510 chrismate
3226 4461 3386 4515 vero,
3416 4444 3551 4504 oleo

1898 4532 3553 4616 sacro,consecrationibusecclesiarum,ordiuationibus

1900 4638 2271 4705 clericorum,
2304 4638 2407 4711 qui
2439 4636 2517 4693 ad
2549 4650 2754 4691 sacros
2782 4632 3023 4689 ordines
3060 4627 3280 4685 fuerint
3307 4636 3551 4697 promo-

1901 4727 2096 4796 vendi,
2114 4728 2234 4783 sive
2246 4725 2462 4784 abbate
2476 4721 2828 4780 deducendo
2839 4720 2919 4778 ad
2931 4718 3160 4782 sedem,
3184 4714 3278 4773 vel
3291 4711 3548 4787 quibus-

1901 4816 2043 4874 libet
2065 4816 2198 4873 aliis
2225 4813 2638 4871 ecclesiasticis
2663 4808 3055 4868 sacramentis
3080 4804 3281 4863 nullus
3303 4819 3338 4859 a
3357 4800 3551 4867 vobis,

1903 4911 2006 4963 aut
2030 4906 2144 4962 sub
2181 4904 2428 4961 obtentu
2467 4898 2917 4959 consuetudinis
2975 4901 3077 4954 aut
3134 4892 3403 4968 quolibet
3431 4890 3549 4947 alio

1901 4994 2087 5052 modo
2116 4993 2445 5067 quidquam
2487 4990 2709 5048 audeat
2741 4987 3063 5061 postulare.
3094 4983 3151 5041 Si
3182 4983 3318 5056 quis
3346 4985 3552 5039 autem

1902 5089 2107 5140 contra
2135 5083 2251 5141 hoc
2280 5082 2482 5138 venire
2512 5077 2971 5154 praesumpserit‚
3022 5072 3359 5148 portionem
3409 5085 3552 5127 cum

1902 5173 2053 5231 Giezi
2081 5189 2143 5230 se
2170 5171 2773 5237 noverithabiturum‚
2794 5166 2967 5239 cujus
2994 5164 3217 5222 tactum
3242 5159 3551 5218 exactione

1898 5263 2085 5336 turpis
2116 5263 2381 5319 muneris
2422 5261 2709 5318 imitatur.
2740 5255 3118 5329 sepulturam
3147 5257 3437 5326 praeterea
3464 5248 3553 5321 ip·

1895 5353 2018 5409 sius
2043 5351 2158 5409 loci
2183 5353 2435 5409 liberam
2449 5366 2579 5408 esse
2604 5346 3009 5416 decernimus,
3034 5348 3098 5400 ut
3124 5334 3334 5399 eorum
3355 5339 3550 5396 devo-

1891 5442 2035 5499 tioni
2059 5450 2116 5499 et
2137 5447 2417 5499 extremae
2448 5438 2735 5498 voluntati
2772 5436 2875 5510 qui
2914 5452 2977 5493 se
2991 5434 3109 5492 illic
3135 5427 3370 5505 sepeliri
3401 5426 3549 5487 deli·

1887 5530 2248 5601 beraverint,
2282 5532 2395 5591 nisi
2423 5531 2570 5591 forte
2599 5524 3100 5590 excommunicati
3126 5522 3220 5584 vel
3251 5519 3555 5583 interdicti
