3784 6000
110 214 273 279 usi

108 347 270 410 cupat
296 358 309 403 ;
330 342 641 408 praedictum
658 341 981 395 Balduinum
1011 341 1235 395 occultis
1247 342 1376 393 citat
1400 342 1767 454 internuntii}ti

170 468 289 521 ΟΑι».
326 466 407 519 Ν.
438 496 501 505 -
534 467 772 532 Epistola
803 468 1008 519 domini
1042 466 1332 517 Daimberti
1368 467 1437 518 ad
1471 467 1765 533 principem

108 530 503 585 Antiochenum
516 570 527 581 .
1677 532 1767 580 457

170 594 289 647 Car.
328 593 389 642 V.
420 621 480 630 —
509 592 726 642 Accedit
760 593 1052 643 Balduinus
1070 592 1513 656 Hierosolymam,
1542 596 1595 642 et
1626 593 1768 643 circa

106 656 335 707 fluvium
370 656 526 706 Canis
556 654 791 705 bostium
821 659 1018 719 reperit
1046 654 1293 707 insidias.
1675 656 1767 703 459

170 718 289 769 Gai».
319 718 402 767 Vl.
440 744 501 754 -—
535 717 833 767 Vincuntur
866 718 1064 775 hostes,
1087 721 1139 767 et
1162 716 1411 781 expedito
1444 718 1632 767 itinere
1658 717 1766 766 Bal·

108 781 311 835 duinus
368 780 576 830 ervenit
608 779 1056 841 Hierosolymam.
1676 781 1767 827 460

168 844 287 895 Cn.
322 795 429 891 311.
454 868 517 878 —
565 841 868 892 Patriarcha
898 843 1254 897 Daimbertus,
1289 841 1534 913 Balduini
1575 843 1766 891 timens

104 906 423 964 adventum,
452 906 507 954 in
537 905 817 954 ecclesiam
854 905 1052 955 montis
1082 904 1225 961 Sion.
1267 905 1450 954 relicta
1483 904 1646 955 domo
1715 917 1767 952 a·

108 968 403 1023 triarchali,
435 980 491 1016 se
523 965 753 1016 confert.
1572 1030 1581 1038 ¹
1674 919 1761 1014 fel

168 1030 289 1081 ΟΑι».
332 1028 463 1079 vill.
490 1055 548 1065 —
590 1028 779 1079 Comes
818 1042 1003 1079 versus
1052 1029 1365 1079 Ascalonem
1395 1028 1766 1092 expeditiones

107 1092 215 1145 diri
258 1094 297 1144 't
324 1090 651 1149 noi-danem
675 1092 868 1141 transit
899 1107 910 1147 ;
945 1095 1113 1141 tei-ras
1148 1091 1384 1141 bostium
1419 1091 1718 1155 ingreditur
1751 1105 1765 1148 ς

108 1160 203 1207 tan
245 1168 331 1206 em
363 1153 793 1217 Hierosolymam
825 1154 979 1202 redit.
1672 1154 1766 1202 462

170 1218 290 1269 Cu».
317 1215 411 1267 IX.
447 1240 509 1255 —
537 1215 911 1267 Reconciliatis
931 1216 998 1266 ad
1024 1216 1252 1265 invicem
1279 1215 1583 1280 patriarcha
1605 1218 1657 1265 et
1681 1229 1766 1264 co·

110 1281 259 1336 mite.
296 1292 477 1330 comes
504 1291 560 1327 in
586 1291 769 1341 regem
788 1279 1083 1342 inungitur.
1675 1278 1766 1326 463

172 1342 295 1396 cn.
325 1341 388 1391 X.
416 1366 477 1379 -—
501 1341 811 1391 Tancredus
859 1342 1052 1391 veteris
1079 1354 1287 1389 memor
1337 1341 1563 1403 injurioe.
1608 1339 1673 1388 ab
1704 1353 1767 1389 eo

107 1405 355 1459 discedit.
384 1403 453 1453 ab
482 1402 831 1453 Antiochenis
860 1407 1104 1453 vocatus.
1673 1403 1767 1450 463

174 1468 294 1518 Cu.
326 1465 412 1516 Xl.
457 1492 516 1501 —
539 1466 665 1522 Rex.
687 1465 921 1515 Jordane
944 1468 1186 1520 transito,
1210 1464 1275 1514 de
1310 1465 1544 1514 liostiuni
1567 1465 1766 1514 linibus

150 1530 351 1579 raedam
372 1528 533 1579 trahit
562 1527 901 1579 innumeram
930 1543 941 1584 ;
974 1532 1027 1578 et
1044 1529 1248 1577 factum
1280 1527 1395 1590 ejus
1417 1527 1767 1577 commenda-

110 1545 219 1643 fluo
245 1591 583 1641 describitur.
1677 1589 1767 1638 463

174 1656 293 1705 Cu.
319 1652 428 1703 ΧΠ.
458 1679 511 1690 -
559 1652 829 1715 Principes
859 1651 1216 1702 occidentales
1254 1652 1447 1701 iterum
1480 1651 1546 1701 ad
1574 1652 1674 1700 iter
1711 1664 1768 1701 se

110 1718 417 1831 zccingssnt,
432 1718 627 1765 etcum
654 1714 968 1779 ingentibus
985 1715 1152 1779 copiis
1174 1717 1493 1779 perveniunt
1510 1714 1768 1825 Οοιιειῖὲιὶ

157 1793 229 1831 no
270 1792 301 1829 o
324 1792 416 1828 im.

178 1794 293 1891 cg».
323 1838 458 1891 1111.
488 1865 549 1876 —
578 1839 880 1911 Imperator
923 1838 1101 1889 Alexis
1138 1839 1375 1893 nomine.
1407 1852 1555 1888 more
1589 1838 1767 1895 solito,

112 1904 190 1955 eis
224 1916 321 1977 per
344 1903 545 1954 'furcos
568 1904 788 1951 molitur
807 1901 1059 1961 insidiasg
1091 1905 1506 1965 prosternuntur
1533 1915 1598 1950 ex
1621 1904 1770 1964 parte

110 1966 346 2033 plurima
377 1965 697 2036 peregrinist
728 1967 781 2014 et
809 1964 904 2076 ιἱιιιι
938 1964 1138 2013 residui
1162 1967 1321 2036 sunt..
1344 1963 1768 2027 Hierosolymam

113 2026 1133 2153 fflffiffitffwtlssffiflssussstfflfflffi
1158 2030 1385 2145 ἓῖξῗὲἓι,
1409 2092 1463 2137 ..ι
1489 2027 1771 2139 obsessi?

113 2150 692 2266 meaugffivplgnffile‘m
717 2227 808 2285 rex
829 2213 1127 2263 Coesaream
1159 2212 1367 2263 obsidet
1401 2213 1588 2262 urbem
1617 2150 1772 2261 ιιιὲιεὲἰ(ἒ

110 2279 319 2333 limam.
356 2280 409 2327 et
441 2275 720 2327 obsessam
756 2279 1059 2339 impugnat.
1684 2275 1773 2323 468

172 2341 292 2393 Cn.
318 2338 451 2388 xv1.
486 2365 547 2375 —
591 2339 650 2389 ln
697 2338 929 2388 oratorio
980 2338 1212 2387 civitatis
1252 2338 1450 2388 civium
1482 2336 1773 2387 multitudo

116 2403 401 2469 perimitur
419 2400 646 2458 infinita,
679 2403 733 2449 et
748 2400 867 2450 urbi
893 2405 1063 2464 captie
1091 2402 1400 2463 assignetur
1425 2400 1775 2462 archiepisco·

114 2479 301 2578 pua-m
333 2525 494 2578 XVII.
519 2552 581 2563 —
610 2524 738 2581 Rex,
763 2521 1044 2574 Remulam
1066 2524 1302 2581 veniens,
1328 2524 1560 2573 liostium
1583 2462 1775 2596 quiffilg-

114 2591 299 2643 renire
327 2588 613 2662 dice-batur·
641 2590 919 2659 exspectat
964 2588 1258 2637 exercitum
1291 2601 1306 2644 ,·
1332 2590 1385 2635 et
1417 2600 1541 2636 cuin
1573 2600 1648 2636 eis
1682 2600 1776 2649 pu·

116 2666 313 2767 Ἧι..
333 2650 1029 2776 §ztffi‘ftlmltgdffrjloppem
1061 2711 1269 2768 transit,
1314 2715 1367 2762 et
1402 2649 1778 2762 consternaigg

122 2776 365 2843 ejusdem
388 2776 531 2826 cives
560 2775 845 2825 confortat.
1687 2774 1775 2822 471

183 2840 303 2891 Cn.
334 2837 473 2893 Xlx.
508 2838 853 2901 —Principes
872 2839 964 2900 qui
991 2838 1056 2886 de
1076 2850 1217 2886 novo
1238 2836 1569 2887 advenerant
1597 2836 1779 2885 Torto-

123 2898 1782 3029 ffiffmfflffitffpssttz‘zffnttmssssssrffi“s‘qlff‘sssllffiufffft‘tff

131 3031 275 3080 viam
305 3041 333 3077 e
375 3026 596 3075 reditur.
899 2999 912 3020 ⁹
1691 3024 1783 3072 472

194 3091 312 3142 Car.
444 3123 456 3136 .
485 3112 549 3123 —
579 3085 679 3149 AEg
717 3084 814 3149 ptii
854 3097 978 3134 cum
1008 3084 1232 3133 infinitis
1257 3085 1424 3148 copiis
1448 3084 1582 3133 fines
1611 3086 1784 3148 ingre·

130 3153 355 3205 diuntnr
398 3153 634 3201 nostros.
726 3161 791 3197 ex
822 3147 927 3196 illis
964 3147 1235 3205 occurrit;
1269 3147 1539 3196 incautius
1576 3148 1784 3211 pugnat

132 3229 258 3268 cum
287 3215 362 3265 eis
385 3215 439 3263 et
474 3212 726 3262 vincitur.
1694 3209 1785 3256 473

191 3278 309 3330 Gn.
345 3275 476 3326 xxi.
500 3301 551 3310 —
572 3273 695 3328 Rex.
723 3271 937 3336 fugiens
954 3271 1021 3322 de
1044 3270 1228 3336 praelio
1264 3270 1317 3319 in
1334 3274 1572 3320 castrum
1593 3269 1786 3319 Ramu-

128 3341 279 3391 lense
309 3351 366 3388 se
389 3338 579 3400 recipit
615 3352 627 3393 ;
674 3334 962 3397 cujusdam
999 3332 1188 3385 Arabis
1227 3309 1487 3384 beneficio
1532 3333 1782 3397 eripitur,

131 3404 252 3454 aliis
280 3400 480 3452 ibidem
513 3399 820 3464 peremptis.
1664 3395 1787 3468 ,474

194 3465 315 3516 Gn.
349 3463 506 3513 xxii.
543 3488 605 3499 —
626 3463 732 3512 Rex
744 3473 838 3525 pei·
861 3457 1178 3510 diverticula
1201 3458 1436 3524 fugiens.
1458 3461 1643 3514 Arsur,
1662 3457 1787 3507 inde

130 3529 198 3580 Jo
240 3539 362 3593 pem
387 3525 649 3589 pervenit.
683 3523 1025 3573 Conveniunt
1048 3522 1112 3572 de
1134 3535 1301 3585 regno
1319 3522 1573 3578 universi,
1597 3525 1656 3571 ut
1677 3520 1787 3584 regi

133 3605 198 3642 su
240 3588 462 3639 veniant
495 3601 508 3646 ;
557 3589 831 3652 pugnatur
861 3600 986 3636 cum
1029 3585 1310 3645 hostibus;
1346 3584 1515 3635 nostri
1558 3584 1789 3695 νιοὶοἶξέ

135 3652 398 3706 evadunt.

197 3715 315 3767 ΟΑι».
350 3712 526 3764 xxiii.
562 3737 621 3750 —
645 3710 953 3762 Tancredus
982 3710 1195 3760 interim
1224 3709 1383 3760 urbes
1409 3708 1787 3764 nobilissimas,

136 3778 495 3844 Apamaniam
528 3777 582 3825 et
608 3773 945 3831 Laodiceam,
981 3775 1036 3822 in
1074 3786 1229 3822 suam
1271 3772 1462 3836 recipit
1498 3771 1789 3883 ditioneffi'.⁷

200 3902 317 3954 Cu.
354 3900 535 3952 xxiv,
582 3925 631 3937 -
659 3897 952 3949 Balduinus
967 3896 1035 3946 de
1055 3897 1249 3961 Burgo,
1268 3910 1449 3948 comes
1468 3896 1788 3951 Edessanus,

136 3964 397 4018 Gabrielis
421 3963 580 4013 ducis
602 3961 768 4011 filiam
798 3972 1017 4009 uxorem
1044 3960 1212 4013 ducit.
1700 3958 1792 4008 477

202 4030 318 4078 thr.
354 4025 509 4077 XXV.
544 4051 605 4061 —
628 4022 972 4074 Boamundus
1001 4035 1034 4072 a
1061 4021 1290 4072 vinculis
1312 4020 1547 4072 bostium
1582 4021 1793 4072 solutus

136 4092 280 4142 redit
302 4087 657 4143 Antiochiam.
675 4090 727 4136 et
751 4084 1119 4135 Daimbertum
1134 4084 1497 4149 patriarcham
1517 4084 1582 4133 ad
1598 4097 1655 4133 se
1669 4098 1793 4133 con-

140 4154 197 4205 tu
242 4155 439 4202 ‘ientem
460 4150 689 4213 benigne
708 4148 949 4211 suscipit.
1701 4147 1792 4196 478

311 4253 322 4264 .
359 4213 537 4263 xxvi.
565 4239 625 4248 —
664 4211 895 4275 Expulso
927 4207 1250 4265 Daimberto‚
1287 4207 1504 4274 quidam
1547 4208 1793 4257 Ebrema-

143 4291 257 4334 rus,
290 4275 675 4339 Hierosolymis
715 4273 1019 4323 inordinate
1082 4273 1347 4322 raeficitur.
1378 4271 1485 4320 Rex
1517 4270 1794 4319 Ptolemai-

141 4341 267 4393 dem
292 4338 519 4394 obsidet,
551 4350 649 4386 nec
724 4336 933 4392 roficit;
964 4348 1017 4383 re
1060 4335 1173 4383 iens
1204 4334 1328 4383 inde
1346 4334 1636 4383 sauciatur.
1702 4333 1794 4381 479

206 4403 331 4455 Cn.
367 4399 569 4452 xxvii.
602 4424 665 4434 —
756 4412 869 4447 mes
889 4396 1169 4447 tolosanus
1186 4400 1308 4445 ante
1331 4395 1520 4445 urbem
1539 4394 1792 4460 Tripolim

142 4469 379 4516 castrum
404 4463 651 4518 nidificat,
678 4462 765 4511 cui
794 4473 991 4510 nomen
1021 4462 1101 4509 est
1128 4459 1278 4509 Mons
1309 4458 1600 4523 Peregrini.
1703 4459 1795 4507 480

206 4529 326 4576 Cu».
360 4524 668 4576 xxvlll.—
702 4524 811 4573 Rex
836 4523 1026 4572 iterum
1059 4520 1439 4571 Ptolemaidem
1472 4520 1680 4571 obsidet
1705 4535 1717 4577 ;
1746 4522 1798 4570 et

144 4588 496 4640 lanuensium
543 4586 715 4637 fretus
760 4585 977 4640 auxilio.
1022 4585 1296 4634 obsessam
1338 4583 1525 4633 urbem
1569 4585 1800 4693 occupgag

143 4652 425 4704 violenter.

208 4714 328 4765 ΟΛι».
364 4712 543 4762 xxix.
578 4737 640 4748 —
666 4711 826 4760 Carra
863 4708 1258 4773 Mesopotamioe
1296 4720 1330 4757 a
1365 4707 1660 4764 Tancredo,
1688 4707 1798 4756 Bal·

144 4776 315 4828 duino
348 4779 401 4824 et
428 4775 548 4825 aliis
575 4773 870 4823 obsidetur.
916 4771 1085 4826 Cives.
1122 4771 1264 4820 same
1293 4769 1571 4834 compulsi,
1600 4770 1665 4822 de
1696 4773 1799 4818 tra·

146 4838 327 4890 denda
358 4836 493 4888 urbe
518 4836 802 4887 consilium
824 4836 1030 4884 ineunt.
1711 4833 1795 4880 481

210 4901 326 4953 Cu».
359 4897 517 4950 XXX.
554 4925 618 4936 —
644 4897 818 4948 Nostri
835 4896 1194 4958 disceptantes
1224 4895 1290 4943 de
1307 4895 1529 4958 imperio
1554 4893 1720 4950 urbis,
1738 4907 1802 4943 ea

149 4963 408 5015 excidunt
442 4976 455 5020 ;
480 4960 626 5011 cives
650 4958 893 5010 subsidia
911 4959 1209 5021 recipiunt;
1240 4961 1515 5020 pugnatur
1540 4957 1610 5006 ibi
1641 4957 1803 5006 comi-

148 5039 255 5139 ?us
286 5040 299 5084 ;
327 5027 623 5075 vincuntur
636 5023 824 5080 nostri,
842 5021 1009 5086 fitque
1030 5033 1187 5070 casus
1213 5022 1412 5070 nostris
1429 5020 1582 5070 valde
1599 5021 1804 5131 periggi

172 5101 321 5140 osus.

216 5148 409 5200 LIBER
436 5146 836 5200 UNDECIMUS.

216 5215 335 5265 cn.
369 5213 410 5263 1.
440 5239 502 5250 —
524 5209 888 5265 Boamundus,
908 5205 1805 5271 Antiochenorumprinceps,coin·

153 5277 322 5328 misso
368 5275 672 5339 principatu
704 5269 1001 5326 'ranei-edo,
1025 5268 1386 5319 transfretans
1433 5270 1486 5317 in
1526 5269 1808 5318 Franciam

152 5341 422 5407 properat,
440 5337 874 5400 Francorumque
893 5332 1206 5398 regisfiliam
1220 5331 1365 5381 ducit
1377 5344 1614 5380 uxorein.
1632 5331 1809 5381 Hiero·

152 5402 491 5467 solymorum
514 5397 823 5465 patriarcha
845 5398 1069 5448 Romam
1102 5394 1251 5458 petit.
1284 5393 1392 5443 Rex
1432 5406 1653 5443 uxorem
1682 5394 1731 5443 le
1772 5394 1803 5442 i-

152 5466 349 5519 timam
377 5464 584 5529 absque
616 5473 791 5511 causa·
810 5459 1119 5522 cognitione
1148 5455 1363 5506 deserit.
1775 5456 1811 5531 ,3

218 5527 341 5581 Gn.
374 5526 443 5580 11.
475 5552 537 5565 —
571 5523 835 5576 Dominus
852 5519 1187 5575 unimundus
1200 5518 1499 5578 Tolosanus
1513 5531 1695 5571 comes
1710 5532 1814 5570 ori-

1210 214 1374 285 QUAE
1412 214 1484 272 IN
1524 216 1665 274 Hoc
1704 214 1905 273 ΤΟΜΟ
1945 204 2474 277 CONTINENTUR.

3399 210 3540 285 usa

1876 345 1988 395 tur.
2021 342 2322 393 willelmus
2334 342 2604 401 Jordanis,
2625 343 2743 410 ejus
2753 358 2943 413 nepos,
2961 346 3010 398 ei
3027 349 3532 411 succedit.Ro‹loan,

1874 404 2172 454 Turcorum
2196 407 2444 470 princeps
2455 420 2704 470 magnus,
2725 408 2859 459 ssnes
2875 414 3089 461 nostros
3107 412 3421 479 ingreditur,
3451 416 3538 466 cui

1875 466 2184 517 'tancredus
2212 471 2459 526 occurrit,
2487 474 2541 519 et
2566 471 2850 521 contusum
2871 474 3029 522 vertit
3063 475 3118 524 ln
3145 475 3345 539 sugam.
3444 476 3536 527 485

1876 591 1887 602 0
1939 528 2057 579 Cn».
2089 531 2182 583 111.
2222 557 2285 567 -
2309 532 2542 595 AEgyptii
2576 547 2698 583 cum
2733 535 3041 596 ingentibus
3070 537 3239 601 copiis
3267 552 3444 612 regno
3474 554 3532 590 se

1874 592 2163 641 infundunt
2186 607 2197 647 ;
2222 593 2419 656 quibus
2449 608 2542 644 rex
2570 609 2873 655 occurrens,
2896 599 3067 661 captis
3097 601 3394 659 nonnullis,
3419 602 3534 666 plu-

1874 654 2024 703 ribus
2053 654 2278 704 intorem
2323 656 2406 712 tis.
2438 657 2673 721 reliquos
2696 660 2750 707 in
2772 658 2954 723 fugam
2992 662 3187 725 adegit.
3441 666 3534 713 486

1937 718 2052 766 Cu».
2087 717 2171 789 lv.
2203 744 2262 754 -—
2337 718 2632 792 aimbertus
2661 722 2963 785 patriarcha
2991 737 3115 772 cuni
3193 727 3531 777 rosecutione

1873 778 3530 909 tssssss‘sslzfffflmitt?‘altinas-...323¹insessas?

1874 903 2098 952 Romam
2128 906 2424 955 contendit.
2469 906 2701 970 Legatus
2748 908 3138 960 Arelatensium
3180 912 3530 977 archiepisco-

1874 980 1976 1030 pus
2001 966 2274 1016 Gibelinus
2301 970 2545 1026 mittitur,
2583 972 2676 1033 qui
2702 972 3049 1036 postmodum
3077 975 3132 1023 in
3167 975 3527 1039 patriarcham

1872 1027 2234 1078 substituitur.
3432 1039 3529 1088 488

1935 1089 2052 1140 en.
2092 1091 2150 1139 V.
2185 1118 2248 1127 —
2276 1092 2368 1140 Vir
2380 1092 2576 1142 nobilis
2601 1094 2754 1158 Hugo
2770 1094 2837 1144 de
2862 1096 3056 1147 Sancto
3080 1098 3360 1149 Aldemaro
3379 1098 3529 1150 Tibe·

1872 1151 2200 1202 riadensium
2233 1153 2505 1209 dominus,
2524 1157 2578 1205 in
2611 1158 2883 1207 montibus
2908 1162 3000 1223 qui
3026 1162 3145 1211 urbi
3175 1162 3527 1224 praeeminent

1872 1214 2091 1277 Tyrensi
2121 1219 2352 1265 castrum
2385 1216 2542 1276 locat,
2574 1220 2658 1268 cui
2691 1234 2888 1270 nomen
2917 1226 2999 1271 est
3024 1223 3198 1273 Toron
3231 1239 3245 1282 ;
3277 1224 3527 1297 idemque

1872 1290 1983 1326 non
2031 1278 2199 1328 multo
2225 1282 2347 1341 post
2379 1293 2502 1328 cuin
2540 1282 2884 1333 Damascenis
2914 1286 3227 1349 confligens,
3259 1285 3527 1336 lethaliter

1872 1339 2179 1411 confossus,
2208 1341 2297 1389 sed
2328 1344 2506 1391 taini-n
2536 1343 2717 1401 victor,
2750 1345 3018 1395 occubuit.
3048 1348 3366 1399 Ascalonitis
3388 1362 3525 1414 quo·

1872 1416 1979 1465 que
2012 1406 2211 1452 nostris
2261 1403 2870 1514 volentes—dproeteudcre
2917 1409 3139 1460 insidias
3180 1412 3234 1460 in
3271 1411 3525 1476 laqueum

1873 1469 2741 1602 qugss.p3{?tflm822ffiglngsss⁰de
2772 1532 2992 1582 Francia
3015 1534 3069 1582 in
3088 1534 3333 1598 Apuliam
3355 1474 3528 1584 reses?-

1873 1602 1966 1638 sus
1996 1602 2119 1638 cuin
2150 1593 2458 1651 ingentibus
2493 1605 2660 1654 copiis
2682 1592 2984 1643 Groecoruin
3011 1596 3145 1645 lines
3179 1598 3316 1661 depo
3359 1598 3529 1646 ulatu-

1871 1650 3002 1766 i'ssissffiffi‘fflfissffiz‘liffllt‘lufigffll‘fflm
3030 1659 3214 1708 ‘'⁰¹⁸³“
3238 1673 3294 1708 ’θ
3335 1662 3532 1770 ἰωίἳῖῐ

1937 1775 2054 1825 mi».
2092 1776 2200 1825 vll.
2232 1801 2291 1814 —
2315 1781 2352 1825 Α
2385 1777 2582 1827 tinibus
2610 1778 3113 1831 Orientalibusiteni
3136 1783 3382 1845 ingentes
3402 1782 3531 1833 Tur-

1875 1852 2062 1888 coruni
2095 1839 2259 1902 copiae
2288 1842 2467 1902 partes
2495 1841 2792 1890 Edessanas
2827 1856 3089 1915 occupare
3118 1846 3401 1904 nituntur;
3433 1845 3527 1896 sed

1875 1900 2183 1951 Tancredus
2215 1915 2323 1951 una
2344 1916 2464 1950 cuni
2498 1916 2622 1967 rege
2650 1905 2905 1954 resistunt
2934 1905 3168 1955 viriliter.
3435 1907 3526 1956 491

1939 1964 2056 2013 mv.
2093 1963 2227 2017 vm.
2259 1990 2315 2000 —
2338 1963 2632 2013 Balduinus
2650 1979 2829 2015 comes
2853 1967 3153 2018 Edessanus
3170 1969 3304 2019 redit
3326 1970 3391 2019 de
3411 1969 3536 2019 vin·⁴

1876 2026 2011 2075 culis
2040 2026 2294 2081 hostium.
2316 2030 2367 2074 et
2385 2026 2685 2076 Joscelinus
2701 2042 2823 2078 cum
2840 2043 2902 2079 eo
2925 2045 2935 2087 ;
2958 2034 3011 2079 ct
3034 2030 3290 2081 adversus
3308 2032 3534 2082 Tancre·

1877 2089 2008 2137 dum
2039 2101 2289 2151 guerram
2315 2089 2571 2143 excitant.
3438 2094 3533 2143 493

1940 2150 2056 2199 Car.
2094 2151 2179 2199 lx.
2205 2177 2261 2186 —
2297 2150 2618 2206 Bertranius,
2664 2154 2874 2203 comitis
2910 2153 3160 2204 Tolosani
3191 2156 3354 2213 filius,
3402 2169 3529 2207 cum

1878 2213 2050 2262 classe
2077 2211 2429 2261 Janiiensium
2464 2214 2516 2262 in
2551 2214 2584 2263 S
2627 2215 2759 2264 riam
2790 2215 3084 2272 descendit,
3119 2220 3257 2291 patri
3286 2231 3532 2283 quoerens

1879 2276 2200 2387 {iliccederm
2233 2274 2538 2325 willelmus
2604 2277 2821 2327 ordanis
2843 2279 3175 2330 contradicit.
3213 2282 3429 2345 Capitur
3453 2280 3534 2392 {ii

1940 2340 2069 2385 ium.
3439 2345 3470 2392 4

1942 2400 2059 2449 Cn.
2094 2399 2154 2448 X.
2196 2425 2251 2435 -
2280 2398 2389 2448 Rex
2425 2399 2715 2451 Balduinus
2744 2403 3001 2465 Tripolim
3033 2408 3284 2469 properat
3314 2423 3326 2465 ς
3354 2405 3530 2456 fervet.

1880 2461 2112 2518 obsidio,
2144 2464 2198 2510 et
2229 2463 2439 2523 capitur
2465 2463 2670 2512 civitas.
3442 2468 3535 2517 495

1944 2523 2066 2576 Car.
2096 2523 2186 2571 Xl.
2219 2550 2280 2559 -
2309 2524 2600 2574 Balduinus
2625 2540 2805 2576 comes
2837 2527 3158 2584 Edessanus,
3190 2528 3256 2578 ad
3288 2542 3535 2581 socerum

1880 2586 2179 2637 Gabrielem
2208 2585 2540 2636 Meletcniani
2567 2587 2858 2645 descendit.
2886 2590 2977 2640 ubi
2998 2590 3202 2640 factum
3218 2592 3335 2655 ejus
3363 2593 3539 2642 exstat

1883 2650 2012 2699 satis
2030 2647 2396 2702 memorabile.
3443 2654 3536 2703 496

1946 2711 2068 2763 Ciu».
2112 2709 2225 2763 ΧΗ.
2268 2734 2326 2747 -
2355 2710 2784 2762 Betlileliemitica
2800 2714 3538 2780 ecclesiaperregisstudium

1884 2774 1954 2823 ad
1977 2771 2337 2822 cathedralem
2369 2774 2594 2846 erigitur
2622 2774 2960 2837 dignitatem.
3446 2778 3539 2827 497

1949 2835 2066 2907 Car..
2098 2834 2235 2888 xiil.
2268 2860 2329 2872 —
2357 2835 2642 2885 Obsidetur
2675 2841 2814 2887 terra
2857 2840 3100 2905 marique
3139 2840 3326 2891 civitas
3383 2840 3480 2891 Ber
3516 2866 3539 2877 -

1884 2897 2158 2948 thensium
2187 2913 2200 2954 ς
2225 2901 2276 2947 et
2298 2898 2533 2947 secundo
2563 2901 2773 2962 capitur
2797 2915 2998 2950 mense.
3444 2854 3538 2952 439

1950 2960 2065 3011 ΟΛι».
2101 2959 2232 3010 xlv.
2264 2985 2322 2996 -—-
2347 2961 2613 3012 Daiiorurn
2635 2966 2688 3012 et
2712 2963 3097 3028 Norvegioruni
3123 2965 3310 3016 classis
3322 2965 3541 3016 descen-

1889 3024 1969 3073 dit
1998 3026 2051 3072 in
2078 3023 2285 3087 Syriam
2321 3038 2333 3074 :
2379 3038 2608 3088 quornm
2648 3040 2749 3089 ope
2803 3041 2891 3075 rex
2939 3026 3192 3077 Sidonem
3239 3028 3452 3078 obsidet
3488 3032 3543 3078 et

1888 3099 1952 3136 ca
1991 3087 2028 3134 it
2062 3100 2075 3140 ;
2111 3089 2376 3135 narratum
2399 3101 2465 3137 ue
2499 3101 2656 3137 casus
2679 3088 2819 3138 circa
2848 3102 2902 3138 re
2944 3103 3026 3138 eni
3065 3090 3344 3145 mirabilis.
3451 3090 3538 3142 501

1951 3101 2073 3201 gar,
2117 3149 2230 3201 XV.
2268 3173 2328 3185 —
2409 3150 2579 3198 oritur
2610 3151 2882 3200 Gibelinus
2950 3152 3416 3216 lierosolymorum
3453 3166 3525 3218 pa

1889 3207 2124 3259 trini-clia
2156 3224 2168 3264 ;
2201 3211 2440 3260 succedit
2483 3213 2528 3258 ei
2561 3213 2641 3260 vir
2678 3215 2876 3276 impius
2907 3219 2956 3263 et
2988 3228 3224 3280 nequam
3254 3215 3545 3327 Arnull'ggi

1953 3331 2068 3382 Οιι».
2104 3331 2243 3385 xvi.
2281 3331 2432 3381 -Ab
2464 3334 2677 3384 Oriente
2694 3337 2994 3386 Turcoriiiii
3022 3340 3212 3401 ingens
3243 3354 3457 3397 maniis,
3481 3343 3536 3390 et

1890 3393 2310 3445 innumerabiles
2339 3395 2507 3457 copioe
2533 3396 2730 3445 linibus
2755 3412 2812 3446 so
2838 3399 3132 3449 infundunt
3153 3401 3501 3451 Antiochenis
3527 3415 3542 3460 ς

1892 3457 1986 3508 sed
2021 3456 2345 3513 Tancredus.
2371 3469 2482 3506 una
2503 3471 2629 3507 cum
2651 3459 2980 3524 Tripolitano
3024 3463 3218 3511 comite
3247 3463 3542 3573 Bertramg,

1956 3585 2072 3631 Gar».
2109 3582 2263 3654 ξᾞι.
2292 3609 2348 3618 -
2377 3582 2549 3654 Tyrus
2580 3581 2857 3633 obsidetur
2885 3602 2896 3638 ;
2925 3584 3015 3635 sed
3052 3586 3425 3637 resistentibus
3452 3526 3548 3698 {03-

1896 3650 2071 3697 tenter
2099 3644 2324 3705 civibus,
2355 3645 2717 3694 obsidentium
2737 3646 3009 3696 deluditur
3035 3648 3287 3703 intentio.
3484 3651 3545 3699 04

1956 3708 2075 3780 ΟΛι».
2106 3706 2287 3756 XVlll.
2324 3734 2381 3743 —
2441 3706 2665 3780 Moritur
2699 3707 2952 3782 dominus
2986 3710 3314 3768 Tancredus,
3354 3711 3542 3762 relicto

1895 3768 2942 3905 prffiffpal‘g?X{¹‹Lg-effegdci?g÷÷3l·boorum
2964 3835 3210 3899 princeps
3245 3775 3550 3899 potentigsg'iff

1899 3911 2036 3953 mus,
2073 3898 2264 3946 iterum
2294 3908 2416 3945 cuin
2444 3895 2753 3957 ingentibus
2778 3897 2946 3961 copiis
2966 3911 3194 3961 regnum
3217 3895 3544 3961 ingreditur;

1897 3974 1988 4071 {effx-
2014 3959 2396 4069 eitoccurrens,
2423 3957 2732 4016 conficitur;
2762 3972 2926 4024 supra
2949 3961 3088 4009 vires
3125 3961 3377 4011 universa
3398 3964 3552 4073 regg}

1917 4036 1988 4073 ai
2031 4035 2063 4072 a
2092 4036 2176 4073 ur.

1961 4035 2077 4134 Οἰι».
2113 4083 2226 4135 ΧΧ.
2268 4109 2330 4118 —-
2362 4081 2678 4132 Ascalonitoe
2702 4084 3027 4148 impugnant
3073 4085 3500 4150 Hierosolymam
3534 4101 3545 4112 ·

1901 4146 1994 4197 sed
2030 4145 2244 4218 tandein
2278 4144 2511 4195 hostium
2544 4145 2917 4196 dissolvuntur
2947 4151 3106 4206 ecies,
3138 4151 3189 4197 et
3223 4147 3453 4200 redeunt
3479 4124 3549 4198 ad

1902 4219 2247 4342 prgffiffaxxl.
2288 4295 2342 4305 —
2371 4269 2655 4342 Coinitissa
2682 4269 2894 4328 Sicilire,
2927 4271 3068 4336 regis
3103 4286 3238 4323 uxor
3265 4213 3485 4332 lutura,1⁵
3487 4212 3550 4324 (3ιῖ

1900 4339 2058 4398 portu
2088 4332 2322 4444 affiigicat
2344 4333 2757 4405 Acconensium.
3444 4335 3550 4409 ,507

1963 4396 2088 4445 Cu».
2212 4393 2273 4441 ll.
2304 4419 2364 4430 —
2394 4394 2452 4443 In
2465 4409 2681 4458 regione
2701 4394 2973 4446 Edessana
2991 4396 3339 4449 samesoritur
3355 4398 3549 4449 valida.

1901 4457 2196 4508 Balduinus
2222 4456 2550 4506 Joscelinuni
2581 4460 3044 4524 consanguineum
3058 4474 3218 4509 suum
3243 4460 3552 4526 capit,etab

1904 4523 2155 4569 universa
2180 4533 2233 4567 re
2276 4520 2395 4568 ione
2411 4519 2670 4569 violenter
2688 4522 2831 4570 exire
2846 4521 3134 4585 compellit.
3461 4524 3553 4572 508

1966 4583 2083 4633 Ciu».
2133 4581 2244 4632 XXI
2274 4581 2310 4631 1.
2361 4608 2424 4617 —
2459 4582 2815 4633 Terriemotus
2861 4584 3053 4646 ingens
3098 4587 3278 4648 partes
3317 4585 3557 4636 concutit

1905 4644 2287 4698 Antiochenas.
2327 4645 2687 4708 Borsequinus
2736 4658 2968 4708 quoque.
2997 4647 3292 4697 Tui-corum
3340 4651 3484 4698 satra
3523 4660 3557 4698 a

1904 4707 2330 4773 potentissimus,
2363 4707 2416 4755 in
2447 4706 2631 4756 eadem
2655 4706 2875 4756 desim-it
2900 4709 3142 4773 regione.
3463 4711 3491 4760 5
3525 4711 3554 4760 0

1968 4770 2083 4821 Ciu».
2121 4769 2298 4819 xxiv.
2321 4769 2711 4819 —Ascalonitoe
2727 4770 3249 4835 urbemJoppensein
3266 4771 3519 4823 obsident
3539 4787 3552 4831 ;

1907 4833 1999 4882 sed
2030 4832 2172 4894 regis
2200 4831 2492 4881 adventum
2528 4831 2897 4890 formidantes,
2940 4832 3138 4885 infecto
3167 4834 3385 4897 negotio
3414 4847 3557 4886 rece-

1907 4895 2046 4945 dunt
2071 4893 2141 4944 ad
2212 4895 2405 4958 ropria.
3464 4897 3556 4947 511

1969 4959 2089 5010 Car.
2126 4957 2162 5006 X
2221 4958 2281 5006 V.
2314 4983 2373 4992 —
2407 4957 2976 5020 Borsequiniisiterum
2995 4957 3452 5010 Antiochenorum
3471 4973 3559 5010 ve-

1910 5023 2002 5070 xat
2028 5019 2162 5068 fines
2185 5035 2197 5072 ;
2226 5018 2320 5068 sed
2343 5023 2655 5069 occurrente
2677 5021 2777 5069 sibi
2798 5021 3036 5085 principe
3068 5020 3273 5083 Rogero
3298 5034 3422 5071 cum
3448 5023 3561 5072 suis

1910 5082 2142 5194 autxiliiS,
2172 5080 2430 5132 confusus
2463 5082 2519 5131 in
2552 5081 2737 5145 fugam
2774 5085 3014 5141 vertitur,
3050 5084 3355 5149 legionibus
3393 5084 3563 5198 disgg

1935 5160 1967 5196 u
1997 5160 2066 5194 is.

1974 5207 2091 5257 Cu».
2123 5207 2299 5256 xxvi.
2336 5232 2397 5242 —
2433 5205 2688 5256 Arnull'us
2717 5207 3208 5272 Hierosolymorum
3234 5209 3560 5274 patriarcha,

1914 5283 2075 5334 super
2094 5270 2276 5318 inultis
2301 5272 2601 5327 accusatuS,
2625 5269 2844 5320 Romam
2868 5271 3240 5335 proficiscitur.
3256 5273 3367 5322 Rex
3392 5273 3448 5322 in
3467 5271 3564 5336 Sy·

1914 5334 1987 5381 ris
2009 5331 2170 5405 Sobal
2202 5330 2650 5404 trans-Iordanem
2671 5336 2928 5390 castrum,
2952 5335 3036 5383 cui
3065 5334 3262 5384 domen
3295 5335 3448 5387 Mons
3469 5335 3565 5387 Re·

1915 5392 2553 5512 gddzffsffaellsscffkex
2564 5456 2752 5508 videns
2772 5458 2960 5509 urbem
2990 5464 3233 5512 sanctam
3255 5397 3571 5514 ιιαιιιῐαιέιξιὲ

1917 5519 2020 5571 hus
2053 5531 2299 5578 vacuam,
2331 5517 2492 5584 Syros
2519 5518 2706 5571 fideles
2734 5533 2801 5572 ex
2843 5521 3038 5576 Arabia
3070 5522 3290 5578 deducit
3319 5539 3334 5587 ;
3370 5523 3568 5594 quibus

1893 3520 2094 3571 resistit
2115 3519 2356 3573 viriliter.
