3784 6000
299 238 409 298 863

1422 236 1816 298 GUILLELMI
1854 236 2210 296 TYRENSIS
2249 238 2589 300 ARCHIEP.

3619 238 3718 301 &t

298 369 522 427 finibus
536 368 959 440 nostris,juxta
972 364 1522 440 praesidium,quod
1535 365 1749 421 dicitur
1763 379 1938 421 mons
1975 363 2022 418 A
2059 364 2671 437 tur,inexpugnabile,
2699 381 2771 422 ex
2796 380 2919 438 quo
2947 366 3169 423 nostris
3190 364 3381 425 multa
3409 364 3720 426 dicebatur

300 460 546 533 Regalis,
578 459 755 532 quasi
787 457 863 513 ad
893 456 1101 512 decem
1148 455 1419 511 milliaria
1439 460 1902 512 castrametatus
1930 470 1945 521 ;

299 555 658 622 exspectans
694 547 750 603 ui
786 547 860 602 de
891 551 1047 601 statu
1079 545 1361 615 regionis,
1407 550 1463 601 et
1494 545 1741 601 ubinam
1793 549 1951 600 esset

297 654 402 695 rex
438 654 575 693 cum
617 637 739 691 suis
791 633 1291 706 expeditionibus,
1348 633 1787 690 certificaretur.
1830 634 1950 688 Rex

301 741 443 783 vero
470 726 642 796 juxta
684 724 888 779 urbem
921 727 1200 793 veterem,
1234 723 1328 779 cui
1369 738 1588 778 nomen
1638 722 1811 778 Petra
1853 721 1952 776 de-

300 815 460 881 serti,
492 815 551 870 in
601 813 867 870 secunda
918 812 1092 869 sitam
1132 813 1368 880 Arabia,
1400 817 1598 869 castra
1625 811 1949 877 locaverat,

300 904 379 962 ab
433 904 692 960 exercitu
733 902 1076 961 salahadini
1119 903 1357 974 triginta
1409 917 1512 958 sex
1570 901 1667 956 vix
1720 900 1952 956 distans

301 993 654 1050 milliaribus
686 1010 700 1058 ;
733 998 978 1066 eratque
1002 992 1082 1048 ibi
1116 992 1460 1048 universum
1489 1007 1629 1046 cum
1673 1005 1746 1046 eo
1784 988 1951 1059 regni

300 1083 482 1140 robur
509 1099 523 1150 ;
553 1082 656 1138 sed
686 1088 741 1138 et
771 1098 973 1138 comes
1006 1081 1408 1154 Tripolitanus
1440 1079 1518 1136 ibi
1556 1079 1777 1135 invitus
1807 1077 1952 1134 deti·

301 1170 587 1237 uebatur;
611 1177 820 1227 contra
845 1170 1013 1243 cujus
1027 1169 1339 1226 consilium
1360 1184 1462 1225 rex
1494 1168 1629 1224 illuc
1650 1167 1953 1240 protectus

299 1265 444 1329 erat,
505 1264 562 1316 et
618 1258 875 1332 reliquas
930 1259 1097 1330 regni
1152 1263 1350 1330 partes
1406 1257 1837 1322 inobservatas,
1898 1260 1957 1312 et

300 1348 533 1421 absque
562 1348 770 1405 militia
795 1347 1193 1419 dereliquerat
1222 1364 1236 1415 ;
1265 1346 1465 1403 favore
1492 1346 1652 1402 enim
1685 1344 1954 1418 proedicti

297 1437 572 1495 Rainaldi
593 1437 901 1509 principis,
919 1437 1111 1508 magis
1131 1453 1313 1509 quam
1339 1434 1814 1492 consideratione
1833 1451 1954 1489 ma-

294 1527 445 1599 joris
469 1526 831 1596 compendii,
848 1527 1099 1600 quidam
1121 1527 1199 1583 ad
1219 1527 1335 1583 hoc
1351 1542 1547 1598 regem
1567 1524 1951 1596 impulerant,

299 1632 424 1673 non
465 1615 718 1672 multum
768 1616 1140 1672 attendentes
1178 1616 1323 1689 quid
1367 1616 1557 1673 iterim
1592 1634 1772 1689 regno
1812 1620 1952 1675 viri-

2058 454 2373 522 provenire
2389 456 2794 523 utilitas3nam
2809 471 2947 511 cum
2969 455 3257 528 proedicta
3272 456 3440 527 regio
3455 455 3716 515 hostium
3783 520 3784 529 χ

2061 545 2252 613 magis
2282 551 2435 599 esset
2470 545 2841 601 contermina
2869 544 3117 611 finibus,
3147 560 3337 618 quam
3370 548 3594 603 nostris
3625 551 3718 615 ;et

2057 632 2173 704 ipsi
2206 648 2336 688 eam
2366 631 2600 689 facilius
2631 648 2739 706 pro
2767 649 2873 689 suo
2903 639 3144 706 possent
3174 638 3428 691 tractare
3457 635 3714 703 arbitrio,

2059 726 2118 776 et
2144 722 2277 791 eJus
2307 720 2745 779 habitatoribus
2774 722 3173 779 confidentius
3196 723 3525 794 imperare,
3549 722 3718 798 hujus

2062 815 2261 866 tamen
2318 811 2581 882 praesidii
2619 810 2912 868 beneficio
2948 812 3149 868 multis
3189 813 3368 868 annis
3414 812 3714 871 obtentum

2060 898 2267 965 fuerat,
2321 905 2378 957 et
2426 899 2812 957 obtinebatur
2865 901 3253 958 nihilominus
3305 902 3368 959 in
3425 905 3714 975 praesenti,

2059 989 2225 1062 quod
2248 991 2467 1046 nostris
2497 995 2551 1046 et
2580 989 2693 1046 iltis
2724 1005 2796 1046 ex
2826 1005 3003 1062 oequo
3025 990 3411 1047 dividebatur
3438 996 3712 1066 potestas,

2060 1082 2117 1133 et
2137 1078 2513 1149 vectigalium
2537 1093 2643 1150 par
2673 1082 2728 1134 et
2757 1079 3111 1136 tributorum
3143 1077 3324 1137 fiebat
3348 1080 3708 1139 distributio.

2062 1168 2199 1223 Erat
2235 1172 2437 1223 autem
2491 1167 2778 1238 spelunca
2826 1169 2886 1224 in
2916 1167 3096 1225 latere
3127 1167 3454 1241 cujusdam
3511 1170 3715 1228 montis

2062 1256 2196 1322 sita,
2248 1256 2341 1312 cui
2392 1255 2732 1328 subjectum
2762 1260 2887 1312 erat
2915 1256 3178 1314 immane
3209 1258 3616 1330 proecipitium
3643 1275 3658 1327 ;
3683 1276 3714 1317 a

2060 1351 2230 1419 parte
2279 1361 2418 1402 vero
2448 1345 2736 1417 superiori
2785 1345 2984 1402 nullus
3013 1346 3264 1403 omnino
3301 1362 3590 1405 accessus
3615 1364 3713 1415 ,ex

2065 1433 2252 1490 altero
2303 1449 2445 1490 vero
2485 1433 2691 1499 latere,
2723 1438 2956 1490 tantum
2990 1440 3155 1492 arcta
3181 1437 3363 1493 nimis
3391 1437 3632 1504 semita,
3659 1442 3715 1495 ut

2064 1537 2370 1595 perquam
2396 1522 2848 1588 hominilibero,
2871 1529 2930 1581 et
2954 1523 3033 1580 ab
3045 1524 3406 1582 omnionere
3419 1526 3711 1599 expedito,

2067 1612 2162 1667 vix
2193 1612 2423 1685 absque
2457 1613 2721 1685 periculo
2759 1614 2870 1669 iter
2909 1614 3296 1686 praeberetur.
3341 1617 3483 1672 Erat
3523 1621 3714 1673 autem

299 1707 418 1763 bus
443 1706 726 1761 destituto
756 1709 960 1778 posset
983 1704 1256 1762 accidere
1276 1725 1293 1779 3
1322 1708 1485 1780 quod
1516 1725 1701 1782 quam
1729 1710 1956 1781 impru-
1985 1714 2034 1774 Β
2065 1702 2449 1757 commissum
2463 1701 3002 1774 fideietdiligentiae
3018 1703 3237 1761 nobilis
3251 1703 3715 1763 virietditissimi

300 1794 508 1851 denter
537 1792 760 1851 factum
792 1792 986 1856 fuerit,
1018 1794 1101 1850 rei
1131 1795 1320 1850 exitus
1347 1797 1723 1869 subsequens
1750 1798 1953 1856 statim

300 1882 647 1940 declaravit.
697 1884 849 1938 Nam
881 1883 982 1955 qui
1014 1884 1173 1939 circa
1224 1887 1603 1952 Damascum,
1660 1889 1953 1956 Rostrum,

301 1971 560 2028 Baulbec
611 1975 670 2027 et
726 1972 1021 2028 Emissam
1082 1977 1252 2029 erant
1303 1974 1623 2046 principes,
1683 1976 1955 2034 videntes

295 2062 463 2134 regni
502 2062 689 2119 robur
716 2059 949 2128 abesse,
974 2066 1028 2118 et
1055 2063 1264 2119 militia
1278 2063 1624 2122 destitutam
1647 2067 1952 2140 regionem

296 2150 665 2216 universam,
696 2150 1042 2206 convocatis
1063 2151 1217 2208 clam
1237 2158 1294 2208 et
1311 2153 1436 2208 sine
1464 2154 1717 2211 tumultu
1737 2157 1951 2230 copiis,

296 2238 622 2297 Jordanem
654 2255 828 2295 secus
852 2256 1019 2295 mare
1041 2239 1290 2307 Galileae,
1309 2243 1473 2315 quod
1496 2250 1584 2300 est
1599 2244 1951 2312 Tiberiadis,

299 2333 698 2394 transeuntes,
725 2328 876 2384 fines
905 2329 1401 2387 nostroslatenter
1424 2332 1679 2402 ingressi
1717 2339 1954 2403 sunt3et

297 2423 710 2494 percurrentes
725 2433 795 2473 ex
821 2421 985 2490 parte
1010 2419 1334 2499 Catinam,
1353 2423 1838 2496 perveneruntad
1869 2426 1954 2481 lo-

296 2527 434 2568 cum
465 2516 568 2586 qui
599 2522 686 2571 est
713 2514 824 2571 sub
858 2522 1056 2571 monte
1085 2521 1342 2589 Thabor,
1369 2521 1464 2579 cui
1495 2532 1716 2575 nomen
1753 2523 1944 2591 Buria,

287 2599 460 2671 juxta
486 2605 651 2660 Naim
674 2606 884 2663 urbem
907 2609 1411 2682 antiquissimam.
1442 2612 1720 2668 Homines
1746 2618 1947 2669 autem

290 2687 528 2747 illarum
541 2694 802 2764 partium
817 2695 891 2751 de
906 2702 1115 2768 treuga
1130 2706 1584 2771 praesumentes,
1596 2716 1780 2773 quam
1797 2716 1918 2757 non
1930 2733 1946 2743 ·

291 2777 434 2834 dum
464 2789 753 2839 noverant
788 2784 1100 2852 defecisse,
1134 2790 1323 2845 securi
1368 2790 1567 2853 nimis,
1596 2791 1795 2846 minus
1835 2791 1946 2847 sibi

292 2868 688 2940 providebant
719 2888 733 2928 ε
763 2875 922 2931 unde
953 2876 1174 2933 factum
1205 2883 1294 2935 est
1337 2878 1525 2952 quod,
1584 2879 1739 2935 clam
1786 2884 1841 2935 et
1871 2878 1947 2935 de

291 2963 465 3015 nocte
494 2976 674 3032 super
705 2978 809 3019 eos
838 2963 1150 3034 irruentes,
1195 2967 1389 3025 locum
1438 2984 1511 3025 ex
1562 2968 1729 3026 omni
1778 2975 1947 3041 parte

291 3047 682 3119 vallaverunt,
713 3054 795 3110 ita
828 3059 889 3111 ut
913 3071 1107 3128 neque
1132 3057 1209 3113 ad
1234 3063 1520 3125 montem,
1554 3059 1656 3131 qui
1682 3058 1815 3116 loco
1841 3060 1948 3115 im·
1984 3069 2027 3128 c

293 3137 581 3205 minabat,
626 3141 765 3213 iuga
806 3159 927 3200 non
969 3150 1194 3216 pateret
1228 3146 1515 3203 obsessis.
1566 3150 1719 3203 Luce
1767 3146 1950 3219 igitur

288 3225 541 3294 reddita,
560 3229 829 3287 videntes
851 3232 965 3288 loci
990 3232 1661 3293 habitatoresinlinitam
1697 3238 1853 3293 circa
1884 3253 1947 3292 se

290 3314 553 3374 hostium
601 3320 1066 3393 multitudinem,
1118 3325 1175 3381 in
1210 3326 1417 3381 turrim
1461 3341 1597 3398 quoe
1655 3325 1947 3382 suburbio

289 3411 564 3478 praeerat,
597 3410 867 3466 certatim
902 3427 963 3467 se
1000 3414 1420 3481 contulerunt;
1459 3430 1643 3488 quam
1680 3415 1947 3488 undique

288 3494 752 3565 circumdantes,
768 3504 975 3557 etcum
989 3517 1228 3558 summa
1240 3503 1525 3561 instantia
1536 3503 1943 3571 suffodientes,

289 3582 445 3641 intra
459 3591 718 3658 quatuor
735 3588 1021 3647 horarum
1041 3592 1305 3665 spatium
1327 3592 1676 3658 suffossam,
1696 3593 1824 3649 soto
1846 3593 1946 3649 de-

282 3672 587 3746 jecerunt;
616 3681 751 3732 ante
780 3678 1014 3736 ruinam
1036 3686 1257 3744 tamen,
1290 3682 1573 3753 cumjam
1592 3683 1808 3738 rimam
1839 3682 1947 3738 du-

291 3768 467 3828 ceret,
499 3771 554 3820 et
586 3781 793 3824 casum
824 3770 1168 3836 minaretur,
1202 3786 1304 3826 eos
1335 3772 1437 3844 qui
1466 3770 1523 3826 in
1559 3787 1694 3827 eam
1740 3770 1946 3828 confu-

293 3857 520 3922 gerant,
544 3853 603 3909 in
631 3854 996 3914 deditionem
1019 3863 1428 3929 susceperunt.
1451 3859 1803 3933 colligentes
1827 3860 1944 3929 igi-

289 3944 384 3998 tur
409 3958 519 4015 pro
538 3942 729 4001 libero
753 3951 808 4002 et
838 3948 965 4002 sine
986 3948 1423 4004 contradictore
1440 3949 1702 4020 arbitrio,
1731 3954 1852 4004 tum
1875 3949 1948 4005 il-

286 4029 421 4097 lius,
438 4037 564 4088 tum
589 4033 994 4104 adjacentium
1009 4036 1561 4109 locorumfpraedam
1577 4037 1943 4104 universam,

290 4120 551 4192 exceptis
570 4121 666 4178 his
695 4123 798 4196 qui
820 4124 879 4179 in
896 4124 1177 4181 conflictu
1207 4127 1565 4193 ceciderunt,
1587 4142 1738 4199 pene
1765 4126 1947 4200 quin-

292 4217 503 4283 gentas
527 4212 762 4268 animas
787 4228 988 4270 secum
1020 4214 1357 4272 detulerunt
1381 4216 1441 4271 in
1493 4216 1763 4272 vinculis.
1798 4219 1944 4272 Nam

290 4300 437 4373 quia
468 4299 635 4356 locus
672 4309 796 4358 erat
826 4302 1070 4373 frugiter
1097 4310 1155 4359 et
1194 4307 1405 4361 messis
1434 4311 1669 4377 tempus
1717 4305 1942 4370 aderat,

2066 1790 2338 1847 Fulconis
2361 1791 2816 1849 Tiberiadensis.
2845 1793 2932 1850 Ad
2955 1793 3114 1849 hunc
3142 1792 3340 1850 locum
3367 1794 3715 1853 accedentes

2066 1881 2332 1953 praedicti
2374 1881 2639 1938 hostium
2688 1881 3010 1955 principes,
3041 1883 3145 1955 qui
3177 1882 3448 1950 Buriam,
3483 1888 3552 1940 ut
3579 1900 3717 1957 prm·

2066 1969 2743 2041 misimus,effregerant,
2769 1977 2826 2027 et
2849 1977 3118 2027 nostrum
3131 1972 3590 2046 captivaverant
3613 1989 3715 2046 po-

2064 2060 2296 2130 pulum,
2320 2065 2562 2130 repente
2587 2063 2725 2115 ante
2741 2060 3091 2134 proesidium
3120 2062 3459 2128 astiterunt,
3482 2067 3540 2119 et
3567 2061 3712 2120 inira

2062 2147 2330 2222 quinque
2364 2147 2491 2204 dies
2520 2147 3350 2222 obtinueruntexpugnatum.
3383 2151 3582 2224 Super
3604 2166 3716 2225 quo

2063 2237 2240 2303 facto,
2272 2252 2389 2294 non
2421 2237 2632 2294 eadem
2656 2238 2927 2294 omnium
2946 2238 3290 2311 eratopinio
3317 2240 3712 2311 3quibusdam

2062 2325 2468 2383 asserentibus
2517 2325 2681 2400 quod
2711 2327 2813 2399 qui
2841 2332 3009 2383 erant
3035 2327 3094 2383 in
3127 2328 3432 2401 proesidio,
3463 2330 3713 2403 pecunia

2061 2415 2376 2489 redempti,
2404 2414 2603 2472 locum
2633 2414 2906 2472 hostibus
2937 2416 3311 2473 tradiderunt
3342 2434 3356 2485 ;
3388 2417 3526 2475 aliis
3557 2435 3711 2486 vero,

2061 2504 2226 2578 quod
2266 2520 2336 2560 ex
2363 2504 2544 2561 latere
2589 2504 2938 2576 speluncam
2982 2504 3360 2577 effregerunt,
3388 2508 3538 2581 quia
3569 2507 3712 2581 lapis

2060 2598 2366 2650 cretaceus
2396 2599 2540 2659 erat,
2597 2600 2654 2649 et
2704 2593 2876 2650 facile
2928 2594 3295 2661 solvebatur,
3332 2602 3392 2652 et
3430 2597 3711 2655 violenter

2058 2683 2312 2755 ingressi
2339 2683 2654 2739 stationem
2683 2683 2938 2756 primam
2956 2700 3093 2757 quae
3119 2685 3361 2742 inferior
3379 2692 3712 2757 erat,occn·

2058 2778 2369 2846 paverunt,
2421 2772 2763 2829 dicentibus
2796 2790 2814 2843 3
2853 2774 3012 2829 unde
3049 2774 3444 2847 postmodum
3487 2792 3594 2834 eos
3620 2778 3707 2850 qui

2057 2865 2230 2917 erant
2258 2862 2318 2917 in
2353 2860 2549 2917 medio
2578 2866 2635 2917 et
2665 2860 2726 2916 in
2771 2877 3054 2934 supremo
3081 2862 3394 2919 coenaculo
3436 2864 3606 2938 (nam
3634 2865 3707 2922 ibi

2059 2957 2176 3009 tres
2219 2951 2575 3009 dicebantur
2619 2966 2749 3008 esse
2810 2952 3176 3025 mansiones)
3232 2953 3312 3010 ad
3347 2953 3708 3014 deditionem
3783 3023 3784 3027 η

2059 3042 2501 3115 compulerunt.
2536 3042 2919 3114 compertum
2944 3047 3033 3098 est
3062 3048 3263 3100 autem
3301 3045 3708 3115 postmodum,
3783 3033 3784 3088 ἕ

2058 3131 2226 3205 quod
2257 3130 2438 3202 culpa
2494 3130 2937 3200 magistratum,
2989 3132 3095 3203 qni
3131 3132 3356 3189 caeteris
3394 3137 3707 3204 praeerant,

2059 3219 2456 3292 municipium
2487 3218 2565 3276 ad
2589 3219 2791 3276 hostes
2823 3221 3189 3292 pervenerit;
3224 3237 3368 3277 nam
3406 3222 3542 3279 aliis
3575 3222 3709 3280 resi·

2058 3314 2210 3366 stere
2236 3307 2589 3379 volentibus,
2610 3308 2721 3381 ipsi
2734 3310 3086 3366 auctoritate
3107 3326 3232 3383 qua
3252 3311 3708 3384 preminebant.

2056 3398 2411 3456 inhibebant
2433 3397 2849 3456 defensionem
2880 3418 2897 3472 ;
2927 3398 3391 3471 etpostmodum
3422 3401 3712 3474 resignate

2059 3487 2389 3561 municipio
2421 3486 2499 3544 ad
2546 3486 2748 3544 hostes
2800 3502 2863 3544 se
2907 3487 3305 3545 contulerunt.
3357 3489 3714 3547 Dicebantur

2058 3584 2261 3635 autem
2293 3592 2424 3633 esse
2450 3576 2552 3649 qui
2583 3575 2716 3633 loco
2749 3585 3060 3648 praeerant‚
3086 3578 3241 3650 Syri,
3272 3579 3379 3651 qui
3409 3579 3576 3653 apud
3609 3595 3712 3637 nos

2057 3667 2382 3724 effeminati
2406 3672 2464 3723 et
2498 3666 2705 3722 molles
2737 3665 3056 3723 habentur.
3090 3666 3256 3724 Unde
3304 3669 3501 3740 major
3539 3669 3713 3742 culpa

2058 3757 2118 3813 in
2152 3756 2503 3827 proedictum
2537 3755 2850 3813 Fulconem
2883 3755 3237 3820 refunditur,
3268 3757 3372 3830 qui
3409 3758 3562 3814 tales
3585 3758 3712 3815 loco

2058 3845 2403 3919 praetecerat
2441 3849 2565 3901 tam
2606 3845 2970 3903 necessario.
3002 3846 3149 3901 Exiit
3174 3860 3318 3917 ergo
3351 3862 3557 3905 sermo
3585 3848 3712 3914 iste,

2057 3940 2114 3992 ct
2146 3935 2322 4004 longe
2343 3933 2579 4005 lateque
2595 3932 2848 3989 diffusus
2868 3941 2958 3989 est
2978 3949 3085 4007 per
3108 3950 3395 4005 regnum;
3423 3935 3715 4009 pervenit-

2054 4041 2174 4098 que
2204 4039 2398 4097 usque
2427 4024 2502 4079 ad
2535 4027 2769 4080 nostros
2801 4023 2900 4096 qui
2932 4028 3103 4080 erant
3145 4028 3310 4081 trans
3357 4023 3708 4092 Jordanem,

2057 4113 2387 4185 praepedire
2416 4111 2677 4169 volentes
2694 4113 3008 4168 transitum
3027 4112 3474 4178 salahadini,ex
3503 4117 3720 4190 Egyp-

2056 4207 2116 4258 to
2140 4200 2519 4259 ascendentis
2538 4200 2599 4256 in
2615 4201 2847 4273 Syriam
2862 4206 2919 4258 et
2930 4202 3304 4274 properantis
3321 4202 3716 4271 Damascum;

2054 4306 2179 4364 quo
2198 4297 2525 4363 comperto,
2550 4291 2908 4346 consternati
2940 4298 3080 4346 sunt
3108 4290 3316 4348 animo
3347 4293 3636 4361 universi.
3661 4297 3714 4350 et

291 4386 464 4443 multi
493 4404 561 4444 ex
593 4389 739 4445 locis
768 4390 1037 4448 finitimis
1065 4393 1321 4449 metendi
1346 4395 1537 4466 gratia
1559 4393 1696 4451 illuc
1719 4410 1784 4451 se
1811 4409 1944 4450 con·
1980 4420 2028 4476 D
2059 4380 2321 4435 mssimfl
2345 4378 2742 4450 Tripofflfflus
2765 4393 2971 4435 comes
3013 4379 3090 4435 ⁸¹¹
3121 4380 3295 4452 0¹¹i²¹⁸
3320 4395 3539 4439 (mmm
3565 4397 3721 4455 pm·

294 4476 570 4546 tulerant,
601 4495 757 4550 quos
789 4495 1021 4548 omnes,
1050 4487 1112 4538 ut
1141 4481 1550 4556 proediximus,
1580 4498 1783 4540 secum
1818 4484 1948 4539 gine
2057 4468 2283 4524 dictum
2314 4467 2707 4540 municipium
2727 4467 3105 4540 respiciebat.
3132 4468 3297 4526 Unde
3310 4469 3644 4528 factumest
3659 4475 3718 4527 ut

292 4568 732 4626 contradictore
752 4569 1142 4635 deducentes,
1175 4572 1386 4628 iterum
1407 4571 1666 4628 Jordane
1678 4573 1946 4637 transito,

292 4657 426 4715 sani
454 4663 513 4715 et
538 4657 870 4716 incolumes
893 4661 1117 4717 reversi
1139 4666 1278 4717 sunt
1302 4661 1378 4716 ad
1401 4659 1663 4734 propria.

935 4767 1163 4825 CAPUT
1202 4769 1309 4825 XV.

290 4873 454 4932 Idem
480 4880 746 4931 castrum
772 4881 1037 4931 nostrum
1068 4875 1131 4931 in
1160 4881 1369 4933 nostra
1410 4875 1648 4947 regione
1683 4874 1938 4945 suicide,

362 4948 710 5073 ἳξὲἑὲιζιεαηι
735 4946 999 5004 videlicet
1028 4946 1509 5017 munitissimam,
1526 4954 1778 5016 occupat
1823 4947 1947 5004 vio-

367 5105 594 5162 Accidit
644 5112 930 5178 praeterea
960 5122 1067 5177 per
1090 5106 1337 5164 eosdem
1388 5107 1537 5171 dies,
1568 5107 1717 5164 dum
1746 5107 1947 5165 adhuc

290 5209 396 5251 rex
421 5201 478 5251 et
507 5194 799 5251 exercitus
853 5195 913 5250 in
957 5193 1129 5267 Syria
1155 5194 1337 5252 Sobal
1384 5195 1746 5253 detineretur
1783 5197 1945 5254 Chri-

292 5287 542 5350 stianus,
596 5300 771 5340 casus
822 5283 1192 5356 periculosus
1246 5285 1601 5353 admodum,
1643 5290 1700 5342 et
1728 5286 1946 5343 nostris

293 5378 581 5445 perpetuo
609 5371 927 5443 lugendus.
976 5375 1112 5430 Erat
1158 5374 1319 5429 enim
1368 5373 1543 5430 nobis
1591 5374 1650 5429 in
1703 5374 1945 5445 regione

295 5459 717 5527 suicide,trans
725 5464 751 5518 J
757 5461 1112 5530 ordanem,a
1122 5461 1428 5518 Tiberiade
1442 5462 1702 5519 sedecim
1717 5463 1947 5519 distans

292 5545 671 5622 milliaribus,
702 5549 1053 5624 praesidium
1085 5550 1583 5616 munitissimum,
1605 5556 1686 5620 et,
1712 5556 1779 5609 ut
1802 5551 1946 5610 dici·

2058 4559 2164 4631 qui
2195 4572 2449 4628 regnum
2479 4557 2848 4629 negligenter
2889 4558 3269 4631 reliquerant,
3303 4559 3381 4615 ibi
3413 4560 3714 4633 negligen-

2062 4647 2177 4705 tius
2218 4663 2280 4704 se
2315 4648 2628 4714 habentes,
2670 4646 2818 4704 nihil
2845 4648 2965 4705 Deo
3013 4648 3322 4722 placitum,
3353 4648 3503 4706 nihil
3535 4665 3718 4722 reguo

2061 4738 2198 4794 utile
2224 4737 2460 4811 operari
2481 4741 2730 4810 possent
2757 4753 2772 4804 ;
2802 4753 2947 4794 nam
2967 4754 3106 4794 cum
3134 4754 3324 4810 usque
3350 4738 3428 4795 ad
3454 4737 3613 4796 flues
3634 4755 3718 4796 re-

2063 4827 2257 4897 gionis
2302 4831 2542 4896 nostroe,
2586 4824 2927 4881 advenienti
2980 4826 3344 4883 salahadino
3368 4825 3720 4885 debuissent

2058 4930 2390 4981 occurrere,
2418 4920 2476 4971 et
2489 4913 2657 4985 regni
2671 4914 2999 4986 praepedire
3024 4914 3719 4989 introitum,impruden·

2059 5009 2145 5061 ter
2176 5002 2353 5059 nimis
2382 5018 2573 5075 usque
2594 5003 2673 5058 ad
2713 5003 2913 5059 locum
2940 5003 3037 5059 cui
3069 5002 3265 5060 Get-ba
3294 5018 3552 5072 nomen,
3581 5019 3716 5061 eum

2056 5092 2456 5164 permiserunt
2476 5091 2782 5158 accedere,
2812 5090 2911 5147 ubi
2934 5107 3254 5165 aquarum,
3281 5091 3512 5164 quibus
3533 5093 3720 5151 maxi·

2056 5196 2152 5236 me
2183 5179 2387 5236 sitiens
2415 5180 2544 5251 ejus
2575 5177 2885 5251 indigebat
2926 5180 3237 5247 exercitus,
3271 5195 3526 5238 omnem
3550 5196 3718 5255 repe-

2055 5269 2599 5337 ritabundantiam;
2628 5268 2839 5325 etinde
2870 5270 3050 5326 missa
3073 5269 3530 5342 expeditionum
3554 5274 3718 5344 parte

2056 5356 2210 5413 circa
2227 5357 2570 5430 praesidium
2594 5362 2893 5424 nostrum,
2916 5359 3009 5414 cui
3024 5373 3244 5414 nomen
3271 5372 3448 5416 mous
3461 5357 3714 5433 Regalis,

2056 5447 2665 5512 vinetasucciderunt,
2700 5446 2893 5503 etalia
2909 5446 3191 5521 quiedam
3223 5446 3716 5520 oppidanisintu·

2054 5533 2254 5592 lerunt
2278 5534 2528 5593 damna.
2553 5534 2727 5602 Quod
2755 5535 2900 5593 siad
2917 5550 3058 5593 eum
3077 5534 3280 5592 locum
3301 5534 3712 5610 nosti-iperve-
