3784 6000
26 5599 57 5626 Ν

277 250 421 312 1267
1702 241 1897 303 LUCII
1941 239 2016 299 111
2058 239 2266 297 PAPAE
3559 243 3706 302 {m

264 395 383 454 que
397 375 847 435 successoribus
873 373 1136 431 ecclesiae
1157 388 1274 446 que
1293 372 1634 430 Divionensi
1653 370 1923 428 debitam
1955 365 2002 419 A
2035 366 2048 390 “
2108 368 2225 436 Ego
2236 366 2574 423 Theodinus
2588 366 2928 423 Portuensis
2954 371 3010 423 et
3038 369 3269 425 Sanctae
3287 367 3520 425 Ruflnoe
3533 367 3702 425 sedis

263 467 650 528 obedentiam
673 468 1089 521 etconsuetam
1112 463 1454 531 exhibeant,
1478 463 1627 518 sicut
1647 458 1923 532 ejusdem

264 558 378 616 loci
401 554 683 615 monachi
714 551 996 609 exhibere
1020 557 1371 618 noscuntur,
1407 552 1558 608 sicut
1582 565 1718 606 eam
1749 562 1925 604 cano-

264 645 399 704 nice
430 661 501 701 ac
523 641 770 716 pacifice
796 640 1133 712 possidetis,
1165 639 1338 697 vobis
1370 639 1757 696 nihilominus
1779 650 1925 690 con-

265 735 579 791 firmamus
605 749 620 798 ;
649 730 861 787 cellam
904 731 1081 786 etiam
1109 729 1455 786 Clementini
1507 727 1659 800 prati
1710 726 1771 782 in
1802 738 1927 798 qua

266 820 540 880 conversi
581 818 952 876 consistunt:
989 817 1189 873 locum
1219 817 1293 873 de
1322 816 1683 873 Fordemunt
1707 813 1768 869 in
1802 826 1926 884 quo

267 910 538 968 similiter
563 908 832 965 conversi
854 907 1190 962 consistunt
1212 922 1226 973 ;
1260 904 1403 962 illud
1429 906 1606 961 etiam
1633 901 1929 959 remissio-

267 1001 360 1058 nis
381 1005 438 1056 et
459 997 875 1062 immunitam,
907 996 1074 1070 quod
1103 996 1279 1052 bonae
1308 994 1612 1051 memorioe
1644 992 1928 1050 Robertus

267 1088 580 1164 quondam
601 1085 986 1158 Lingonensis
1008 1084 1347 1158 episcopus.
1370 1085 1463 1140 vel
1484 1084 1575 1140 sui
1602 1081 1930 1156 praedeces-

268 1194 452 1245 sores,
480 1177 555 1233 de
578 1175 799 1249 paratis
832 1178 889 1230 et
919 1175 1166 1247 synodis
1191 1173 1362 1230 vobis
1393 1170 1823 1228 rationabiliter
1844 1170 1930 1225 in-

266 1266 523 1324 dulsisse
574 1267 925 1330 noscuntur,
971 1263 1283 1334 praesentis
1330 1261 1531 1333 scripti
1580 1260 1931 1318 auctoritate

269 1356 723 1413 confirmamus.
746 1351 957 1408 Villam
985 1357 1271 1423 praeterea
1292 1367 1429 1422 quae
1452 1350 1767 1406 Dianetum
1791 1347 1934 1403 dici·

270 1449 379 1510 tur,
401 1443 556 1500 sicut
575 1458 680 1516 per
692 1440 988 1513 judicium
1011 1439 1298 1511 Stephani
1317 1441 1644 1496 AEduorum
1663 1436 1931 1510 episcopi

271 1531 633 1591 monasterio
660 1535 855 1587 vestro
875 1529 1039 1601 juste
1067 1527 1414 1599 adjudicata
1442 1532 1549 1590 est,
1582 1532 1640 1583 et
1672 1542 1774 1583 vos
1794 1541 1931 1582 eam

270 1621 518 1697 pacifice
542 1618 884 1693 possidetis,
913 1634 1050 1674 cum
1081 1616 1364 1674 omnibus
1386 1615 1753 1689 pertinentiis
1784 1613 1927 1679 suis,

2034 456 2373 528 episcopus.

2112 546 2231 616 Ego
2268 546 2552 601 ilenricus
2577 545 2934 602 Albanensis
2966 545 3311 619 episcopus.

2105 635 2225 704 Ego
2247 633 2624 691 Theobaldus
2641 634 2927 692 Ostiensis
2954 639 3010 691 et
3057 634 3429 692 velletrensis
3465 636 3703 709 episco-

2036 737 2169 794 pus.

2109 813 2229 882 Ego
2273 810 2535 868 Joannes
2580 811 2889 884 presbyter
2938 812 3260 872 cardinalis
3311 813 3465 870 tituli
3497 813 3705 872 Sancti

2036 899 2236 956 Marci.

2108 991 2230 1061 Ego
2252 990 2561 1047 Laborans
2583 991 2892 1063 presbyter
2911 990 3232 1048 cardinalis
3253 992 3489 1050 Sanctae
3506 992 3706 1050 Marias

2038 1081 2223 1136 Trans
2253 1078 2511 1135 Tiberim
2542 1079 2689 1136 tituli
2719 1079 2946 1137 calixti.

2112 1168 2233 1238 Ego
2267 1168 2625 1224 Humbertus
2649 1168 2961 1240 presbyter
2979 1166 3303 1227 cardinalis
3325 1169 3481 1226 tituli
3503 1170 3705 1227 Sancti

2041 1255 2339 1312 Laurentii
2368 1257 2426 1312 in
2467 1256 2755 1314 Damaso.

2116 1347 2234 1418 Ego
2266 1347 2429 1401 Pant.
2488 1345 2753 1418 presbyt.
2799 1345 3122 1403 cardinalis
3174 1346 3259 1404 tit.
3301 1346 3576 1404 basilion
3629 1363 3706 1405 xn

2041 1434 2488 1506 Apostolorum.

2116 1526 2234 1595 Ego
2288 1523 2516 1581 Arditio
2546 1523 2839 1581 diaconus
2867 1524 3189 1582 cardinalis
3247 1525 3450 1582 Sancti
3519 1524 3706 1582 Theo·

2040 1612 2189 1668 dori.

268 1709 660 1768 nihilominus
702 1707 1052 1764 auctoritate
1095 1706 1423 1780 apostolica
1474 1705 1928 1762 confirmamus.
1967 1704 2007 1763 Β
2113 1703 2234 1771 Ego
2287 1701 2599 1758 Gratianus
2629 1701 2921 1758 diaconus
2975 1702 3298 1759 cardinalis
3345 1705 3708 1761 Sanctorum

275 1802 428 1858 Sane
457 1797 766 1854 novalium
797 1802 1134 1854 vestrorum
1173 1811 1310 1869 quae
1347 1795 1605 1867 propriis
1652 1794 1933 1851 manibus

274 1893 377 1946 aut
406 1886 747 1960 sumptibus
777 1885 988 1954 colitis,
1023 1885 1148 1940 sive
1175 1885 1249 1940 de
1281 1885 1662 1941 nutrimentis
1694 1883 1936 1938 anima·

271 1976 420 2034 lium
443 1985 802 2040 vestrorum,
824 1974 1025 2032 nullus
1048 1990 1084 2030 a
1101 1973 1272 2030 vobis
1287 1972 1556 2030 decimas
1585 1972 1819 2044 exigere
1841 1970 1936 2028 vel

273 2070 625 2138 extorquere
651 2069 997 2137 praesumat.
1021 2064 1473 2136 Liceatquoque
1502 2062 1668 2119 vobis
1695 2061 1936 2117 clericos

273 2153 369 2210 vel
394 2153 580 2210 laicos
623 2169 655 2210 e
686 2152 907 2211 saeculo
939 2153 1234 2224 rugientes
1263 2150 1485 2208 liberos
1532 2156 1589 2208 et
1627 2149 1937 2207 absolutos

274 2244 353 2301 ad
384 2244 837 2300 conversionem
869 2247 1126 2298 vestram
1173 2241 1457 2313 recipere,
1490 2245 1547 2297 et
1576 2256 1677 2296 eos
1705 2240 1937 2311 absque

274 2332 744 2389 contradictione
765 2331 970 2404 aliqua
985 2330 1045 2386 in
1068 2336 1262 2387 vestro
1285 2328 1650 2386 monasterio
1665 2329 1935 2384 retinere.

275 2421 674 2479 Prohibemus
706 2422 952 2492 insuper
1000 2425 1061 2476 ut
1086 2418 1231 2476 nulli
1280 2419 1526 2476 fratrum
1580 2423 1937 2487 vestrorum,

275 2515 412 2585 post
459 2510 681 2568 factam
719 2511 780 2566 in
811 2509 1027 2566 eodem
1069 2508 1204 2565 loco
1237 2508 1696 2581 professionem,
1730 2506 1821 2563 fas
1867 2506 1943 2563 sit

276 2600 508 2671 absque
554 2598 789 2655 abbatis
836 2597 1090 2665 licentia,
1128 2597 1219 2654 vel
1260 2598 1391 2669 ejus
1437 2597 1782 2661 ministerio,
1830 2594 1944 2652 nisi

280 2687 550 2746 arctioris
563 2686 862 2758 religionis
875 2686 1145 2751 obtentu,
1161 2686 1470 2742 discedere
1487 2704 1504 2757 ;
1534 2685 1943 2742 discedentem

275 2791 420 2835 vero
451 2775 682 2850 absque
705 2775 1467 2833 communiumlitterarum
1489 2774 1788 2844 cautione,
1811 2772 1941 2831 nul·

276 2867 372 2924 lus
388 2866 888 2924 audeatretinere.
908 2867 1054 2922 Cum
1070 2868 1264 2921 autem
1280 2863 1552 2934 generale
1565 2863 1945 2920 interdictum

278 2959 449 3014 terrai
489 2955 683 3021 fuerit,
731 2954 905 3011 liceat
947 2953 1135 3019 vobis,
1167 2951 1388 3010 clausis
1411 2953 1634 3025 Jauuis‚
1683 2952 1944 3009 exclusis

278 3043 815 3101 excommunicatis
844 3042 930 3099 vel
961 3042 1314 3111 interdictis,
1345 3057 1465 3098 non
1492 3041 1745 3114 pulsatis
1768 3057 1943 3098 cam-
1982 3059 2025 3118 C

275 3132 476 3207 panis,
508 3132 836 3188 summissa
869 3147 1018 3189 voce
1046 3131 1253 3187 divina
1285 3130 1484 3187 officia
1519 3130 1834 3187 celebrare.
1879 3130 1945 3187 ln

275 3220 726 3296 parochialibus
769 3226 975 3278 autem
1004 3220 1263 3277 ecclesiis
1288 3236 1445 3294 quas
1479 3219 1735 3289 habetis,
1767 3219 1945 3277 liceat

275 3310 452 3368 vobis
494 3310 876 3385 presbyteros
922 3309 1253 3377 nominare,
1329 3323 1550 3382 eosque
1599 3309 1943 3366 dioecesano

277 3399 567 3473 episcopo
594 3403 972 3471 praesentare,
1004 3397 1225 3470 quibus
1256 3399 1303 3454 si
1322 3397 1523 3454 idonei
1549 3397 1786 3465 fuerint,
1820 3397 1944 3470 epi·

279 3503 501 3561 scopus
527 3504 731 3544 curam
761 3488 1103 3544 animarum
1123 3486 1477 3557 committat,
1510 3487 1614 3559 qui
1638 3488 1687 3542 ei
1716 3485 1791 3542 de
1823 3488 1942 3558 spi·

274 3577 612 3645 ritualibus,
658 3577 827 3633 vobis
861 3582 1053 3633 autem
1085 3575 1159 3631 de
1193 3574 1628 3648 temporalibus
1678 3574 1943 3631 debeant

276 3665 663 3739 respondere.
689 3664 1066 3740 sepulturam
1083 3680 1326 3739 quoque
1342 3664 1534 3737 ipsius
1552 3664 1665 3721 loci
1688 3663 1940 3720 liberam

278 3770 406 3813 esse
433 3755 834 3825 decernimus,
884 3758 946 3811 ut
975 3770 1186 3811 eorum
1217 3754 1520 3810 devotioni
1554 3757 1609 3810 et
1657 3758 1941 3809 extremae

277 3843 591 3909 voluntati,
620 3842 724 3916 qui
751 3859 813 3899 se
833 3842 952 3900 illic
971 3842 1204 3916 sepeliri
1230 3842 1709 3909 deliberaverint,
1740 3841 1939 3898 nullus

278 3930 574 4000 obsistat3
609 3930 780 3987 salva
803 3936 1005 3988 tamen
1031 3929 1261 4002 justitia
1291 3930 1530 3988 illarum
1554 3930 1940 3987 ecclesiarum

279 4035 318 4079 a
345 4020 567 4095 quibus
589 4025 963 4077 mortuorum
981 4035 1237 4093 corpora
1255 4023 1669 4076 assumuntur.
1696 4022 1776 4075 Ea
1799 4034 1942 4076 vero

279 4125 416 4184 quie
443 4126 479 4166 a
504 4109 1055 4183 praedecessoribus
1090 4109 1336 4174 nostris,
1373 4109 1598 4179 Sergio,
1619 4110 1867 4175 Joanne,
1886 4113 1943 4165 et

280 4198 620 4256 Alexandro
642 4197 717 4254 de
742 4196 1108 4264 coemeterio,
1132 4197 1223 4254 vel
1241 4197 1317 4254 de
1340 4196 1476 4254 aliis
1503 4198 1754 4270 provida
1775 4197 1942 4254 vobis

281 4291 422 4343 sunt
472 4286 902 4342 deliberatione
961 4301 1271 4352 concessa,
1322 4286 1473 4343 sicut
1528 4288 1588 4343 in
1620 4287 1942 4359 privilegiis

2044 1791 2278 1848 Cosmae
2309 1796 2368 1846 et
2396 1791 2690 1848 Damiani.

2117 1882 2237 1952 Ego
2257 1880 2557 1938 Joflredus
2581 1882 2810 1938 Sanctae
2832 1881 3024 1939 Mariae
3045 1883 3105 1938 in
3121 1882 3225 1939 Via
3248 1882 3392 1939 Lata
3405 1881 3711 1940 diaconus

2046 1969 2393 2026 cardinalis.

2120 2061 2241 2129 Ego
2271 2058 2522 2115 Albinus
2552 2061 2782 2116 Sanctae
2828 2059 3024 2118 Marioe
3052 2063 3227 2118 Novae
3255 2060 3560 2117 diaconus
3591 2075 3716 2116 car·

2046 2146 2291 2203 dinalis.

2119 2237 2331 2293 Datum
2390 2239 2652 2306 Veronae,
2705 2253 2812 2310 per
2869 2254 3117 2294 manum
3174 2238 3441 2308 lingonis
3501 2243 3722 2295 sancto

2050 2328 2334 2382 Romanae
2367 2325 2637 2383 Ecclesiae
2669 2327 2904 2392 notarii,
2956 2329 3222 2384 secundo
3268 2327 3579 2384 Kalendas
3618 2332 3726 2385 Au-

2052 2415 2235 2486 gusti,
2263 2415 2588 2472 indictione
2620 2417 2907 2484 secunda,
2934 2416 3372 2473 incarnationis
3399 2417 3724 2474 Dominicis

2053 2520 2215 2561 anno
2247 2505 2405 2570 1¹84,
2435 2505 2821 2578 pontificatus
2844 2521 2986 2562 vero
3005 2505 3214 2562 domni
3240 2505 3405 2562 Lucii
3437 2521 3622 2579 papie
3649 2507 3714 2562 lll

2054 2610 2217 2652 anuo
2249 2595 2441 2650 tertio.

2800 2684 2974 2740 cmv.

2052 2772 2385 2832 Ecclesiam
2402 2771 2457 2829 S.
2476 2773 2645 2829 Petri
2663 2774 2974 2830 Nessinam
2998 2775 3277 2832 tuendam
3292 2775 3555 2844 suscipit
3580 2776 3724 2844 qius-

2233 2876 2347 2934 que
2369 2863 2755 2932 possessiones
2780 2867 2835 2919 et
2862 2863 3181 2934 privileoia
3208 2864 3559 2933 confimat.

2578 2952 2869 3023 (Veronae,
2902 2954 3053 3024 Aug.
3085 2952 3198 3027 to.)

2298 3040 2508 3117 [Turi.
2544 3042 2692 3097 Αηη.
2736 3042 2801 3098 di
2829 3042 3027 3110 Coma,
3062 3046 3101 3099 t.
3133 3041 3202 3108 11,
3233 3059 3291 3115 p.
3323 3045 3486 3115 8844

2126 3130 2328 3187 Lucius
2373 3131 2716 3203 episcopus,
2752 3146 2959 3188 servus
2991 3147 3306 3189 servorum
3341 3133 3470 3198 Dei,
3504 3132 3726 3190 dilectis

2055 3221 2378 3295 praeposito
2409 3218 2672 3277 ecclesiae
2721 3221 2776 3277 S.
2811 3221 2958 3277 Petri
3006 3221 3082 3276 de
3109 3222 3292 3277 Nessii
3331 3221 3593 3296 ejusque
3624 3222 3728 3278 fra·

2054 3308 2276 3374 tribua.
2326 3314 2448 3365 tam
2497 3309 2897 3380 praesentibus
2926 3324 3109 3383 quam
3144 3309 3381 3376 tuturis,
3437 3310 3724 3368 canonice

2053 3397 2511 3465 substituendis,
2547 3397 2606 3453 in
2638 3403 3017 3471 perpetuum.

2126 3488 2369 3553 Quoties
2418 3486 2566 3545 illud
2627 3503 2664 3544 a
2720 3487 2896 3544 nobis
2940 3489 3179 3560 petitur,
3221 3487 3391 3561 quod
3425 3489 3650 3547 rationi
3676 3493 3729 3546 et

2050 3576 2348 3633 honestati
2381 3576 2700 3632 convenire
2730 3577 2979 3643 videtur,
3034 3578 3239 3635 animo
3289 3593 3403 3634 nos
3435 3579 3615 3637 decet
3666 3579 3726 3636 li·

2052 3665 2212 3722 benti
2238 3665 2567 3721 concedere
2591 3671 2647 3721 et
2677 3666 3007 3738 petentium
3032 3665 3351 3723 desideriis
3384 3682 3724 3741 congruum

2051 3753 2408 3826 suffragium
2437 3755 2744 3828 impertiri.
2778 3758 3120 3828 Eapropter,
3148 3756 3344 3813 dilecti
3388 3758 3453 3814 in
3481 3759 3723 3814 Domina

2051 3843 2175 3913 filii,
2198 3843 2407 3900 vestris
2417 3844 2595 3917 justis
2618 3843 3127 3916 postulationibus
3156 3844 3494 3903 clementer
3516 3847 3722 3904 annui·

2051 3949 2187 3989 mus
2218 3939 2273 3990 et
2296 3932 2608 4004 praelatam
2632 3934 2950 3991 ecclesiam
2981 3936 3037 3992 S.
3067 3935 3239 4002 Petri,
3273 3936 3333 3991 in
3368 3951 3500 4009 qna
3520 3935 3718 3993 divino

2051 4021 2378 4095 mancipati
2401 4022 2543 4077 estis
2569 4022 2889 4094 obsequio,
2917 4022 3034 4079 sub
3052 4023 3209 4080 beati
3242 4024 3400 4081 Petri
3431 4033 3491 4081 et
3523 4031 3719 4083 nostre

2049 4112 2422 4183 protectione
2459 4110 2823 4183 suscipimus
2855 4116 2912 4169 et
2941 4114 3253 4185 praesentis
3286 4114 3497 4187 scripti
3534 4122 3720 4188 patro·

2050 4199 2206 4256 cinio
2228 4200 2694 4256 communimus.
2721 4202 3054 4258 Statuentes
3075 4207 3137 4257 ut
3157 4216 3574 4277 quascunque
3595 4219 3719 4277 pos·

2049 4288 2366 4355 sessiones,
2406 4304 2783 4362 quaecunque
2810 4289 2971 4346 bona
3008 4289 3223 4346 eadem
3264 4289 3532 4349 ecclesia
3571 4292 3716 4365 juste

284 4389 497 4434 eorum
524 4374 881 4441 continetur,
907 4374 1133 4432 illibata
1163 4375 1238 4431 de
1286 4381 1506 4433 coetero
1534 4392 1779 4433 manere
1809 4392 1943 4433 cen·
1973 4410 2020 4467 D
2052 4382 2108 4435 et
2140 4379 2428 4436 canonice
2467 4378 2751 4449 possidet,
2792 4382 2897 4434 aut
2924 4378 2984 4434 in
3015 4376 3284 4435 futurum
3322 4383 3716 4438 concessione

286 4479 511 4523 semus.

353 4553 740 4611 Decernimus
760 4568 904 4625 ergo
935 4557 998 4610 ut
1051 4553 1197 4611 nulli
1240 4554 1491 4612 omnino
1519 4554 1835 4612 hominum
1873 4555 1939 4612 li-

285 4648 416 4702 ceat
434 4642 754 4716 praefatum
778 4644 1210 4701 monasterium
1227 4649 1447 4700 temere
1469 4644 1819 4717 perturbare
1839 4650 1943 4703 aut

282 4734 413 4806 ejus
435 4731 852 4804 possessiones
875 4732 1129 4803 auferre,
1161 4733 1252 4789 vel
1277 4732 1508 4790 ablatas
1533 4734 1803 4801 retinere,
1833 4735 1937 4791 mi·

280 4836 487 4892 nuere,
527 4837 632 4878 seu
667 4820 1035 4894 quibuslibet
1074 4821 1490 4879 vexationibus
1529 4821 1800 4893 fatigare,
1833 4822 1938 4878 sed

280 4910 489 4971 omnia
512 4911 744 4982 integra
764 4915 822 4967 et
842 4909 1072 4970 illibata
1095 4916 1541 4980 conserventur,
1574 4926 1802 4978 eorum,
1829 4925 1939 4984 pro

279 5015 542 5075 quorum
590 4997 1024 5070 gubernatione
1054 5015 1124 5056 ac
1177 5001 1606 5057 sustentatione
1651 5016 1941 5058 concessa

284 5092 445 5155 sunt,
492 5087 705 5146 usibus
753 5089 1121 5148 omnimodis
1168 5090 1500 5164 profutura,
1555 5089 1723 5145 salva
1777 5091 1937 5147 sedis

283 5179 630 5252 apostolicas
647 5180 1017 5247 auctoritate,
1040 5184 1097 5237 et
1115 5178 1438 5236 dioecesani
1466 5179 1727 5251 episcopi
1761 5195 1939 5237 cano·

282 5268 678 5342 nicajustiua.
714 5268 769 5327 Si
796 5286 918 5344 qua
948 5269 1129 5344 igitur
1156 5270 1212 5326 in
1245 5269 1508 5326 futurum
1541 5269 1941 5336 ecclesiastica

284 5357 660 5416 saecularisve
687 5374 970 5434 persona,
1004 5364 1116 5417 etc.

242 5505 261 5520 ,
354 5443 473 5518 Ego
529 5447 746 5506 Lucius
776 5449 1085 5508 catholicas
1118 5448 1391 5508 Ecclesiae
1420 5448 1741 5528 episcopus
1792 5449 1939 5508 sub·

289 5529 525 5605 scripsi.

2053 4465 2424 4541 pontificum,
2454 4467 2768 4539 largitione
2792 4482 3005 4539 regum
3034 4466 3120 4524 vel
3151 4469 3533 4541 principum.
3563 4470 3714 4528 obla·

2053 4558 2210 4614 tione
2239 4556 2528 4621 fidelium,
2578 4572 2685 4612 seu
2727 4556 2859 4613 aliis
2897 4557 3071 4629 justis
3119 4557 3343 4628 modis,
3395 4565 3714 4631 praestante

2052 4645 2327 4711 Domin0,
2368 4646 2584 4717 poterit
2625 4645 2894 4717 adipisci,
2947 4645 3126 4702 firma
3175 4646 3348 4703 vobis
3386 4650 3713 4723 vestrisque

2050 4735 2492 4793 successoribus
2511 4733 2808 4793 etillibata
2822 4741 3238 4809 permaneant.
3261 4737 3581 4809 inquibus
3599 4739 3713 4796 hee

2049 4824 2304 4899 propriis
2333 4823 2617 4880 duximus
2645 4825 3037 4896 exprimenda
3074 4824 3387 4881 vocabulis
3414 4844 3430 4879 t

2122 4914 2343 4970 Locum
2370 4912 2573 4985 ipsum
2606 4913 2662 4968 in
2690 4929 2814 4987 quo
2846 4913 3096 4970 ecclesia
3129 4922 3473 4972 memorata
3500 4917 3618 4974 sita
3639 4920 3716 4973 est

2049 5019 2188 5061 cum
2218 5001 2499 5059 omnibus
2531 5002 2905 5073 adJacentiis‚
2937 5018 3074 5076 quse
3109 5002 3185 5057 ad
3218 5005 3514 5061 eamdem
3545 5004 3713 5063 eccle·

2050 5093 2201 5150 siam
2229 5091 2540 5164 pertinent.
2574 5093 2652 5147 Ex
2681 5091 2845 5147 dono
2876 5099 2929 5146 et
2958 5092 3306 5148 coeessione
3327 5093 3390 5148 Β.
3419 5092 3714 5152 Cumanni

2051 5182 2316 5255 episcopi
2329 5186 2609 5254 quartam
2624 5186 2854 5253 partem
2874 5180 3289 5237 decimationis
3304 5181 3597 5254 ejusdem
3610 5184 3715 5257 ple·

2052 5272 2144 5329 bis
2182 5277 2409 5329 vestrae.
2457 5274 2727 5327 Runcum
2775 5273 2830 5327 S.
2874 5271 3116 5328 Joannis
3162 5270 3237 5327 de
3271 5270 3497 5343 Domo,
3540 5289 3710 5347 quem

2055 5360 2392 5433 Stephanus
2421 5359 2903 5433 archipresbyter
2930 5358 3257 5416 excolebat.
3288 5360 3526 5420 Silvam
3559 5364 3717 5420 insu·

2052 5450 2278 5514 lanam.
2311 5466 2497 5524 quam
2527 5456 2894 5507 memoratus
2931 5448 3254 5521 episcopus
3285 5458 3550 5510 emerat.
3585 5453 3715 5510 Ora·

2054 5540 2209 5601 toria
2236 5540 2337 5598 SS-
2384 5538 2632 5599 Victoris
2659 5543 2716 5598 et
2754 5537 2985 5597 Nazarii
3016 5537 3097 5597 de
3118 5537 3382 5602 menno
3415 5553 3716 5603 ennom·
