3784 6000
1322 178 1750 244 GUILLELUI
1790 177 2188 246 TYRENSIS
2230 183 2596 252 Attumne.

249 326 617 387 sarius.Nam
645 327 1020 399 praecursoris
1062 329 1300 386 functus
1326 331 1539 402 otflcio,
1559 332 1891 390 auditorum
1921 313 1978 383 Α
2001 330 2133 373 3οΜ
2157 317 2470 377 dilectionis
2481 322 2861 393 Pt'aemttssflu
2884 324 3096 381 ssfflssm
3121 326 3202 382 α
3228 338 3356 383 ⁰⁶⁸⁸
3377 324 3663 404 m

252 421 475 477 mentes
524 419 597 476 ad
655 417 1039 475 obediendum
1080 426 1516 492 properaverat,
1565 427 1632 479 ut
1669 422 1901 480 facilius

251 507 406 565 idem
439 509 787 580 persuadere
814 508 1038 577 volens,
1068 508 1354 566 obtineret
1401 512 1787 584 propositum,
1838 514 1900 569 et

251 596 652 655 universorum
685 596 916 654 animos
957 597 1030 654 ad
1089 613 1153 654 se
1201 600 1676 670 compendiosius
1722 599 1893 656 incli-

250 693 436 745 naret.

863 793 1097 852 CAPUT
1137 794 1293 853 xw.

246 883 322 941 De
350 884 607 958 inpressu
648 884 862 942 domini
918 885 1126 942 Urbani
1214 900 1337 956 apae
1388 885 1460 942 ad
1504 893 1685 958 partes
1740 886 1893 943 ultra

296 961 607 1026 montanas,
639 965 690 1013 et
717 956 924 1029 synodo
949 956 1096 1027 apud
1129 956 1168 1011 C
1193 963 1597 1015 arummontem
1636 957 1843 1014 habita.

314 1048 478 1101 Anno
509 1044 685 1115 igitur
704 1044 778 1100 ab
809 1044 1213 1100 lucarnatione
1243 1044 1474 1100 Domini
1527 1044 1686 1111 1095,
1736 1044 1890 1100 indi·

243 1132 434 1189 ctione
452 1149 530 1202 ιν,
562 1136 840 1205 regnante
859 1132 1094 1190 domino
1128 1133 1370 1189 ilenrico
1400 1138 1627 1206 quarto,
1680 1134 1891 1190 Teuto-

244 1220 510 1278 nicorum
541 1238 695 1294 rege,
727 1227 784 1279 et
814 1222 1018 1279 eodem
1068 1221 1461 1280 Romanorum
1517 1224 1888 1295 imperatore,

241 1326 395 1368 anno
434 1312 598 1386 regui
627 1311 753 1383 ejus
782 1312 1224 1386 quadragesimo
1256 1313 1442 1384 tertio,
1473 1312 1703 1386 imperii
1752 1328 1887 1371 vero

239 1400 616 1458 duodecimo:
637 1401 850 1458 illustri
867 1417 1103 1474 quoque
1126 1402 1479 1460 Francorum
1493 1418 1629 1476 rege
1646 1403 1884 1461 domino

239 1489 528 1563 Philippo,
553 1490 782 1548 Henrici
821 1490 964 1560 fillo,
1011 1496 1291 1564 regnante
1321 1491 1383 1549 in
1434 1492 1694 1560 Francia,
1738 1509 1883 1565 prae·

237 1579 432 1637 dictus
444 1581 719 1639 dominns
731 1581 1024 1648 Urbanus,
1045 1580 1249 1639 videns
1265 1581 1567 1639 hominum
1591 1581 1879 1639 malitiam

2010 406 2134 474 illa,
2164 408 2312 480 quod
2337 425 2459 466 eam
2481 410 2632 468 orbis
2660 418 2895 484 partem,
2925 414 3038 470 imo
3087 412 3448 487 partiendam,
3497 417 3671 477 ἡκκ-

2008 495 2240 554 (litatem
2281 514 2439 557 suam
2486 500 2747 573 dionalus
2781 509 2865 560 est
2906 503 3212 576 appellare,
3243 521 3372 563 cum
3413 507 3548 580 ejus
3593 511 3670 568 uit

2006 585 2200 641 omnis
2231 589 2387 644 terra
2415 594 2472 645 et
2500 589 2805 662 plenitudo
2824 591 2955 663 ejus
3000 592 3129 666 (isa.
3169 608 3364 666 xxxiv,
3397 597 3474 669 1).
3516 598 3667 656 Unde

2004 689 2102 746 per
2128 676 2337 732 isaiam
2364 679 2446 734 ait
2472 694 2493 734 .·
2528 677 2848 737 Hoereditas
2880 696 3009 738 mea
3029 682 3208 739 Israel
3231 681 3364 755 (Isa.
3379 701 3503 757 ιιι,
3529 687 3660 760 25);

2003 766 2055 816 el
2084 764 2218 819 item
2240 780 2260 819 .·
2290 763 2474 822 Vinea
2504 766 2730 823 domini
2777 768 3052 839 Sabaoth,
3086 771 3297 828 domus
3340 773 3524 831 Isracl
3575 779 3664 833 est

2005 850 2131 918 (lsa.
2162 867 2218 920 v,
2248 853 2325 922 7).
2383 855 2450 909 Et
2505 855 2628 912 lieet
2672 860 2863 924 totam,
2911 859 2975 914 in
3023 864 3248 929 partem
3291 864 3657 936 praecipuam,

2000 938 2110 994 sibi
2137 941 2467 999 dedicaverit
2486 943 2554 999 ab
2604 945 2793 1016 initio,
2852 947 3197 1018 peculiarius
3237 956 3425 1008 tamen
3467 953 3657 1012 Urbem

1999 1033 2251 1086 sanctam
2298 1031 2409 1088 sibi
2464 1034 2753 1106 adoptavit
2797 1037 2858 1091 in
2892 1040 3199 1110 propriam,
3243 1043 3480 1098 testante
3523 1044 3656 1101 Pro·

1999 1117 2188 1189 pheta,
2217 1121 2315 1190 qui
2334 1123 2413 1176 ait
2439 1140 2458 1175 .·
2489 1123 2691 1195 Diligit
2735 1123 3022 1183 Dominus
3053 1132 3250 1200 portas
3285 1128 3431 1188 Sion
3479 1147 3657 1205 super

1999 1209 2199 1264 omnia
2227 1209 2605 1268 tabernacula
2630 1210 2812 1270 Jacob
2842 1214 3016 1284 (Psal.
3056 1231 3279 1288 uxxvt,
3309 1219 3387 1291 1).
3437 1219 3515 1278 De
3549 1238 3658 1295 qua

1996 1296 2235 1366 oloriosa
2265 1297 2545 1371 dicuntur,
2575 1301 2987 1377 videlicetquod
3015 1308 3159 1364 inea
3194 1307 3412 1378 docens,
3430 1326 3652 1384 panus,

1995 1390 2047 1442 et
2076 1402 2371 1457 resuroens
2399 1389 2670 1459 Salvator,
2690 1392 2926 1450 salutem
2953 1400 3217 1467 operatus
3262 1401 3346 1455 est
3365 1401 3430 1457 in
3473 1401 3653 1461 medio

1996 1479 2207 1535 terrae:
2235 1478 2309 1534 ad
2337 1477 2436 1535 hoc
2461 1496 2496 1535 a
2524 1482 2745 1538 saeculis
2760 1484 3080 1555 praeelecta,
3101 1489 3166 1542 ut
3192 1491 3478 1545 tanurum
3508 1495 3654 1549 esset

1991 1569 2227 1634 conscia,
2259 1575 2314 1623 et
2335 1569 2476 1624 cella
2522 1570 2829 1639 familiaris
2873 1575 3281 1645 mysteriorum.
3310 1577 3504 1635 Electa
3554 1581 3650 1636 ni·

236 1670 479 1727 modum
508 1670 815 1740 excesisse,
846 1675 902 1727 et
923 1676 1131 1728 cuncta
1174 1671 1311 1729 ferri
1377 1671 1676 1739 deorsum,
1710 1671 1879 1744 quasi
1916 1685 1962 1752 B
1990 1655 2198 1712 mirum
2229 1674 2249 1712 ·'
2278 1658 2418 1728 91*θᾶ
2447 1661 2562 1730 ‘'1²⁸ss
2583 1661 2687 1730 {1¹¹5
2703 1661 2889 1732 θῑθθῑῑ»
2933 1667 3182 1734 leuatur,
3211 1665 3401 1724 dicent
3424 1681 3448 1723 .·
3476 1667 3548 1724 Et
3575 1669 3649 1727 de

233 1759 305 1814 ad
340 1759 556 1817 malum
591 1776 794 1833 prona,
827 1760 1284 1831 postcommum
1315 1761 1472 1834 quod
1501 1777 1572 1816 ex
1610 1759 1881 1817 universa
1993 1745 2354 1803 Hierusalem
2380 1748 2612 1805 civitate
2641 1766 2818 1822 quam
2836 1751 3004 1822 elegi3
3028 1753 3214 1810 veniet
3240 1755 3403 1812 vobis
3432 1756 3646 1815 Salva-

233 1846 418 1917 Italia,
452 1849 523 1905 ad
555 1850 934 1922 corrigendos
953 1866 1224 1907 excessus
1257 1850 1559 1907 bominum
1604 1866 1877 1907 necessa-

233 1936 383 1993 rium
413 1935 600 2006 valde,
634 1940 786 2011 apud
819 1940 1173 1996 Placentiam
1206 1939 1614 2006 celebraverat,
1638 1939 1877 2010 impeta·

233 2024 371 2083 toris
403 2028 661 2099 praedicti
691 2028 1154 2101 indignationem
1187 2029 1436 2101 fugiens,
1468 2029 1770 2085 discedens
1801 2029 1876 2084 ab

231 2114 415 2186 ltalia,
450 2117 627 2184 Alpes
670 2121 1058 2186 transcendit,
1118 2135 1361 2192 regnum
1392 2119 1745 2176 Francorum
1782 2119 1873 2175 in-

225 2219 488 2278 gressus.
522 2206 628 2263 Ubi
660 2207 880 2275 videns,
912 2209 1064 2266 sicut
1093 2214 1148 2265 ct
1178 2209 1343 2280 prius
1372 2209 1656 2277 audierat,
1680 2208 1876 2266 divina

226 2294 449 2365 passim
496 2295 824 2353 conculcari
883 2298 1127 2366 monita,
1187 2297 1513 2353 doctrinam
1574 2296 1870 2369 Evangelii

222 2382 477 2453 sordere,
509 2384 683 2441 iidem
715 2385 973 2457 periisse,
1004 2387 1346 2444 charitatem
1369 2390 1427 2444 et
1453 2401 1682 2443 omnem
1716 2387 1871 2458 peri-

223 2468 409 2525 clitari
430 2470 735 2543 virtutem3
785 2475 1099 2532 econtrario
1152 2479 1347 2531 autem
1405 2475 1653 2531 adversae
1703 2479 1869 2548 potc-

222 2558 389 2615 statis
418 2563 475 2616 et
496 2562 778 2635 principis
808 2563 1180 2619 tenebrarum
1203 2563 1376 2635 longo
1422 2563 1648 2634 lateque
1688 2562 1868 2619 nimis

218 2652 415 2718 patere
445 2647 753 2724 imperium
790 2669 803 2708 :
837 2652 1047 2708 anxius
1078 2651 1668 2723 plurimum,sicutex
1689 2651 1865 2709 officii

218 2734 411 2794 debito
441 2740 767 2810 tenebatur,
799 2742 1086 2812 quomodo
1116 2744 1199 2796 tot
1232 2740 1504 2798 vitiorum
1562 2742 1863 2811 monstris,-

215 2828 299 2881 tot
330 2832 698 2900 pcccatorum
731 2830 1010 2901 prodigiis
1050 2832 1247 2901 posset
1275 2844 1590 2896 occurrere,
1623 2845 1753 2900 quae
1784 2830 1865 2886 ita

215 2913 625 2975 miserabiliter
665 2917 1056 2991 pullulabant,
1117 2922 1174 2974 et
1238 2918 1437 2974 orbem
1507 2918 1866 2975 involverant

213 3007 547 3067 universum
577 3010 888 3068 concilium
921 3009 1211 3083 gencrale,
1235 3011 1398 3084 prius
1427 3013 1579 3083 apud
1631 3010 1862 3082 Vigilia-

212 3112 370 3167 cum,
402 3097 611 3155 deinde
648 3100 804 3172 apud
860 3099 1129 3167 Pedium,
1174 3117 1487 3157 convocare
1549 3100 1857 3173 disposuit.

212 3185 324 3242 Sed
357 3187 675 3245 novissime
706 3188 863 3261 apud
892 3188 1385 3246 clarummontem
1417 3188 1696 3245 Alverniae
1727 3189 1862 3245 civi-

213 3276 414 3346 tatem,
440 3276 636 3334 divina
666 3278 877 3335 comite
907 3279 1116 3350 gratia,
1140 3295 1207 3336 ex
1240 3277 1524 3335 universis
1541 3277 1858 3350 transalpi-

212 3380 421 3422 narum
453 3368 720 3440 partibus
769 3369 1222 3440 provinciarum,
1264 3384 1464 3425 mense
1509 3367 1854 3436 Novembre,

205 3454 614 3529 episcoporum
647 3461 704 3514 et
734 3458 1011 3514 abbatum
1042 3457 1313 3515 convenit
1334 3473 1495 3514 sacer
1517 3461 1856 3525 conventus,

203 3542 263 3599 in
286 3544 525 3602 nomine
548 3545 798 3617 Domini,
822 3549 1211 3619 praesentibus
1251 3546 1423 3605 etiam
1446 3546 1854 3619 pra-dictarum

202 3635 458 3705 partium
509 3635 808 3695 nonnullis
841 3635 1225 3710 principibus.
1257 3636 1390 3706 Ubi,
1448 3636 1732 3693 ordinatis
1783 3635 1854 3692 de

202 3722 578 3796 praelatorum
600 3725 870 3784 Ecclesiae
900 3733 957 3783 et
995 3728 1253 3783 virorum
1280 3727 1462 3784 Deum
1520 3724 1850 3781 timentium

198 3810 441 3871 consilio
471 3813 961 3883 institutionibus,
986 3832 1113 3888 ques
1133 3816 1206 3872 ad
1237 3815 1574 3887 erigendum
1605 3812 1854 3872 labentis

198 3901 468 3960 Ecclesiae
502 3908 722 3962 statum
753 3905 1098 3963 videbantur
1132 3905 1436 3978 respicere,
1487 3908 1545 3961 et
1590 3903 1851 3977 promul-

194 3990 343 4061 gatis
374 3992 719 4063 canonibus,
768 3994 869 4066 qui
917 3995 990 4051 ad
1043 4010 1272 4052 morum
1318 3994 1755 4051 aedificationem
1792 4000 1849 4051 et

193 4078 599 4152 corrigendam
621 4080 967 4139 delictorum
998 4084 1407 4141 enormitatem
1430 4088 1697 4157 poterant
1717 4101 1847 4157 pro-

192 4167 364 4225 sscere
397 4187 413 4238 ς
446 4172 503 4225 et
533 4170 634 4241 qui
665 4187 890 4242 pacem,
934 4178 1280 4243 suggerente
1338 4174 1506 4229 Petro
1563 4174 1840 4242 Bremita,

192 4272 319 4327 quae
351 4255 423 4311 de
454 4258 628 4313 rebus
660 4258 930 4331 perierat,
962 4262 1362 4330 reformarent,
1395 4261 1495 4332 qni
1527 4261 1699 4318 verbo
1724 4262 1838 4319 sibi

189 4343 457 4417 injuncto
476 4344 728 4403 debitam
753 4347 993 4419 gerebat
1008 4347 1498 4418 sollicitudinem;
1524 4350 1838 4408 novissime

187 4432 260 4489 ad
292 4432 445 4490 banc
472 4432 934 4492 exhortationem
958 4451 1020 4492 se
1050 4437 1357 4507 convertit,
1385 4438 1586 4494 dicens
1618 4455 1632 4496 :

827 4544 1058 4602 CAPUT
1097 4543 1213 4600 XV.

181 4633 512 4693 Exhortatio
540 4634 756 4693 domini
780 4634 1367 4779 paogffiffitrlliffipaulum,
1421 4650 1521 4710 pro
1571 4637 1661 4693 via
1707 4639 1835 4696 Hie·

1989 1836 2098 1891 tor.
2134 1836 2305 1904 Quam
2334 1839 2437 1894 etsi
2462 1842 2697 1910 peccatis
2726 1840 3164 1898 inhabitantium
3185 1844 3242 1900 id
3268 1847 3641 1916 exipentibus,

1976 1929 2134 1997 justo
2157 1928 2371 1996 jndicio
2400 1945 2497 1985 suo
2543 1929 2605 1985 in
2652 1948 2852 1988 manus
2899 1935 3203 2004 impiorum
3245 1938 3448 2008 saepius
3495 1938 3643 1995 tradi

1981 2019 2298 2088 permiserit
2322 2018 2481 2086 Deus,
2513 2022 2563 2074 et
2582 2020 2741 2077 duroe
2761 2021 2965 2091 jnoum
2988 2023 3277 2079 sert-itatis
3314 2026 3385 2082 ad
3422 2031 3641 2099 tempus

1984 2119 2106 2160 eam
2144 2105 2418 2163 sustinere
2455 2123 2652 2179 passus
2696 2109 2809 2173 sit,·
2863 2127 2974 2167 non
3012 2119 3198 2169 tamen
3243 2113 3638 2173 arbitrandum

1983 2204 2076 2262 est,
2108 2196 2249 2268 quod
2273 2213 2394 2253 eam
2422 2197 2584 2271 quasi
2626 2216 2659 2254 a
2688 2215 2748 2255 se
2797 2201 3143 2272 repudiatam
3180 2203 3460 2273 abiecerit.
3498 2205 3638 2264 Cum

1982 2287 2244 2357 scriptam
2274 2288 2387 2340 sit:
2434 2287 2708 2359 Flagellat
2746 2288 2903 2344 Deus
2933 2305 3168 2348 omnem
3219 2292 3410 2349 tilium
3459 2308 3636 2366 quem

1984 2375 2186 2447 recipit
2216 2376 2399 2448 (ttcbr.
2433 2393 2531 2442 ιιι,
2563 2379 2618 2447 6)
2645 2401 2658 2446 ;
2687 2378 2780 2434 illi
2807 2395 2931 2436 vero
2951 2380 3290 2438 thesaurizat
3320 2384 3486 2446 iram.
3537 2385 3639 2442 cui

1980 2464 2114 2520 dicit
2145 2482 2163 2519 :
2196 2467 2450 2522 Recessit
2481 2465 2639 2523 zelus
2671 2483 2836 2524 mens
2864 2487 2895 2524 a
2927 2476 3005 2536 te,
3033 2473 3153 2542 jam
3197 2471 3451 2544 amplius
3506 2490 3629 2533 non

1980 2554 2199 2610 irascar
2230 2555 2333 2610 tibi
2361 2555 2578 2627 (Eucti.
2617 2573 2732 2624 xv1,
2761 2558 2875 2629 ⁴2).
2910 2559 3104 2628 Diliyit
3159 2575 3284 2632 cryo
3331 2575 3475 2632 eam,
3524 2579 3633 2620 nec

1977 2644 2210 2714 intepuit
2237 2659 2374 2714 erqa
2404 2660 2525 2700 eam
2560 2644 2875 2702 dilectionis
2910 2650 3115 2718 lervor,
3147 2652 3239 2705 cui
3288 2649 3468 2706 dicit:
3499 2652 3633 2710 Eris

1975 2748 2186 2788 corona
2216 2733 2412 2804 gloriae
2446 2734 2502 2789 in
2542 2751 2712 2790 manu
2748 2737 3000 2805 Domini,
3054 2742 3112 2794 et
3159 2739 3430 2797 diadema
3460 2743 3629 2816 regni

1972 2821 2028 2876 in
2065 2839 2241 2878 manu
2259 2823 2358 2879 Dei
2389 2823 2472 2878 tui
2492 2840 2505 2890 ;
2526 2832 2577 2879 et
2595 2841 2710 2880 non
2741 2827 3040 2883 vocaberis
3058 2827 3312 2899 amplius
3335 2829 3625 2900 desolata,

1970 2911 2073 2966 sed
2105 2911 2404 2968 vocaberis
2435 2912 2701 2969 voluntas
2734 2930 2863 2970 mea
2886 2915 2947 2971 in
2977 2931 3067 2983 ea,
3099 2917 3238 2988 quia
3266 2920 3628 2990 complacuit

1974 2999 2221 3058 Domino
2252 3004 2309 3058 in
2342 3007 2397 3058 te
2433 3004 2562 3074 (Isa.
2598 3019 2730 3069 cxii,
2784 3004 2861 3076 3).
2905 3007 3030 3063 Hoec
3049 3008 3225 3078 iqitur
3267 3008 3469 3065 salutis
3511 3027 3588 3069 no

1972 3094 2105 3148 strae
2126 3092 2480 3149 incunabula.
2504 3092 2729 3150 Domini
2753 3097 3018 3167 patriam,
3049 3096 3337 3167 reliqionis
3361 3102 3620 3171 matrem,

1968 3181 2205 3254 populus
2228 3182 2430 3253 absque
2453 3182 2575 3250 Deo,
2598 3183 2822 3240 ancillae
2848 3183 3002 3255 filius
3040 3187 3343 3258 AEyyptioe,
3382 3190 3622 3259 possidet

1970 3271 2283 3333 violenter:
2328 3276 2615 3345 captivatis
2681 3274 2870 3331 liberae
2926 3275 3083 3345 filiis,
3130 3280 3405 3335 extremas
3441 3281 3621 3352 impo-

1969 3360 2054 3417 nit
2080 3360 2435 3429 conditiones,
2458 3362 2649 3433 quibus
2679 3378 2832 3419 versa
2850 3365 2966 3420 vice
2990 3367 3187 3422 merito
3224 3368 3434 3423 servire
3472 3376 3618 3426 tene·

1968 3450 2147 3506 batur.
2181 3450 2284 3507 Sed
2312 3452 2445 3523 quid
2473 3454 2733 3522 scriptum
2754 3455 2879 3509 est?
2898 3453 3054 3524 Eiice
3083 3454 3381 3523 ancillam,
3430 3460 3491 3513 et
3540 3457 3618 3513 ss-

1968 3538 2110 3596 lium
2139 3541 2267 3613 ejus
2294 3539 2447 3613 (Gen.
2479 3556 2596 3612 xxi,
2631 3542 2739 3613 10).
2790 3541 3222 3600 Sarrae-enorum
3280 3547 3427 3599 enim
3478 3561 3615 3618 pens

1964 3627 2161 3700 impia,
2198 3638 2249 3686 et
2304 3630 2715 3685 mundanarum
2752 3634 3015 3688 set-latria:
3059 3632 3449 3702 traditionum,
3492 3635 3614 3692 loca

1959 3722 2172 3787 sancta,
2204 3720 2261 3775 in
2291 3718 2489 3790 quibus
2516 3728 2781 3776 steterunt
2808 3720 2965 3794 pedes
2986 3722 3223 3791 Domini,
3245 3723 3357 3790 iam
3386 3741 3422 3781 a
3451 3726 3613 3781 mul-

1962 3808 2032 3863 tis
2062 3818 2208 3864 retro
2232 3808 2565 3880 temporibus
2595 3811 2858 3867 violentia
2872 3814 3076 3883 premit
3103 3812 3421 3886 tyrannide,
3464 3815 3608 3870 sub-

1958 3899 2098 3954 actis
2132 3896 2381 3968 fidelibus
2433 3905 2487 3955 et
2534 3898 2594 3954 in
2648 3900 2966 3957 servitutem
3020 3900 3310 3958 damnatis.
3358 3902 3613 3972 lauressi

1955 3991 2086 4042 sunt
2113 4003 2276 4043 canes
2307 3989 2368 4042 in
2398 3988 2620 4055 Sancta,
2648 3990 3007 4061 profanatum
3054 3996 3134 4047 est
3180 3992 3607 4057 sanctuarium:

1953 4076 2282 4134 humiliatus
2309 4085 2387 4133 est
2403 4077 2581 4132 cultor
2604 4077 2709 4134 Dei
2761 4080 3000 4150 populus
3027 4095 3048 4142 .·
3079 4078 3341 4151 anyarias
3384 4081 3609 4154 patitur

1951 4166 2207 4239 indiynas
2222 4182 2391 4239 qenus
2410 4167 2643 4224 electum
2666 4182 2690 4233 ,·
2718 4167 2883 4224 servit
2912 4172 2969 4223 in
2996 4169 3107 4225 luto
3137 4176 3187 4225 et
3219 4170 3391 4226 latere
3414 4174 3607 4244 reqale

1950 4258 2318 4315 sacerdotium
2339 4274 2361 4320 .·
2375 4260 2632 4330 princeps
2672 4260 3109 4329 provinciarum,
3161 4262 3307 4331 facta
3359 4270 3441 4317 est
3492 4262 3604 4321 sub

1951 4348 2179 4415 tributo,
2208 4346 2407 4405 civitas
2425 4348 2545 4403 Dei.
2582 4347 2745 4419 Cttjus
2775 4363 2884 4405 non
2910 4349 3366 4421 liquefiatanima
3392 4352 3603 4425 tcujus

1947 4454 2057 4496 non
2089 4440 2375 4496 tabescant
2405 4437 2730 4511 praecordia,
2779 4440 2866 4495 tiis
2892 4438 2964 4494 ad
2998 4440 3252 4496 animum
3290 4456 3603 4501 recurren-

1950 4528 2095 4584 tibus
2123 4531 2153 4583 ?
2181 4528 2311 4597 Quis
2339 4526 2459 4585 haec
2478 4527 2637 4584 siccis
2669 4528 2843 4585 oculis
2889 4528 3084 4586 audire
3135 4534 3329 4601 potest,
3371 4533 3599 4601 'tratres

1945 4616 2316 4675 charissimi?
2347 4617 2621 4689 Templum
2672 4618 2906 4690 Domini,
2962 4619 3028 4676 de
3071 4636 3178 4691 quo
3222 4618 3416 4676 zelans
3480 4624 3595 4680 Do-

1943 4709 2130 4763 minus
2151 4706 2447 4762 vendentes
2476 4707 2634 4778 ejecit
2660 4715 2711 4763 et
2738 4715 2999 4776 ementes,
3056 4724 3126 4764 ne
3171 4707 3363 4764 domus
3399 4709 3594 4768 Patris

248 4797 444 4861 Nostis,
503 4801 708 4866 fratres
751 4796 1117 4865 dilectissimi,
1178 4802 1230 4852 et
1276 4802 1510 4853 vestram
1561 4814 1718 4855 nosse
1774 4800 1832 4857 id
1942 4797 2059 4869 ejus
2094 4797 2246 4865 fieret
2299 4796 2553 4867 spelunca
2613 4797 2893 4853 latronum
2925 4799 3138 4870 (Matlh.
3189 4798 3329 4871 ιιι),
3377 4800 3591 4870 sactum

178 4886 398 4959 expedit
426 4887 776 4957 charitatem,
809 4886 1072 4960 quomodo
1094 4887 1329 4942 humani
1345 4889 1557 4958 qeneris
1588 4888 1831 4961 Repara—
1939 4890 2015 4943 est
2044 4885 2191 4941 sedes
2220 4884 2631 4943 daemoniorum.
2666 4887 2723 4943 ld
2751 4890 2940 4958 ipsum
2967 4887 3121 4944 enim
3140 4897 3193 4944 et
3222 4887 3589 4949 flathalhiam

179 4983 285 5044 tor,
314 4990 414 5048 pro
439 4982 632 5033 nostra
663 4980 914 5034 omnium
942 4978 1119 5034 salute
1147 4991 1373 5033 carnem
1422 4991 1724 5050 assumens,
1778 4991 1830 5041 et
1937 4975 2269 5033 sacerdotem
2316 4992 2576 5046 mapnnm
2635 4982 2952 5034 sanctorum
3004 4980 3419 5050 propenilorem
3464 4980 3585 5039 tta-

177 5067 335 5123 homo
356 5067 501 5122 inter
529 5064 776 5122 homines
794 5074 1172 5127 conversatus.
1202 5070 1407 5123 terram
1426 5070 1821 5142 promissionis,
1936 5066 2301 5132 chabaeorum,
2358 5064 2427 5122 ad
2496 5067 2676 5122 zelum
2757 5067 3004 5124 accendit
3062 5067 3582 5143 commendabilem,

175 5172 341 5228 quam
369 5153 585 5228 pridem
611 5155 863 5227 patribus
891 5154 1490 5227 promiserat,propria
1520 5159 1823 5217 illustravit
1930 5158 2074 5213 sicut
2105 5158 2223 5229 ipse
2249 5160 2498 5223 testatur,
2527 5155 2710 5212 dicens
2736 5176 2751 5209 .·
2789 5157 3091 5228 Templum
3125 5156 3355 5214 Domini
3409 5161 3577 5231 quasi

170 5246 464 5317 praesentia
478 5263 498 5310 ,·
540 5249 594 5300 et
652 5251 946 5316 assumptae
990 5243 1411 5317 dispensationis
1457 5248 1724 5316 operibus,
1766 5257 1821 5307 et
1929 5246 2017 5304 vir
2045 5244 2314 5317 ignobilis
2342 5262 2480 5301 vasa
2509 5243 2702 5316 glorie
2732 5247 2862 5317 ejus
2892 5246 3138 5303 abducta
3167 5250 3307 5303 sunt
3348 5247 3579 5319 captiva

169 5333 366 5391 crebra
391 5332 560 5390 simul
589 5333 981 5391 miraculorum
1000 5333 1335 5390 exhibitione
1362 5333 1816 5410 reddiditspecia-
1926 5337 1984 5408 (Ι
2007 5336 2176 5392 btaeh.
2209 5350 2273 5401 ιι,
2304 5334 2380 5406 8).
2414 5335 2623 5391 Civitas
2671 5336 2830 5406 Reqis
2882 5352 3084 5409 requm
3129 5334 3399 5402 omnium,
3455 5353 3580 5410 qun

172 5421 302 5478 liter
327 5423 388 5478 in
419 5421 624 5495 ionem.
656 5423 716 5480 td
743 5425 897 5480 enim
926 5429 979 5480 et
1014 5423 1228 5482 Veteris
1265 5427 1317 5479 et
1371 5423 1524 5494 Novi,
1570 5442 1705 5498 pene
1752 5430 1817 5487 in
1925 5428 2056 5484 aliis
2084 5425 2303 5497 requlas
2332 5426 2680 5485 intemeratae
2723 5426 2952 5484 tradidit
2985 5427 3137 5499 fidei,
3184 5428 3432 5497 centium
3474 5444 3574 5488 su·

172 5509 428 5570 omnibus
455 5509 711 5584 syllabis,
748 5512 898 5569 docet
951 5513 1119 5570 series
1158 5512 1505 5572 Testamenti.
1566 5516 1813 5584 Quadam
1919 5515 2334 5594 perstitionibus
2359 5513 2571 5588 coqitur
2589 5516 2764 5574 invita
2789 5517 3079 5575 deservire.
3111 5516 3328 5576 Sam
3369 5517 3573 5579 Resur-
