3784 6000
167 250 285 312 635

1218 232 1642 300 colmanni
1685 232 2070 298 waansm
2115 229 2485 295 AnomEP.
2596 206 2607 217 ’

165 384 457 448 exercilus,
496 389 547 438 et
577 379 741 436 totius
771 376 937 432 robur
963 379 1013 431 et
1042 374 1279 447 gloriam
1317 371 1554 428 Romani
1583 371 1806 440 imperii
1831 370 1887 437 A
1914 372 2089 424 tenus
2122 369 2340 422 arctare
2371 363 2687 431 licentiam,
2742 364 3112 422 constituunt
3140 367 3213 423 ds
3268 368 3578 425 communi

165 474 386 529 domum
416 471 638 526 reducat
667 467 988 524 incolumes.
1017 463 1297 520 Hostibus
1354 461 1510 517 enim
1568 458 1812 529 interje-

168 564 301 629 ctis,
331 562 579 619 insidias
612 557 979 614 molientibus
1001 562 1054 611 et
1086 555 1343 626 undique
1367 552 1811 623 corrogantibus

168 652 456 720 suffragia,
490 663 608 705 non
640 647 752 702 nisi
775 661 909 700 cum
935 642 1214 716 pericu10,
1239 642 1368 697 eine
1390 648 1612 697 rectore
1642 655 1812 711 posse

170 739 516 813 pertransire
538 734 822 808 legiones,
845 738 1072 791 certum
1093 732 1420 789 videbatur.
1454 732 1582 785 Erat
1614 732 1810 785 autem

168 829 322 884 inter
352 825 644 897 principes
702 825 788 879 vir
848 821 1218 893 magnificus,
1278 818 1812 891 Megadomesticus

169 917 426 975 Joannes
456 913 710 980 nomine,
746 913 846 984 qui
878 928 1011 969 cum
1044 910 1169 966 suis
1197 909 1416 967 Isaacio
1449 906 1704 964 multum
1733 906 1815 962 al-

170 1008 419 1064 sectabat
450 1005 763 1078 imperium
816 1000 1180 1069 conservari3
1209 1006 1267 1057 et
1297 1001 1366 1056 de
1421 998 1703 1056 incolumi
1736 998 1816 1054 le-

172 1097 409 1169 gionum
443 1096 513 1152 ad
547 1094 780 1166 propria
836 1092 1049 1159 reditu,
1111 1091 1438 1146 dubitatem
1498 1090 1813 1158 imperato-

172 1201 283 1241 rem
313 1185 611 1241 nitebatur
639 1184 1006 1240 confirmare.
1040 1183 1216 1237 Porro
1246 1178 1476 1236 Manuel
1499 1179 1706 1250 junior
1736 1179 1812 1233 li-

169 1273 306 1341 lius,
337 1274 437 1345 qui
468 1273 686 1329 ibidem
719 1287 853 1327 cum
888 1276 1052 1342 patre
1083 1285 1339 1341 praesens
1379 1272 1522 1335 erat,
1558 1265 1814 1322 universi

171 1362 477 1427 exercitus,
501 1366 555 1417 et
590 1362 836 1417 maxime
879 1360 1215 1415 Latinorum
1266 1358 1457 1413 favore
1509 1361 1566 1413 et
1604 1372 1815 1427 praeco·

170 1449 284 1507 niis
315 1449 724 1506 extollebatur.
758 1449 836 1504 De
884 1447 1245 1520 principibus
1276 1461 1507 1517 quoque
1538 1444 1812 1500 nonnulli

168 1540 241 1594 ad
273 1541 402 1610 ejus
435 1539 859 1612 promotionem
893 1537 1288 1593 omnimodam
1312 1535 1530 1590 dabant
1550 1550 1810 1606 operam.

170 1629 358 1687 Patris
389 1646 620 1700 quoque
650 1629 709 1683 in
756 1627 1050 1693 eumdem,
1084 1625 1222 1698 quia
1277 1625 1637 1696 prudentior,
1667 1629 1723 1679 et
1754 1625 1812 1679 in

1923 465 2078 527 vot0,
2109 461 2168 515 in
2200 457 2632 528 campestribus
2656 458 2823 528 juxta
2855 459 3057 515 urbem
3089 457 3423 527 Ramulam,
3457 476 3574 517 non

1922 547 2086 622 longe
2118 564 2152 604 a
2191 546 2398 611 Lidda,
2440 562 2567 618 quae
2598 551 2689 603 est
2721 546 3032 620 Diospolis,
3063 552 3324 605 castrum
3387 547 3576 605 oedifl·

1921 653 2075 694 care.
2108 637 2244 692 Erat
2274 638 2469 692 autem
2501 635 2564 692 in
2593 636 2788 692 eadem
2829 635 3064 709 regione
3096 636 3265 694 collis
3294 636 3573 711 aliquan-

1923 728 2112 783 tulum
2142 727 2357 793 editus,
2390 741 2571 796 supra
2600 741 2772 797 quem
2798 740 2972 781 unam
3004 725 3076 782 de
3108 726 3356 783 urbibus
3390 726 3573 783 Phili-

1920 816 2232 883 stinorum‚
2291 814 2639 870 traditiones
2696 813 2915 871 babent
2980 814 3165 871 fuisse
3220 816 3569 884 constitum,

1922 905 2068 963 Geth
2103 905 2357 973 nomine,
2382 905 2550 973 juxta
2581 901 2740 959 illam
2772 904 2949 960 aliam
2997 920 3199 960 eorum
3251 904 3568 975 civitatem,

1923 1012 2049 1068 quae
2082 994 2234 1050 dicta
2260 996 2637 1062 estAzotum,
2669 997 2725 1049 et
2741 993 3269 1051 Ascalonadistans
3296 994 3568 1050 milliari-

1923 1086 2033 1141 bus
2065 1083 2286 1148 decem,
2319 1100 2435 1139 non
2466 1083 2639 1154 longe
2661 1083 2732 1138 ab
2753 1100 2853 1139 ora
2877 1084 3195 1139 maritima.
3215 1083 3570 1140 Convenien-

1921 1182 2009 1230 tes
2041 1173 2220 1244 igitur
2252 1173 2606 1227 unanimiter
2634 1189 2704 1227 ex
2732 1172 3019 1242 condicto,
3051 1172 3109 1227 in
3141 1172 3421 1243 praefacto
3451 1173 3570 1229 col-

1924 1265 1998 1331 le,
2033 1261 2370 1318 firmissimo
2401 1277 2592 1333 opere,
2615 1262 2792 1332 jactis
2826 1263 2883 1317 in
2916 1261 3105 1318 altum
3165 1262 3568 1321 fundamentis

1924 1352 2214 1407 nidificant
2250 1351 2600 1421 praesidium,
2649 1367 2779 1406 cum
2811 1350 3075 1407 turribus
3106 1356 3384 1423 quatuor,
3415 1356 3568 1407 vete·

1925 1441 2088 1495 ribus
2118 1439 2401 1506 aedificiis,
2442 1456 2693 1510 quorum
2728 1438 2915 1495 multa
2974 1440 3163 1496 adhuc
3222 1444 3568 1511 supererant

1921 1529 2187 1600 vestigia,
2218 1527 2476 1598 lapidum
2511 1527 2984 1583 ministrantibus
3041 1529 3299 1600 copiam;
3370 1528 3561 1601 puteis

1923 1634 2156 1691 quoque
2178 1618 2387 1673 vetusti
2414 1617 2711 1688 temporis,
2744 1618 2843 1689 qui
2868 1620 2924 1673 in
2957 1618 3179 1673 ambitu
3208 1615 3373 1673 urbis
3403 1617 3567 1675 dirus

169 1720 348 1776 armis
377 1719 566 1791 magis
599 1720 976 1786 strennus,et
995 1715 1235 1771 omnino
1266 1713 1556 1770 affabilior
1574 1714 1812 1769 videba-
1844 1741 1891 1806 Β
1924 1711 1995 1763 tae
2027 1709 2355 1778 frequentes
2389 1707 2767 1778 apparebant,
2792 1722 3076 1778 aquarum
3109 1705 3563 1775 abundantiam,

169 1811 285 1874 tur,
315 1808 561 1863 affectus
594 1807 780 1876 magis
810 1810 866 1861 et
894 1803 1082 1876 gratia
1103 1809 1227 1859 erat
1257 1803 1567 1875 proclivior
1591 1817 1606 1869 3
1631 1818 1811 1872 ange-

170 1895 271 1951 bat
300 1912 435 1951 eum
466 1895 640 1950 etiam
675 1893 927 1949 maxime
957 1893 1244 1949 exercitus
1274 1909 1417 1947 cura
1448 1892 1810 1964 propensior.

167 1983 259 2040 Sic
290 1982 467 2055 igitur
498 1981 898 2054 postmultam
921 1981 1427 2052 deliberationem,
1450 1991 1682 2037 auctore
1714 1981 1814 2036 Do·

169 2073 352 2142 mino,
385 2070 635 2127 obtinuit
657 2070 859 2141 ,iunior
889 2070 1068 2138 silius,
1102 2075 1160 2126 et
1186 2071 1442 2127 exhibita
1473 2070 1587 2126 sibi
1617 2069 1679 2125 in
1717 2085 1814 2141 pa·

167 2162 273 2219 tris
305 2158 632 2233 praesentia,
676 2164 734 2216 et
781 2176 847 2216 eo
881 2160 1155 2216 mandate
1201 2159 1490 2231 imperiali
1547 2175 1813 2215 reveren·

170 2252 271 2323 tia,
303 2252 513 2319 ocreis,
546 2256 610 2306 ut
644 2268 770 2307 mos
802 2256 891 2307 est
929 2250 989 2306 in
1020 2249 1119 2305 illo
1175 2250 1446 2322 imperio,
1495 2249 1813 2321 insignitus

169 2342 500 2414 purpureis,
534 2341 605 2397 ab
666 2341 955 2396 universis
1006 2338 1334 2411 legionibus
1381 2340 1644 2396 certatim
1703 2342 1817 2395 Au-

172 2435 385 2501 gustus
416 2434 506 2485 est
536 2429 858 2499 appelatus.
895 2428 989 2483 Sic
1023 2427 1258 2483 domino
1290 2428 1557 2484 Manuele
1585 2429 1656 2484 ad
1688 2428 1814 2500 api-

172 2535 297 2575 cem
331 2522 592 2589 promoto
622 2516 1007 2588 imperialem,
1042 2520 1203 2587 pater
1219 2518 1349 2587 ejus
1373 2516 1603 2589 inclytae
1633 2534 1815 2574 recor·

177 2605 451 2672 dationis,
492 2605 578 2660 vir
634 2605 912 2677 inclytus,
963 2605 1186 2674 liberis,
1248 2606 1402 2676 pius,
1461 2606 1718 2661 clemens
1758 2610 1817 2662 et

176 2695 521 2760 misericors»,
555 2691 613 2748 in
673 2693 793 2749 sata
849 2693 1156 2749 concessit.
1217 2693 1347 2749 Fuit
1376 2701 1563 2749 autem
1596 2698 1815 2750 statura

174 2784 509 2849 mediocris,
540 2798 713 2838 carne
739 2786 796 2838 ct
825 2782 1032 2853 capillo
1065 2783 1265 2853 niger3
1318 2783 1474 2839 unde
1504 2787 1562 2839 et
1590 2799 1815 2856 cogno-

176 2880 368 2927 mento
400 2872 613 2927 dicitur
640 2871 815 2926 etiam
848 2870 1019 2926 bodie
1051 2870 1323 2938 Maurus;
1370 2871 1514 2927 facie
1544 2873 1815 2944 despica-

176 2960 303 3032 bili,
336 2961 435 3017 sed
471 2958 733 3017 moribus
763 2959 1138 3031 conspicuus,
1197 2963 1253 3017 et
1302 2959 1528 3018 actibus
1568 2961 1817 3034 insignis

178 3049 550 3107 militaribus.
585 3050 902 3106 Defunctus
948 3055 1037 3105 est
1096 3050 1289 3121 itaque
1346 3051 1456 3105 sub
1496 3053 1814 3120 Anavarza,

176 3140 322 3196 urbe
352 3139 786 3211 antiquissima,
815 3156 943 3211 quse
974 3144 1062 3195 est
1084 3140 1350 3195 secundis
1373 3140 1585 3196 Ciliciae
1607 3147 1820 3197 metro·
1849 3103 1892 3171 c

178 3228 347 3302 polis,
380 3229 440 3284 in
472 3244 538 3285 eo
570 3227 694 3284 loco
724 3228 826 3299 qui
858 3229 1072 3283 dicitur
1095 3228 1330 3284 Patrum
1354 3228 1692 3295 Palliorum,
1723 3247 1823 3286 an-

180 3334 257 3375 no
287 3319 360 3373 ab
383 3316 1027 3373 lncarnationeDomini
1054 3319 1212 3383 1137,
1239 3333 1440 3374 mense
1461 3317 1688 3389 Aprilii,
1709 3320 1785 3375 im
1804 3350 1821 3361 .

181 3405 328 3479 perii
350 3422 482 3462 vero
506 3405 777 3461 vicesimo
800 3403 1088 3477 septimo:
1112 3406 1241 3461 vitae
1258 3422 1390 3462 vero
1397 3447 1531 3462 ......
1561 3408 1821 3463 Tandem

181 3510 312 3551 vero
342 3495 684 3567 compositis
714 3494 775 3549 in
828 3510 896 3550 ea
951 3494 1184 3566 regione
1234 3497 1502 3566 negotiis,
1551 3498 1826 3555 dominus

180 3584 501 3656 imperator
528 3600 664 3641 cum
707 3583 867 3640 omni
925 3584 1206 3655 sospitate
1260 3585 1824 3659 Constantinopolim

183 3689 323 3730 suos
352 3674 584 3729 reduxit
612 3674 939 3741 exercitus3
973 3672 1073 3729 ubi
1105 3673 1336 3729 fratrem
1370 3678 1508 3729 natu
1549 3691 1612 3731 se
1670 3677 1825 3747 prio-

185 3779 332 3828 rem,
356 3761 660 3834 palatium,
692 3761 890 3817 audita
947 3761 1125 3833 patris
1173 3765 1498 3833 more,1am
1559 3764 1825 3822 obtinen-

187 3860 326 3918 tem,
359 3868 462 3923 per
489 3852 852 3907 misticonem
887 3870 1086 3918 suum,
1128 3853 1228 3925 qui
1262 3851 1474 3923 palatio
1496 3859 1553 3910 et
1583 3855 1824 3911 thesau-

183 3940 266 3996 ris
322 3944 568 4011 praecrat
627 3940 938 4007 universis,
972 3941 1171 3997 missis
1220 3942 1444 3997 occulte
1504 3943 1725 4011 litteris,
1754 3961 1826 4000 ex

180 4029 501 4102 improviso
531 4032 792 4099 captum,
825 4034 883 4084 et
905 4030 1047 4085 nibil
1084 4031 1199 4087 tale
1223 4032 1492 4100 veritum,
1516 4032 1574 4087 in
1597 4032 1828 4089 vincula

182 4119 453 4188 coniecit.
485 4117 596 4173 Sed
625 4118 1018 4188 postmodum,
1042 4126 1354 4192 postquam
1382 4123 1585 4178 urbem
1608 4124 1825 4193 regiam

182 4205 526 4262 solemniter
564 4206 872 4275 ingressus
901 4213 1006 4270 est,
1034 4224 1134 4279 per
1154 4209 1640 4267 interventionem
1668 4228 1826 4267 com·

186 4291 450 4345 munium
474 4292 1038 4361 consanguineorum
1062 4302 1119 4351 et
1141 4297 1467 4367 principum
1490 4300 1634 4353 sacri
1674 4300 1831 4372 pala-

185 4379 252 4435 tii
282 4375 512 4433 fidelem
545 4393 805 4448 operam,
839 4380 1003 4436 fratri
1038 4385 1442 4440 reconciliatus
1472 4392 1598 4454 est;
1630 4388 1829 4459 sicque

1924 1804 2044 1851 tum
2079 1794 2149 1850 ad
2178 1795 2369 1866 operis
2389 1794 2817 1862 necessitatem,
2845 1802 2965 1850 tum
2990 1794 3063 1851 ad
3087 1811 3231 1850 usus
3255 1795 3564 1851 bominum

1918 1885 2321 1955 largientibus.
2351 1882 2609 1940 Persecto
2637 1884 2811 1955 igitur
2836 1890 3022 1939 castro
3052 1893 3106 1940 et
3138 1883 3410 1956 partibus
3445 1899 3568 1939 om-

1922 1974 2096 2030 nibus
2126 1973 2416 2041 absoluto,
2449 1973 2680 2029 cuidam
2713 1972 2892 2029 nobili
2916 1974 3036 2030 viro
3056 1976 3113 2028 et
3161 1973 3460 2045 prudenti,
3493 1972 3565 2028 de

1922 2065 2222 2123 communi
2254 2066 2506 2121 traditur
2535 2064 2797 2132 consilio,
2816 2066 3049 2122 domino
3071 2064 3344 2122 videlicet
3374 2065 3567 2122 Balia-

1923 2174 1998 2213 no
2029 2156 2267 2223 seniori,
2300 2157 2456 2212 Patri
2487 2154 2774 2228 Hugonis,
2799 2156 3069 2213 Balduini
3099 2161 3155 2214 et
3196 2156 3420 2213 Baliani
3477 2158 3572 2227 Ju-

1921 2247 2126 2313 nioris,
2160 2248 2258 2319 qui
2278 2263 2480 2303 omnes
2501 2247 2794 2303 abeodem
2818 2246 2963 2312 loco,
2988 2247 3388 2319 cognominati
3426 2250 3568 2303 sunt

1924 2339 1995 2394 de
2036 2336 2298 2406 Hibelin3
2331 2337 2441 2392 hoc
2471 2338 2625 2392 enim
2681 2353 2891 2393 nomen
2922 2336 3008 2392 illi
3062 2340 3186 2394 erat
3214 2336 3366 2405 loco,
3397 2341 3566 2393 ante-

1924 2444 2103 2500 quam
2126 2426 2299 2483 etiam
2325 2431 2578 2482 castrum
2602 2425 2721 2482 illic
2743 2427 3145 2483 aedificaretur.
3168 2428 3233 2482 In
3259 2426 3432 2498 cujus
3464 2443 3568 2484 cu-

1925 2517 2114 2574 stodia
2140 2521 2198 2573 et
2227 2516 2481 2573 bostium
2516 2516 2933 2588 persecutione,
2958 2516 3128 2587 cujus
3157 2516 3356 2587 gratia
3385 2517 3571 2573 muni·

1925 2607 2139 2677 cipium
2170 2610 2294 2663 erat
2321 2607 2645 2674 conditum,
2687 2606 3025 2678 diligentem
3067 2604 3275 2662 babuit
3304 2607 3394 2662 vir
3423 2623 3569 2677 prae-

1925 2696 2121 2753 dictus
2171 2694 2535 2766 vigilantiam
2564 2713 2579 2765 ;
2640 2699 2698 2750 et
2731 2700 2859 2766 post
2888 2696 3014 2766 ejus
3046 2693 3268 2751 obitum
3305 2694 3568 2766 predicti

1925 2785 2051 2856 ejus
2075 2783 2200 2851 tilii,
2232 2782 2336 2838 viri
2372 2783 2596 2839 nobiles
2625 2787 2682 2838 et
2713 2783 2771 2838 in
2821 2783 3000 2839 arinis
3058 2783 3285 2840 strenui
3316 2783 3377 2839 in
3407 2781 3573 2840 nulla

1926 2875 2186 2942 segnius,
2210 2890 2517 2945 quousque
2549 2874 2824 2946 praedicta
2882 2875 3084 2931 civitas
3143 2873 3374 2930 nomini
3406 2874 3575 2930 resti·

1926 2964 2045 3019 tuta
2068 2968 2157 3021 est
2195 2962 2547 3035 Christiano,
2608 2963 3057 3035 diligentissima
3111 2967 3434 3021 tenuerunt
3463 2978 3569 3021 cu·

1930 3053 2140 3110 stedia.

2525 3186 2761 3243 CAPUT
2807 3187 2978 3243 XXV.

1932 3317 2148 3370 lterum
2176 3318 2306 3367 ante
2334 3311 2579 3367 eamdem
2610 3312 2935 3368 Ascalonem
2964 3314 3033 3369 ds
3058 3316 3344 3370 commum·
3360 3314 3580 3384 princi-

2000 3401 2128 3455 pum
2150 3384 2377 3440 comitio
2416 3393 2658 3439 rostrum
2711 3384 3043 3454 aedificatur,
3099 3387 3193 3441 cui
3243 3401 3448 3441 nomen
3497 3393 3580 3443 est

2005 3457 2214 3513 Blanca
2243 3455 2476 3529 quartia.

2008 3595 2175 3648 Anno
2206 3590 2467 3663 proxime
2495 3590 2837 3656 subsecuto,
2868 3588 3133 3646 videntes
3164 3590 3326 3661 rcgni
3357 3590 3580 3663 princi·

1937 3698 2061 3753 pes,
2092 3685 2148 3736 et
2177 3681 2302 3750 ipso
2323 3694 2517 3736 rerum
2549 3678 2944 3749 experimento
2977 3679 3203 3750 plenius
3225 3695 3580 3751 cognoscen-

1935 3773 2045 3836 tes,
2073 3768 2131 3823 in
2157 3768 2492 3823 fundatione
2522 3769 2771 3822 duorum
2818 3767 3241 3838 praesidiorum,
3292 3767 3579 3825 Bersabee

1935 3855 2200 3911 videlicet
2224 3860 2281 3909 et
2312 3853 2564 3922 Hibelin,
2596 3861 2799 3909 contra
2842 3855 3310 3912 Ascalonitarum
3371 3871 3580 3929 super·

1935 3948 2092 4003 biam
2125 3960 2187 4001 se
2220 3943 2535 4017 plurimum
2571 3945 2901 4014 profecisse,
2934 3949 3204 4002 eteorum
3228 3961 3298 4002 ex
3322 3947 3582 4002 maxima

1935 4044 2094 4106 parte
2122 4050 2448 4106 repressam
2497 4031 2893 4102 insolentiam,
2953 4036 3208 4105 impetus
3270 4034 3581 4102 tardiores,

1937 4124 2274 4181 debilitatos
2312 4126 2577 4184 conatus,
2610 4122 3144 4191 adjiciunttertium
3178 4123 3494 4189 aedificare,
3521 4128 3583 4179 ut

1938 4212 2322 4284 amplioribus
2353 4211 2641 4266 molestiis
2687 4217 2744 4266 et
2801 4211 3206 4279 multiplicatis
3266 4211 3326 4266 in
3359 4227 3576 4285 gyrum

1938 4302 2214 4373 quentius
2244 4306 2545 4365 terrorem,
2576 4304 2634 4356 et
2663 4316 2793 4355 cum
2844 4305 3062 4357 terrore
3114 4299 3375 4371 pericula
3404 4300 3582 4356 incu-

1934 4389 2085 4445 tiant
2115 4390 2301 4459 magis
2330 4387 2653 4459 repentina.
2689 4389 2822 4444 Erat
2840 4399 3032 4443 autem
3053 4387 3110 4442 in
3136 4403 3203 4444 ea
3224 4386 3423 4443 Judeae
3443 4405 3574 4460 par-

183 4482 319 4523 cum
350 4466 772 4539 tranquillitate
822 4468 1036 4535 debita,
1063 4474 1229 4541 Juxta
1258 4474 1441 4542 patris
1481 4491 1824 4545 supremum
1856 4471 1911 4537 D
1943 4484 2020 4539 te,
2052 4477 2180 4549 quae
2211 4476 2559 4532 amontibus
2581 4474 2899 4546 declinans,
2924 4477 3349 4548 campestribus
3372 4476 3579 4548 incipit

176 4556 495 4628 judicium,
528 4555 787 4613 obtinuit
815 4557 1093 4616 dominus
1125 4560 1356 4616 Manuel
1398 4565 1821 4634 monarchiam,

182 4646 420 4702 fratrem
471 4661 649 4702 suum
683 4651 963 4716 tanquam
1000 4649 1477 4720 primogenitum,
1513 4652 1824 4725 multiplici

184 4752 299 4790 non
331 4750 587 4800 cessans,
623 4734 881 4806 quandiu
914 4736 1075 4806 vixit,
1125 4737 1343 4795 bonore
1400 4743 1737 4811 praevenire,
1770 4748 1828 4800 et

183 4825 371 4895 gratia
394 4824 670 4896 prosequi
700 4824 1108 4883 cumulatiore.

769 4932 1003 4991 CAPUT
1042 4935 1249 4992 XXIV.

188 5020 302 5075 Rex
330 5021 383 5074 et
410 5022 568 5090 requi
589 5024 896 5093 principes,
927 5031 1055 5081 onte
1086 5025 1407 5081 Ascolonam
1428 5036 1669 5085 mserum
1683 5031 1827 5100 sun-

629 5095 791 5162 dant,
831 5094 925 5150 cui
951 5113 1148 5152 nomen
1177 5098 1380 5155 Ibelin.

258 5181 484 5236 Interea
505 5180 780 5238 dominus
806 5199 904 5238 rex
962 5183 1490 5255 Hierosolymorum
1546 5187 1744 5255 Fulco,
1774 5194 1832 5246 et

185 5270 283 5326 alii
316 5268 476 5338 regni
511 5271 825 5342 principes,
860 5289 977 5329 una
1032 5288 1165 5330 cum
1224 5275 1462 5330 domino
1498 5278 1831 5348 patriarcha

185 5364 244 5414 et
272 5357 405 5414 aliis
436 5357 837 5415 [ecclesiarium
874 5361 1145 5432 praelatis,
1178 5362 1434 5420 volentes
1464 5366 1833 5424 Ascalonita-

188 5461 319 5501 rum
352 5446 672 5502 insolenter
702 5450 881 5507 nimis
912 5452 1349 5509 desaevientium
1375 5455 1631 5526 impetus
1664 5460 1830 5514 refre-

193 5547 357 5601 nare,
387 5537 445 5590 et
472 5535 841 5594 discurrendi
871 5553 973 5610 per
1001 5538 1320 5611 regionem,
1343 5541 1587 5600 nlmlam
1606 5545 1833 5618 aliqua·

1933 4583 2061 4623 esse
2090 4565 2474 4631 contermina,
2508 4580 2676 4621 secus
2708 4564 3063 4621 philisthiim
3113 4565 3281 4628 lines,
3317 4565 3378 4619 in
3412 4565 3572 4621 tribu

1935 4656 2189 4723 Simeon,
2221 4654 2293 4711 ab
2322 4652 2607 4711 Ascalone
2636 4658 2763 4710 ccto
2811 4655 3039 4711 distans
3078 4652 3456 4722 milliaribus,
3492 4656 3581 4711 lo·

1934 4763 2035 4803 cus
2064 4746 2324 4818 quidam,
2357 4744 2456 4816 qui
2490 4744 2559 4798 ad
2603 4746 2883 4799 montana
2927 4749 3327 4814 comparatus,
3377 4742 3578 4811 collis;

1935 4836 2006 4892 ad
2034 4834 2353 4905 planiorem
2385 4847 2519 4889 vero
2552 4832 2844 4903 regionem
2888 4831 3157 4898 collatus,
3190 4847 3362 4887 mons
3388 4831 3581 4888 subli-

1937 4923 2051 4980 mis
2081 4926 2306 4995 poterat
2335 4920 2633 4993 appellari,
2653 4925 2710 4976 et
2739 4922 2863 4977 loco
2889 4936 3103 4977 nomen
3125 4919 3367 4976 Arabica
3393 4920 3582 4976 Telle-

1938 5011 2132 5084 saphi,
2154 5011 2305 5082 quod
2321 5009 2472 5082 apud
2500 5025 2606 5066 nos
2644 5009 3062 5080 interpretatur
3089 5025 3249 5064 mons
3267 5008 3394 5065 sive
3422 5009 3579 5065 collis

1934 5103 2138 5158 clarus.
2171 5098 2273 5155 Hic
2301 5097 2646 5168 complacuit
2695 5097 3190 5168 prudentioribus,
3223 5097 3566 5167 proesidium

1941 5188 2196 5255 fundari,
2230 5203 2297 5242 eo
2344 5187 2492 5258 quod
2525 5185 2677 5240 alliis
2706 5202 2836 5258 quas
2864 5187 2935 5242 ad
2978 5202 3122 5242 usus
3165 5185 3395 5242 similes
3425 5187 3580 5243 t'acta

1940 5283 2107 5336 erant
2139 5276 2494 5348 municipiis,
2522 5279 2579 5330 et
2607 5275 2856 5332 civitatis
2885 5276 3157 5342 vicinius,
3189 5279 3248 5331 et
3277 5276 3403 5332 luco
3431 5278 3582 5332 situ-

1940 5385 2053 5441 que
2085 5367 2398 5422 munitiore
2428 5365 2734 5421 videretur.
2769 5364 3068 5437 Proposito
3115 5364 3296 5438 igitur
3350 5366 3582 5421 satista-

1942 5459 2181 5522 cientes,
2219 5452 2498 5510 dominus
2527 5468 2625 5509 rex
2654 5457 2713 5509 et
2771 5454 3060 5525 principes
3083 5453 3235 5524 ejus,
3294 5468 3412 5510 una
3441 5469 3580 5510 cum

1944 5546 2181 5605 domino
2213 5543 2542 5618 patriarcba
2569 5547 2628 5600 et
2654 5543 2914 5616 prolatis
2967 5542 3374 5616 ecelesiarum,
3425 5543 3584 5604 circa
