3784 6000
172 243 299 305 561

700 240 902 307 HisT.
949 243 1226 306 RERUM
1269 247 1802 309 TRANSMAmN.
1850 283 1929 295 -·
1969 251 2123 312 LIB.
2169 252 2278 312 111.
2323 253 2773 318 BALDUINUS
2817 256 2869 319 11
2914 258 3089 320 REX.

3477 263 3600 328 562
3639 226 3646 233 ’

177 377 334 444 rim,
367 380 549 446 pater,
582 392 772 449 usque
820 393 967 449 pene
1022 379 1095 434 ad
1135 384 1411 450 quartum
1446 381 1533 438 vel
1563 384 1836 453 quintum
1868 384 1923 451 Α
1954 384 2096 440 mini
2139 386 2294 453 1124,
2326 387 2488 458 regni
2511 403 2640 444 vero
2662 389 2885 445 domini
2909 390 3196 458 Balduini,
3222 394 3371 467 regis
3393 396 3594 453 Hiero·

177 467 259 524 ab
296 465 444 522 urbe
462 463 740 538 lapidem,
767 466 960 537 quiete
979 467 1591 539 possidebat,castrum
1617 471 1840 528 habens

173 555 241 613 in
274 554 499 611 eisdem
534 553 832 611 montibus
863 555 1112 611 naturali
1137 557 1254 613 situ
1287 566 1339 613 et
1366 557 1617 614 artifieio
1652 561 1840 614 muni-

178 643 503 703 tissimum.
536 643 691 699 unde
719 643 1009 712 praedictis
1041 644 1264 702 civibus
1298 648 1627 718 frequentes
1657 658 1709 702 et
1741 665 1841 704 su-

181 733 338 789 bitas
369 732 653 788 interebat
684 732 1020 802 molestias;
1050 736 1147 789 sed
1184 740 1240 790 et
1273 736 1548 791 dominus
1580 738 1842 793 Tiberia·

182 820 411 887 densis,
447 821 722 876 dominus
783 821 1105 878 willelmus
1146 824 1215 879 de
1247 825 1438 891 Buris,
1491 827 1681 898 regius
1702 843 1839 882 con·

179 909 568 981 stabularius,
589 916 646 967 st
669 916 801 967 ants
831 928 965 967 eum
990 912 1264 971 dominus
1285 915 1612 972 Joscelinus
1643 932 1838 973 eomes

179 1001 548 1067 Edessanus,
571 1000 670 1072 qui
712 1000 996 1073 praedietae
1042 1002 1296 1060 civitatis
1324 1005 1598 1061 dominus
1631 1007 1836 1073 fuerat,

178 1089 238 1146 in
273 1088 499 1146 eisdem
537 1090 837 1146 montibus
852 1091 1254 1161 possessiones
1279 1093 1573 1150 habebant
1596 1093 1839 1165 amplis-

176 1182 390 1246 simas,
427 1177 583 1234 unde
641 1178 816 1234 etiam
877 1180 1259 1253 frequentiuS,
1283 1187 1340 1237 et
1397 1199 1461 1238 ex
1523 1184 1837 1255 improviso

178 1268 312 1323 urbi
359 1267 648 1338 praedictae
698 1267 1062 1339 periculosas
1115 1268 1503 1326 moliebantur
1550 1272 1834 1340 insidias;

177 1355 574 1413 nihilominus
604 1361 661 1412 et
691 1358 763 1412 ab
790 1362 987 1413 austro
1040 1358 1314 1415 dominus
1355 1378 1450 1416 rex
1488 1360 1834 1430 Balduinus,

176 1445 345 1501 bonoe
380 1445 697 1514 memoriae,
729 1451 1119 1516 praedecessor
1150 1447 1340 1516 istius,
1375 1450 1431 1503 in
1483 1451 1673 1505 littore
1707 1468 1837 1505 ma-

175 1536 260 1591 ris
281 1535 458 1605 juxta
488 1535 706 1590 fontem
740 1535 1033 1590 salubrem
1057 1541 1112 1591 et
1154 1539 1551 1609 perspicuum,
1576 1525 1832 1595 cas'trum

176 1622 552 1689 fundaverat,
586 1622 995 1679 Alexandrium
1021 1627 1275 1690 nomine,
1301 1628 1370 1682 ab
1409 1629 1547 1683 urbe
1568 1628 1831 1700 Tyrensi,

176 1729 279 1768 sex
301 1718 408 1767 aut
428 1718 642 1783 septem
664 1712 893 1768 distans
913 1713 1283 1770 milliaribus.
1299 1717 1521 1780 Quibus
1545 1718 1828 1772 molestiis

176 1803 322 1859 urbs
355 1803 651 1875 predicta,
688 1802 871 1857 multo
922 1810 1055 1858 ants
1108 1809 1364 1875 tempore
1408 1807 1668 1861 crebrius
1694 1806 1826 1860 lati-

175 1895 336 1964 gata,
372 1892 653 1962 majorem
676 1891 733 1946 in
767 1908 830 1946 se
855 1893 1249 1964 oppugnandi,
1274 1910 1396 1948 eam
1419 1895 1829 1950 obsidentibus

177 1979 450 2052 praestitit
473 1978 830 2036 facultatem.
867 1981 1086 2035 Dicitur
1108 1991 1295 2037 autem
1333 1984 1389 2038 in
1420 1984 1625 2039 eadem
1656 2000 1828 2054 expe·

178 2068 405 2124 ditione
435 2068 551 2124 vita
576 2070 916 2138 decessisse,
938 2069 1025 2125 vir
1046 2071 1393 2127 venerabilis
1421 2071 1541 2127 ouo
1569 2074 1833 2143 nomine,

177 2159 283 2231 qui
317 2159 387 2212 ad
420 2155 654 2213 titulum
715 2159 974 2228 ejusdem
1040 2161 1313 2228 ecclesiae,
1350 2162 1491 2216 urbe
1531 2161 1721 2216 adhuc
1756 2163 1827 2217 ab

179 2246 451 2303 hostibus
481 2245 730 2313 detenta,
765 2249 1067 2303 ordinatus
1103 2249 1288 2304 luerat
1331 2248 1830 2319 metropolitarum,

177 2342 239 2393 et
269 2352 303 2391 a
333 2335 660 2406 patriarcha
706 2335 1224 2408 hierosolymitano
1269 2345 1644 2394 consecratus
1677 2339 1830 2393 dice·

181 2427 380 2481 batur.

807 2515 1036 2571 CAPUT
1073 2516 1222 2572 XIV.

180 2608 322 2665 Urbe
350 2611 543 2678 capta,
564 2606 620 2660 in
644 2612 827 2660 castra
847 2606 989 2659 cives
1004 2606 1402 2674 remediantur,⁸
1425 2607 1600 2663 nostri
1626 2622 1834 2680 quoque

755 2677 949 2731 urbem
977 2683 1262 2746 occupant.

251 2783 491 2857 Egressi
516 2798 651 2855 ergo
684 2783 838 2839 cives
880 2782 1053 2854 longa
1085 2785 1384 2840 obsidione
1414 2784 1663 2853 fatigati,
1698 2785 1836 2840 sub-

183 2872 416 2930 levandi
445 2872 627 2944 gratis
657 2872 808 2927 taedii
842 2871 912 2927 ad
974 2881 1162 2928 castra
1197 2877 1393 2928 nostra
1424 2873 1834 2944 deproperant,

182 2963 626 3020 eonsiderantes
682 2960 1044 3031 diligentius,
1075 2961 1345 3030 quisnam
1407 2969 1555 3018 esset
1586 2961 1836 3033 populus

182 3052 299 3108 iste
326 3056 449 3106 tam
505 3050 746 3117 ferreus,
782 3060 896 3104 iam
958 3049 1172 3105 laboris
1225 3051 1468 3121 patiens,
1507 3051 1704 3105 tamin
1730 3065 1835 3105 usu

1859 1760 1908 1825 B

1949 476 2333 545 solymorum,
2365 477 2629 545 secundi,
2663 495 2817 536 anno
2848 486 3029 536 sexto·

2579 604 2815 660 CAPUT
2843 605 2959 661 XV.

1952 691 2064 745 Rex
2091 707 2126 744 a
2161 690 2407 747 vinculis
2462 692 2735 754 solvitur,-
2764 695 3055 757 {letaniam
3111 697 3335 763 obsidet,
3365 698 3460 753 sed
3504 713 3597 754 oc·

2020 763 2366 817 currentibus
2397 762 2689 829 hospitibus
2720 766 2959 820 ,ςοὶυἰιιιν
2985 768 3229 837 obsidi03
3263 784 3367 824 rex
3398 769 3595 825 Hiero-

2018 835 2284 904 solymam
2314 838 2641 899 revertitur3
2678 835 2929 892 calixtus
2981 856 3124 911 papa
3162 840 3433 903 moritur:
3464 840 3592 896 sub·

2018 905 2275 960 stituilur
2292 908 2345 960 ei
2374 906 2662 960 Honorius.

1969 1011 1982 1022 ’
2018 1011 2233 1066 Eodem
2274 1027 2447 1075 anuo,
2481 1028 2537 1065 iv
2570 1012 2692 1068 Kal.
2744 1013 3119 1085 Septembris,
3172 1017 3447 1074 dominus
3496 1033 3598 1074 rex

1948 1099 2475 1171 Hierosolymorum
2536 1100 2880 1172 Balduinus,
2912 1121 3045 1159 cum
3092 1108 3262 1177 quasi
3297 1107 3593 1162 mensibus

1947 1189 2144 1244 decem
2183 1195 2239 1241 et
2285 1189 2544 1254 oct0,vel
2604 1190 2857 1261 amplius
2915 1195 3159 1264 aliquid,
3191 1198 3337 1266 apud
3401 1197 3595 1250 hostes

1946 1277 2214 1332 detentus
2244 1278 2450 1332 luisset
2478 1278 2536 1332 in
2597 1278 2866 1349 vinculis,
2900 1293 3062 1349 pacta
3114 1299 3212 1354 pro
3235 1301 3298 1338 se
3331 1283 3593 1353 pecunia,

1944 1367 2250 1423 obsidibus
2274 1368 2445 1434 datis,
2471 1366 2800 1424 libertatem
2830 1372 3010 1441 pretio
3031 1371 3444 1428 interveniente
3462 1389 3598 1429 con-

1945 1463 2201 1525 secutus,
2234 1456 2481 1510 Domino
2510 1464 2763 1523 auctore,
2790 1460 3146 1515 Antiochiam
3200 1478 3464 1517 reversus
3485 1464 3594 1517 est.

1940 1546 2164 1602 Dicitur
2196 1555 2389 1599 autem
2424 1562 2655 1600 summa
2682 1563 2781 1617 pro
2825 1565 2884 1603 se
2913 1554 3091 1619 pactae
3124 1550 3380 1620 pecuniae
3415 1550 3597 1606 luisse

1941 1640 2174 1690 centum
2211 1633 2395 1688 millia
2428 1634 2914 1703 Michaelitarum,
2950 1654 3079 1709 quae
3113 1646 3367 1705 moneta,
3402 1639 3459 1694 in
3501 1654 3594 1693 re-

1940 1723 2210 1793 gionibus
2244 1722 2378 1789 illis,
2414 1724 2469 1777 in
2506 1722 2755 1793 publicis
2784 1727 3149 1781 commerciis
3190 1737 3242 1782 et
3276 1743 3466 1782 rerum
3502 1742 3594 1782 ve·

1942 1811 2161 1865 natium
2196 1812 2336 1876 foro,
2373 1813 2762 1882 principatum
2823 1817 3073 1870 tenebat.
3106 1817 3385 1871 Reversus
3416 1817 3594 1887 igitur

1938 1901 2330 1968 Antiochiam,
2352 1901 2563 1955 anxius
2586 1903 2876 1972 quomodo
2895 1911 3124 1973 pactam
3148 1906 3368 1960 solvere
3393 1908 3590 1976 posset

1941 1990 2267 2059 pecuniam,
2300 1995 2355 2043 et
2410 2006 2546 2044 suos
2604 1991 2672 2043 ad
2731 2007 2793 2045 se
2833 2007 3095 2046 revocare
3156 1992 3412 2055 obsides,
3451 2008 3589 2048 cum

1941 2078 2416 2151 prudentioribus
2439 2077 2740 2144 deliberat,
2766 2080 2903 2150 quid
2929 2083 2992 2133 al
3020 2096 3191 2135 suum
3221 2082 3591 2150 expedimen-

1940 2175 2064 2223 tum
2099 2171 2283 2222 lacere
2316 2168 2519 2236 possit.
2556 2167 2730 2233 Igitur
2765 2183 3101 2236 persuasum
3128 2177 3207 2222 est
3231 2171 3304 2232 ei,
3331 2176 3391 2223 ut
3423 2167 3592 2224 Hala-

1942 2258 2121 2329 piam,
2156 2255 2563 2310 alimentorum
2596 2256 2790 2324 inopia
2813 2255 3164 2312 laborantem
3183 2262 3236 2310 et
3260 2256 3422 2329 quasi
3448 2272 3592 2327 pene

1941 2359 2206 2409 vacuam,
2237 2343 2539 2410 obsideat;
2571 2359 2753 2415 eaque
2784 2343 2873 2397 via
2906 2343 3072 2398 facile
3102 2344 3364 2399 obtinere
3397 2361 3586 2415 posse,

1940 2437 2006 2488 ut
2035 2432 2257 2487 civibus
2307 2431 2605 2487 obsidione
2655 2432 3030 2502 angustiatis,
3061 2436 3162 2487 aut
3201 2432 3442 2488 obsides
3473 2432 3588 2488 sibi

1941 2523 2267 2589 restituant,
2299 2525 2400 2575 aut
2441 2520 2740 2590 pecuniam
2774 2522 3137 2576 conterentes
3169 2526 3390 2575 tantam
3425 2536 3591 2576 sum-

1941 2626 2093 2664 mam
2129 2607 2925 2678 tribuant,quantumprosui
2959 2608 3306 2663 liberatione
3335 2606 3591 2663 abinitio

1942 2697 2255 2769 pepigerat.
2288 2697 2567 2751 Convenit
2619 2712 2755 2767 ergo
2813 2695 2968 2767 apud
3002 2711 3159 2762 eum,
3198 2694 3428 2767 publice
3459 2710 3591 2752 cou-

1942 2795 2142 2841 voeata
2175 2784 2443 2839 universa
2477 2786 2547 2838 de
2579 2788 2697 2839 toto
2744 2784 3068 2854 principatu
3106 2784 3350 2853 militia;
3386 2785 3588 2839 urbem

1945 2875 2274 2946 praedictam
2326 2873 2571 2939 obsidet,
2604 2881 2655 2927 et
2706 2874 3033 2945 legionibus
3086 2877 3149 2927 ut
3209 2888 3332 2927 mos
3371 2875 3461 2928 est
3489 2886 3592 2943 per

1941 2980 2143 3037 gyrum
2177 2961 2496 3029 collocatis,
2528 2961 2774 3026 civibus,
2801 2961 3075 3017 introitus
3100 2969 3264 3026 negat
3288 2964 3347 3017 et
3375 2958 3591 3031 exitus,

1947 3052 2498 3122 modicosquecibos
2513 3066 2709 3105 secum
2729 3067 2939 3119 ponere
2970 3052 3124 3106 cives
3138 3049 3417 3106 violenter
3433 3066 3590 3105 com·

188 3158 492 3200 armorum
521 3142 778 3206 edoctus,
813 3140 910 3212 qui
971 3146 1081 3196 tam
1114 3142 1399 3212 egregiam
1433 3141 1747 3207 civitatem,
1781 3144 1839 3196 et
1865 3124 1918 3189 C
1949 3142 2124 3213 pellit.
2159 3138 2245 3195 llli
2300 3156 2432 3194 vero
2488 3138 2901 3203 Orientalibus,
2934 3147 2990 3194 et
3024 3140 3268 3195 maxime
3295 3139 3395 3211 qui
3429 3148 3592 3195 trans

186 3238 306 3288 tam
340 3234 629 3285 munitam
691 3229 891 3285 urbem
920 3229 1071 3283 intra
1097 3246 1326 3286 menses
1359 3246 1592 3301 pannosi,
1626 3230 1696 3285 ad
1730 3246 1833 3284 su·

182 3335 450 3393 premam
509 3317 828 3391 redegisset
874 3318 1153 3390 inopiam,
1186 3324 1242 3373 et
1299 3324 1584 3374 extremas
1636 3318 1834 3373 subire

183 3407 552 3465 conditiones
572 3405 987 3477 compulisset3
1021 3408 1229 3463 intueri
1263 3406 1404 3462 libet
1430 3406 1831 3462 machinarum

186 3495 1596 3566 formam,castellorum,proceritatem‚armorum
1629 3512 1832 3568 genus,

185 3591 517 3643 castrorum
566 3584 934 3655 positionem,
989 3584 1313 3654 principum
1375 3584 1551 3638 etiam
1596 3584 1835 3639 nomina

189 3674 538 3737 diligentius
568 3674 1280 3745 investigare,cunctaque
1296 3672 1834 3728 cumsollicitudine

188 3764 585 3839 percunctari,
620 3769 682 3819 ut
713 3764 848 3818 inde
881 3764 1122 3835 posteris
1169 3763 1281 3818 fide
1315 3763 1531 3831 plenas,
1559 3768 1712 3819 certe
1745 3780 1836 3819 re·

184 3854 405 3911 latione
435 3858 625 3908 texere
653 3852 879 3923 possint
935 3851 1230 3907 historias.
1264 3852 1455 3907 Nostri
1489 3868 1722 3924 quoque
1752 3850 1835 3906 ci-

186 3946 426 4001 vitatem
486 3942 757 4014 ingressi,
794 3942 955 3997 urbis
1014 3940 1427 4010 munitionem,
1456 3942 1835 3997 {edificiorum

142 4045 155 4054 ’
189 4034 393 4102 robur,
427 4032 673 4087 turrium
706 4030 1102 4093 eminentiam,
1127 4047 1425 4085 murorum
1458 4028 1836 4096 soliditatem,

190 4127 396 4195 portus
428 4119 1074 4190 elegantiam,introitus
1104 4118 1510 4173 difficultatem
1542 4118 1839 4172 admiran-

190 4217 304 4278 tes,
326 4209 537 4265 civium
560 4208 732 4265 etiam
760 4209 1175 4263 commendant
1204 4208 1618 4275 constantiam,
1651 4205 1746 4275 qui
1777 4205 1837 4261 in

191 4304 359 4355 tanta
390 4296 563 4353 lamis
598 4298 938 4352 necessitate
978 4298 1173 4368 positi,
1203 4300 1258 4351 et
1314 4302 1474 4351 tanta
1509 4297 1840 4351 laborantes

192 4386 410 4454 inedia,
434 4384 785 4440 deditionem
819 4402 885 4441 eo
918 4401 1103 4457 usque
1144 4390 1574 4456 protraxerant;
1610 4401 1741 4439 nam
1767 4385 1840 4439 ci·

1943 3230 2272 3301 Euphraten
2304 3235 2489 3295 erant,
2522 3227 2742 3283 crebris
2770 3230 2840 3283 de
2861 3244 2964 3282 sua
2997 3229 3342 3284 necessitate
3372 3227 3592 3299 episto-

1942 3320 2013 3377 lis
2044 3321 2400 3393 significant,
2434 3318 2545 3374 nisi
2609 3324 2833 3374 mature
2884 3319 3251 3386 subveniant,
3294 3319 3495 3374 urbem
3529 3319 3586 3373 iu

1942 3412 2204 3483 proximo
2238 3409 2539 3463 ruituram.
2575 3408 2866 3464 Habentes
2886 3424 3022 3480 ergo
3046 3408 3337 3480 principes
3370 3406 3453 3463 illi
3487 3423 3589 3478 pro

1945 3499 2086 3554 urbe
2106 3497 2295 3554 amica
2316 3496 3060 3565 sollicitudinem,certatim
3084 3498 3234 3552 vires
3252 3499 3589 3563 convocant,

1941 3592 1998 3643 et
2028 3588 2097 3643 de
2124 3586 2419 3642 communi
2446 3585 2772 3639 ministrato
2796 3583 3011 3637 auxilio
3043 3583 3324 3638 militares
3345 3599 3589 3654 congre·

1942 3681 2082 3748 gant
2132 3674 2356 3745 copias:
2390 3673 2749 3743 tandemque
2811 3671 3096 3741 Euphrate
3122 3671 3461 3726 transmisso
3493 3685 3587 3726 ae·

1942 3765 2214 3830 celerant,
2249 3777 2481 3817 omnem
2507 3762 2710 3815 dantes
2743 3776 2998 3831 operam,
3025 3766 3091 3814 ut
3125 3760 3458 3830 praedietam
3492 3774 3589 3813 ur·

1944 3854 2076 3909 bem
2108 3850 2433 3906 obsidionis
2467 3848 2719 3904 liberent
2751 3850 3041 3903 molestia.
3076 3848 3251 3903 Erant
3271 3852 3461 3901 autem
3488 3844 3591 3918 qui

1942 3942 2003 3997 in
2036 3940 2364 3997 subsidium
2384 3944 2658 3993 venerant
2672 3940 3069 4003 obsessorum,
3090 3938 3352 4008 equitum
3368 3940 3594 4005 septem

1945 4026 2419 4097 millia,e.xceptis
2453 4026 2523 4081 iis
2542 4027 2711 4097 quiet
2736 4025 3097 4079 sarcinarum
3119 4032 3176 4081 et
3207 4023 3597 4094 impedimen-

1944 4124 2136 4174 torum
2172 4133 2368 4173 curam
2390 4116 2685 4187 gerebant,
2713 4119 2770 4169 et
2790 4114 3254 4185 vernaculis,qui
3272 4112 3595 4183 majoribus

1947 4203 3593 4275 dominisdebitumimpendebantobsequium.Rexvero,

1946 4298 2129 4369 etqui
2163 4297 2222 4351 in
2281 4293 2648 4365 expeditione
2707 4309 2907 4348 secum
2955 4299 3139 4362 erant,
3177 4292 3592 4364 intelligentes,

1949 4387 2101 4457 quod
2133 4390 2295 4440 tanta
2324 4390 2480 4439 esset
2513 4383 2760 4439 hostium
2798 4381 3111 4437 multitudo
3142 4380 3594 4449 advenientium,

191 4478 428 4531 vitatea
468 4475 684 4530 nostris
704 4480 950 4545 recepta,
985 4474 1215 4530 nonnisi
1238 4474 1497 4545 quinque
1522 4473 1697 4528 modii
1723 4474 1839 4527 fru-
1873 4483 1919 4548 1)
1950 4474 2237 4541 arbitrati,
2271 4473 2638 4529 commodius
2668 4487 2796 4526 esse
2829 4471 3340 4535 retrocedendo,in
3376 4475 3501 4524 tuto
3533 4482 3595 4523 se

195 4569 379 4621 menti
413 4564 472 4620 in
505 4563 734 4621 civitate
770 4566 977 4636 reperti
1029 4571 1184 4619 sunt.
1220 4563 1287 4617 Et
1317 4563 1446 4617 licet
1480 4561 1667 4633 prima
1701 4563 1841 4618 facie

194 4657 410 4712 durum
443 4654 659 4725 plebeis
690 4655 877 4709 visum
905 4655 1068 4720 foret,
1092 4654 1240 4724 quod
1276 4651 1564 4724 praedictis
1593 4666 1840 4706 conven-

190 4745 453 4802 tionibus
486 4742 687 4799 civitas
718 4743 778 4800 in
830 4748 1088 4799 nostram
1148 4744 1443 4798 deveniret
1475 4745 1838 4813 potestatem

190 4838 616 4904 consequenter
654 4838 845 4888 tamen
878 4832 1100 4903 placere
1130 4831 1363 4901 incipit;
1395 4831 1843 4887 commendatur

192 4923 362 4979 labor
389 4923 686 4995 impensus
715 4928 808 4990 3et
842 4927 1072 4994 perpete
1110 4922 1352 4993 dignum
1381 4921 1662 4977 memoria
1693 4936 1841 4993 opus

188 5013 459 5073 credunt,
492 5013 646 5085 quod
703 5029 904 5068 eorum
964 5011 1256 5067 laboribus
1298 5016 1354 5065 et
1394 5010 1724 5082 sumptibus
1755 5017 1841 5065 est

186 5112 691 5162 consummatum.
723 5103 1037 5174 Tripartita
1053 5117 1188 5173 ergo
1221 5101 1473 5169 civitate,
1499 5099 1723 5156 duabus
1744 5099 1840 5154 do·

188 5194 351 5249 mino
384 5192 523 5259 reni,
554 5194 727 5248 tertia
783 5190 1014 5246 Venetis
1074 5190 1397 5246 secundum
1453 5188 1609 5260 quod
1656 5186 1840 5260 pactis

190 5283 357 5356 prius
376 5283 569 5338 tuerat
598 5281 900 5349 insertum,
925 5280 1245 5353 assignata,
1269 5294 1402 5333 cum
1427 5277 1615 5333 multa
1643 5276 1842 5333 laetitia

185 5380 245 5428 et
279 5372 446 5443 plena
472 5371 862 5440 jucunditate,
885 5370 1097 5441 singuli
1129 5370 1200 5424 ad
1225 5367 1456 5440 propria
1483 5372 1837 5422 remearunt.

187 5461 368 5531 Capta
400 5465 492 5515 est
513 5465 706 5515 autem
741 5459 942 5515 eadem
983 5460 1210 5529 civitas,
1233 5463 1288 5513 et
1315 5455 1534 5511 nomini
1579 5453 1843 5511 restituta

186 5546 550 5620 christiano,
582 5566 647 5605 ιιι
677 5548 803 5606 Kal.
835 5548 996 5616 Juiii,
1027 5564 1174 5605 anno
1206 5549 1276 5604 ab
1300 5544 1709 5603 lucarnatione
1730 5547 1842 5601 Do·-

1952 4570 2011 4620 et
2040 4580 2175 4619 suas
2206 4561 2601 4632 expeditiones
2635 4559 2844 4627 locare,
2880 4576 3054 4630 quam
3080 4568 3291 4614 temere
3323 4573 3455 4610 cum
3491 4556 3594 4609 ho-

1953 4654 2134 4708 situm
2169 4651 2348 4706 turbis
2396 4648 2779 4705 validioribus
2811 4645 3127 4717 congredi3
3160 4651 3472 4715 antequam
3500 4657 3598 4697 ve-

1953 4741 2226 4798 nirentad
2245 4740 2447 4795 urbem
2471 4753 2673 4793 eorum
2693 4733 3301 4808 expeditiones,nostri
3327 4734 3383 4786 in
3403 4730 3593 4802 quod-

1951 4829 2085 4885 dam
2118 4832 2377 4883 castrum
2406 4842 2578 4881 suum
2596 4826 2909 4891 munitum,
2942 4828 3227 4893 ceperum
3256 4820 3512 4887 nomine,
3532 4834 3594 4875 se

1953 4921 2307 4987 receperant,
2331 4915 2486 4971 unde
2520 4912 2892 4969 Antiochiam
2929 4911 3143 4982 pariter
3162 4909 3590 4967 convenientes.

1952 5007 2117 5062 divisi
2153 5011 2292 5060 sunt
2322 5006 2391 5060 ab
2415 5003 2682 5072 invicem,
2716 5002 2953 5057 domino
2986 5016 3118 5072 rege
3155 5017 3285 5056 cum
3320 4997 3591 5054 familiari

1950 5098 2223 5154 comitatu
2274 5093 2723 5162 Hierosolymam
2760 5108 2985 5147 reverso
3014 5108 3029 5160 ;
3065 5090 3164 5146 ubi
3221 5091 3292 5146 ah
3326 5087 3590 5144 universo

1951 5185 2102 5242 clero
2141 5191 2197 5240 et
2227 5182 2457 5256 popul0‚
2517 5187 2795 5254 tanquam
2857 5181 2953 5237 diu
3013 5180 3397 5246 desideratus,
3455 5190 3589 5233 cum

1951 5275 2138 5331 multa
2169 5277 2474 5344 susceptus
2527 5269 2989 5339 honorificentia,
3025 5269 3176 5341 plebi
3216 5271 3275 5321 et
3313 5265 3591 5339 patribus,

1953 5365 2122 5435 quasi
2155 5368 2284 5433 post
2313 5370 2500 5417 actum
2519 5359 2843 5425 biennium,
2866 5356 3275 5429 acceptabilem
3310 5352 3595 5411 suamin-

1950 5451 2087 5508 tulit
2115 5450 2502 5523 praesentiam.
2564 5448 2775 5504 Eodem
2836 5464 2987 5502 anno
3017 5447 3289 5502 dominus
3320 5445 3592 5515 Calixtus,

1951 5540 2117 5598 bonae
2161 5540 2455 5597 memoriis
2510 5554 2660 5611 papa
2706 5539 3017 5609 secundus,
3050 5537 3163 5593 vita
3200 5534 3469 5600 decessit,
3500 5534 3593 5591 cui
