3784 6000
293 178 435 264 aas

1719 204 1911 263 LUCII
1952 203 2029 262 111
2067 202 2276 261 ΡΑΡᾸΞΙ

3573 208 3712 269 nst

361 330 545 389 Justis
573 330 901 402 petentium
928 330 1237 387 desideriis
1257 331 1508 404 dignum
1541 337 1629 387 est
1664 346 1773 388 nos
1802 328 1946 388 faci·
1975 330 2025 385 A
2054 328 2241 386 felicis
2309 331 2616 388 memorias
2670 331 2995 400 Paschalis,
3049 331 3313 403 Eugenii‚
3387 333 3726 400 Anastasii,

289 420 410 480 lem
454 421 721 494 praebcre
765 435 1153 487 consensum,
1177 426 1234 477 et
1277 427 1414 477 vota
1443 436 1580 493 quae
1620 437 1657 478 a
1693 419 1944 477 rationis

292 514 491 568 mente
530 525 650 566 non
693 509 1065 575 discordant,
1100 509 1313 566 effectu
1350 514 1746 582 prosequente
1784 524 1946 566 com·

289 601 471 674 plere.
507 601 901 670 Quapropter,
934 597 1136 656 dilecti
1177 599 1238 654 in
1282 599 1536 656 Domino
1572 599 1701 665 filii,
1737 599 1946 655 vestris

283 689 466 762 justis
496 686 996 760 postulationibus
1029 693 1196 760 grato
1234 695 1655 745 concurrentes
1693 703 1946 745 assensu

285 778 451 849 piam
465 775 918 832 concessionem
935 775 1107 832 bonae
1122 776 1429 833 memorias
1442 776 1946 849 Godel’ridquuon-

287 864 427 923 dam
470 864 642 920 ducis
673 863 1070 935 Lotharingiae
1098 865 1271 921 vobis
1299 871 1355 923 et
1379 866 1584 923 domui
1616 872 1824 923 vestrae
1855 880 1946 920 ra-

283 952 646 1012 tionabiliter
679 952 922 1020 factam,
960 959 1151 1012 ratam
1179 970 1311 1011 esse
1349 955 1743 1021 decernimus.
1777 970 1943 1010 eam-

285 1059 404 1116 que
423 1048 489 1099 ut
518 1041 994 1098 indissolubilem
1014 1043 1655 1109 obtineatfirmitatem,
1682 1058 1945 1116 praesen·

287 1133 448 1190 tibus
473 1130 677 1187 litteris
705 1131 990 1187 duximus
1021 1131 1421 1190 inserendam.

358 1221 573 1278 Statuit
601 1236 866 1292 namque
906 1220 1191 1276 divinitus
1229 1221 1551 1295 inspiratus
1589 1226 1648 1277 ut
1684 1221 1942 1293 quinde-

286 1312 403 1368 cim
434 1326 680 1367 mansos
709 1313 767 1364 et
788 1310 1113 1366 maresium
1145 1317 1199 1365 et
1222 1315 1389 1383 prata
1410 1327 1596 1382 usque
1620 1311 1695 1367 ad
1712 1309 1940 1368 flumen

284 1400 445 1456 Lane
471 1401 529 1456 in
560 1398 693 1455 loco
724 1397 825 1452 ubi
858 1397 1011 1455 silva
1037 1397 1167 1466 fuit,
1200 1407 1255 1455 et
1296 1400 1463 1456 vadit.
1506 1415 1680 1455 secus
1718 1404 1940 1457 terram

283 1488 721 1545 monachorum
744 1487 979 1543 Sanctae
1008 1487 1202 1544 Mariae
1229 1493 1285 1545 et
1307 1495 1521 1546 terram
1568 1489 1675 1545 viri
1722 1488 1939 1545 nobilis

285 1577 607 1642 Gosowini,
632 1593 704 1631 ex
733 1576 893 1633 dono
909 1592 1041 1642 suo,
1069 1577 1313 1649 propria
1334 1580 1737 1634 consentiente
1758 1593 1942 1634 uxore

2054 419 2293 475 Adriani
2319 424 2375 475 et
2393 420 2710 477 Alexandri
2737 424 3144 479 Romanorum
3167 421 3536 496 pontificum
3564 424 3727 480 vesti·

2055 508 2169 578 giis
2209 508 2587 576 inhaerentes,
2613 511 2996 583 praecipimus
3034 518 3090 566 et
3135 511 3456 584 praesentis
3501 513 3724 570 decreti

2055 599 2400 655 auctoritate
2421 599 2744 656 sancimus,
2768 616 2842 657 ne
2863 600 3134 674 cuiquam
3161 602 3417 659 omnino
3444 617 3724 674 personat

2055 685 2284 751 clerico,
2315 688 2632 755 monacho,
2665 688 2819 745 laico
2862 690 3279 763 cujuscunque
3326 688 3578 747 ordinis
3628 696 3727 748 aut

2054 773 2371 846 dignitatis,
2429 778 2823 848 praesentibus
2880 783 2981 835 aut
3037 778 3252 836 futuris
3307 779 3721 854 temporibus,

2056 864 2226 921 liceat
2245 866 2727 937 congregationis
2755 867 2887 924 illas
2921 874 2973 923 et
3003 868 3134 925 loca
3161 868 3261 925 illa
3289 885 3430 943 quae
3483 871 3722 928 Camal-

2054 953 2321 1010 dulensis
2343 957 2525 1012 eremi
2551 955 2675 1012 sive
2694 957 2947 1013 coenobii
2967 956 3350 1029 disciplinam
3373 959 3721 1017 etot-dinem

2053 1045 3033 1119 susceperint,quasquehodiesub
3064 1046 3220 1103 illius
3242 1048 3552 1118 regimine
3591 1065 3718 1106 con·

2051 1132 2331 1203 tinentur,
2362 1132 2482 1190 ullo
2505 1135 2686 1191 modo
2718 1133 2797 1190 ab
2825 1134 2955 1206 ejus
2981 1135 3356 1207 subjectione
3387 1141 3447 1193 et
3497 1138 3720 1195 unitate

2048 1221 2345 1278 devidere.
2403 1223 2544 1287 Quae
2598 1223 2869 1280 videlicet
2919 1224 3053 1280 loca
3104 1229 3160 1281 et
3209 1227 3718 1298 congregationes

2049 1311 2475 1366 conservandae
2500 1311 2736 1367 unitatis
2767 1312 2957 1382 gratia
2987 1313 3396 1386 singularibus
3425 1316 3562 1372 visa
3589 1322 3720 1373 sunt

2051 1398 2356 1455 vocabulis
2390 1399 2741 1455 adnotanda
2776 1416 2789 1456 :

2120 1488 2187 1544 In
2215 1487 2564 1561 episcopatu
2598 1489 2872 1546 Arretino
2896 1492 3332 1548 monasterium
3357 1493 3574 1550 Sancti
3595 1493 3714 1551 Sal-

2048 1578 2274 1633 vatoris
2303 1577 2820 1647 Berardingorum,
2854 1579 3054 1635 Sancti
3082 1580 3228 1637 Petri
3259 1580 3323 1637 in
3362 1583 3548 1647 Rota,
3577 1582 3716 1640 San·

285 1682 415 1734 sua,
439 1665 711 1723 habeatis
740 1665 799 1720 in
822 1670 1130 1737 posterum
1164 1672 1220 1723 et
1240 1666 1317 1723 ad
1357 1666 1668 1723 utilitatem
1722 1668 1941 1724 domus
1978 1683 2024 1740 Β
2051 1671 2160 1723 ctae
2187 1666 2387 1722 Marioe
2412 1667 2469 1723 in
2506 1667 2778 1738 Agnano,
2806 1668 3005 1724 Sancti
3036 1668 3250 1735 Quirici
3284 1669 3348 1727 in
3396 1673 3586 1737 Rosa,
3607 1689 3719 1729 crc-

286 1761 493 1812 vestrae
535 1754 750 1810 utiliter
772 1754 1042 1810 teneatis.

354 1845 637 1900 Praeterea
669 1858 858 1914 nepos
885 1842 1015 1913 eius
1054 1842 1434 1914 Godesridus‚
1461 1844 1585 1900 dux
1623 1845 1939 1902 Lotharin·

285 1934 419 2006 giae,
447 1948 587 1988 cum
614 1933 871 2004 propriae
902 1933 1103 1988 uxoris
1134 1947 1405 2000 assensu,
1438 1933 1666 1989 donum
1714 1950 1750 1990 a
1794 1950 1944 2007 prae·

283 2023 443 2079 dicto
481 2021 804 2077 Godefrido
830 2035 947 2076 avo
978 2036 1089 2079 suo
1114 2021 1340 2079 factum
1391 2023 1735 2092 recognovit
1764 2031 1823 2079 et
1850 2038 1942 2080 ra-

285 2114 411 2169 tum
437 2109 666 2176 habuit,
698 2113 771 2175 et,
805 2108 883 2164 ad
900 2109 1436 2182 exemplaripsius,
1467 2111 1936 2169 relevamentum

282 2198 597 2256 hominum
621 2213 888 2263 suorum,
940 2203 1062 2254 tam
1104 2198 1165 2254 in
1215 2198 1431 2256 ducatu
1471 2199 1545 2256 de
1594 2200 1937 2266 Brabantia,

283 2304 469 2362 quam
500 2288 559 2343 in
601 2286 888 2343 comitatu
915 2286 990 2342 de
1019 2290 1281 2352 arescot,
1311 2292 1367 2344 et
1408 2288 1470 2344 in
1509 2293 1634 2345 tota
1676 2294 1852 2356 terra,
1885 2296 1941 2344 et

282 2378 344 2433 in
375 2378 598 2433 ducatu
648 2392 780 2444 suo,
823 2375 978 2432 sicut
1027 2391 1099 2432 ex
1150 2376 1492 2434 authentico
1533 2377 1754 2450 scripto
1810 2378 1939 2449 ejus

283 2467 664 2536 agnovimuS,
691 2480 796 2521 vos
826 2464 1046 2520 habere
1077 2465 1391 2522 concessit.

355 2554 657 2625 adjiciens
702 2558 764 2607 ut
804 2554 1151 2626 quicunque
1189 2554 1264 2610 de
1303 2553 1588 2611 fratribus
1638 2555 1846 2612 vestris
1877 2557 1937 2612 in

283 2643 451 2699 curia
471 2643 602 2711 ejus
624 2658 733 2714 pro
762 2641 950 2696 reditu
968 2640 1067 2697 illo
1088 2640 1423 2712 colligendo
1447 2644 1798 2711 morabitur,
1827 2660 1939 2718 pro

285 2749 350 2789 se
380 2740 436 2790 et
465 2732 705 2789 duobus
734 2731 1003 2788 scuteriis
1029 2736 1087 2788 et
1122 2732 1312 2789 tribus
1341 2734 1692 2806 equitaturis
1732 2735 1936 2791 fenum

283 2829 340 2880 et
366 2837 618 2881 avenam
647 2820 890 2886 habeat,
921 2825 979 2876 et
1000 2819 1307 2890 candelas,
1335 2826 1392 2877 et
1417 2822 1737 2879 ferraturas
1757 2839 1939 2896 equo-

283 2929 419 2972 rum
459 2912 534 2966 de
582 2910 747 2966 curia
791 2910 920 2980 ipsa
959 2909 1268 2981 percipiat.
1301 2911 1439 2976 Quae
1486 2912 1689 2984 utique
1731 2914 1936 2970 omnia
1975 2963 1982 2967 .

2053 1771 2221 1813 mum
2245 1755 2320 1811 de
2362 1754 2527 1821 Fleri,
2557 1758 2990 1813 monasterium
3014 1758 3215 1814 Sancti
3248 1759 3500 1827 viriani,
3527 1760 3718 1819 Sancti

2053 1843 2465 1901 Bartholomaei
2490 1846 2547 1900 in
2571 1844 2833 1917 Anglari‚
2862 1846 3096 1903 Sanctae
3124 1847 3320 1905 Harioe
3341 1847 3420 1905 de
3447 1849 3719 1918 pratalia,

2053 1934 2482 1990 monasterium
2524 1933 2964 2006 Silvaemundoe,
2999 1936 3196 1993 Sancti
3247 1937 3402 1994 Petri
3457 1940 3717 2007 Hinoris,

2051 2023 2248 2080 Sancti
2277 2023 2576 2079 Michaelis
2606 2024 2678 2078 de
2703 2024 2919 2095 Burgo,
2954 2024 3269 2082 ecclesiam
3301 2025 3379 2082 de
3411 2033 3589 2086 curte
3618 2029 3721 2085 Lu·

2050 2111 2247 2184 ponis,
2283 2112 2478 2168 Sancti
2501 2111 2753 2168 Andreoe
2774 2111 2849 2168 de
2874 2112 3246 2180 castellione,
3271 2112 3486 2173 Sancti
3515 2115 3718 2176 Savini

2051 2216 2108 2273 in
2137 2201 2425 2265 Arretino,
2441 2201 2871 2256 monasterium
2889 2202 3124 2258 Sanctae
3143 2202 3346 2260 Marias
3370 2204 3437 2261 in
3483 2208 3676 2264 Trivio
3701 2224 3715 2274 ;

2049 2288 2107 2346 in
2130 2289 2358 2346 Galiata
2377 2289 2813 2345 monasterium
2827 2289 3134 2358 delusula,
3161 2293 3450 2349 Eremum
3467 2298 3714 2363 Novum,

2052 2378 2483 2435 monasterium
2507 2377 2582 2433 de
2602 2381 2999 2450 Ferrazzano;
3026 2379 3084 2434 in
3116 2381 3487 2454 episcopatu
3517 2384 3716 2441 Montis

2048 2465 2455 2522 Feretranensi
2515 2466 2943 2522 monasterium
3001 2466 3532 2527 Montis-Herculis
3589 2490 3605 2540 ς
3655 2473 3710 2529 in

2049 2556 2432 2626 episcopatus
2447 2554 2812 2611 pesauriensi
2828 2556 3265 2613 monasterium
3279 2558 3496 2617 Sancti
3517 2559 3707 2618 Dicen-

2050 2642 2134 2709 tii,
2166 2658 2435 2698 eremum
2466 2642 2645 2714 Sajoli
2679 2643 2775 2710 ;in
2798 2644 3146 2717 episcopatu
3179 2645 3570 2705 Bononiensi
3591 2666 3710 2707 mo-

2050 2732 2375 2787 nasterium
2398 2731 2595 2787 Sancti
2620 2732 2992 2804 Archangeli,
3015 2732 3219 2791 Sancti
3249 2736 3466 2792 Felicis
3487 2739 3704 2796 Sancta!

2049 2820 2374 2886 Christinae,
2401 2817 2759 2877 Sanctorum
2790 2822 3020 2878 Cosmae
3062 2828 3120 2878 et
3174 2822 3492 2894 Damiani,
3519 2827 3705 2899 hospi·

2049 2909 2160 2966 tale
2186 2910 2415 2964 Sanctae
2445 2909 2638 2965 Mariae
2668 2910 2726 2965 in
2757 2911 3004 2982 Ragone
3036 2926 3052 2978 ;
3082 2910 3141 2967 in
3188 2913 3561 2988 episcopatu
3613 2918 3704 2974 Fa·

279 3003 430 3057 sicut
455 3000 549 3073 pie
580 3004 636 3054 et
667 2997 1096 3055 rationabiliter
1147 2997 1290 3055 data
1341 3006 1480 3057 sunt
1528 3005 1586 3056 et
1623 3016 1933 3068 concessa,
1967 3038 2008 3095 C
2047 2997 2289 3055 ventino
2321 2998 2754 3055 monasterium
2788 2999 2986 3057 Sancti
3017 2998 3323 3075 Hippolyti
3355 3022 3370 3072 ;
3397 3006 3460 3061 in
3487 3007 3699 3079 cpisco-

277 3096 407 3147 rata
436 3104 567 3145 esse
593 3087 994 3153 decernimus,
1027 3091 1084 3143 et
1113 3101 1183 3143 ea
1213 3088 1384 3145 vobis
1408 3094 1464 3146 et
1490 3088 1698 3146 domui
1727 3096 1934 3147 vestras
2043 3094 2185 3161 patu
2222 3088 2401 3143 Esino
2441 3089 2876 3145 monasterium
2907 3089 3109 3146 Sancti
3138 3092 3404 3164 Georgii,
3441 3110 3699 3153 eremum

276 3178 625 3236 auctoritate
669 3174 1000 3250 apostolica
1046 3175 1475 3234 confirmamus
1521 3184 1576 3234 et
1626 3180 1934 3251 praesentis

275 3266 478 3338 scripti
501 3264 834 3339 patrocinio
851 3279 984 3321 com
995 3264 1221 3320 munim
1234 3282 1301 3321 us
1325 3284 1339 3335 ;
1361 3270 1690 3323 statuentes
1708 3274 1769 3324 ut
1785 3269 1930 3325 nulli

273 3372 371 3414 om
383 3356 523 3411 nino
544 3354 858 3410 hominum
880 3352 1055 3409 liceat
1068 3353 1225 3410 hanc
1248 3356 1531 3425 paginam
1552 3363 1771 3413 nostrae
1792 3373 1931 3414 con·

269 3444 627 3502 firmationis
670 3443 993 3514 infringere
1032 3447 1087 3498 et
1132 3444 1182 3498 ei
1230 3459 1381 3500 ausu
1425 3448 1742 3503 temerario
1785 3463 1929 3503 con-

269 3534 465 3591 traire.
501 3533 558 3588 Si
585 3531 720 3605 quis
750 3536 948 3588 autem
976 3531 1093 3588 hoc
1141 3537 1428 3589 attentare
1481 3536 1930 3608 praesumpserit

265 3624 745 3693 indignationem
777 3621 1207 3693 omnipotentis
1239 3621 1341 3678 Dei
1381 3628 1438 3677 et
1467 3622 1778 3680 beatorum
1823 3628 1927 3682 Pe·-

264 3712 340 3769 tri
360 3715 420 3768 et
450 3711 611 3767 Pauli
640 3709 1052 3780 apostolorum
1083 3710 1213 3781 ejus
1261 3726 1324 3767 se
1377 3712 1607 3767 noverit
1650 3713 1927 3772 incursu-

265 3815 424 3857 rum.

339 3891 556 3945 Datum
587 3887 857 3957 Arimini,
884 3904 921 3944 x
952 3887 1079 3942 Kal.
1112 3886 1274 3943 Julii.

1017 3975 1174 4031 Cth.

263 4067 616 4126 monasteria
633 4065 908 4122 Camaldu
916 4065 1103 4121 lensia
1113 4064 1285 4120 adimi
1296 4065 1726 4138 conqreyationi
1738 4074 1914 4125 velat.

798 4152 1128 4224 (Bononiae,
1159 4154 1272 4209 Jul.
1304 4154 1382 4226 7.)

564 4243 811 4315 [Annal.
849 4241 1214 4309 Camaldul„
1249 4242 1342 4310 lV,
1376 4259 1435 4316 p.
1468 4243 1619 4318 112]

330 4332 530 4387 Lucius
567 4331 907 4403 episcopus,
936 4346 1142 4385 servus
1191 4347 1487 4387 servorum
1534 4332 1653 4405 Dei,
1683 4333 1912 4391 dilectis
2021 4334 2081 4388 in
2114 4332 2421 4401 Fontian0,
2455 4332 2650 4388 Sancti
2677 4332 2830 4389 Petri
2851 4332 2913 4389 in
2944 4335 3202 4402 Cet-reto,
3235 4342 3674 4399 monasterium

260 4420 397 4476 filiis
429 4421 670 4475 Pucino
697 4417 1140 4476 camaldulensi
1187 4420 1389 4492 priori,
1417 4421 1666 4496 ejusque
1714 4422 1911 4480 fratri-
1947 4396 1991 4451 D
2023 4422 2216 4480 Sancti
2245 4420 2392 4477 Justi
2424 4437 2439 4488 ;
2471 4421 2532 4477 in
2553 4421 2906 4495 episcopatu
2951 4422 3192 4491 Pisano,
3235 4431 3674 4488 monasterium

253 4510 392 4579 bus,
425 4515 549 4566 tam
575 4506 971 4582 praesentibus
998 4523 1182 4580 quam
1211 4508 1440 4575 futuris,
1464 4510 1794 4580 regularem
1827 4513 1912 4570 vi-

255 4606 379 4658 tam
410 4599 719 4672 professis,
743 4599 803 4655 in
842 4603 1214 4671 perpetuum.

327 4688 513 4745 Officii
544 4687 730 4744 nostri
755 4702 866 4743 nos
916 4686 1204 4744 admonet
1235 4691 1293 4744 et
1332 4687 1540 4745 invitat
1582 4689 1907 4747 auctoritas

251 4793 362 4852 pro
392 4777 790 4833 Ecclesiarum
824 4781 979 4833 statu
1001 4781 1290 4847 satagere,
1325 4782 1380 4833 et
1403 4793 1613 4833 earum
1645 4778 1827 4850 quieti
1849 4784 1907 4836 et

249 4867 657 4940 tranquillitati
687 4866 1021 4935 salubriter,
1051 4866 1375 4924 auxiliante
1400 4867 1675 4935 Domino,
1709 4870 1904 4941 provi·

248 4957 410 5014 dere.
441 4957 695 5027 Dignum
714 4971 977 5027 namque
999 4960 1056 5011 et
1076 4956 1370 5013 honestati
1390 4957 1752 5013 conveniens
1769 4973 1902 5014 esse

250 5045 623 5118 dignoscitur
655 5050 714 5101 ut
743 5044 890 5116 quid
941 5044 1019 5100 ad
1067 5060 1275 5100 earum
1328 5045 1618 5118 regimen,
1650 5046 1901 5103 Domino

245 5135 601 5208 disponente
623 5133 915 5206 assumpti
939 5149 1278 5204 sumus,eas
1304 5140 1362 5191 et
1390 5150 1427 5191 a
1446 5150 1774 5207 pravorum
1796 5136 1901 5192 ho·

246 5226 479 5282 minum
507 5222 774 5294 nequitia
796 5228 1089 5285 tueamur.
1114 5228 1168 5279 et
1188 5224 1344 5280 beati
1365 5224 1512 5280 Petri
1534 5231 1714 5297 atque
1735 5224 1898 5281 sedis

241 5313 584 5384 apostolicae
609 5313 936 5382 patrocinio
961 5313 1669 5385 muniamusAEapropter,
1688 5314 1896 5372 dilecti

244 5398 308 5453 in
332 5400 585 5457 Domino
619 5401 741 5466 tilii,
773 5404 976 5456 vestris
1000 5402 1178 5473 justis
1233 5402 1732 5473 posuit-itionibus
1779 5404 1896 5460 cle-

244 5493 477 5543 menter
509 5490 855 5557 annuimus,
885 5495 939 5544 et
984 5489 1498 5561 praedecessorum
1552 5497 1896 5550 nostrorum
2004 5496 2063 5549 et
2085 5492 2286 5549 Sancti
2305 5490 2602 5548 Simeonis
2646 5490 2706 5547 in
2735 5489 3080 5564 salvereno,
3103 5492 3442 5557 neelfiam
3475 5497 3664 5561 Sancti

2042 3176 2335 3243 Rainaldi,
2379 3179 2810 3233 monasterium
2853 3176 2929 3234 de
2978 3179 3306 3247 Accoli3in
3348 3185 3698 3258 episcopatu

2040 3265 2437 3322 Camerinensi
2467 3267 2890 3323 monasterium
2918 3267 3148 3324 Sanctae
3201 3268 3474 3340 Helenoe,
3503 3290 3696 3331 mona·

2038 3355 2283 3410 sterium
2308 3354 2383 3410 de
2404 3353 2613 3411 Pirella
2632 3370 2652 3421 ,·
2673 3354 2734 3410 in
2765 3356 3111 3428 episcopatu
3139 3358 3554 3430 Spoletinensi
3583 3379 3697 3420 mo·

2038 3444 2363 3500 casterium
2405 3442 2603 3500 Sancti
2652 3442 2936 3515 Sylvestri
2970 3460 2985 3512 ;
3017 3446 3081 3501 in
3118 3445 3486 3522 episcopatu
3515 3451 3696 3523 Fulgi-
3783 3461 3784 3502 ι

2034 3532 2205 3588 nensi
2235 3532 2666 3616 monasterium
2697 3533 2772 3589 de
2804 3532 3164 3601 Landun...;
3221 3535 3284 3591 in
3339 3539 3693 3614 episcopatu
3781 3535 3784 3606 J

2034 3620 2365 3677 castellano
2392 3621 2824 3677 monasterium
2853 3624 3050 3679 Sancti
3076 3623 3370 3695 Sepulcri‚
3399 3638 3694 3687 monaste·

2032 3710 2188 3766 rium
2229 3711 2458 3766 Sanctae
2489 3710 2682 3767 Marias
2721 3709 2796 3766 de
2851 3711 3128 3782 Deciano,
3155 3712 3366 3771 Sancti
3415 3716 3574 3774 Petri
3625 3717 3692 3775 dc
3781 3767 3784 3790 ,

2031 3797 2274 3855 Planeto
2306 3815 2319 3864 ;
2351 3798 2411 3854 in
2458 3798 2812 3870 episcopatu
2863 3800 3199 3858 Florentino
3245 3808 3687 3865 monasterium
3781 3845 3784 3894 l

2029 3885 2232 3943 Sancti
2250 3886 2398 3943 Petri
2425 3886 2486 3943 in
2517 3888 2698 3956 Luco,
2727 3886 2928 3945 Sancti
2968 3888 3294 3947 salvatoris
3343 3892 3530 3965 juxta
3559 3897 3682 3954 eivi-

2028 3979 2206 4032 tatem
2235 3991 2250 4042 ;
2270 3976 2334 4031 in
2353 3974 2707 4049 episcopatu
2737 3977 3035 4035 Fesulano
3057 3982 3516 4042 monasterium
3541 3985 3684 4043 Hon-

2026 4063 2302 4131 tismuri3
2345 4063 2661 4122 ecclesiam
2716 4066 2947 4123 Sanctae
2992 4066 3360 4139 Margaretae,
3395 4081 3683 4131 monaste·

2022 4155 2181 4211 rium
2206 4153 2280 4210 de
2306 4153 2658 4210 Pratoveteri
2691 4155 2786 4223 ;in
2803 4156 3155 4229 episcopatu
3175 4157 3558 4222 vulteranno
3575 4180 3682 4221 mo·

2023 4242 2354 4300 nasterium
2380 4241 2610 4300 Sanctae
2636 4243 2826 4301 Uariae
2853 4245 2911 4301 in
2945 4244 3272 4315 policiano,
3307 4250 3522 4309 Sancti
3541 4252 3679 4310 Petri

2019 4509 2250 4566 Sanctoe
2302 4510 2492 4567 Mariae
2540 4510 2616 4566 de
2666 4511 2960 4576 Mori-ona,
3015 4511 3216 4569 Sancti
3275 4515 3582 4590 Stephani
3625 4521 3673 4576 in

2018 4599 2331 4666 Cinctoria,
2347 4599 2775 4656 monasterium
2785 4599 2986 4656 Sancti
3001 4600 3226 4667 Savini,
3246 4609 3670 4666 monasterium

2018 4689 2211 4746 Sancti
2238 4687 2534 4746 Michaelis
2563 4687 2638 4744 de
2663 4689 2876 4761 Burgo,
2910 4689 3106 4747 Sancti
3147 4689 3454 4762 Pridiani,
3487 4697 3667 4755 Sancti
3751 4749 3756 4754 .

2014 4777 2264 4835 Zenonis
2291 4793 2308 4844 ;
2327 4778 2389 4833 in
2401 4778 2751 4849 episcopatu
2771 4778 3004 4835 Lucano
3021 4781 3478 4843 monasterium
3491 4786 3668 4844 Sancti

2013 4866 2332 4925 Salvatoris
2351 4866 2414 4922 in
2442 4865 2835 4936 Cantignano,
2865 4868 3060 4924 Sancti
3086 4866 3237 4925 Petri
3269 4870 3333 4929 in
3365 4872 3666 4946 Puteolis;

2011 4956 2072 5012 in
2095 4954 2387 5020 Sardinia,
2421 4954 2480 5010 in
2495 4956 2846 5028 episcopatu
2864 4954 3200 5022 Turritano,
3235 4965 3668 5022 monasterium

2013 5046 2242 5103 sanctas
2283 5043 2580 5101 Trinitatis
2622 5045 2699 5100 de
2740 5045 3026 5109 Sacraria,
3072 5045 3406 5108 ecclesiam
3459 5054 3668 5112 Sancta

2011 5133 2287 5204 Eugeniae
2315 5133 2375 5189 in
2422 5134 2737 5200 Samanar,
2770 5133 3085 5190 ecclesiam
3135 5136 3342 5194 Sancti
3385 5142 3667 5200 nichasii:

2008 5227 2068 5279 et
2108 5222 2305 5279 Sancti
2352 5222 2650 5278 Laurentii
2702 5223 2761 5278 in
2806 5223 3045 5289 vanari,
3077 5223 3398 5285 ecclesiam
3455 5233 3667 5290 Sancte
3747 5229 3752 5234 '

2007 5311 2201 5370 Marias
2247 5316 2306 5368 et
2355 5314 2534 5369 Sanct
2613 5311 2860 5368 Joannis
2909 5313 2965 5369 in
3023 5313 3282 5381 Altum,
3363 5320 3666 5379 ecclesiam

2009 5402 2239 5459 Sanctae
2268 5401 2467 5457 Mariae
2497 5401 2556 5456 in
2581 5402 2814 5466 Contra,
2848 5401 3162 5458 ecclesiam
3189 5403 3406 5464 Sancti
3433 5409 3666 5470 loannis
