3784 6000
291 200 437 260 tw

292 432 462 481 sona,
495 419 605 471 etc.

543 518 746 560 *mun
779 516 906 566 uos,
940 515 1094 565 nnus,
1128 512 1429 554 snm-uns
1459 513 1687 554 nosrta.

365 594 485 665 Ego
515 592 726 648 Lucius
751 587 1059 644 catholicoe
1094 587 1364 643 Ecclesiae
1396 586 1742 657 episcopus.

363 683 485 752 Ego
508 679 857 737 Theodorus
887 677 1213 750 episcopus
1247 675 1586 731 portuensis
1619 681 1676 729 et
1707 677 1938 730 sanctie

294 771 523 829 Rufinoe
556 768 718 824 sedis
745 766 1086 838 episcopus.

364 863 487 931 Ego
513 857 795 913 Henricus
820 853 1172 911 Albanensis
1203 852 1545 925 episcopus.

364 951 484 1020 Ego
510 947 774 1005 loannes
803 943 1003 1016 presb.
1034 942 1196 999 eard.
1227 942 1311 998 tit.
1347 941 1546 999 Sancti
1576 940 1770 998 larci.

360 1034 483 1108 Ego
514 1036 819 1093 Laborans
846 1032 1047 1105 presb.
1088 1031 1252 1088 card.
1284 1032 1515 1088 Sanctae
1536 1030 1734 1086 Marias
1774 1033 1940 1086 trans

290 1124 568 1190 Tiberim,
600 1124 684 1180 tit.
719 1121 946 1180 calixti.

361 1218 482 1285 Ego
514 1211 837 1270 Pandolius
882 1210 1083 1283 presb.
1135 1206 1300 1265 card.
1356 1207 1445 1264 tit.
1497 1223 1577 1264 xn
1627 1206 1945 1280 Apostolo-

288 1319 489 1464 ruge-o
528 1389 765 1448 Ardicio
807 1388 1101 1444 diaconus
1128 1385 1449 1444 cardinalis
1501 1385 1701 1442 Sancti
1755 1385 1946 1442 Theo-

290 1482 448 1539 dori.

363 1570 488 1640 Ego
501 1567 815 1626 Gratianus
826 1567 1183 1622 Sanctorum
1207 1562 1439 1620 Cosmoe
1458 1562 1803 1621 etnamiani
1819 1562 1945 1621 dia-

294 1674 486 1716 conus
510 1656 675 1713 card.

362 1746 485 1818 Ego
512 1743 818 1801 Soffredus
861 1744 1085 1800 Sanctae
1130 1740 1324 1797 Mariae
1374 1740 1435 1797 in
1465 1741 1574 1798 Via
1603 1740 1747 1798 Lata
1775 1740 1938 1801 diae.

295 1835 464 1893 eard.

356 1925 480 1994 Ego
511 1922 760 1980 Albinus
787 1923 1014 1977 Sanctae
1043 1918 1235 1976 Marios
1270 1920 1447 1975 Nom
1465 1918 1619 1975 diac.
1666 1918 1831 1976 card.

358 2012 571 2069 Datum
614 2013 854 2066 veronae
890 2024 994 2080 per
1029 2022 1276 2064 manum
1307 2006 1547 2074 Alberti,
1579 2012 1800 2065 sanctoe
1840 2011 1947 2065 Ro·

292 2116 491 2159 manaa
524 2099 793 2156 Ecclesia
819 2097 1018 2170 presb.
1050 2096 1214 2153 card.
1238 2100 1295 2152 et
1336 2096 1768 2153 cancellarii....
1803 2098 1948 2153 Mar-

288 2190 372 2256 tii,
404 2189 725 2246 indictione
756 2187 943 2251 tertia,
964 2185 1396 2242 incarnationis
1433 2185 1755 2243 Dominicoe
1785 2201 1947 2242 anno

292 2279 449 2344 1184,
517 2275 898 2351 pontificatus
953 2290 1096 2332 vero
1142 2273 1352 2331 domni
1410 2274 1566 2331 Lucii
1641 2290 1816 2349 papas
1875 2275 1945 2331 ΙΙΙ

290 2383 456 2426 anno
488 2383 566 2423 iv.

1007 2469 1270 2525 ccxxvi.

507 2577 900 2648 Privileaium
928 2591 1041 2646 pro
1075 2575 1341 2645 capituto
1370 2574 1732 2634 Pistoriensi‘.

836 2682 1103 2755 (Veronae
1134 2680 1318 2753 April.
1337 2681 1417 2754 4.)

542 2788 881 2864 [Zsennih
910 2788 1217 2845 Anecdota
1247 2788 1428 2845 medii
1446 2788 1561 2846 oevi
1582 2788 1736 2863 235]

365 2899 565 2955 Luicus
588 2895 929 2969 episcopus,
956 2909 1163 2950 servus
1211 2909 1521 2950 servorum
1563 2894 1682 2959 Dei,
1712 2894 1947 2951 dilectis

291 2986 429 3046 tiliis
452 2989 704 3044 Nivsrno
733 2983 1105 3040 Pistoriensis
1124 2981 1393 3039 Ecclesia
1432 2984 1770 3056 praeposito,
1794 2985 1948 3057 ejus-

290 3091 410 3148 que
439 3075 718 3132 fratribus
750 3080 870 3130 tam
891 3072 1288 3145 praesentibus
1311 3087 1498 3144 quam
1520 3073 1733 3129 tuturis
1762 3089 1944 3131 cano·

291 3164 424 3222 nice
458 3161 888 3220 substituendis
934 3162 993 3217 in
1039 3165 1414 3233 perpetuum.

364 3250 907 3324 Desideriumquod
924 3249 1001 3306 ad
1014 3249 1314 3321 religionis
1330 3250 1701 3324 propositum
1731 3255 1790 3308 et
1817 3252 1946 3310 ani-

290 3356 528 3400 marum
545 3340 799 3398 salutem
828 3338 1117 3412 pertinere
1135 3343 1514 3412 monstratur,
1548 3342 1665 3396 Deo
1702 3345 1944 3398 auctore

289 3431 421 3489 sine
447 3430 653 3503 aliqua
676 3433 766 3486 est
790 3427 1074 3485 dilatione
1101 3428 1552 3500 complendum.
1595 3432 1942 3504 Eapropter,

286 3518 485 3578 dilecti
511 3519 573 3576 in
588 3519 840 3575 Domino
854 3517 976 3582 tilii,
1006 3517 1213 3573 vestris
1219 3518 1395 3588 justis
1435 3518 1944 3590 postulationibus

284 3606 604 3666 elementer
628 3607 973 3671 annuimus,
1001 3611 1057 3661 et
1076 3604 1584 3678 praedecessorum
1602 3613 1942 3664 nostrorum

286 3695 473 3754 felicis
497 3694 804 3752 memoriae
837 3693 1079 3760 Urbani,
1122 3695 1364 3765 Eugenii
1408 3699 1467 3751 et
1490 3695 1808 3752 Alexandri
1829 3698 1946 3753 Ro-

286 3800 605 3842 manorum
635 3782 986 3856 pontificum
1014 3783 1273 3853 vestigiis
1298 3783 1943 3857 inhoerentes,hospita·

285 3872 404 3931 lem
435 3874 688 3930 domum
701 3874 775 3928 de
797 3870 1238 3939 Umbroncello,
1266 3887 1452 3944 quam
1468 3871 1941 3944 praedecessores

288 3961 467 4019 vestri
480 3960 692 4019 studiis
723 3965 781 4017 et
799 3960 1088 4033 impensis
1111 3961 1658 4018 suisconstruxisse
1678 3977 1942 4019 noscun-

285 4056 399 4117 tur,
441 4051 554 4108 sub
602 4049 753 4108 beati
787 4050 933 4106 Petri
962 4054 1020 4105 et
1046 4053 1252 4107 nostra
1283 4050 1643 4122 protectione
1695 4052 1944 4126 suscipi-

286 4155 424 4198 mus
452 4146 511 4197 et
540 4138 849 4212 praesentis
872 4138 1075 4211 scripti
1102 4136 1412 4211 privilegio
1449 4140 1903 4198 communimus
1926 4159 1942 4209 ;

285 4233 612 4286 statuentes
630 4234 691 4283 ut
703 4242 1097 4300 quascunque
1110 4228 1546 4300 possessiones,
1563 4244 1944 4304 quascunque

280 4317 448 4378 bona
475 4316 759 4390 praedicta
787 4316 1008 4372 domus
1041 4316 1101 4371 in
1115 4318 1569 4389 proesentiarum
1587 4319 1745 4389 juste
1773 4325 1829 4376 et
1848 4335 1945 4376 oa·

1718 192 1913 251 Lucu
1949 192 2030 251 m
2069 192 2276 252 PAPAE

288 342 416 401 qua
440 324 692 396 igiturin
719 321 982 379 futurum
1000 317 1793 377 ecclesiastioasiecularisve
1807 334 1943 391 per·
1973 322 2019 375 A
2050 320 2267 378 dicitur
2289 319 2585 393 Episcopi,
2618 325 2675 378 et
2701 318 2867 394 quod
2891 318 3063 392 juxta
3088 316 3294 377 locum
3351 317 3469 391 qui
3523 315 3710 373 dicitur

1982 1676 2023 1733 Β
2053 1655 2538 1720 committendas,
2573 1661 2635 1711 ut
2658 1668 2867 1712 eorum
2889 1653 2997 1728 qui
3032 1653 3093 1711 in
3124 1652 3304 1710 vobis
3333 1651 3724 1725 religiosiores

1979 3027 2021 3087 C
2054 2989 2402 3060 apostolicae
2450 2989 2820 3047 auctoritate.
2857 2990 2912 3049 Si
2969 3006 3092 3065 qua
3121 2988 3310 3061 igitur
3354 2989 3419 3048 in
3468 2989 3722 3049 futurum

2051 413 2206 467 Crux
2253 410 2646 467 brandeliana
2680 426 2696 477 ;
2728 408 3028 483 hospitale
3053 409 3131 465 de
3182 408 3393 474 nocio,
3449 404 3636 480 quod
3662 406 3714 463 ab

2049 497 2409 555 aediticatore
2433 498 2668 555 Esnello
2697 498 2939 555 nomine
2960 513 3067 571 per
3090 497 3387 569 scriptum
3411 494 3714 569 publicum

2049 587 2221 643 vobis
2259 603 2615 644 concessum
2648 592 2774 654 est3
2811 591 2866 645 et
2896 602 3139 661 quoque
3164 584 3333 659 quod
3363 585 3428 641 in
3477 584 3716 639 Brisceto

2048 675 2559 747 praedecessorum
2575 683 2905 734 vestrorum
2920 675 3136 732 studiis
3148 673 3598 747 impensisque
3611 671 3718 729 mdi-

2047 764 2296 822 flcatum
2324 771 2432 821 est.
2478 765 2651 832 Quod
2679 765 2965 823 nimirum
2994 763 3282 838 proedicto
3317 767 3534 820 vestro
3565 776 3718 817 xeno

2047 851 2267 910 dochio
2280 853 2349 910 de
2366 852 2798 924 umbroncello,
2820 852 3320 927 quemadmodum
3336 866 3378 909 a
3390 856 3720 909 memorato

2048 942 2489 1021 proedecessore
2518 949 2726 1000 nostro
2755 948 3043 1000 statutum
3095 944 3203 1014 est,
3235 940 3574 1015 perpetuis
3605 943 3722 996 tem·

2047 1031 2646 1104 poribussubjectum
2673 1047 2803 1090 esse
2828 1031 3232 1089 decernimus.
3265 1030 3428 1097 Quia
3463 1042 3620 1087 vero
3651 1043 3722 1085 ex·

2053 1123 2143 1177 tra
2172 1121 2347 1176 urbes
2375 1121 2469 1178 hae
2500 1120 2832 1194 hospitales
2861 1120 3082 1177 domus
3132 1119 3518 1186 consistunt,
3567 1118 3722 1191 hujus

2049 1207 2346 1281 privilegii
2374 1208 2612 1267 decreto
2625 1215 2779 1267 statu
2796 1209 2955 1267 imus
2981 1214 3045 1266 ut
3069 1208 3223 1266 intra
3249 1223 3458 1265 unum
3475 1206 3720 1264 stadium

2051 1310 2231 1354 nemo
2250 1298 2423 1369 juxta
2441 1314 2543 1356 eas
2571 1298 2834 1372 aliquem
2851 1314 3087 1371 capere,
3114 1296 3405 1370 praedari,
3439 1299 3557 1353 aut
3571 1295 3723 1352 hosti-

2049 1372 2182 1444 liter
2203 1386 2536 1446 disturbare
2564 1393 2908 1460 praesumal.
2957 1390 3227 1454 Quarum
3259 1386 3562 1443 omnium
3593 1383 3724 1442 ordi·

2051 1477 2326 1533 nationes
2352 1492 2424 1533 ac
2452 1476 2877 1549 dispositiones
2918 1475 3095 1533 vobis
3131 1476 3488 1549 vestrisque
3514 1488 3724 1531 sncces-

2053 1564 2288 1622 soribus
2299 1564 2373 1622 ad
2385 1566 2678 1638 exemplar
2691 1565 2916 1638 proefati
2932 1563 3259 1622 Alexandri
3273 1578 3453 1637 papo
3465 1562 3720 1619 duximus

2053 1743 2270 1801 tuerint
2319 1742 2626 1801 voluntate
2669 1744 2998 1810 communi,
3049 1742 3522 1800 communicato
3569 1742 3726 1799 etiam

2053 1832 2304 1891 iratrum
2332 1832 2510 1890 Vallis
2540 1834 2933 1892 Umbrosiane
2954 1832 3230 1899 consilio,
3259 1846 3582 1889 consensu
3595 1845 3723 1905 quo-

2051 1936 2170 1995 que
2190 1920 2363 1979 vestri
2385 1922 2677 1994 episcopi,
2694 1920 2742 1977 si
2762 1920 3102 1979 catholicus
3112 1920 3314 1993 fuerit,
3331 1920 3722 1977 nihilominus

2053 2009 2341 2068 adhibito.
2377 2012 2653 2067 nectores
2685 2010 2914 2068 eisdem
2943 2009 3232 2067 domibus
3292 2012 3726 2085 proeponantur

2051 2099 2156 2172 qui
2190 2099 2524 2155 secundum
2551 2099 2736 2157 Deum
2764 2113 2974 2156 earum
3000 2114 3210 2156 curam
3232 2098 3474 2156 habere
3505 2102 3567 2154 et
3593 2112 3724 2171 pan-

2052 2187 2296 2261 peribus
2324 2203 2396 2245 eo
2416 2188 2913 2245 convenientibus
2934 2185 3177 2246 sollicite
3205 2186 3566 2245 ministrare
3601 2200 3722 2260 pro·

2051 2282 2282 2334 curent.

2122 2365 2509 2423 Decet-nimus
2534 2381 2687 2438 ergo
2706 2370 2767 2423 ut
2783 2364 2932 2423 nulli
2946 2365 3198 2425 omnino
3216 2365 3556 2424 hominum
3571 2364 3728 2422 liceat

2052 2455 2298 2514 easdem
2329 2455 2547 2512 domos
2577 2460 2800 2514 temere
2851 2454 3224 2530 perturbare,
3254 2462 3366 2515 aut
3413 2454 3482 2513 in
3509 2454 3724 2511 eisdem

2055 2544 2318 2617 aliquem
2344 2560 2578 2617 capere,
2607 2549 2716 2602 aut
2745 2544 2832 2601 eis
2874 2542 3150 2603 subditas
3169 2544 3608 2619 possessiones
3633 2558 3728 2600 au·

2055 2632 2231 2700 serre,
2263 2634 2551 2701 minuere,
2606 2632 2700 2690 vel
2735 2633 3066 2691 temerariis
3120 2634 3564 2691 vexationibus
3603 2631 3724 2689 fati·

2055 2736 2230 2794 gare3
2251 2721 2357 2780 sed
2387 2723 2594 2780 omnia
2620 2723 2851 2794 integra
2876 2726 3336 2790 conserventur,
3361 2738 3602 2789 eornm,
3626 2736 3722 2795 pre

2053 2824 2316 2884 quorum
2367 2811 2799 2868 sustentatione
2845 2827 3136 2869 concessa
3189 2818 3338 2868 sunt
3369 2810 3609 2877 usibus,
3639 2824 3726 2867 eo·

2053 2912 2310 2971 rumque
2323 2898 2499 2955 saluti
2517 2904 2622 2974 qul
2639 2899 2982 2961 obtulerint.
3015 2898 3358 2974 profutura,
3377 2900 3546 2959 salva
3573 2897 3722 2955 sedis

2056 3078 2462 3137 ecclesiastica
2498 3078 2875 3137 saecularisve
2906 3093 3188 3154 persona.
3213 3084 3331 3138 etc.

2130 3169 2249 3238 Ego
2278 3167 2495 3224 Lucius
2524 3167 2834 3226 catholicis
2863 3169 2991 3226 Boc.
3027 3169 3392 3242 episcopus.

2127 3257 2250 3326 Ego
2273 3254 2619 3315 Theodinue
2655 3256 2998 3316 portuensis
3029 3258 3263 3315 Sancta
3295 3257 3540 3316 Rufino
3579 3257 3719 3314 aedis

2054 3344 2380 3419 episcopus
2402 3345 2754 3420 subscripsi.

2126 3436 2248 3504 Ego
2280 3434 2563 3490 Henricus
2583 3433 2941 3492 Albane-sis
2963 3435 3322 3509 episcopus.

2125 3522 2249 3594 Ego
2277 3523 2661 3581 'theobaldus
2703 3522 3012 3592 Ostiensis,
3062 3529 3119 3582 et
3165 3523 3563 3584 velletrensis
3588 3525 3724 3602 epis·

2053 3625 2535 3801 coggg.somnes
2587 3701 2880 3775 presbiter
2931 3701 3262 3760 cardinalis
3317 3703 3482 3764 tituli
3543 3704 3726 3762 Sanch'

2051 3790 2256 3951 1αέἓὸ
2303 3877 2611 3935 Laborans
2661 3879 2862 3953 presb.
2894 3879 3056 3938 card.
3105 3879 3191 3938 tit.
3227 3881 3291 3939 S.
3337 3881 3551 3941 Narin
3581 3887 3728 3942 trans

2047 3965 2329 4033 Tiberim,
2361 3982 2433 4024 ao
2459 3966 2707 4025 callixti.

2123 4059 2246 4127 Ego
2268 4056 2589 4113 Umbertus
2618 4055 2705 4115 tit.
2739 4057 2802 4115 8.
2835 4057 3129 4117 Laurentii
3144 4058 3204 4116 in
3221 4061 3510 4121 Damaso
3543 4061 3726 4137 presb-

2054 4144 2250 4379 οιξὲο
2274 4233 2604 4292 Pandulrus
2646 4235 2847 4308 presb.
2875 4235 3040 4294 card.
3071 4235 3162 4294 tit.
3213 4235 3570 4299 Duodecim
3597 4244 3726 4315 Apo·

2055 4327 2148 4380 sto
2173 4338 2370 4379 orum.

282 4406 501 4464 nonice
528 4404 813 4477 pos-sidet,
841 4409 946 4460 aut
973 4404 1032 4459 in
1054 4402 1321 4461 futurum
1337 4407 1721 4463 concessione
1755 4412 1946 4482 ponti·
1977 4385 2020 4441 ⁰
2125 4411 2249 4483 Ego
2292 4411 2542 4469 Albinus
2579 4413 2786 4486 presb.
2824 4414 3098 4474 card.tit.
3135 4415 3199 4475 S.
3241 4417 3462 4476 Crucis
3499 4420 3564 4477 in
3588 4422 3727 4478 Jeru-

288 4494 495 4561 tieum,
521 4493 834 4565 largitione
858 4507 1066 4563 regum
1120 4494 1212 4550 vel
1244 4494 1610 4567 principum,
1642 4496 1946 4558 oblatione

284 4583 577 4650 fidelium,
596 4582 847 4640 seualiis
860 4581 1036 4654 justis
1061 4581 1278 4648 modis,
1304 4582 1422 4638 Deo
1434 4583 1713 4656 propitio,
1733 4588 1948 4659 poterit

284 4673 561 4748 adipisci,
594 4673 770 4729 firma
799 4672 852 4728 ei
881 4677 939 4728 et
964 4671 1186 4729 illibata
1218 4677 1612 4745 permaneant
1633 4673 1695 4730 in
1721 4675 1945 4748 quibus

283 4764 413 4821 haec
438 4763 693 4836 propriis
722 4761 1011 4817 duximus
1040 4761 1432 4832 exprimenda
1472 4762 1782 4820 vocabulis
1811 4781 1824 4821 :

360 4851 910 4923 Decimarum,quie
930 4849 1101 4907 vobis
1121 4865 1159 4906 a
1189 4849 1413 4922 populo
1434 4850 1672 4918 dantur,
1708 4859 1943 4925 partem

282 4940 677 5007 decimam,et
693 4938 972 4995 laborum
991 4942 1323 4994 vestrorum
1340 4937 1634 5004 decimas,
1653 4943 1944 5012 quemad.

286 5029 538 5088 modum
569 5028 647 5085 ab
662 5027 874 5084 iisdem
909 5026 1461 5099 praedecessoribus
1487 5028 1699 5085 vestris
1730 5032 1945 5089 unani-

286 5119 460 5177 miter
481 5125 569 5175 est
596 5121 909 5174 statutum.
937 5118 1226 5172 Proeterea
1254 5115 1530 5187 ejusdem
1571 5118 1794 5175 tenoris
1828 5119 1945 5191 pri-

281 5207 563 5279 vilegium
577 5207 802 5264 caeteris
828 5219 1072 5278 quoque
1098 5219 1204 5277 per
1223 5209 1487 5262 vestrum
1524 5206 1942 5280 episcopatum

281 5297 407 5355 sitis
452 5295 855 5370 hospitalibus
900 5293 1303 5366 indulgemus.
1352 5294 1415 5351 Ei
1460 5294 1735 5353 videlicet
1774 5298 1943 5371 quod

280 5386 449 5458 Juxta
469 5386 671 5444 villam
722 5385 1078 5452 Quarratam
1105 5382 1472 5441 aedificatum
1502 5390 1612 5452 est,
1672 5390 1731 5444 et
1775 5387 1944 5461 quod

280 5474 455 5554 Juxta
486 5474 837 5551 caprariam
868 5473 1187 5548 oppidum,
1214 5478 1275 5534 et
1291 5472 1459 5547 quod
1483 5472 1549 5531 in
1574 5479 1749 5548 prato
1774 5476 1944 5551 quod

2055 4502 2269 4559 salem.

2127 4589 2250 4661 Ego
2279 4590 2479 4648 Melior
2505 4591 2709 4665 presb.
2742 4591 2906 4650 card.
2931 4593 3030 4652 88.
3062 4593 3343 4662 loannis,
3378 4601 3446 4657 et
3478 4597 3660 4670 Pauli,
3681 4602 3726 4654 et

2053 4679 2377 4737 Pamacbii.

2126 4769 2247 4838 Ego
2281 4766 2507 4826 Arditio
2539 4767 2696 4826 diac.
2730 4770 2895 4827 card.
2931 4771 2989 4829 S.
3013 4769 3336 4830 Theodori.

2122 4856 2246 4928 Ego
2275 4857 2590 4914 Gratianus
2618 4860 2719 4917 SS.
2752 4859 2984 4917 Cosmae
3013 4864 3072 4918 et
3120 4860 3406 4920 Damianl
3447 4863 3718 4922 diaconus

2053 4944 2409 5002 cardinalis.

2124 5033 2245 5105 Ego
2275 5033 2581 5092 Solii-edus
2613 5038 2670 5094 8.
2728 5036 2922 5095 Maria
2948 5037 3012 5095 in
3049 5037 3155 5095 Via
3190 5037 3344 5098 Lata
3375 5041 3546 5101 diae.
3573 5039 3716 5101 card.

2125 5124 2338 5179 Datum
2370 5126 2614 5182 veronae
2649 5139 2755 5199 per
2785 5141 3034 5184 manum
3059 5125 3316 5200 Alberti,
3357 5131 3426 5189 S.
3453 5133 3718 5190 Romana

2053 5210 2325 5269 Ecclesia!
2357 5213 2690 5287 presbyteri
2712 5213 3033 5273 cardinalis
3054 5220 3110 5274 et
3137 5217 3528 5288 cancellarii,
3563 5237 3605 5279 ιι
3627 5223 3718 5278 llo-

2051 5316 2163 5358 nas
2192 5301 2426 5375 Apriiis,
2457 5301 2663 5361 indict.
2700 5304 3231 5372 ui,lncarnationis
3263 5307 3614 5368 [lominica
3633 5324 3716 5368 an-

2059 5393 2077 5447 l
2094 5393 2191 5449 ¹85
2205 5389 2585 5466 pontificatus
2610 5392 2966 5452 verodomni
2993 5391 3152 5452 Lucii
3175 5409 3364 5470 papo
3387 5399 3462 5455 tt!
3475 5413 3644 5459 anno
3654 5413 3716 5456 ir.
