<?xml version="1.0" encoding="UTF-8"?>
<!DOCTYPE html PUBLIC "-//W3C//DTD XHTML 1.0 Transitional//EN"
    "http://www.w3.org/TR/xhtml1/DTD/xhtml1-transitional.dtd">
<html xmlns="http://www.w3.org/1999/xhtml" xml:lang="en" lang="en">
 <head>
  <title>
</title>
<meta http-equiv="Content-Type" content="text/html;charset=utf-8" />
  <meta name='ocr-system' content='tesseract 3.04.00' />
  <meta name='ocr-capabilities' content='ocr_page ocr_carea ocr_par ocr_line ocrx_word'/>
</head>
<body>
  <div class='ocr_page' id='page_1' title='image "./patrologiaecurs32goog_0366.png"; bbox 0 0 3784 6000; ppageno 0'>
   <div class='ocr_carea' id='block_1_1' title="bbox 280 263 396 327">
    <p class='ocr_par' dir='ltr' id='par_1_1' title="bbox 280 263 396 327">
     <span class='ocr_line' id='line_1_1' title="bbox 280 263 396 327; baseline 0 -1"><span class='ocrx_word' id='word_1_1' title='bbox 280 263 396 327; x_wconf 79' lang='lat'><strong>723</strong></span> 
     </span>
    </p>
   </div>
   <div class='ocr_carea' id='block_1_2' title="bbox 1345 260 2613 328">
    <p class='ocr_par' dir='ltr' id='par_1_2' title="bbox 1345 260 2613 328">
     <span class='ocr_line' id='line_1_2' title="bbox 1345 260 2613 328; baseline -0.006 -2"><span class='ocrx_word' id='word_1_2' title='bbox 1345 264 1774 328; x_wconf 83' lang='lat' dir='ltr'><strong>GUILLELMI</strong></span> <span class='ocrx_word' id='word_1_3' title='bbox 1816 262 2202 328; x_wconf 80' lang='lat' dir='ltr'>TYRENSIS</span> <span class='ocrx_word' id='word_1_4' title='bbox 2249 260 2613 325; x_wconf 79' lang='lat' dir='ltr'><strong>ARCHIEP.</strong></span> 
     </span>
    </p>
   </div>
   <div class='ocr_carea' id='block_1_3' title="bbox 3559 266 3684 327">
    <p class='ocr_par' dir='ltr' id='par_1_3' title="bbox 3559 266 3684 327">
     <span class='ocr_line' id='line_1_3' title="bbox 3559 266 3684 327; baseline 0.024 -3"><span class='ocrx_word' id='word_1_5' title='bbox 3559 266 3684 327; x_wconf 67' lang='lat'><strong>72⁴</strong></span> 
     </span>
    </p>
   </div>
   <div class='ocr_carea' id='block_1_4' title="bbox 278 393 3686 471">
    <p class='ocr_par' dir='ltr' id='par_1_4' title="bbox 278 393 3686 471">
     <span class='ocr_line' id='line_1_4' title="bbox 278 393 3686 471; baseline 0.001 -16"><span class='ocrx_word' id='word_1_6' title='bbox 278 413 440 455; x_wconf 88' lang='lat' dir='ltr'><strong>mum</strong></span> <span class='ocrx_word' id='word_1_7' title='bbox 473 413 619 471; x_wconf 90' lang='lat' dir='ltr'><strong>pene</strong></span> <span class='ocrx_word' id='word_1_8' title='bbox 662 399 738 456; x_wconf 88' lang='lat' dir='ltr'><strong>sit</strong></span> <span class='ocrx_word' id='word_1_9' title='bbox 784 398 1064 456; x_wconf 87' lang='lat' dir='ltr'><strong>inclinata</strong></span> <span class='ocrx_word' id='word_1_10' title='bbox 1093 399 1422 457; x_wconf 79' lang='lat' dir='ltr'><strong>defectum:</strong></span> <span class='ocrx_word' id='word_1_11' title='bbox 1457 400 1609 456; x_wconf 91' lang='lat' dir='ltr'><strong>unde</strong></span> <span class='ocrx_word' id='word_1_12' title='bbox 1640 398 1925 468; x_wconf 77' lang='lat' dir='ltr'><strong>collectis,</strong></span> <span class='ocrx_word' id='word_1_13' title='bbox 1958 398 2011 467; x_wconf 79' lang='grc' dir='ltr'><strong>Α</strong></span> <span class='ocrx_word' id='word_1_14' title='bbox 2043 398 2168 455; x_wconf 88' lang='lat' dir='ltr'><strong>suis</strong></span> <span class='ocrx_word' id='word_1_15' title='bbox 2199 396 2666 470; x_wconf 78' lang='lat' dir='ltr'><strong>expeditionibus</strong></span> <span class='ocrx_word' id='word_1_16' title='bbox 2719 393 2952 467; x_wconf 89' lang='lat' dir='ltr'><strong>longius</strong></span> <span class='ocrx_word' id='word_1_17' title='bbox 3011 395 3249 469; x_wconf 86' lang='lat' dir='ltr'><strong>abiisse,</strong></span> <span class='ocrx_word' id='word_1_18' title='bbox 3275 410 3382 454; x_wconf 87' lang='lat' dir='ltr'><strong>nec</strong></span> <span class='ocrx_word' id='word_1_19' title='bbox 3421 398 3595 455; x_wconf 76' lang='lat' dir='ltr'><strong>facile</strong></span> <span class='ocrx_word' id='word_1_20' title='bbox 3629 400 3686 458; x_wconf 89' lang='lat' dir='ltr'><strong>in</strong></span> 
     </span>
    </p>
   </div>
   <div class='ocr_carea' id='block_1_5' title="bbox 279 488 1921 570">
    <p class='ocr_par' dir='ltr' id='par_1_5' title="bbox 279 488 1921 570">
     <span class='ocr_line' id='line_1_5' title="bbox 279 488 1921 570; baseline 0.001 -25"><span class='ocrx_word' id='word_1_21' title='bbox 279 503 428 560; x_wconf 84' lang='lat' dir='ltr'><strong>quas</strong></span> <span class='ocrx_word' id='word_1_22' title='bbox 449 503 552 559; x_wconf 87' lang='lat' dir='ltr'><strong>pro</strong></span> <span class='ocrx_word' id='word_1_23' title='bbox 607 492 867 559; x_wconf 85' lang='lat' dir='ltr'><strong>tempore</strong></span> <span class='ocrx_word' id='word_1_24' title='bbox 916 488 1131 545; x_wconf 89' lang='lat' dir='ltr'><strong>habere</strong></span> <span class='ocrx_word' id='word_1_25' title='bbox 1187 489 1379 561; x_wconf 91' lang='lat' dir='ltr'><strong>potuit</strong></span> <span class='ocrx_word' id='word_1_26' title='bbox 1419 489 1773 570; x_wconf 81' lang='lat' dir='ltr'><strong>militaribus</strong></span> <span class='ocrx_word' id='word_1_27' title='bbox 1800 494 1921 546; x_wconf 89' lang='lat' dir='ltr'><strong>tam</strong></span> 
     </span>
    </p>
   </div>
   <div class='ocr_carea' id='block_1_6' title="bbox 2034 484 3686 557">
    <p class='ocr_par' dir='ltr' id='par_1_6' title="bbox 2034 484 3686 557">
     <span class='ocr_line' id='line_1_6' title="bbox 2034 484 3686 557; baseline 0 -13"><span class='ocrx_word' id='word_1_28' title='bbox 2034 502 2199 544; x_wconf 90' lang='lat' dir='ltr'><strong>suam</strong></span> <span class='ocrx_word' id='word_1_29' title='bbox 2230 491 2331 543; x_wconf 89' lang='lat' dir='ltr'><strong>aut</strong></span> <span class='ocrx_word' id='word_1_30' title='bbox 2350 502 2593 543; x_wconf 88' lang='lat' dir='ltr'><strong>suorum</strong></span> <span class='ocrx_word' id='word_1_31' title='bbox 2647 485 2922 557; x_wconf 81' lang='lat' dir='ltr'><strong>iniuriam</strong></span> <span class='ocrx_word' id='word_1_32' title='bbox 2955 484 3168 542; x_wconf 89' lang='lat' dir='ltr'><strong>iterum</strong></span> <span class='ocrx_word' id='word_1_33' title='bbox 3205 489 3294 543; x_wconf 88' lang='lat' dir='ltr'><strong>tot</strong></span> <span class='ocrx_word' id='word_1_34' title='bbox 3321 487 3597 546; x_wconf 87' lang='lat' dir='ltr'><strong>nationes</strong></span> <span class='ocrx_word' id='word_1_35' title='bbox 3625 490 3686 545; x_wconf 86' lang='lat' dir='ltr'><strong>in</strong></span> 
     </span>
    </p>
   </div>
   <div class='ocr_carea' id='block_1_7' title="bbox 278 573 3687 650">
    <p class='ocr_par' dir='ltr' id='par_1_7' title="bbox 278 573 3687 650">
     <span class='ocr_line' id='line_1_7' title="bbox 278 573 3687 650; baseline 0 -17"><span class='ocrx_word' id='word_1_36' title='bbox 278 577 542 650; x_wconf 87' lang='lat' dir='ltr'><strong>equitum</strong></span> <span class='ocrx_word' id='word_1_37' title='bbox 569 592 746 647; x_wconf 88' lang='lat' dir='ltr'><strong>quam</strong></span> <span class='ocrx_word' id='word_1_38' title='bbox 769 576 1031 648; x_wconf 86' lang='lat' dir='ltr'><strong>peditum</strong></span> <span class='ocrx_word' id='word_1_39' title='bbox 1061 578 1267 649; x_wconf 88' lang='lat' dir='ltr'><strong>copiis,</strong></span> <span class='ocrx_word' id='word_1_40' title='bbox 1300 579 1371 635; x_wconf 91' lang='lat' dir='ltr'><strong>ad</strong></span> <span class='ocrx_word' id='word_1_41' title='bbox 1406 583 1598 649; x_wconf 87' lang='lat' dir='ltr'><strong>patres</strong></span> <span class='ocrx_word' id='word_1_42' title='bbox 1629 578 1756 635; x_wconf 91' lang='lat' dir='ltr'><strong>illas</strong></span> <span class='ocrx_word' id='word_1_43' title='bbox 1787 596 1921 636; x_wconf 92' lang='lat' dir='ltr'><strong>cum</strong></span> <span class='ocrx_word' id='word_1_44' title='bbox 2030 590 2224 632; x_wconf 91' lang='lat' dir='ltr'><strong>unum</strong></span> <span class='ocrx_word' id='word_1_45' title='bbox 2276 574 2585 631; x_wconf 85' lang='lat' dir='ltr'><strong>convenire</strong></span> <span class='ocrx_word' id='word_1_46' title='bbox 2651 590 2824 646; x_wconf 87' lang='lat' dir='ltr'><strong>posse</strong></span> <span class='ocrx_word' id='word_1_47' title='bbox 2871 573 3205 641; x_wconf 86' lang='lat' dir='ltr'><strong>arbitratus,</strong></span> <span class='ocrx_word' id='word_1_48' title='bbox 3247 575 3687 649; x_wconf 80' lang='lat' dir='ltr'><strong>imprudentius</strong></span> 
     </span>
    </p>
   </div>
   <div class='ocr_carea' id='block_1_8' title="bbox 276 664 1932 1637">
    <p class='ocr_par' dir='ltr' id='par_1_8' title="bbox 278 664 1925 741">
     <span class='ocr_line' id='line_1_8' title="bbox 278 664 1925 741; baseline 0.001 -19"><span class='ocrx_word' id='word_1_49' title='bbox 278 664 404 722; x_wconf 88' lang='lat' dir='ltr'><strong>suis</strong></span> <span class='ocrx_word' id='word_1_50' title='bbox 431 664 762 737; x_wconf 76' lang='lat' dir='ltr'><strong>legionibus</strong></span> <span class='ocrx_word' id='word_1_51' title='bbox 791 665 1040 738; x_wconf 84' lang='lat' dir='ltr'><strong>impiger</strong></span> <span class='ocrx_word' id='word_1_52' title='bbox 1083 667 1348 725; x_wconf 85' lang='lat' dir='ltr'><strong>convolat</strong></span> <span class='ocrx_word' id='word_1_53' title='bbox 1377 685 1390 724; x_wconf 78' lang='grc' dir='ltr'><em>τ</em></span> <span class='ocrx_word' id='word_1_54' title='bbox 1424 669 1790 741; x_wconf 89' lang='lat' dir='ltr'><strong>propositum</strong></span> <span class='ocrx_word' id='word_1_55' title='bbox 1817 668 1925 724; x_wconf 84' lang='lat' dir='ltr'><strong>ha-</strong></span> 
     </span>
    </p>

    <p class='ocr_par' dir='ltr' id='par_1_9' title="bbox 279 753 1925 829">
     <span class='ocr_line' id='line_1_9' title="bbox 279 753 1925 829; baseline 0.002 -18"><span class='ocrx_word' id='word_1_56' title='bbox 279 753 446 822; x_wconf 83' lang='lat' dir='ltr'><strong>bene,</strong></span> <span class='ocrx_word' id='word_1_57' title='bbox 490 758 588 810; x_wconf 84' lang='lat' dir='ltr'><strong>aut</strong></span> <span class='ocrx_word' id='word_1_58' title='bbox 623 754 927 811; x_wconf 72' lang='lat' dir='ltr'><strong>obsidione</strong></span> <span class='ocrx_word' id='word_1_59' title='bbox 975 757 1180 813; x_wconf 90' lang='lat' dir='ltr'><strong>urbem</strong></span> <span class='ocrx_word' id='word_1_60' title='bbox 1222 757 1553 829; x_wconf 67' lang='lat' dir='ltr'><strong>praedictam</strong></span> <span class='ocrx_word' id='word_1_61' title='bbox 1603 757 1925 827; x_wconf 87' lang='lat' dir='ltr'><strong>absolvere,</strong></span> 
     </span>
    </p>

    <p class='ocr_par' dir='ltr' id='par_1_10' title="bbox 276 842 1924 1099">
     <span class='ocr_line' id='line_1_10' title="bbox 278 842 1924 913; baseline 0.002 -14"><span class='ocrx_word' id='word_1_62' title='bbox 278 849 379 899; x_wconf 89' lang='lat' dir='ltr'><strong>aut</strong></span> <span class='ocrx_word' id='word_1_63' title='bbox 406 842 644 899; x_wconf 81' lang='lat' dir='ltr'><strong>Martios</strong></span> <span class='ocrx_word' id='word_1_64' title='bbox 657 849 992 913; x_wconf 85' lang='lat' dir='ltr'><strong>eventus,et</strong></span> <span class='ocrx_word' id='word_1_65' title='bbox 1011 843 1146 901; x_wconf 89' lang='lat' dir='ltr'><strong>belli</strong></span> <span class='ocrx_word' id='word_1_66' title='bbox 1170 846 1460 903; x_wconf 80' lang='lat' dir='ltr'><strong>fortunam</strong></span> <span class='ocrx_word' id='word_1_67' title='bbox 1475 863 1608 904; x_wconf 91' lang='lat' dir='ltr'><strong>cum</strong></span> <span class='ocrx_word' id='word_1_68' title='bbox 1632 846 1924 905; x_wconf 89' lang='lat' dir='ltr'><strong>Noradino</strong></span> 
     </span>
     <span class='ocr_line' id='line_1_11' title="bbox 276 933 546 1006; baseline -0.007 -16"><span class='ocrx_word' id='word_1_69' title='bbox 276 933 546 1006; x_wconf 83' lang='lat' dir='ltr'><strong>experiri.</strong></span> 
     </span>
     <span class='ocr_line' id='line_1_12' title="bbox 898 1041 1304 1099; baseline -0.007 0"><span class='ocrx_word' id='word_1_70' title='bbox 898 1041 1133 1099; x_wconf 79' lang='lat' dir='ltr'>CAPUT</span> <span class='ocrx_word' id='word_1_71' title='bbox 1163 1043 1304 1099; x_wconf 86' lang='lat' dir='ltr'><strong>XIII.</strong></span> 
     </span>
    </p>

    <p class='ocr_par' dir='ltr' id='par_1_11' title="bbox 278 1129 1929 1343">
     <span class='ocr_line' id='line_1_13' title="bbox 278 1129 1925 1199; baseline 0.004 -14"><span class='ocrx_word' id='word_1_72' title='bbox 278 1129 394 1185; x_wconf 78' lang='lat' dir='ltr'><strong>Rex</strong></span> <span class='ocrx_word' id='word_1_73' title='bbox 421 1129 558 1184; x_wconf 82' lang='lat' dir='ltr'><strong>illuc</strong></span> <span class='ocrx_word' id='word_1_74' title='bbox 602 1145 923 1199; x_wconf 78' lang='lat' dir='ltr'><strong>properans,</strong></span> <span class='ocrx_word' id='word_1_75' title='bbox 973 1131 1301 1188; x_wconf 76' lang='lat' dir='ltr'><strong>obsidionem</strong></span> <span class='ocrx_word' id='word_1_76' title='bbox 1347 1135 1549 1196; x_wconf 75' lang='lat' dir='ltr'><strong>solvit:</strong></span> <span class='ocrx_word' id='word_1_77' title='bbox 1579 1135 1671 1190; x_wconf 79' lang='lat' dir='ltr'><strong>sed</strong></span> <span class='ocrx_word' id='word_1_78' title='bbox 1701 1136 1925 1192; x_wconf 81' lang='lat' dir='ltr'><strong>incaute</strong></span> 
     </span>
     <span class='ocr_line' id='line_1_14' title="bbox 347 1199 1929 1268; baseline 0.005 -14"><span class='ocrx_word' id='word_1_79' title='bbox 347 1199 564 1256; x_wconf 77' lang='lat' dir='ltr'><strong>rediens</strong></span> <span class='ocrx_word' id='word_1_80' title='bbox 591 1206 778 1257; x_wconf 69' lang='lat' dir='ltr'><strong>noster</strong></span> <span class='ocrx_word' id='word_1_81' title='bbox 822 1206 1112 1268; x_wconf 66' lang='lat' dir='ltr'><strong>exercitus,</strong></span> <span class='ocrx_word' id='word_1_82' title='bbox 1165 1205 1409 1261; x_wconf 75' lang='lat' dir='ltr'><strong>hostium</strong></span> <span class='ocrx_word' id='word_1_83' title='bbox 1466 1206 1701 1262; x_wconf 73' lang='lat' dir='ltr'><strong>insidias</strong></span> <span class='ocrx_word' id='word_1_84' title='bbox 1744 1207 1805 1262; x_wconf 81' lang='lat' dir='ltr'><strong>in</strong></span> <span class='ocrx_word' id='word_1_85' title='bbox 1835 1208 1929 1262; x_wconf 83' lang='lat' dir='ltr'><strong>iti-</strong></span> 
     </span>
     <span class='ocr_line' id='line_1_15' title="bbox 347 1270 1117 1343; baseline 0.005 -17"><span class='ocrx_word' id='word_1_86' title='bbox 347 1286 481 1327; x_wconf 78' lang='lat' dir='ltr'><strong>nere</strong></span> <span class='ocrx_word' id='word_1_87' title='bbox 508 1270 722 1343; x_wconf 83' lang='lat' dir='ltr'><strong>patitur</strong></span> <span class='ocrx_word' id='word_1_88' title='bbox 749 1274 1117 1343; x_wconf 75' lang='lat' dir='ltr'><strong>periculosas.</strong></span> 
     </span>
    </p>

    <p class='ocr_par' dir='ltr' id='par_1_12' title="bbox 276 1377 1932 1637">
     <span class='ocr_line' id='line_1_16' title="bbox 351 1377 1931 1455; baseline 0.006 -23"><span class='ocrx_word' id='word_1_89' title='bbox 351 1377 606 1433; x_wconf 78' lang='lat' dir='ltr'><strong>Audiens</strong></span> <span class='ocrx_word' id='word_1_90' title='bbox 628 1378 810 1450; x_wconf 89' lang='lat' dir='ltr'><strong>igitur</strong></span> <span class='ocrx_word' id='word_1_91' title='bbox 841 1382 1114 1452; x_wconf 62' lang='lat' dir='ltr'><strong>praefatus</strong></span> <span class='ocrx_word' id='word_1_92' title='bbox 1138 1382 1408 1455; x_wconf 88' lang='lat' dir='ltr'><strong>princeps</strong></span> <span class='ocrx_word' id='word_1_93' title='bbox 1439 1385 1591 1454; x_wconf 85' lang='lat' dir='ltr'><strong>quod</strong></span> <span class='ocrx_word' id='word_1_94' title='bbox 1626 1401 1694 1440; x_wconf 90' lang='lat' dir='ltr'><strong>ea</strong></span> <span class='ocrx_word' id='word_1_95' title='bbox 1725 1388 1931 1443; x_wconf 88' lang='lat' dir='ltr'><strong>inten—</strong></span> 
     </span>
     <span class='ocr_line' id='line_1_17' title="bbox 276 1467 1932 1542; baseline 0.005 -18"><span class='ocrx_word' id='word_1_96' title='bbox 276 1467 435 1524; x_wconf 90' lang='lat' dir='ltr'><strong>tione</strong></span> <span class='ocrx_word' id='word_1_97' title='bbox 453 1468 730 1524; x_wconf 89' lang='lat' dir='ltr'><strong>dominus</strong></span> <span class='ocrx_word' id='word_1_98' title='bbox 754 1486 852 1526; x_wconf 83' lang='lat' dir='ltr'><strong>rex</strong></span> <span class='ocrx_word' id='word_1_99' title='bbox 865 1471 1188 1542; x_wconf 86' lang='lat' dir='ltr'><strong>adveniret,</strong></span> <span class='ocrx_word' id='word_1_100' title='bbox 1213 1472 1417 1529; x_wconf 89' lang='lat' dir='ltr'><strong>nolens</strong></span> <span class='ocrx_word' id='word_1_101' title='bbox 1440 1490 1501 1530; x_wconf 88' lang='lat' dir='ltr'><strong>se</strong></span> <span class='ocrx_word' id='word_1_102' title='bbox 1522 1475 1721 1531; x_wconf 85' lang='lat' dir='ltr'><strong>dubiis</strong></span> <span class='ocrx_word' id='word_1_103' title='bbox 1743 1475 1892 1532; x_wconf 91' lang='lat' dir='ltr'><strong>bello</strong></span> <span class='ocrx_word' id='word_1_104' title='bbox 1909 1507 1932 1518; x_wconf 88' lang='lat'><em>-</em></span> 
     </span>
     <span class='ocr_line' id='line_1_18' title="bbox 284 1557 1926 1637; baseline 0.004 -24"><span class='ocrx_word' id='word_1_105' title='bbox 284 1572 417 1613; x_wconf 89' lang='lat' dir='ltr'><strong>rum</strong></span> <span class='ocrx_word' id='word_1_106' title='bbox 465 1557 808 1614; x_wconf 72' lang='lat' dir='ltr'><strong>submittere</strong></span> <span class='ocrx_word' id='word_1_107' title='bbox 856 1559 1105 1628; x_wconf 84' lang='lat' dir='ltr'><strong>casibus,</strong></span> <span class='ocrx_word' id='word_1_108' title='bbox 1157 1560 1352 1617; x_wconf 89' lang='lat' dir='ltr'><strong>soluta</strong></span> <span class='ocrx_word' id='word_1_109' title='bbox 1408 1564 1732 1626; x_wconf 78' lang='lat' dir='ltr'><strong>obsidione,</strong></span> <span class='ocrx_word' id='word_1_110' title='bbox 1769 1567 1926 1637; x_wconf 89' lang='lat' dir='ltr'><strong>prius</strong></span> 
     </span>
    </p>
   </div>
   <div class='ocr_carea' id='block_1_9' title="bbox 284 1647 1931 1725">
    <p class='ocr_par' dir='ltr' id='par_1_13' title="bbox 284 1647 1931 1725">
     <span class='ocr_line' id='line_1_19' title="bbox 284 1647 1931 1725; baseline 0.005 -22"><span class='ocrx_word' id='word_1_111' title='bbox 284 1650 482 1703; x_wconf 88' lang='lat' dir='ltr'><strong>tamen</strong></span> <span class='ocrx_word' id='word_1_112' title='bbox 515 1647 679 1715; x_wconf 88' lang='lat' dir='ltr'><strong>urbe,</strong></span> <span class='ocrx_word' id='word_1_113' title='bbox 702 1664 879 1719; x_wconf 85' lang='lat' dir='ltr'><strong>quam</strong></span> <span class='ocrx_word' id='word_1_114' title='bbox 900 1648 1773 1725; x_wconf 77' lang='lat' dir='ltr'><strong>violenterexpugnaverat,igni</strong></span> <span class='ocrx_word' id='word_1_115' title='bbox 1797 1671 1931 1712; x_wconf 89' lang='lat' dir='ltr'><strong>suc·</strong></span> 
     </span>
    </p>
   </div>
   <div class='ocr_carea' id='block_1_10' title="bbox 280 1736 2008 1831">
    <p class='ocr_par' dir='ltr' id='par_1_14' title="bbox 280 1736 2008 1831">
     <span class='ocr_line' id='line_1_20' title="bbox 280 1736 2008 1831; baseline 0.005 -38"><span class='ocrx_word' id='word_1_116' title='bbox 280 1749 459 1793; x_wconf 85' lang='lat' dir='ltr'><strong>censa</strong></span> <span class='ocrx_word' id='word_1_117' title='bbox 486 1739 543 1792; x_wconf 87' lang='lat' dir='ltr'><strong>et</strong></span> <span class='ocrx_word' id='word_1_118' title='bbox 571 1736 835 1806; x_wconf 74' lang='lat' dir='ltr'><strong>suffossa,</strong></span> <span class='ocrx_word' id='word_1_119' title='bbox 878 1738 950 1794; x_wconf 89' lang='lat' dir='ltr'><strong>ad</strong></span> <span class='ocrx_word' id='word_1_120' title='bbox 1002 1740 1235 1810; x_wconf 88' lang='lat' dir='ltr'><strong>propria</strong></span> <span class='ocrx_word' id='word_1_121' title='bbox 1277 1755 1546 1798; x_wconf 88' lang='lat' dir='ltr'><strong>reversus</strong></span> <span class='ocrx_word' id='word_1_122' title='bbox 1596 1747 1723 1810; x_wconf 88' lang='lat' dir='ltr'><strong>est;</strong></span> <span class='ocrx_word' id='word_1_123' title='bbox 1755 1761 1922 1801; x_wconf 84' lang='lat' dir='ltr'><strong>suam</strong></span> <span class='ocrx_word' id='word_1_124' title='bbox 1959 1766 2008 1831; x_wconf 77' lang='lat' dir='ltr'>B</span> 
     </span>
    </p>
   </div>
   <div class='ocr_carea' id='block_1_11' title="bbox 284 1825 1945 3147">
    <p class='ocr_par' dir='ltr' id='par_1_15' title="bbox 284 1825 1945 3147">
     <span class='ocr_line' id='line_1_21' title="bbox 286 1825 1930 1902; baseline 0.005 -23"><span class='ocrx_word' id='word_1_125' title='bbox 286 1830 501 1892; x_wconf 90' lang='lat' dir='ltr'><strong>tamen,</strong></span> <span class='ocrx_word' id='word_1_126' title='bbox 532 1841 706 1895; x_wconf 88' lang='lat' dir='ltr'><strong>quam</strong></span> <span class='ocrx_word' id='word_1_127' title='bbox 769 1827 949 1882; x_wconf 89' lang='lat' dir='ltr'><strong>semel</strong></span> <span class='ocrx_word' id='word_1_128' title='bbox 998 1825 1326 1900; x_wconf 88' lang='lat' dir='ltr'><strong>collegerat,</strong></span> <span class='ocrx_word' id='word_1_129' title='bbox 1359 1846 1473 1885; x_wconf 90' lang='lat' dir='ltr'><strong>non</strong></span> <span class='ocrx_word' id='word_1_130' title='bbox 1497 1846 1705 1902; x_wconf 86' lang='lat' dir='ltr'><strong>passus</strong></span> <span class='ocrx_word' id='word_1_131' title='bbox 1736 1832 1809 1888; x_wconf 89' lang='lat' dir='ltr'><strong>ab</strong></span> <span class='ocrx_word' id='word_1_132' title='bbox 1839 1832 1930 1887; x_wconf 92' lang='lat' dir='ltr'><strong>in-</strong></span> 
     </span>
     <span class='ocr_line' id='line_1_22' title="bbox 284 1913 1931 1983; baseline 0.007 -17"><span class='ocrx_word' id='word_1_133' title='bbox 284 1913 466 1969; x_wconf 85' lang='lat' dir='ltr'><strong>vicem</strong></span> <span class='ocrx_word' id='word_1_134' title='bbox 489 1913 784 1971; x_wconf 75' lang='lat' dir='ltr'><strong>discedere</strong></span> <span class='ocrx_word' id='word_1_135' title='bbox 810 1914 1103 1983; x_wconf 90' lang='lat' dir='ltr'><strong>militiam,</strong></span> <span class='ocrx_word' id='word_1_136' title='bbox 1131 1917 1234 1973; x_wconf 88' lang='lat' dir='ltr'><strong>sed</strong></span> <span class='ocrx_word' id='word_1_137' title='bbox 1265 1933 1392 1974; x_wconf 91' lang='lat' dir='ltr'><strong>eam</strong></span> <span class='ocrx_word' id='word_1_138' title='bbox 1425 1934 1624 1975; x_wconf 88' lang='lat' dir='ltr'><strong>secum</strong></span> <span class='ocrx_word' id='word_1_139' title='bbox 1661 1920 1931 1978; x_wconf 88' lang='lat' dir='ltr'><strong>detinens</strong></span> 
     </span>
     <span class='ocr_line' id='line_1_23' title="bbox 286 2000 1931 2075; baseline 0.005 -16"><span class='ocrx_word' id='word_1_140' title='bbox 286 2007 343 2059; x_wconf 81' lang='lat' dir='ltr'><strong>et</strong></span> <span class='ocrx_word' id='word_1_141' title='bbox 400 2000 741 2072; x_wconf 84' lang='lat' dir='ltr'><strong>ampliorem</strong></span> <span class='ocrx_word' id='word_1_142' title='bbox 790 2019 1135 2075; x_wconf 74' lang='lat' dir='ltr'><strong>convocans,</strong></span> <span class='ocrx_word' id='word_1_143' title='bbox 1186 2006 1244 2060; x_wconf 94' lang='lat' dir='ltr'><strong>in</strong></span> <span class='ocrx_word' id='word_1_144' title='bbox 1304 2008 1641 2064; x_wconf 87' lang='lat' dir='ltr'><strong>nemoribus</strong></span> <span class='ocrx_word' id='word_1_145' title='bbox 1665 2008 1931 2067; x_wconf 82' lang='lat' dir='ltr'><strong>finitimis</strong></span> 
     </span>
     <span class='ocr_line' id='line_1_24' title="bbox 287 2090 1934 2167; baseline 0.006 -21"><span class='ocrx_word' id='word_1_146' title='bbox 287 2090 477 2163; x_wconf 87' lang='lat' dir='ltr'><strong>(qussi</strong></span> <span class='ocrx_word' id='word_1_147' title='bbox 493 2094 751 2147; x_wconf 86' lang='lat' dir='ltr'><strong>mentem</strong></span> <span class='ocrx_word' id='word_1_148' title='bbox 767 2091 984 2149; x_wconf 88' lang='lat' dir='ltr'><strong>habens</strong></span> <span class='ocrx_word' id='word_1_149' title='bbox 1004 2097 1580 2167; x_wconf 78' lang='lat' dir='ltr'><strong>praesegam)latebat</strong></span> <span class='ocrx_word' id='word_1_150' title='bbox 1598 2098 1654 2154; x_wconf 92' lang='lat' dir='ltr'><strong>in</strong></span> <span class='ocrx_word' id='word_1_151' title='bbox 1672 2099 1907 2156; x_wconf 83' lang='lat' dir='ltr'><strong>insidiis</strong></span> <span class='ocrx_word' id='word_1_152' title='bbox 1921 2141 1934 2167; x_wconf 91' lang='lat'><strong>,</strong></span> 
     </span>
     <span class='ocr_line' id='line_1_25' title="bbox 290 2180 1934 2252; baseline 0.006 -16"><span class='ocrx_word' id='word_1_153' title='bbox 290 2180 370 2236; x_wconf 86' lang='lat' dir='ltr'><strong>rei</strong></span> <span class='ocrx_word' id='word_1_154' title='bbox 393 2180 609 2236; x_wconf 86' lang='lat' dir='ltr'><strong>exitum</strong></span> <span class='ocrx_word' id='word_1_155' title='bbox 640 2181 1098 2252; x_wconf 80' lang='lat' dir='ltr'><strong>praestolaturus.</strong></span> <span class='ocrx_word' id='word_1_156' title='bbox 1126 2184 1245 2240; x_wconf 84' lang='lat' dir='ltr'><strong>Rex</strong></span> <span class='ocrx_word' id='word_1_157' title='bbox 1303 2202 1433 2242; x_wconf 86' lang='lat' dir='ltr'><strong>vero</strong></span> <span class='ocrx_word' id='word_1_158' title='bbox 1460 2187 1530 2242; x_wconf 88' lang='lat' dir='ltr'><strong>ad</strong></span> <span class='ocrx_word' id='word_1_159' title='bbox 1556 2188 1757 2245; x_wconf 88' lang='lat' dir='ltr'><strong>urbem</strong></span> <span class='ocrx_word' id='word_1_160' title='bbox 1773 2205 1934 2245; x_wconf 89' lang='lat' dir='ltr'><strong>acce·</strong></span> 
     </span>
     <span class='ocr_line' id='line_1_26' title="bbox 291 2267 1938 2347; baseline 0.007 -24"><span class='ocrx_word' id='word_1_161' title='bbox 291 2267 459 2338; x_wconf 86' lang='lat' dir='ltr'><strong>dens,</strong></span> <span class='ocrx_word' id='word_1_162' title='bbox 523 2272 581 2324; x_wconf 92' lang='lat' dir='ltr'><strong>et</strong></span> <span class='ocrx_word' id='word_1_163' title='bbox 617 2274 877 2341; x_wconf 88' lang='lat' dir='ltr'><strong>optatum</strong></span> <span class='ocrx_word' id='word_1_164' title='bbox 914 2272 1170 2328; x_wconf 85' lang='lat' dir='ltr'><strong>obsessis</strong></span> <span class='ocrx_word' id='word_1_165' title='bbox 1232 2274 1498 2345; x_wconf 71' lang='lat' dir='ltr'><strong>praestitit</strong></span> <span class='ocrx_word' id='word_1_166' title='bbox 1553 2276 1846 2347; x_wconf 88' lang='lat' dir='ltr'><strong>solatium,</strong></span> <span class='ocrx_word' id='word_1_167' title='bbox 1878 2283 1938 2334; x_wconf 89' lang='lat' dir='ltr'><strong>et</strong></span> 
     </span>
     <span class='ocr_line' id='line_1_27' title="bbox 288 2357 1939 2438; baseline 0.007 -26"><span class='ocrx_word' id='word_1_168' title='bbox 288 2361 409 2414; x_wconf 90' lang='lat' dir='ltr'><strong>tam</strong></span> <span class='ocrx_word' id='word_1_169' title='bbox 433 2357 532 2414; x_wconf 93' lang='lat' dir='ltr'><strong>diu</strong></span> <span class='ocrx_word' id='word_1_170' title='bbox 591 2363 931 2428; x_wconf 78' lang='lat' dir='ltr'><strong>praesentem</strong></span> <span class='ocrx_word' id='word_1_171' title='bbox 956 2377 1019 2416; x_wconf 90' lang='lat' dir='ltr'><strong>se</strong></span> <span class='ocrx_word' id='word_1_172' title='bbox 1039 2361 1322 2431; x_wconf 83' lang='lat' dir='ltr'><strong>exhibuit,</strong></span> <span class='ocrx_word' id='word_1_173' title='bbox 1354 2365 1741 2437; x_wconf 76' lang='lat' dir='ltr'><strong>quoadusque</strong></span> <span class='ocrx_word' id='word_1_174' title='bbox 1772 2368 1939 2438; x_wconf 89' lang='lat' dir='ltr'><strong>lapsa</strong></span> 
     </span>
     <span class='ocr_line' id='line_1_28' title="bbox 292 2445 1936 2520; baseline 0.005 -17"><span class='ocrx_word' id='word_1_175' title='bbox 292 2445 668 2517; x_wconf 87' lang='lat' dir='ltr'><strong>erigerentur,</strong></span> <span class='ocrx_word' id='word_1_176' title='bbox 727 2449 1230 2506; x_wconf 79' lang='lat' dir='ltr'><strong>consolidarentur</strong></span> <span class='ocrx_word' id='word_1_177' title='bbox 1287 2452 1481 2520; x_wconf 75' lang='lat' dir='ltr'><strong>fracta,</strong></span> <span class='ocrx_word' id='word_1_178' title='bbox 1513 2461 1567 2509; x_wconf 90' lang='lat' dir='ltr'><strong>et</strong></span> <span class='ocrx_word' id='word_1_179' title='bbox 1624 2454 1828 2511; x_wconf 84' lang='lat' dir='ltr'><strong>civitas</strong></span> <span class='ocrx_word' id='word_1_180' title='bbox 1875 2456 1936 2511; x_wconf 92' lang='lat' dir='ltr'><strong>in</strong></span> 
     </span>
     <span class='ocr_line' id='line_1_29' title="bbox 295 2533 1936 2607; baseline 0.007 -17"><span class='ocrx_word' id='word_1_181' title='bbox 295 2533 629 2605; x_wconf 86' lang='lat' dir='ltr'><strong>pristinum,</strong></span> <span class='ocrx_word' id='word_1_182' title='bbox 646 2535 926 2603; x_wconf 88' lang='lat' dir='ltr'><strong>reparatis</strong></span> <span class='ocrx_word' id='word_1_183' title='bbox 940 2539 1247 2607; x_wconf 86' lang='lat' dir='ltr'><strong>mcenibus,</strong></span> <span class='ocrx_word' id='word_1_184' title='bbox 1262 2540 1680 2598; x_wconf 85' lang='lat' dir='ltr'><strong>reformaretur</strong></span> <span class='ocrx_word' id='word_1_185' title='bbox 1694 2548 1936 2603; x_wconf 88' lang='lat' dir='ltr'><strong>statum.</strong></span> 
     </span>
     <span class='ocr_line' id='line_1_30' title="bbox 297 2621 1939 2705; baseline 0.007 -28"><span class='ocrx_word' id='word_1_186' title='bbox 297 2621 638 2680; x_wconf 82' lang='lat' dir='ltr'><strong>Convocatis</strong></span> <span class='ocrx_word' id='word_1_187' title='bbox 669 2624 825 2680; x_wconf 89' lang='lat' dir='ltr'><strong>enim</strong></span> <span class='ocrx_word' id='word_1_188' title='bbox 857 2640 926 2681; x_wconf 82' lang='lat' dir='ltr'><strong>ex</strong></span> <span class='ocrx_word' id='word_1_189' title='bbox 976 2627 1216 2684; x_wconf 83' lang='lat' dir='ltr'><strong>urbibus</strong></span> <span class='ocrx_word' id='word_1_190' title='bbox 1261 2629 1549 2701; x_wconf 67' lang='lat' dir='ltr'><strong>finitimis,</strong></span> <span class='ocrx_word' id='word_1_191' title='bbox 1574 2636 1631 2687; x_wconf 93' lang='lat' dir='ltr'><strong>et</strong></span> <span class='ocrx_word' id='word_1_192' title='bbox 1660 2633 1732 2687; x_wconf 91' lang='lat' dir='ltr'><strong>de</strong></span> <span class='ocrx_word' id='word_1_193' title='bbox 1762 2649 1939 2705; x_wconf 86' lang='lat' dir='ltr'><strong>regno</strong></span> 
     </span>
     <span class='ocr_line' id='line_1_31' title="bbox 298 2710 1941 2790; baseline 0.008 -24"><span class='ocrx_word' id='word_1_194' title='bbox 298 2710 569 2768; x_wconf 87' lang='lat' dir='ltr'><strong>universo</strong></span> <span class='ocrx_word' id='word_1_195' title='bbox 615 2713 1018 2783; x_wconf 74' lang='lat' dir='ltr'><strong>caementariis,</strong></span> <span class='ocrx_word' id='word_1_196' title='bbox 1047 2719 1104 2772; x_wconf 91' lang='lat' dir='ltr'><strong>et</strong></span> <span class='ocrx_word' id='word_1_197' title='bbox 1156 2717 1490 2790; x_wconf 90' lang='lat' dir='ltr'><strong>quicunque</strong></span> <span class='ocrx_word' id='word_1_198' title='bbox 1539 2721 1941 2779; x_wconf 63' lang='lat' dir='ltr'><strong>architecturae</strong></span> 
     </span>
     <span class='ocr_line' id='line_1_32' title="bbox 297 2799 1940 2877; baseline 0.005 -20"><span class='ocrx_word' id='word_1_199' title='bbox 297 2799 557 2871; x_wconf 87' lang='lat' dir='ltr'><strong>aliquam</strong></span> <span class='ocrx_word' id='word_1_200' title='bbox 585 2801 798 2859; x_wconf 88' lang='lat' dir='ltr'><strong>habere</strong></span> <span class='ocrx_word' id='word_1_201' title='bbox 826 2803 1173 2860; x_wconf 85' lang='lat' dir='ltr'><strong>videbantur</strong></span> <span class='ocrx_word' id='word_1_202' title='bbox 1192 2807 1626 2877; x_wconf 86' lang='lat' dir='ltr'><strong>experientiam,</strong></span> <span class='ocrx_word' id='word_1_203' title='bbox 1656 2810 1940 2868; x_wconf 89' lang='lat' dir='ltr'><strong>instantia</strong></span> 
     </span>
     <span class='ocr_line' id='line_1_33' title="bbox 298 2889 1939 2966; baseline 0.007 -20"><span class='ocrx_word' id='word_1_204' title='bbox 298 2889 561 2962; x_wconf 82' lang='lat' dir='ltr'><strong>diligenti</strong></span> <span class='ocrx_word' id='word_1_205' title='bbox 594 2896 783 2946; x_wconf 86' lang='lat' dir='ltr'><strong>turres</strong></span> <span class='ocrx_word' id='word_1_206' title='bbox 815 2907 880 2946; x_wconf 88' lang='lat' dir='ltr'><strong>ac</strong></span> <span class='ocrx_word' id='word_1_207' title='bbox 913 2894 1128 2949; x_wconf 81' lang='lat' dir='ltr'><strong>moenia</strong></span> <span class='ocrx_word' id='word_1_208' title='bbox 1156 2900 1449 2966; x_wconf 85' lang='lat' dir='ltr'><strong>reparant,</strong></span> <span class='ocrx_word' id='word_1_209' title='bbox 1471 2908 1747 2955; x_wconf 85' lang='lat' dir='ltr'><strong>renovant</strong></span> <span class='ocrx_word' id='word_1_210' title='bbox 1775 2909 1939 2957; x_wconf 89' lang='lat' dir='ltr'><strong>ante-</strong></span> 
     </span>
     <span class='ocr_line' id='line_1_34' title="bbox 299 2976 1945 3048; baseline 0.007 -13"><span class='ocrx_word' id='word_1_211' title='bbox 299 2976 552 3035; x_wconf 86' lang='lat' dir='ltr'><strong>muralia</strong></span> <span class='ocrx_word' id='word_1_212' title='bbox 574 2996 588 3048; x_wconf 92' lang='lat'><strong>;</strong></span> <span class='ocrx_word' id='word_1_213' title='bbox 609 2983 668 3036; x_wconf 91' lang='lat' dir='ltr'><strong>et</strong></span> <span class='ocrx_word' id='word_1_214' title='bbox 686 2979 839 3037; x_wconf 91' lang='lat' dir='ltr'><strong>intra</strong></span> <span class='ocrx_word' id='word_1_215' title='bbox 862 2997 1161 3040; x_wconf 90' lang='lat' dir='ltr'><strong>murorum</strong></span> <span class='ocrx_word' id='word_1_216' title='bbox 1184 2985 1468 3042; x_wconf 89' lang='lat' dir='ltr'><strong>ambitum</strong></span> <span class='ocrx_word' id='word_1_217' title='bbox 1484 2987 1706 3045; x_wconf 89' lang='lat' dir='ltr'><strong>civibus</strong></span> <span class='ocrx_word' id='word_1_218' title='bbox 1724 2988 1945 3046; x_wconf 86' lang='lat' dir='ltr'><strong>instau-</strong></span> 
     </span>
     <span class='ocr_line' id='line_1_35' title="bbox 299 3070 1945 3147; baseline 0.009 -23"><span class='ocrx_word' id='word_1_219' title='bbox 299 3073 431 3124; x_wconf 87' lang='lat' dir='ltr'><strong>rant</strong></span> <span class='ocrx_word' id='word_1_220' title='bbox 457 3085 526 3125; x_wconf 88' lang='lat' dir='ltr'><strong>ex</strong></span> <span class='ocrx_word' id='word_1_221' title='bbox 557 3070 784 3142; x_wconf 88' lang='lat' dir='ltr'><strong>integro</strong></span> <span class='ocrx_word' id='word_1_222' title='bbox 816 3073 1134 3139; x_wconf 86' lang='lat' dir='ltr'><strong>domicilia,</strong></span> <span class='ocrx_word' id='word_1_223' title='bbox 1156 3078 1213 3130; x_wconf 89' lang='lat' dir='ltr'><strong>et</strong></span> <span class='ocrx_word' id='word_1_224' title='bbox 1260 3077 1507 3147; x_wconf 83' lang='lat' dir='ltr'><strong>publicis</strong></span> <span class='ocrx_word' id='word_1_225' title='bbox 1537 3079 1799 3136; x_wconf 82' lang='lat' dir='ltr'><strong>aedificiis</strong></span> <span class='ocrx_word' id='word_1_226' title='bbox 1831 3087 1945 3138; x_wconf 88' lang='lat' dir='ltr'><strong>sta·</strong></span> 
     </span>
    </p>
   </div>
   <div class='ocr_carea' id='block_1_12' title="bbox 297 3139 2022 3236">
    <p class='ocr_par' dir='ltr' id='par_1_16' title="bbox 297 3139 2022 3236">
     <span class='ocr_line' id='line_1_36' title="bbox 297 3139 2022 3236; baseline 0.01 -25"><span class='ocrx_word' id='word_1_227' title='bbox 297 3160 425 3212; x_wconf 88' lang='lat' dir='ltr'><strong>tum</strong></span> <span class='ocrx_word' id='word_1_228' title='bbox 457 3156 773 3214; x_wconf 88' lang='lat' dir='ltr'><strong>restituunt</strong></span> <span class='ocrx_word' id='word_1_229' title='bbox 817 3160 1163 3232; x_wconf 87' lang='lat' dir='ltr'><strong>pristinum:</strong></span> <span class='ocrx_word' id='word_1_230' title='bbox 1210 3179 1337 3236; x_wconf 82' lang='lat' dir='ltr'><strong>quae</strong></span> <span class='ocrx_word' id='word_1_231' title='bbox 1396 3169 1588 3222; x_wconf 86' lang='lat' dir='ltr'><strong>omnia</strong></span> <span class='ocrx_word' id='word_1_232' title='bbox 1614 3170 1941 3229; x_wconf 86' lang='lat' dir='ltr'><strong>Noradinus</strong></span> <span class='ocrx_word' id='word_1_233' title='bbox 1970 3139 2022 3208; x_wconf 78' lang='lat' dir='ltr'>G</span> 
     </span>
    </p>
   </div>
   <div class='ocr_carea' id='block_1_13' title="bbox 300 3248 1955 4472">
    <p class='ocr_par' dir='ltr' id='par_1_17' title="bbox 300 3248 1955 4472">
     <span class='ocr_line' id='line_1_37' title="bbox 300 3248 1943 3328; baseline 0.01 -29"><span class='ocrx_word' id='word_1_234' title='bbox 300 3260 367 3300; x_wconf 92' lang='lat' dir='ltr'><strong>eo</strong></span> <span class='ocrx_word' id='word_1_235' title='bbox 397 3248 681 3317; x_wconf 88' lang='lat' dir='ltr'><strong>tempore,</strong></span> <span class='ocrx_word' id='word_1_236' title='bbox 713 3263 823 3315; x_wconf 81' lang='lat' dir='ltr'><strong>quo</strong></span> <span class='ocrx_word' id='word_1_237' title='bbox 845 3265 971 3304; x_wconf 87' lang='lat' dir='ltr'><strong>eam</strong></span> <span class='ocrx_word' id='word_1_238' title='bbox 994 3250 1348 3319; x_wconf 85' lang='lat' dir='ltr'><strong>obtinuerat,</strong></span> <span class='ocrx_word' id='word_1_239' title='bbox 1373 3254 1632 3313; x_wconf 85' lang='lat' dir='ltr'><strong>funditus</strong></span> <span class='ocrx_word' id='word_1_240' title='bbox 1654 3258 1943 3328; x_wconf 80' lang='lat' dir='ltr'><strong>dejecerat</strong></span> 
     </span>
     <span class='ocr_line' id='line_1_38' title="bbox 300 3333 1942 3415; baseline 0.01 -26"><span class='ocrx_word' id='word_1_241' title='bbox 300 3333 580 3401; x_wconf 88' lang='lat' dir='ltr'><strong>studiose,</strong></span> <span class='ocrx_word' id='word_1_242' title='bbox 613 3340 677 3391; x_wconf 90' lang='lat' dir='ltr'><strong>ut</strong></span> <span class='ocrx_word' id='word_1_243' title='bbox 706 3338 1095 3406; x_wconf 77' lang='lat' dir='ltr'><strong>praediximus.</strong></span> <span class='ocrx_word' id='word_1_244' title='bbox 1116 3340 1218 3396; x_wconf 86' lang='lat' dir='ltr'><strong>His</strong></span> <span class='ocrx_word' id='word_1_245' title='bbox 1236 3343 1314 3397; x_wconf 90' lang='lat' dir='ltr'><strong>ita</strong></span> <span class='ocrx_word' id='word_1_246' title='bbox 1337 3345 1603 3415; x_wconf 88' lang='lat' dir='ltr'><strong>peractis,</strong></span> <span class='ocrx_word' id='word_1_247' title='bbox 1629 3348 1942 3405; x_wconf 76' lang='lat' dir='ltr'><strong>arbitratus</strong></span> 
     </span>
     <span class='ocr_line' id='line_1_39' title="bbox 302 3425 1947 3500; baseline 0.011 -23"><span class='ocrx_word' id='word_1_248' title='bbox 302 3435 403 3478; x_wconf 83' lang='lat' dir='ltr'><strong>rex</strong></span> <span class='ocrx_word' id='word_1_249' title='bbox 453 3438 589 3479; x_wconf 90' lang='lat' dir='ltr'><strong>cum</strong></span> <span class='ocrx_word' id='word_1_250' title='bbox 645 3425 767 3481; x_wconf 88' lang='lat' dir='ltr'><strong>suis</strong></span> <span class='ocrx_word' id='word_1_251' title='bbox 816 3427 1201 3500; x_wconf 88' lang='lat' dir='ltr'><strong>principibus,</strong></span> <span class='ocrx_word' id='word_1_252' title='bbox 1229 3448 1453 3489; x_wconf 91' lang='lat' dir='ltr'><strong>moram</strong></span> <span class='ocrx_word' id='word_1_253' title='bbox 1511 3452 1679 3491; x_wconf 78' lang='lat' dir='ltr'><strong>suain</strong></span> <span class='ocrx_word' id='word_1_254' title='bbox 1709 3437 1769 3491; x_wconf 91' lang='lat' dir='ltr'><strong>in</strong></span> <span class='ocrx_word' id='word_1_255' title='bbox 1802 3440 1947 3495; x_wconf 90' lang='lat' dir='ltr'><strong>urbe</strong></span> 
     </span>
     <span class='ocr_line' id='line_1_40' title="bbox 300 3511 1948 3595; baseline 0.012 -30"><span class='ocrx_word' id='word_1_256' title='bbox 300 3511 597 3583; x_wconf 63' lang='lat' dir='ltr'><strong>praedicta,</strong></span> <span class='ocrx_word' id='word_1_257' title='bbox 627 3513 850 3571; x_wconf 82' lang='lat' dir='ltr'><strong>civibus</strong></span> <span class='ocrx_word' id='word_1_258' title='bbox 882 3533 997 3573; x_wconf 91' lang='lat' dir='ltr'><strong>non</strong></span> <span class='ocrx_word' id='word_1_259' title='bbox 1027 3520 1274 3576; x_wconf 88' lang='lat' dir='ltr'><strong>multum</strong></span> <span class='ocrx_word' id='word_1_260' title='bbox 1296 3521 1571 3595; x_wconf 82' lang='lat' dir='ltr'><strong>deinceps</strong></span> <span class='ocrx_word' id='word_1_261' title='bbox 1592 3542 1721 3582; x_wconf 89' lang='lat' dir='ltr'><strong>esse</strong></span> <span class='ocrx_word' id='word_1_262' title='bbox 1752 3542 1948 3585; x_wconf 87' lang='lat' dir='ltr'><strong>neces·</strong></span> 
     </span>
     <span class='ocr_line' id='line_1_41' title="bbox 302 3599 1943 3685; baseline 0.012 -31"><span class='ocrx_word' id='word_1_263' title='bbox 302 3599 545 3669; x_wconf 80' lang='lat' dir='ltr'><strong>sariam3</strong></span> <span class='ocrx_word' id='word_1_264' title='bbox 567 3602 783 3675; x_wconf 86' lang='lat' dir='ltr'><strong>quippe</strong></span> <span class='ocrx_word' id='word_1_265' title='bbox 801 3605 1090 3662; x_wconf 86' lang='lat' dir='ltr'><strong>restitutis</strong></span> <span class='ocrx_word' id='word_1_266' title='bbox 1103 3609 1226 3679; x_wconf 88' lang='lat' dir='ltr'><strong>jam</strong></span> <span class='ocrx_word' id='word_1_267' title='bbox 1241 3610 1300 3665; x_wconf 91' lang='lat' dir='ltr'><strong>in</strong></span> <span class='ocrx_word' id='word_1_268' title='bbox 1321 3610 1612 3683; x_wconf 90' lang='lat' dir='ltr'><strong>integrum</strong></span> <span class='ocrx_word' id='word_1_269' title='bbox 1636 3616 1943 3685; x_wconf 86' lang='lat' dir='ltr'><strong>universis,</strong></span> 
     </span>
     <span class='ocr_line' id='line_1_42' title="bbox 305 3688 1948 3777; baseline 0.011 -33"><span class='ocrx_word' id='word_1_270' title='bbox 305 3688 628 3761; x_wconf 89' lang='lat' dir='ltr'><strong>municipio</strong></span> <span class='ocrx_word' id='word_1_271' title='bbox 658 3695 1124 3765; x_wconf 84' lang='lat' dir='ltr'><strong>quoque,armis,</strong></span> <span class='ocrx_word' id='word_1_272' title='bbox 1149 3698 1328 3766; x_wconf 82' lang='lat' dir='ltr'><strong>victu,</strong></span> <span class='ocrx_word' id='word_1_273' title='bbox 1362 3700 1692 3759; x_wconf 87' lang='lat' dir='ltr'><strong>bominibus</strong></span> <span class='ocrx_word' id='word_1_274' title='bbox 1713 3721 1948 3777; x_wconf 85' lang='lat' dir='ltr'><strong>quoque</strong></span> 
     </span>
     <span class='ocr_line' id='line_1_43' title="bbox 305 3775 1949 3857; baseline 0.012 -25"><span class='ocrx_word' id='word_1_275' title='bbox 305 3775 614 3849; x_wconf 85' lang='lat' dir='ltr'><strong>diligenter</strong></span> <span class='ocrx_word' id='word_1_276' title='bbox 642 3781 787 3837; x_wconf 87' lang='lat' dir='ltr'><strong>satis</strong></span> <span class='ocrx_word' id='word_1_277' title='bbox 818 3799 921 3853; x_wconf 92' lang='lat' dir='ltr'><strong>pro</strong></span> <span class='ocrx_word' id='word_1_278' title='bbox 963 3787 1226 3857; x_wconf 87' lang='lat' dir='ltr'><strong>tempore</strong></span> <span class='ocrx_word' id='word_1_279' title='bbox 1266 3791 1658 3847; x_wconf 89' lang='lat' dir='ltr'><strong>communito:</strong></span> <span class='ocrx_word' id='word_1_280' title='bbox 1689 3792 1949 3851; x_wconf 87' lang='lat' dir='ltr'><strong>dimissis</strong></span> 
     </span>
     <span class='ocr_line' id='line_1_44' title="bbox 306 3865 1950 3951; baseline 0.011 -30"><span class='ocrx_word' id='word_1_281' title='bbox 306 3865 566 3936; x_wconf 84' lang='lat' dir='ltr'><strong>peditum</strong></span> <span class='ocrx_word' id='word_1_282' title='bbox 600 3869 941 3942; x_wconf 88' lang='lat' dir='ltr'><strong>manipulis,</strong></span> <span class='ocrx_word' id='word_1_283' title='bbox 977 3872 1101 3943; x_wconf 91' lang='lat' dir='ltr'><strong>ipse</strong></span> <span class='ocrx_word' id='word_1_284' title='bbox 1128 3891 1262 3932; x_wconf 91' lang='lat' dir='ltr'><strong>cum</strong></span> <span class='ocrx_word' id='word_1_285' title='bbox 1286 3877 1428 3933; x_wconf 90' lang='lat' dir='ltr'><strong>solis</strong></span> <span class='ocrx_word' id='word_1_286' title='bbox 1448 3880 1713 3951; x_wconf 89' lang='lat' dir='ltr'><strong>equitum</strong></span> <span class='ocrx_word' id='word_1_287' title='bbox 1738 3884 1950 3940; x_wconf 88' lang='lat' dir='ltr'><strong>turmis</strong></span> 
     </span>
     <span class='ocr_line' id='line_1_45' title="bbox 306 3953 1953 4040; baseline 0.011 -30"><span class='ocrx_word' id='word_1_288' title='bbox 306 3953 669 4012; x_wconf 84' lang='lat' dir='ltr'><strong>Tiberiadem</strong></span> <span class='ocrx_word' id='word_1_289' title='bbox 704 3960 888 4016; x_wconf 88' lang='lat' dir='ltr'><strong>redire</strong></span> <span class='ocrx_word' id='word_1_290' title='bbox 937 3965 1261 4034; x_wconf 87' lang='lat' dir='ltr'><strong>proposuit.</strong></span> <span class='ocrx_word' id='word_1_291' title='bbox 1292 3966 1575 4038; x_wconf 84' lang='lat' dir='ltr'><strong>Egressus</strong></span> <span class='ocrx_word' id='word_1_292' title='bbox 1604 3985 1740 4040; x_wconf 88' lang='lat' dir='ltr'><strong>ergo</strong></span> <span class='ocrx_word' id='word_1_293' title='bbox 1770 3986 1838 4027; x_wconf 86' lang='lat' dir='ltr'><strong>ex</strong></span> <span class='ocrx_word' id='word_1_294' title='bbox 1859 3985 1953 4027; x_wconf 88' lang='lat' dir='ltr'><strong>ea-</strong></span> 
     </span>
     <span class='ocr_line' id='line_1_46' title="bbox 307 4043 1950 4130; baseline 0.012 -31"><span class='ocrx_word' id='word_1_295' title='bbox 307 4043 438 4100; x_wconf 89' lang='lat' dir='ltr'><strong>dem</strong></span> <span class='ocrx_word' id='word_1_296' title='bbox 465 4044 605 4102; x_wconf 89' lang='lat' dir='ltr'><strong>urbe</strong></span> <span class='ocrx_word' id='word_1_297' title='bbox 626 4049 681 4103; x_wconf 91' lang='lat' dir='ltr'><strong>et</strong></span> <span class='ocrx_word' id='word_1_298' title='bbox 712 4046 770 4101; x_wconf 93' lang='lat' dir='ltr'><strong>in</strong></span> <span class='ocrx_word' id='word_1_299' title='bbox 796 4052 1066 4105; x_wconf 88' lang='lat' dir='ltr'><strong>austrum</strong></span> <span class='ocrx_word' id='word_1_300' title='bbox 1098 4052 1206 4108; x_wconf 86' lang='lat' dir='ltr'><strong>iter</strong></span> <span class='ocrx_word' id='word_1_301' title='bbox 1234 4054 1517 4126; x_wconf 79' lang='lat' dir='ltr'><strong>dirigens,</strong></span> <span class='ocrx_word' id='word_1_302' title='bbox 1542 4073 1712 4115; x_wconf 87' lang='lat' dir='ltr'><strong>secus</strong></span> <span class='ocrx_word' id='word_1_303' title='bbox 1731 4058 1950 4130; x_wconf 90' lang='lat' dir='ltr'><strong>lacum,</strong></span> 
     </span>
     <span class='ocr_line' id='line_1_47' title="bbox 306 4132 1955 4213; baseline 0.01 -25"><span class='ocrx_word' id='word_1_304' title='bbox 306 4132 401 4189; x_wconf 90' lang='lat' dir='ltr'><strong>cui</strong></span> <span class='ocrx_word' id='word_1_305' title='bbox 432 4149 644 4190; x_wconf 87' lang='lat' dir='ltr'><strong>nomen</strong></span> <span class='ocrx_word' id='word_1_306' title='bbox 661 4135 907 4203; x_wconf 85' lang='lat' dir='ltr'><strong>Meleha,</strong></span> <span class='ocrx_word' id='word_1_307' title='bbox 921 4144 1372 4199; x_wconf 88' lang='lat' dir='ltr'><strong>castrametatus</strong></span> <span class='ocrx_word' id='word_1_308' title='bbox 1386 4147 1614 4213; x_wconf 91' lang='lat' dir='ltr'><strong>est‚ubi</strong></span> <span class='ocrx_word' id='word_1_309' title='bbox 1646 4158 1809 4204; x_wconf 88' lang='lat' dir='ltr'><strong>nocte</strong></span> <span class='ocrx_word' id='word_1_310' title='bbox 1850 4150 1955 4206; x_wconf 90' lang='lat' dir='ltr'><strong>illa</strong></span> 
     </span>
     <span class='ocr_line' id='line_1_48' title="bbox 308 4221 1953 4308; baseline 0.012 -32"><span class='ocrx_word' id='word_1_311' title='bbox 308 4221 481 4293; x_wconf 83' lang='lat' dir='ltr'><strong>longe</strong></span> <span class='ocrx_word' id='word_1_312' title='bbox 512 4221 680 4278; x_wconf 88' lang='lat' dir='ltr'><strong>aliter</strong></span> <span class='ocrx_word' id='word_1_313' title='bbox 709 4241 882 4294; x_wconf 91' lang='lat' dir='ltr'><strong>quam</strong></span> <span class='ocrx_word' id='word_1_314' title='bbox 932 4226 1242 4299; x_wconf 87' lang='lat' dir='ltr'><strong>disciplina</strong></span> <span class='ocrx_word' id='word_1_315' title='bbox 1294 4232 1561 4290; x_wconf 86' lang='lat' dir='ltr'><strong>militaris</strong></span> <span class='ocrx_word' id='word_1_316' title='bbox 1591 4236 1862 4308; x_wconf 86' lang='lat' dir='ltr'><strong>exigeret,</strong></span> <span class='ocrx_word' id='word_1_317' title='bbox 1896 4244 1953 4295; x_wconf 90' lang='lat' dir='ltr'><strong>et</strong></span> 
     </span>
     <span class='ocr_line' id='line_1_49' title="bbox 312 4309 1950 4385; baseline 0.012 -20"><span class='ocrx_word' id='word_1_318' title='bbox 312 4309 716 4381; x_wconf 87' lang='lat' dir='ltr'><strong>imprudenter</strong></span> <span class='ocrx_word' id='word_1_319' title='bbox 743 4328 806 4368; x_wconf 89' lang='lat' dir='ltr'><strong>se</strong></span> <span class='ocrx_word' id='word_1_320' title='bbox 861 4312 1106 4384; x_wconf 88' lang='lat' dir='ltr'><strong>habene,</strong></span> <span class='ocrx_word' id='word_1_321' title='bbox 1142 4334 1259 4373; x_wconf 91' lang='lat' dir='ltr'><strong>non</strong></span> <span class='ocrx_word' id='word_1_322' title='bbox 1304 4322 1610 4379; x_wconf 88' lang='lat' dir='ltr'><strong>observata</strong></span> <span class='ocrx_word' id='word_1_323' title='bbox 1629 4336 1950 4385; x_wconf 89' lang='lat' dir='ltr'><strong>castrorum</strong></span> 
     </span>
     <span class='ocr_line' id='line_1_50' title="bbox 314 4397 1952 4472; baseline 0.012 -19"><span class='ocrx_word' id='word_1_324' title='bbox 314 4397 459 4469; x_wconf 87' lang='lat' dir='ltr'><strong>lege,</strong></span> <span class='ocrx_word' id='word_1_325' title='bbox 493 4398 778 4469; x_wconf 87' lang='lat' dir='ltr'><strong>requievit</strong></span> <span class='ocrx_word' id='word_1_326' title='bbox 807 4404 1112 4461; x_wconf 84' lang='lat' dir='ltr'><strong>exercitus.</strong></span> <span class='ocrx_word' id='word_1_327' title='bbox 1135 4407 1446 4465; x_wconf 78' lang='lat' dir='ltr'><strong>Soletenim</strong></span> <span class='ocrx_word' id='word_1_328' title='bbox 1475 4426 1579 4466; x_wconf 70' lang='lat' dir='ltr'><strong>usu</strong></span> <span class='ocrx_word' id='word_1_329' title='bbox 1602 4416 1753 4469; x_wconf 80' lang='lat' dir='ltr'><strong>inter</strong></span> <span class='ocrx_word' id='word_1_330' title='bbox 1768 4415 1952 4472; x_wconf 77' lang='lat' dir='ltr'><strong>homi-</strong></span> 
     </span>
    </p>
   </div>
   <div class='ocr_carea' id='block_1_14' title="bbox 2033 663 3690 739">
    <p class='ocr_par' dir='ltr' id='par_1_18' title="bbox 2033 663 3690 739">
     <span class='ocr_line' id='line_1_51' title="bbox 2033 663 3690 739; baseline 0.001 -19"><span class='ocrx_word' id='word_1_331' title='bbox 2033 663 2494 736; x_wconf 87' lang='lat' dir='ltr'><strong>aliquantulum,</strong></span> <span class='ocrx_word' id='word_1_332' title='bbox 2516 667 2572 720; x_wconf 88' lang='lat' dir='ltr'><strong>et</strong></span> <span class='ocrx_word' id='word_1_333' title='bbox 2594 680 2693 734; x_wconf 91' lang='lat' dir='ltr'><strong>pro</strong></span> <span class='ocrx_word' id='word_1_334' title='bbox 2716 663 3081 736; x_wconf 87' lang='lat' dir='ltr'><strong>singulorum</strong></span> <span class='ocrx_word' id='word_1_335' title='bbox 3108 664 3350 722; x_wconf 89' lang='lat' dir='ltr'><strong>arbitrio</strong></span> <span class='ocrx_word' id='word_1_336' title='bbox 3369 665 3690 739; x_wconf 84' lang='lat' dir='ltr'><strong>indulgen-</strong></span> 
     </span>
    </p>
   </div>
   <div class='ocr_carea' id='block_1_15' title="bbox 2031 751 3689 825">
    <p class='ocr_par' dir='ltr' id='par_1_19' title="bbox 2031 751 3689 825">
     <span class='ocr_line' id='line_1_52' title="bbox 2031 751 3689 825; baseline 0.003 -17"><span class='ocrx_word' id='word_1_337' title='bbox 2031 751 2148 809; x_wconf 91' lang='lat' dir='ltr'><strong>tius</strong></span> <span class='ocrx_word' id='word_1_338' title='bbox 2180 752 2358 825; x_wconf 86' lang='lat' dir='ltr'><strong>coepit</strong></span> <span class='ocrx_word' id='word_1_339' title='bbox 2413 769 2498 818; x_wconf 88' lang='lat' dir='ltr'><strong>se,</strong></span> <span class='ocrx_word' id='word_1_340' title='bbox 2531 757 2596 809; x_wconf 92' lang='lat' dir='ltr'><strong>ut</strong></span> <span class='ocrx_word' id='word_1_341' title='bbox 2649 752 3045 825; x_wconf 71' lang='lat' dir='ltr'><strong>praediximus,</strong></span> <span class='ocrx_word' id='word_1_342' title='bbox 3101 751 3330 811; x_wconf 89' lang='lat' dir='ltr'><strong>habere.</strong></span> <span class='ocrx_word' id='word_1_343' title='bbox 3363 754 3689 813; x_wconf 85' lang='lat' dir='ltr'><strong>Nuntiatur</strong></span> 
     </span>
    </p>
   </div>
   <div class='ocr_carea' id='block_1_16' title="bbox 2035 840 3699 3591">
    <p class='ocr_par' dir='ltr' id='par_1_20' title="bbox 2035 840 3699 3591">
     <span class='ocr_line' id='line_1_53' title="bbox 2036 840 3690 917; baseline 0.001 -19"><span class='ocrx_word' id='word_1_344' title='bbox 2036 858 2207 913; x_wconf 86' lang='lat' dir='ltr'><strong>porro</strong></span> <span class='ocrx_word' id='word_1_345' title='bbox 2237 841 2503 898; x_wconf 89' lang='lat' dir='ltr'><strong>hostibus</strong></span> <span class='ocrx_word' id='word_1_346' title='bbox 2524 841 2581 897; x_wconf 92' lang='lat' dir='ltr'><strong>in</strong></span> <span class='ocrx_word' id='word_1_347' title='bbox 2605 840 2837 898; x_wconf 88' lang='lat' dir='ltr'><strong>insidiis</strong></span> <span class='ocrx_word' id='word_1_348' title='bbox 2851 843 3385 913; x_wconf 85' lang='lat' dir='ltr'><strong>commorantibus,</strong></span> <span class='ocrx_word' id='word_1_349' title='bbox 3416 845 3579 917; x_wconf 89' lang='lat' dir='ltr'><strong>quod</strong></span> <span class='ocrx_word' id='word_1_350' title='bbox 3601 845 3690 900; x_wconf 88' lang='lat' dir='ltr'><strong>di-</strong></span> 
     </span>
     <span class='ocr_line' id='line_1_54' title="bbox 2037 925 3689 1004; baseline 0.001 -15"><span class='ocrx_word' id='word_1_351' title='bbox 2037 930 2235 989; x_wconf 89' lang='lat' dir='ltr'><strong>missis</strong></span> <span class='ocrx_word' id='word_1_352' title='bbox 2265 930 2627 1002; x_wconf 88' lang='lat' dir='ltr'><strong>pedestribus</strong></span> <span class='ocrx_word' id='word_1_353' title='bbox 2649 929 2759 986; x_wconf 90' lang='lat' dir='ltr'><strong>alis</strong></span> <span class='ocrx_word' id='word_1_354' title='bbox 2791 930 3015 987; x_wconf 88' lang='lat' dir='ltr'><strong>domini</strong></span> <span class='ocrx_word' id='word_1_355' title='bbox 3047 931 3200 1004; x_wconf 88' lang='lat' dir='ltr'><strong>regis</strong></span> <span class='ocrx_word' id='word_1_356' title='bbox 3228 925 3554 990; x_wconf 84' lang='lat' dir='ltr'><strong>excercitus</strong></span> <span class='ocrx_word' id='word_1_357' title='bbox 3572 934 3689 990; x_wconf 91' lang='lat' dir='ltr'><strong>cir-</strong></span> 
     </span>
     <span class='ocr_line' id='line_1_55' title="bbox 2035 1018 3689 1094; baseline 0.002 -19"><span class='ocrx_word' id='word_1_358' title='bbox 2035 1019 2317 1077; x_wconf 87' lang='lat' dir='ltr'><strong>caiacum</strong></span> <span class='ocrx_word' id='word_1_359' title='bbox 2376 1019 2596 1077; x_wconf 83' lang='lat' dir='ltr'><strong>Meleha</strong></span> <span class='ocrx_word' id='word_1_360' title='bbox 2636 1034 2837 1077; x_wconf 89' lang='lat' dir='ltr'><strong>secure</strong></span> <span class='ocrx_word' id='word_1_361' title='bbox 2867 1018 3045 1076; x_wconf 90' lang='lat' dir='ltr'><strong>nimis</strong></span> <span class='ocrx_word' id='word_1_362' title='bbox 3075 1024 3131 1076; x_wconf 92' lang='lat' dir='ltr'><strong>et</strong></span> <span class='ocrx_word' id='word_1_363' title='bbox 3153 1020 3596 1094; x_wconf 87' lang='lat' dir='ltr'><strong>imprudentius</strong></span> <span class='ocrx_word' id='word_1_364' title='bbox 3625 1039 3689 1078; x_wconf 91' lang='lat' dir='ltr'><strong>se</strong></span> 
     </span>
     <span class='ocr_line' id='line_1_56' title="bbox 2035 1107 3686 1181; baseline 0.001 -17"><span class='ocrx_word' id='word_1_365' title='bbox 2035 1109 2272 1165; x_wconf 87' lang='lat' dir='ltr'><strong>haberet</strong></span> <span class='ocrx_word' id='word_1_366' title='bbox 2293 1126 2309 1176; x_wconf 77' lang='grc' dir='ltr'>ς</span> <span class='ocrx_word' id='word_1_367' title='bbox 2334 1108 2603 1181; x_wconf 88' lang='lat' dir='ltr'><strong>quodque</strong></span> <span class='ocrx_word' id='word_1_368' title='bbox 2652 1109 2721 1164; x_wconf 91' lang='lat' dir='ltr'><strong>de</strong></span> <span class='ocrx_word' id='word_1_369' title='bbox 2782 1107 3142 1180; x_wconf 89' lang='lat' dir='ltr'><strong>principibus</strong></span> <span class='ocrx_word' id='word_1_370' title='bbox 3199 1110 3328 1181; x_wconf 69' lang='lat' dir='ltr'><strong>elus</strong></span> <span class='ocrx_word' id='word_1_371' title='bbox 3381 1111 3686 1178; x_wconf 87' lang='lat' dir='ltr'><strong>nonnulli,</strong></span> 
     </span>
     <span class='ocr_line' id='line_1_57' title="bbox 2035 1196 3690 1271; baseline 0.002 -18"><span class='ocrx_word' id='word_1_372' title='bbox 2035 1197 2344 1269; x_wconf 83' lang='lat' dir='ltr'><strong>Philippus</strong></span> <span class='ocrx_word' id='word_1_373' title='bbox 2363 1196 2628 1254; x_wconf 83' lang='lat' dir='ltr'><strong>videlicet</strong></span> <span class='ocrx_word' id='word_1_374' title='bbox 2651 1196 3072 1269; x_wconf 81' lang='lat' dir='ltr'><strong>Neapolitanus</strong></span> <span class='ocrx_word' id='word_1_375' title='bbox 3087 1205 3162 1266; x_wconf 91' lang='lat' dir='ltr'><strong>,et</strong></span> <span class='ocrx_word' id='word_1_376' title='bbox 3178 1199 3417 1271; x_wconf 87' lang='lat' dir='ltr'><strong>quidam</strong></span> <span class='ocrx_word' id='word_1_377' title='bbox 3432 1199 3535 1256; x_wconf 89' lang='lat' dir='ltr'><strong>alii</strong></span> <span class='ocrx_word' id='word_1_378' title='bbox 3557 1216 3690 1257; x_wconf 86' lang='lat' dir='ltr'><strong>cum</strong></span> 
     </span>
     <span class='ocr_line' id='line_1_58' title="bbox 2038 1286 3692 1361; baseline 0.001 -18"><span class='ocrx_word' id='word_1_379' title='bbox 2038 1286 2164 1343; x_wconf 89' lang='lat' dir='ltr'><strong>suis</strong></span> <span class='ocrx_word' id='word_1_380' title='bbox 2212 1286 2590 1342; x_wconf 87' lang='lat' dir='ltr'><strong>comitatibus</strong></span> <span class='ocrx_word' id='word_1_381' title='bbox 2639 1287 3048 1342; x_wconf 85' lang='lat' dir='ltr'><strong>discessissent</strong></span> <span class='ocrx_word' id='word_1_382' title='bbox 3080 1304 3095 1342; x_wconf 72' lang='grc' dir='ltr'><em>ε</em></span> <span class='ocrx_word' id='word_1_383' title='bbox 3124 1288 3390 1345; x_wconf 76' lang='lat' dir='ltr'><strong>videntes</strong></span> <span class='ocrx_word' id='word_1_384' title='bbox 3423 1305 3556 1346; x_wconf 84' lang='lat' dir='ltr'><strong>rem</strong></span> <span class='ocrx_word' id='word_1_385' title='bbox 3588 1306 3692 1361; x_wconf 93' lang='lat' dir='ltr'><strong>pro</strong></span> 
     </span>
     <span class='ocr_line' id='line_1_59' title="bbox 2037 1375 3693 1450; baseline 0.003 -21"><span class='ocrx_word' id='word_1_386' title='bbox 2037 1375 2187 1430; x_wconf 87' lang='lat' dir='ltr'><strong>votis</strong></span> <span class='ocrx_word' id='word_1_387' title='bbox 2218 1376 2503 1441; x_wconf 88' lang='lat' dir='ltr'><strong>accidere,</strong></span> <span class='ocrx_word' id='word_1_388' title='bbox 2537 1379 2729 1431; x_wconf 89' lang='lat' dir='ltr'><strong>castra</strong></span> <span class='ocrx_word' id='word_1_389' title='bbox 2748 1379 2985 1431; x_wconf 81' lang='lat' dir='ltr'><strong>movent</strong></span> <span class='ocrx_word' id='word_1_390' title='bbox 3014 1375 3206 1432; x_wconf 91' lang='lat' dir='ltr'><strong>subito</strong></span> <span class='ocrx_word' id='word_1_391' title='bbox 3230 1396 3246 1445; x_wconf 75' lang='grc' dir='ltr'><strong>ς</strong></span> <span class='ocrx_word' id='word_1_392' title='bbox 3268 1381 3543 1434; x_wconf 87' lang='lat' dir='ltr'><strong>eteorum</strong></span> <span class='ocrx_word' id='word_1_393' title='bbox 3560 1395 3693 1450; x_wconf 91' lang='lat' dir='ltr'><strong>pru-</strong></span> 
     </span>
     <span class='ocr_line' id='line_1_60' title="bbox 2039 1463 3689 1538; baseline 0.001 -18"><span class='ocrx_word' id='word_1_394' title='bbox 2039 1463 2390 1520; x_wconf 88' lang='lat' dir='ltr'><strong>dentissimo</strong></span> <span class='ocrx_word' id='word_1_395' title='bbox 2446 1464 2705 1537; x_wconf 91' lang='lat' dir='ltr'><strong>principe</strong></span> <span class='ocrx_word' id='word_1_396' title='bbox 2760 1480 2877 1520; x_wconf 91' lang='lat' dir='ltr'><strong>rem</strong></span> <span class='ocrx_word' id='word_1_397' title='bbox 2909 1464 3106 1536; x_wconf 90' lang='lat' dir='ltr'><strong>(prout</strong></span> <span class='ocrx_word' id='word_1_398' title='bbox 3134 1466 3403 1538; x_wconf 82' lang='lat' dir='ltr'><strong>expedire</strong></span> <span class='ocrx_word' id='word_1_399' title='bbox 3428 1469 3689 1538; x_wconf 79' lang='lat' dir='ltr'><strong>noverat)</strong></span> 
     </span>
     <span class='ocr_line' id='line_1_61' title="bbox 2040 1554 3693 1625; baseline 0.001 -14"><span class='ocrx_word' id='word_1_400' title='bbox 2040 1555 2418 1624; x_wconf 85' lang='lat' dir='ltr'><strong>accelerante,</strong></span> <span class='ocrx_word' id='word_1_401' title='bbox 2447 1557 2516 1610; x_wconf 89' lang='lat' dir='ltr'><strong>ad</strong></span> <span class='ocrx_word' id='word_1_402' title='bbox 2559 1558 2753 1625; x_wconf 85' lang='lat' dir='ltr'><strong>partes</strong></span> <span class='ocrx_word' id='word_1_403' title='bbox 2798 1554 2933 1611; x_wconf 89' lang='lat' dir='ltr'><strong>illas</strong></span> <span class='ocrx_word' id='word_1_404' title='bbox 2991 1557 3447 1620; x_wconf 85' lang='lat' dir='ltr'><strong>contendunt,et</strong></span> <span class='ocrx_word' id='word_1_405' title='bbox 3474 1557 3545 1612; x_wconf 90' lang='lat' dir='ltr'><strong>ad</strong></span> <span class='ocrx_word' id='word_1_406' title='bbox 3568 1557 3693 1613; x_wconf 84' lang='lat' dir='ltr'><strong>Jor-</strong></span> 
     </span>
     <span class='ocr_line' id='line_1_62' title="bbox 2039 1644 3693 1720; baseline 0.002 -21"><span class='ocrx_word' id='word_1_407' title='bbox 2039 1644 2278 1712; x_wconf 87' lang='lat' dir='ltr'><strong>danem,</strong></span> <span class='ocrx_word' id='word_1_408' title='bbox 2312 1645 2419 1716; x_wconf 92' lang='lat' dir='ltr'><strong>qui</strong></span> <span class='ocrx_word' id='word_1_409' title='bbox 2469 1645 2696 1701; x_wconf 90' lang='lat' dir='ltr'><strong>medius</strong></span> <span class='ocrx_word' id='word_1_410' title='bbox 2739 1648 2864 1700; x_wconf 90' lang='lat' dir='ltr'><strong>erat</strong></span> <span class='ocrx_word' id='word_1_411' title='bbox 2910 1645 3062 1701; x_wconf 86' lang='lat' dir='ltr'><strong>inter</strong></span> <span class='ocrx_word' id='word_1_412' title='bbox 3108 1661 3228 1714; x_wconf 87' lang='lat' dir='ltr'><strong>eos,</strong></span> <span class='ocrx_word' id='word_1_413' title='bbox 3262 1662 3453 1718; x_wconf 88' lang='lat' dir='ltr'><strong>usque</strong></span> <span class='ocrx_word' id='word_1_414' title='bbox 3484 1661 3693 1720; x_wconf 80' lang='lat' dir='ltr'><strong>perve-</strong></span> 
     </span>
     <span class='ocr_line' id='line_1_63' title="bbox 2038 1734 3692 1810; baseline 0.002 -20"><span class='ocrx_word' id='word_1_415' title='bbox 2038 1735 2211 1792; x_wconf 88' lang='lat' dir='ltr'><strong>niunt</strong></span> <span class='ocrx_word' id='word_1_416' title='bbox 2235 1752 2251 1804; x_wconf 88' lang='lat'>;</span> <span class='ocrx_word' id='word_1_417' title='bbox 2277 1735 2429 1808; x_wconf 90' lang='lat' dir='ltr'><strong>quod</strong></span> <span class='ocrx_word' id='word_1_418' title='bbox 2460 1735 2726 1803; x_wconf 88' lang='lat' dir='ltr'><strong>transito,</strong></span> <span class='ocrx_word' id='word_1_419' title='bbox 2753 1736 2814 1791; x_wconf 91' lang='lat' dir='ltr'><strong>in</strong></span> <span class='ocrx_word' id='word_1_420' title='bbox 2838 1752 2903 1792; x_wconf 90' lang='lat' dir='ltr'><strong>eo</strong></span> <span class='ocrx_word' id='word_1_421' title='bbox 2933 1734 3060 1792; x_wconf 93' lang='lat' dir='ltr'><strong>loco</strong></span> <span class='ocrx_word' id='word_1_422' title='bbox 3081 1735 3176 1806; x_wconf 88' lang='lat' dir='ltr'><strong>qui</strong></span> <span class='ocrx_word' id='word_1_423' title='bbox 3197 1734 3422 1809; x_wconf 78' lang='lat' dir='ltr'><strong>vulgari</strong></span> <span class='ocrx_word' id='word_1_424' title='bbox 3438 1737 3692 1810; x_wconf 88' lang='lat' dir='ltr'><strong>appella·</strong></span> 
     </span>
     <span class='ocr_line' id='line_1_64' title="bbox 2040 1824 3692 1900; baseline 0.003 -20"><span class='ocrx_word' id='word_1_425' title='bbox 2040 1826 2197 1882; x_wconf 91' lang='lat' dir='ltr'><strong>tione</strong></span> <span class='ocrx_word' id='word_1_426' title='bbox 2223 1826 2438 1882; x_wconf 87' lang='lat' dir='ltr'><strong>vadum</strong></span> <span class='ocrx_word' id='word_1_427' title='bbox 2468 1824 2653 1883; x_wconf 84' lang='lat' dir='ltr'><strong>Jacob</strong></span> <span class='ocrx_word' id='word_1_428' title='bbox 2679 1825 3030 1898; x_wconf 87' lang='lat' dir='ltr'><strong>appellatur,</strong></span> <span class='ocrx_word' id='word_1_429' title='bbox 3062 1826 3147 1883; x_wconf 88' lang='lat' dir='ltr'><strong>eis</strong></span> <span class='ocrx_word' id='word_1_430' title='bbox 3197 1826 3547 1897; x_wconf 83' lang='lat' dir='ltr'><strong>Jordanem,</strong></span> <span class='ocrx_word' id='word_1_431' title='bbox 3583 1845 3692 1900; x_wconf 88' lang='lat' dir='ltr'><strong>qua</strong></span> 
     </span>
     <span class='ocr_line' id='line_1_65' title="bbox 2040 1914 3692 1985; baseline 0.002 -15"><span class='ocrx_word' id='word_1_432' title='bbox 2040 1914 2235 1985; x_wconf 87' lang='lat' dir='ltr'><strong>regius</strong></span> <span class='ocrx_word' id='word_1_433' title='bbox 2261 1915 2554 1972; x_wconf 85' lang='lat' dir='ltr'><strong>exercitus</strong></span> <span class='ocrx_word' id='word_1_434' title='bbox 2609 1915 2869 1973; x_wconf 90' lang='lat' dir='ltr'><strong>crastina</strong></span> <span class='ocrx_word' id='word_1_435' title='bbox 2911 1915 3266 1973; x_wconf 90' lang='lat' dir='ltr'><strong>transiturus</strong></span> <span class='ocrx_word' id='word_1_436' title='bbox 3324 1920 3453 1974; x_wconf 84' lang='lat' dir='ltr'><strong>erat</strong></span> <span class='ocrx_word' id='word_1_437' title='bbox 3482 1918 3600 1985; x_wconf 89' lang='lat' dir='ltr'><strong>die,</strong></span> <span class='ocrx_word' id='word_1_438' title='bbox 3631 1935 3692 1974; x_wconf 91' lang='lat' dir='ltr'><strong>se</strong></span> 
     </span>
     <span class='ocr_line' id='line_1_66' title="bbox 2042 2000 3694 2074; baseline 0.003 -18"><span class='ocrx_word' id='word_1_439' title='bbox 2042 2000 2232 2057; x_wconf 90' lang='lat' dir='ltr'><strong>locant</strong></span> <span class='ocrx_word' id='word_1_440' title='bbox 2261 2002 2318 2057; x_wconf 90' lang='lat' dir='ltr'><strong>in</strong></span> <span class='ocrx_word' id='word_1_441' title='bbox 2352 2000 2600 2059; x_wconf 86' lang='lat' dir='ltr'><strong>insidiis.</strong></span> <span class='ocrx_word' id='word_1_442' title='bbox 2632 2004 2706 2059; x_wconf 80' lang='lat' dir='ltr'><strong>At</strong></span> <span class='ocrx_word' id='word_1_443' title='bbox 2762 2018 2894 2059; x_wconf 86' lang='lat' dir='ltr'><strong>vero</strong></span> <span class='ocrx_word' id='word_1_444' title='bbox 2954 2003 3081 2059; x_wconf 87' lang='lat' dir='ltr'><strong>luce</strong></span> <span class='ocrx_word' id='word_1_445' title='bbox 3110 2004 3280 2061; x_wconf 89' lang='lat' dir='ltr'><strong>terris</strong></span> <span class='ocrx_word' id='word_1_446' title='bbox 3309 2003 3563 2074; x_wconf 87' lang='lat' dir='ltr'><strong>reddita,</strong></span> <span class='ocrx_word' id='word_1_447' title='bbox 3598 2007 3694 2061; x_wconf 88' lang='lat' dir='ltr'><strong>ite·</strong></span> 
     </span>
     <span class='ocr_line' id='line_1_67' title="bbox 2045 2090 3690 2162; baseline 0.004 -19"><span class='ocrx_word' id='word_1_448' title='bbox 2045 2105 2173 2144; x_wconf 92' lang='lat' dir='ltr'><strong>rum</strong></span> <span class='ocrx_word' id='word_1_449' title='bbox 2207 2090 2277 2145; x_wconf 87' lang='lat' dir='ltr'><strong>ad</strong></span> <span class='ocrx_word' id='word_1_450' title='bbox 2312 2090 2793 2162; x_wconf 85' lang='lat' dir='ltr'><strong>proficiscendum</strong></span> <span class='ocrx_word' id='word_1_451' title='bbox 2829 2095 3026 2148; x_wconf 89' lang='lat' dir='ltr'><strong>noster</strong></span> <span class='ocrx_word' id='word_1_452' title='bbox 3047 2093 3353 2162; x_wconf 84' lang='lat' dir='ltr'><strong>exercitus,</strong></span> <span class='ocrx_word' id='word_1_453' title='bbox 3383 2101 3690 2150; x_wconf 89' lang='lat' dir='ltr'><strong>nocturna·</strong></span> 
     </span>
     <span class='ocr_line' id='line_1_68' title="bbox 2046 2177 3690 2252; baseline 0.004 -19"><span class='ocrx_word' id='word_1_454' title='bbox 2046 2193 2173 2233; x_wconf 87' lang='lat' dir='ltr'><strong>rum</strong></span> <span class='ocrx_word' id='word_1_455' title='bbox 2204 2177 2551 2235; x_wconf 88' lang='lat' dir='ltr'><strong>insidiarum</strong></span> <span class='ocrx_word' id='word_1_456' title='bbox 2583 2181 2840 2244; x_wconf 86' lang='lat' dir='ltr'><strong>nescius,</strong></span> <span class='ocrx_word' id='word_1_457' title='bbox 2869 2185 2926 2235; x_wconf 90' lang='lat' dir='ltr'><strong>et</strong></span> <span class='ocrx_word' id='word_1_458' title='bbox 2955 2196 3155 2236; x_wconf 90' lang='lat' dir='ltr'><strong>eorum</strong></span> <span class='ocrx_word' id='word_1_459' title='bbox 3176 2182 3392 2252; x_wconf 78' lang='lat' dir='ltr'><strong>quaeab</strong></span> <span class='ocrx_word' id='word_1_460' title='bbox 3426 2182 3690 2239; x_wconf 87' lang='lat' dir='ltr'><strong>hostibus</strong></span> 
     </span>
     <span class='ocr_line' id='line_1_69' title="bbox 2042 2266 3690 2342; baseline 0.002 -20"><span class='ocrx_word' id='word_1_461' title='bbox 2042 2266 2273 2324; x_wconf 90' lang='lat' dir='ltr'><strong>interim</strong></span> <span class='ocrx_word' id='word_1_462' title='bbox 2308 2274 2651 2338; x_wconf 76' lang='lat' dir='ltr'><strong>praestructa</strong></span> <span class='ocrx_word' id='word_1_463' title='bbox 2669 2269 2899 2325; x_wconf 79' lang='lat' dir='ltr'><strong>fuerant</strong></span> <span class='ocrx_word' id='word_1_464' title='bbox 2919 2272 3177 2339; x_wconf 82' lang='lat' dir='ltr'><strong>ignarus,</strong></span> <span class='ocrx_word' id='word_1_465' title='bbox 3204 2286 3408 2327; x_wconf 86' lang='lat' dir='ltr'><strong>versus</strong></span> <span class='ocrx_word' id='word_1_466' title='bbox 3437 2288 3542 2328; x_wconf 83' lang='lat' dir='ltr'><strong>eas</strong></span> <span class='ocrx_word' id='word_1_467' title='bbox 3565 2288 3690 2342; x_wconf 87' lang='lat' dir='ltr'><strong>par·</strong></span> 
     </span>
     <span class='ocr_line' id='line_1_70' title="bbox 2043 2358 3688 2432; baseline 0.004 -21"><span class='ocrx_word' id='word_1_468' title='bbox 2043 2360 2131 2412; x_wconf 87' lang='lat' dir='ltr'><strong>tes</strong></span> <span class='ocrx_word' id='word_1_469' title='bbox 2161 2373 2308 2428; x_wconf 90' lang='lat' dir='ltr'><strong>quas</strong></span> <span class='ocrx_word' id='word_1_470' title='bbox 2339 2358 2513 2413; x_wconf 91' lang='lat' dir='ltr'><strong>Turci</strong></span> <span class='ocrx_word' id='word_1_471' title='bbox 2543 2358 2689 2414; x_wconf 90' lang='lat' dir='ltr'><strong>clam</strong></span> <span class='ocrx_word' id='word_1_472' title='bbox 2722 2365 3173 2430; x_wconf 86' lang='lat' dir='ltr'><strong>occupaverant,</strong></span> <span class='ocrx_word' id='word_1_473' title='bbox 3205 2361 3312 2417; x_wconf 88' lang='lat' dir='ltr'><strong>iter</strong></span> <span class='ocrx_word' id='word_1_474' title='bbox 3355 2360 3688 2432; x_wconf 85' lang='lat' dir='ltr'><strong>arripiunt;</strong></span> 
     </span>
     <span class='ocr_line' id='line_1_71' title="bbox 2046 2444 3692 2518; baseline 0.004 -19"><span class='ocrx_word' id='word_1_475' title='bbox 2046 2444 2306 2517; x_wconf 90' lang='lat' dir='ltr'><strong>dumque</strong></span> <span class='ocrx_word' id='word_1_476' title='bbox 2335 2446 2546 2512; x_wconf 88' lang='lat' dir='ltr'><strong>securi,</strong></span> <span class='ocrx_word' id='word_1_477' title='bbox 2576 2449 2633 2502; x_wconf 91' lang='lat' dir='ltr'><strong>et</strong></span> <span class='ocrx_word' id='word_1_478' title='bbox 2663 2446 2829 2502; x_wconf 89' lang='lat' dir='ltr'><strong>mihil</strong></span> <span class='ocrx_word' id='word_1_479' title='bbox 2862 2463 3103 2518; x_wconf 89' lang='lat' dir='ltr'><strong>prorsus</strong></span> <span class='ocrx_word' id='word_1_480' title='bbox 3125 2447 3345 2505; x_wconf 85' lang='lat' dir='ltr'><strong>sinistri</strong></span> <span class='ocrx_word' id='word_1_481' title='bbox 3373 2450 3692 2506; x_wconf 80' lang='lat' dir='ltr'><strong>formidan-</strong></span> 
     </span>
     <span class='ocr_line' id='line_1_72' title="bbox 2048 2534 3690 2611; baseline 0.002 -22"><span class='ocrx_word' id='word_1_482' title='bbox 2048 2541 2131 2590; x_wconf 90' lang='lat' dir='ltr'><strong>tes</strong></span> <span class='ocrx_word' id='word_1_483' title='bbox 2152 2534 2623 2603; x_wconf 81' lang='lat' dir='ltr'><strong>proficiscuntur,</strong></span> <span class='ocrx_word' id='word_1_484' title='bbox 2646 2552 2778 2591; x_wconf 89' lang='lat' dir='ltr'><strong>ecce</strong></span> <span class='ocrx_word' id='word_1_485' title='bbox 2798 2536 2995 2593; x_wconf 89' lang='lat' dir='ltr'><strong>subito</strong></span> <span class='ocrx_word' id='word_1_486' title='bbox 3021 2552 3089 2592; x_wconf 86' lang='lat' dir='ltr'><strong>ex</strong></span> <span class='ocrx_word' id='word_1_487' title='bbox 3119 2535 3354 2594; x_wconf 90' lang='lat' dir='ltr'><strong>insidiis</strong></span> <span class='ocrx_word' id='word_1_488' title='bbox 3382 2539 3690 2611; x_wconf 88' lang='lat' dir='ltr'><strong>prodeunt,</strong></span> 
     </span>
     <span class='ocr_line' id='line_1_73' title="bbox 2044 2621 3691 2699; baseline 0.005 -23"><span class='ocrx_word' id='word_1_489' title='bbox 2044 2621 2148 2694; x_wconf 90' lang='lat' dir='ltr'><strong>qui</strong></span> <span class='ocrx_word' id='word_1_490' title='bbox 2216 2624 2286 2677; x_wconf 88' lang='lat' dir='ltr'><strong>ad</strong></span> <span class='ocrx_word' id='word_1_491' title='bbox 2323 2622 2428 2679; x_wconf 93' lang='lat' dir='ltr'><strong>hoc</strong></span> <span class='ocrx_word' id='word_1_492' title='bbox 2455 2624 2783 2694; x_wconf 84' lang='lat' dir='ltr'><strong>specialiter</strong></span> <span class='ocrx_word' id='word_1_493' title='bbox 2803 2626 3580 2694; x_wconf 85' lang='lat' dir='ltr'><strong>convenerant,utincautos</strong></span> <span class='ocrx_word' id='word_1_494' title='bbox 3603 2642 3691 2699; x_wconf 82' lang='lat' dir='ltr'><strong>ag-</strong></span> 
     </span>
     <span class='ocr_line' id='line_1_74' title="bbox 2047 2712 3689 2786; baseline 0.004 -20"><span class='ocrx_word' id='word_1_495' title='bbox 2047 2712 2457 2784; x_wconf 86' lang='lat' dir='ltr'><strong>grederentur;</strong></span> <span class='ocrx_word' id='word_1_496' title='bbox 2491 2713 2850 2786; x_wconf 87' lang='lat' dir='ltr'><strong>securisque,</strong></span> <span class='ocrx_word' id='word_1_497' title='bbox 2882 2717 2938 2769; x_wconf 88' lang='lat' dir='ltr'><strong>et</strong></span> <span class='ocrx_word' id='word_1_498' title='bbox 2993 2715 3138 2770; x_wconf 91' lang='lat' dir='ltr'><strong>nihil</strong></span> <span class='ocrx_word' id='word_1_499' title='bbox 3193 2715 3307 2770; x_wconf 89' lang='lat' dir='ltr'><strong>tale</strong></span> <span class='ocrx_word' id='word_1_500' title='bbox 3339 2716 3689 2783; x_wconf 84' lang='lat' dir='ltr'><strong>verentibus,</strong></span> 
     </span>
     <span class='ocr_line' id='line_1_75' title="bbox 2049 2799 3693 2876; baseline 0.003 -20"><span class='ocrx_word' id='word_1_501' title='bbox 2049 2799 2267 2856; x_wconf 88' lang='lat' dir='ltr'><strong>strictis</strong></span> <span class='ocrx_word' id='word_1_502' title='bbox 2296 2817 2359 2858; x_wconf 91' lang='lat' dir='ltr'><strong>se</strong></span> <span class='ocrx_word' id='word_1_503' title='bbox 2387 2800 2637 2858; x_wconf 77' lang='lat' dir='ltr'><strong>offerunt</strong></span> <span class='ocrx_word' id='word_1_504' title='bbox 2691 2802 2926 2876; x_wconf 87' lang='lat' dir='ltr'><strong>gladiis,</strong></span> <span class='ocrx_word' id='word_1_505' title='bbox 2962 2820 3123 2860; x_wconf 91' lang='lat' dir='ltr'><strong>more</strong></span> <span class='ocrx_word' id='word_1_506' title='bbox 3167 2803 3426 2862; x_wconf 88' lang='lat' dir='ltr'><strong>hostium</strong></span> <span class='ocrx_word' id='word_1_507' title='bbox 3460 2805 3693 2862; x_wconf 82' lang='lat' dir='ltr'><strong>vulnera</strong></span> 
     </span>
     <span class='ocr_line' id='line_1_76' title="bbox 2049 2891 3690 2966; baseline 0.004 -20"><span class='ocrx_word' id='word_1_508' title='bbox 2049 2897 2103 2946; x_wconf 89' lang='lat' dir='ltr'><strong>et</strong></span> <span class='ocrx_word' id='word_1_509' title='bbox 2134 2894 2380 2946; x_wconf 91' lang='lat' dir='ltr'><strong>mortem</strong></span> <span class='ocrx_word' id='word_1_510' title='bbox 2438 2891 2849 2949; x_wconf 88' lang='lat' dir='ltr'><strong>ministraturi.</strong></span> <span class='ocrx_word' id='word_1_511' title='bbox 2900 2892 3094 2949; x_wconf 80' lang='lat' dir='ltr'><strong>Nostri</strong></span> <span class='ocrx_word' id='word_1_512' title='bbox 3152 2909 3345 2966; x_wconf 89' lang='lat' dir='ltr'><strong>porro,</strong></span> <span class='ocrx_word' id='word_1_513' title='bbox 3377 2893 3521 2950; x_wconf 90' lang='lat' dir='ltr'><strong>licet</strong></span> <span class='ocrx_word' id='word_1_514' title='bbox 3546 2910 3690 2964; x_wconf 88' lang='lat' dir='ltr'><strong>sero,</strong></span> 
     </span>
     <span class='ocr_line' id='line_1_77' title="bbox 2049 2979 3692 3054; baseline 0.004 -19"><span class='ocrx_word' id='word_1_515' title='bbox 2049 2979 2449 3052; x_wconf 75' lang='lat' dir='ltr'><strong>expergefacti,</strong></span> <span class='ocrx_word' id='word_1_516' title='bbox 2483 2981 2742 3038; x_wconf 85' lang='lat' dir='ltr'><strong>dimissis</strong></span> <span class='ocrx_word' id='word_1_517' title='bbox 2797 2981 3041 3039; x_wconf 85' lang='lat' dir='ltr'><strong>diversis</strong></span> <span class='ocrx_word' id='word_1_518' title='bbox 3096 2981 3692 3054; x_wconf 84' lang='lat' dir='ltr'><strong>confabulationibus,</strong></span> 
     </span>
     <span class='ocr_line' id='line_1_78' title="bbox 2050 3069 3690 3147; baseline 0.003 -22"><span class='ocrx_word' id='word_1_519' title='bbox 2050 3069 2308 3127; x_wconf 85' lang='lat' dir='ltr'><strong>videntes</strong></span> <span class='ocrx_word' id='word_1_520' title='bbox 2343 3086 2460 3125; x_wconf 86' lang='lat' dir='ltr'><strong>rem</strong></span> <span class='ocrx_word' id='word_1_521' title='bbox 2485 3071 2576 3142; x_wconf 86' lang='lat' dir='ltr'><strong>egi</strong></span> <span class='ocrx_word' id='word_1_522' title='bbox 2608 3072 2780 3137; x_wconf 87' lang='lat' dir='ltr'><strong>seri0,</strong></span> <span class='ocrx_word' id='word_1_523' title='bbox 2803 3088 2986 3144; x_wconf 90' lang='lat' dir='ltr'><strong>equos</strong></span> <span class='ocrx_word' id='word_1_524' title='bbox 3015 3088 3296 3146; x_wconf 88' lang='lat' dir='ltr'><strong>armaque</strong></span> <span class='ocrx_word' id='word_1_525' title='bbox 3325 3074 3690 3147; x_wconf 87' lang='lat' dir='ltr'><strong>corripiunt;</strong></span> 
     </span>
     <span class='ocr_line' id='line_1_79' title="bbox 2050 3158 3691 3234; baseline 0.004 -21"><span class='ocrx_word' id='word_1_526' title='bbox 2050 3158 2151 3214; x_wconf 90' lang='lat' dir='ltr'><strong>sed</strong></span> <span class='ocrx_word' id='word_1_527' title='bbox 2206 3162 2518 3230; x_wconf 88' lang='lat' dir='ltr'><strong>antequam</strong></span> <span class='ocrx_word' id='word_1_528' title='bbox 2576 3160 2645 3214; x_wconf 90' lang='lat' dir='ltr'><strong>ad</strong></span> <span class='ocrx_word' id='word_1_529' title='bbox 2709 3161 3092 3217; x_wconf 85' lang='lat' dir='ltr'><strong>resistendum</strong></span> <span class='ocrx_word' id='word_1_530' title='bbox 3128 3163 3373 3234; x_wconf 77' lang='lat' dir='ltr'><strong>proepari</strong></span> <span class='ocrx_word' id='word_1_531' title='bbox 3397 3170 3460 3219; x_wconf 87' lang='lat' dir='ltr'><strong>et</strong></span> <span class='ocrx_word' id='word_1_532' title='bbox 3489 3179 3691 3221; x_wconf 82' lang='lat' dir='ltr'><strong>conve-</strong></span> 
     </span>
     <span class='ocr_line' id='line_1_80' title="bbox 2053 3247 3697 3324; baseline 0.004 -21"><span class='ocrx_word' id='word_1_533' title='bbox 2053 3247 2178 3304; x_wconf 90' lang='lat' dir='ltr'><strong>nire</strong></span> <span class='ocrx_word' id='word_1_534' title='bbox 2209 3255 2468 3320; x_wconf 86' lang='lat' dir='ltr'><strong>possent,</strong></span> <span class='ocrx_word' id='word_1_535' title='bbox 2500 3266 2569 3306; x_wconf 83' lang='lat' dir='ltr'><strong>ex</strong></span> <span class='ocrx_word' id='word_1_536' title='bbox 2598 3251 2819 3319; x_wconf 90' lang='lat' dir='ltr'><strong>ordine,</strong></span> <span class='ocrx_word' id='word_1_537' title='bbox 2878 3251 3173 3309; x_wconf 88' lang='lat' dir='ltr'><strong>dissoluta</strong></span> <span class='ocrx_word' id='word_1_538' title='bbox 3226 3259 3369 3309; x_wconf 89' lang='lat' dir='ltr'><strong>sunt</strong></span> <span class='ocrx_word' id='word_1_539' title='bbox 3396 3252 3697 3324; x_wconf 88' lang='lat' dir='ltr'><strong>(hostibus</strong></span> 
     </span>
     <span class='ocr_line' id='line_1_81' title="bbox 2055 3340 3699 3412; baseline 0.003 -18"><span class='ocrx_word' id='word_1_540' title='bbox 2055 3340 2387 3411; x_wconf 90' lang='lat' dir='ltr'><strong>importune</strong></span> <span class='ocrx_word' id='word_1_541' title='bbox 2419 3340 2800 3408; x_wconf 87' lang='lat' dir='ltr'><strong>instantibus,</strong></span> <span class='ocrx_word' id='word_1_542' title='bbox 2831 3345 2888 3396; x_wconf 91' lang='lat' dir='ltr'><strong>et</strong></span> <span class='ocrx_word' id='word_1_543' title='bbox 2930 3342 3141 3412; x_wconf 80' lang='lat' dir='ltr'><strong>gladiis</strong></span> <span class='ocrx_word' id='word_1_544' title='bbox 3170 3342 3434 3400; x_wconf 85' lang='lat' dir='ltr'><strong>cominus</strong></span> <span class='ocrx_word' id='word_1_545' title='bbox 3466 3350 3699 3399; x_wconf 84' lang='lat' dir='ltr'><strong>strenue</strong></span> 
     </span>
     <span class='ocr_line' id='line_1_82' title="bbox 2057 3430 3699 3504; baseline 0.002 -20"><span class='ocrx_word' id='word_1_546' title='bbox 2057 3430 2509 3501; x_wconf 88' lang='lat' dir='ltr'><strong>decertantibus)</strong></span> <span class='ocrx_word' id='word_1_547' title='bbox 2539 3430 2788 3502; x_wconf 89' lang='lat' dir='ltr'><strong>agmina,</strong></span> <span class='ocrx_word' id='word_1_548' title='bbox 2823 3430 2903 3488; x_wconf 93' lang='lat' dir='ltr'><strong>ita</strong></span> <span class='ocrx_word' id='word_1_549' title='bbox 2940 3436 3004 3487; x_wconf 89' lang='lat' dir='ltr'><strong>ut</strong></span> <span class='ocrx_word' id='word_1_550' title='bbox 3050 3447 3346 3504; x_wconf 83' lang='lat' dir='ltr'><strong>nusquam</strong></span> <span class='ocrx_word' id='word_1_551' title='bbox 3385 3433 3461 3490; x_wconf 89' lang='lat' dir='ltr'><strong>de</strong></span> <span class='ocrx_word' id='word_1_552' title='bbox 3484 3434 3699 3492; x_wconf 83' lang='lat' dir='ltr'><strong>nostris</strong></span> 
     </span>
     <span class='ocr_line' id='line_1_83' title="bbox 2058 3519 2943 3591; baseline 0.005 -17"><span class='ocrx_word' id='word_1_553' title='bbox 2058 3520 2171 3576; x_wconf 90' lang='lat' dir='ltr'><strong>nisi</strong></span> <span class='ocrx_word' id='word_1_554' title='bbox 2195 3519 2533 3591; x_wconf 89' lang='lat' dir='ltr'><strong>paucissimi</strong></span> <span class='ocrx_word' id='word_1_555' title='bbox 2568 3522 2943 3579; x_wconf 80' lang='lat' dir='ltr'><strong>cohoererent.</strong></span> 
     </span>
    </p>
   </div>
   <div class='ocr_carea' id='block_1_17' title="bbox 2057 3628 3713 4485">
    <p class='ocr_par' dir='ltr' id='par_1_21' title="bbox 2678 3628 3090 3686">
     <span class='ocr_line' id='line_1_84' title="bbox 2678 3628 3090 3686; baseline 0 -1"><span class='ocrx_word' id='word_1_556' title='bbox 2678 3628 2901 3685; x_wconf 82' lang='lat' dir='ltr'>CAPUT</span> <span class='ocrx_word' id='word_1_557' title='bbox 2938 3629 3090 3686; x_wconf 81' lang='lat' dir='ltr'><strong>xiv,</strong></span> 
     </span>
    </p>

    <p class='ocr_par' dir='ltr' id='par_1_22' title="bbox 2057 3716 3709 3931">
     <span class='ocr_line' id='line_1_85' title="bbox 2057 3716 3705 3792; baseline 0.001 -20"><span class='ocrx_word' id='word_1_558' title='bbox 2057 3720 2174 3772; x_wconf 79' lang='lat' dir='ltr'><strong>Rex</strong></span> <span class='ocrx_word' id='word_1_559' title='bbox 2226 3716 2373 3787; x_wconf 83' lang='lat' dir='ltr'><strong>apud</strong></span> <span class='ocrx_word' id='word_1_560' title='bbox 2425 3720 2666 3772; x_wconf 80' lang='lat' dir='ltr'><strong>castrum</strong></span> <span class='ocrx_word' id='word_1_561' title='bbox 2680 3718 2899 3789; x_wconf 75' lang='lat' dir='ltr'><strong>Saphet,</strong></span> <span class='ocrx_word' id='word_1_562' title='bbox 2930 3720 3151 3791; x_wconf 61' lang='lat' dir='ltr'><strong>sumens</strong></span> <span class='ocrx_word' id='word_1_563' title='bbox 3201 3718 3266 3776; x_wconf 77' lang='lat' dir='ltr'><strong>dc</strong></span> <span class='ocrx_word' id='word_1_564' title='bbox 3292 3719 3509 3792; x_wconf 62' lang='lat' dir='ltr'><strong>pretio,</strong></span> <span class='ocrx_word' id='word_1_565' title='bbox 3543 3735 3601 3776; x_wconf 73' lang='lat' dir='ltr'><strong>ss</strong></span> <span class='ocrx_word' id='word_1_566' title='bbox 3630 3733 3705 3774; x_wconf 82' lang='lat' dir='ltr'><strong>re·</strong></span> 
     </span>
     <span class='ocr_line' id='line_1_86' title="bbox 2126 3788 3709 3863; baseline 0.002 -20"><span class='ocrx_word' id='word_1_567' title='bbox 2126 3788 2301 3857; x_wconf 79' lang='lat' dir='ltr'><strong>cipit,-</strong></span> <span class='ocrx_word' id='word_1_568' title='bbox 2345 3791 2711 3859; x_wconf 78' lang='lat' dir='ltr'><strong>prosternitur</strong></span> <span class='ocrx_word' id='word_1_569' title='bbox 2774 3792 3063 3861; x_wconf 73' lang='lat' dir='ltr'><strong>exercitus,</strong></span> <span class='ocrx_word' id='word_1_570' title='bbox 3124 3794 3177 3848; x_wconf 79' lang='lat' dir='ltr'><strong>et</strong></span> <span class='ocrx_word' id='word_1_571' title='bbox 3239 3790 3305 3848; x_wconf 77' lang='lat' dir='ltr'><strong>de</strong></span> <span class='ocrx_word' id='word_1_572' title='bbox 3358 3791 3709 3863; x_wconf 74' lang='lat' dir='ltr'><strong>principibus</strong></span> 
     </span>
     <span class='ocr_line' id='line_1_87' title="bbox 2130 3860 2729 3931; baseline 0.003 -18"><span class='ocrx_word' id='word_1_573' title='bbox 2130 3860 2390 3929; x_wconf 76' lang='lat' dir='ltr'><strong>plurimis</strong></span> <span class='ocrx_word' id='word_1_574' title='bbox 2408 3862 2729 3931; x_wconf 76' lang='lat' dir='ltr'><strong>capiuntur.</strong></span> 
     </span>
    </p>

    <p class='ocr_par' dir='ltr' id='par_1_23' title="bbox 2062 3967 3713 4485">
     <span class='ocr_line' id='line_1_88' title="bbox 2134 3967 3711 4041; baseline 0.002 -20"><span class='ocrx_word' id='word_1_575' title='bbox 2134 3967 2253 4022; x_wconf 82' lang='lat' dir='ltr'><strong>Rex</strong></span> <span class='ocrx_word' id='word_1_576' title='bbox 2271 3970 2463 4022; x_wconf 89' lang='lat' dir='ltr'><strong>autem</strong></span> <span class='ocrx_word' id='word_1_577' title='bbox 2485 3982 2620 4022; x_wconf 90' lang='lat' dir='ltr'><strong>cum</strong></span> <span class='ocrx_word' id='word_1_578' title='bbox 2654 3968 2851 4040; x_wconf 87' lang='lat' dir='ltr'><strong>paucis</strong></span> <span class='ocrx_word' id='word_1_579' title='bbox 2882 3968 2982 4041; x_wconf 91' lang='lat' dir='ltr'><strong>qui</strong></span> <span class='ocrx_word' id='word_1_580' title='bbox 3009 3968 3061 4023; x_wconf 89' lang='lat' dir='ltr'><strong>ei</strong></span> <span class='ocrx_word' id='word_1_581' title='bbox 3087 3968 3477 4039; x_wconf 63' lang='lat' dir='ltr'><strong>adheserant,</strong></span> <span class='ocrx_word' id='word_1_582' title='bbox 3507 3968 3711 4025; x_wconf 79' lang='lat' dir='ltr'><strong>videns</strong></span> 
     </span>
     <span class='ocr_line' id='line_1_89' title="bbox 2065 4055 3709 4123; baseline 0 -10"><span class='ocrx_word' id='word_1_583' title='bbox 2065 4056 2219 4113; x_wconf 79' lang='lat' dir='ltr'><strong>acies</strong></span> <span class='ocrx_word' id='word_1_584' title='bbox 2240 4055 2586 4123; x_wconf 88' lang='lat' dir='ltr'><strong>dissolutas,</strong></span> <span class='ocrx_word' id='word_1_585' title='bbox 2619 4057 2927 4113; x_wconf 76' lang='lat' dir='ltr'><strong>confusum</strong></span> <span class='ocrx_word' id='word_1_586' title='bbox 2965 4058 3282 4115; x_wconf 82' lang='lat' dir='ltr'><strong>exercitum</strong></span> <span class='ocrx_word' id='word_1_587' title='bbox 3312 4058 3591 4116; x_wconf 87' lang='lat' dir='ltr'><strong>hostibus</strong></span> <span class='ocrx_word' id='word_1_588' title='bbox 3604 4075 3709 4114; x_wconf 88' lang='lat' dir='ltr'><strong>un·</strong></span> 
     </span>
     <span class='ocr_line' id='line_1_90' title="bbox 2063 4145 3712 4220; baseline 0.005 -21"><span class='ocrx_word' id='word_1_589' title='bbox 2063 4145 2238 4217; x_wconf 89' lang='lat' dir='ltr'><strong>dique</strong></span> <span class='ocrx_word' id='word_1_590' title='bbox 2268 4148 2460 4215; x_wconf 89' lang='lat' dir='ltr'><strong>patere</strong></span> <span class='ocrx_word' id='word_1_591' title='bbox 2490 4146 2560 4201; x_wconf 89' lang='lat' dir='ltr'><strong>ad</strong></span> <span class='ocrx_word' id='word_1_592' title='bbox 2593 4148 2874 4217; x_wconf 72' lang='lat' dir='ltr'><strong>praedamz</strong></span> <span class='ocrx_word' id='word_1_593' title='bbox 2908 4145 3108 4203; x_wconf 87' lang='lat' dir='ltr'><strong>hostes</strong></span> <span class='ocrx_word' id='word_1_594' title='bbox 3166 4149 3424 4220; x_wconf 86' lang='lat' dir='ltr'><strong>undique</strong></span> <span class='ocrx_word' id='word_1_595' title='bbox 3467 4149 3712 4208; x_wconf 86' lang='lat' dir='ltr'><strong>invales-</strong></span> 
     </span>
     <span class='ocr_line' id='line_1_91' title="bbox 2064 4235 3710 4307; baseline 0.003 -16"><span class='ocrx_word' id='word_1_596' title='bbox 2064 4250 2212 4304; x_wconf 88' lang='lat' dir='ltr'><strong>cere,</strong></span> <span class='ocrx_word' id='word_1_597' title='bbox 2255 4239 2484 4290; x_wconf 84' lang='lat' dir='ltr'><strong>nostros</strong></span> <span class='ocrx_word' id='word_1_598' title='bbox 2514 4251 2647 4292; x_wconf 83' lang='lat' dir='ltr'><strong>vero</strong></span> <span class='ocrx_word' id='word_1_599' title='bbox 2668 4235 2795 4307; x_wconf 88' lang='lat' dir='ltr'><strong>jam</strong></span> <span class='ocrx_word' id='word_1_600' title='bbox 2846 4252 2960 4291; x_wconf 89' lang='lat' dir='ltr'><strong>non</strong></span> <span class='ocrx_word' id='word_1_601' title='bbox 3004 4235 3273 4306; x_wconf 81' lang='lat' dir='ltr'><strong>deficere,</strong></span> <span class='ocrx_word' id='word_1_602' title='bbox 3304 4237 3406 4293; x_wconf 89' lang='lat' dir='ltr'><strong>sed</strong></span> <span class='ocrx_word' id='word_1_603' title='bbox 3438 4238 3513 4293; x_wconf 80' lang='lat' dir='ltr'><strong>ab</strong></span> <span class='ocrx_word' id='word_1_604' title='bbox 3543 4238 3710 4296; x_wconf 89' lang='lat' dir='ltr'><strong>initio</strong></span> 
     </span>
     <span class='ocr_line' id='line_1_92' title="bbox 2065 4323 3713 4398; baseline 0.004 -19"><span class='ocrx_word' id='word_1_605' title='bbox 2065 4324 2259 4395; x_wconf 90' lang='lat' dir='ltr'><strong>potius</strong></span> <span class='ocrx_word' id='word_1_606' title='bbox 2288 4323 2607 4392; x_wconf 78' lang='lat' dir='ltr'><strong>defeciss03</strong></span> <span class='ocrx_word' id='word_1_607' title='bbox 2643 4328 2705 4380; x_wconf 89' lang='lat' dir='ltr'><strong>ut</strong></span> <span class='ocrx_word' id='word_1_608' title='bbox 2758 4324 2931 4380; x_wconf 84' lang='lat' dir='ltr'><strong>saluti</strong></span> <span class='ocrx_word' id='word_1_609' title='bbox 2991 4325 3341 4395; x_wconf 87' lang='lat' dir='ltr'><strong>consuleret,</strong></span> <span class='ocrx_word' id='word_1_610' title='bbox 3402 4328 3713 4398; x_wconf 87' lang='lat' dir='ltr'><strong>prudenter</strong></span> 
     </span>
     <span class='ocr_line' id='line_1_93' title="bbox 2062 4412 3711 4485; baseline 0.003 -16"><span class='ocrx_word' id='word_1_611' title='bbox 2062 4412 2243 4469; x_wconf 87' lang='lat' dir='ltr'><strong>subiit</strong></span> <span class='ocrx_word' id='word_1_612' title='bbox 2264 4412 2318 4468; x_wconf 89' lang='lat' dir='ltr'><strong>in</strong></span> <span class='ocrx_word' id='word_1_613' title='bbox 2347 4417 2603 4469; x_wconf 90' lang='lat' dir='ltr'><strong>montem</strong></span> <span class='ocrx_word' id='word_1_614' title='bbox 2636 4412 2732 4485; x_wconf 92' lang='lat' dir='ltr'><strong>qui</strong></span> <span class='ocrx_word' id='word_1_615' title='bbox 2761 4412 2988 4471; x_wconf 88' lang='lat' dir='ltr'><strong>vicinus</strong></span> <span class='ocrx_word' id='word_1_616' title='bbox 3008 4421 3131 4471; x_wconf 87' lang='lat' dir='ltr'><strong>erat</strong></span> <span class='ocrx_word' id='word_1_617' title='bbox 3156 4430 3170 4469; x_wconf 71' lang='grc' dir='ltr'><strong><em>ε</em></strong></span> <span class='ocrx_word' id='word_1_618' title='bbox 3206 4414 3362 4472; x_wconf 90' lang='lat' dir='ltr'><strong>unde</strong></span> <span class='ocrx_word' id='word_1_619' title='bbox 3395 4431 3529 4473; x_wconf 90' lang='lat' dir='ltr'><strong>cum</strong></span> <span class='ocrx_word' id='word_1_620' title='bbox 3549 4433 3711 4474; x_wconf 88' lang='lat' dir='ltr'><strong>sum·</strong></span> 
     </span>
    </p>
   </div>
   <div class='ocr_carea' id='block_1_18' title="bbox 312 4489 3710 4578">
    <p class='ocr_par' dir='ltr' id='par_1_24' title="bbox 312 4489 3710 4578">
     <span class='ocr_line' id='line_1_94' title="bbox 312 4489 3710 4578; baseline 0.006 -36"><span class='ocrx_word' id='word_1_621' title='bbox 312 4503 407 4544; x_wconf 80' lang='lat' dir='ltr'><strong>nes</strong></span> <span class='ocrx_word' id='word_1_622' title='bbox 434 4489 670 4557; x_wconf 78' lang='lat' dir='ltr'><strong>evenire,</strong></span> <span class='ocrx_word' id='word_1_623' title='bbox 711 4494 773 4546; x_wconf 79' lang='lat' dir='ltr'><strong>ut</strong></span> <span class='ocrx_word' id='word_1_624' title='bbox 817 4491 877 4546; x_wconf 81' lang='lat' dir='ltr'><strong>in</strong></span> <span class='ocrx_word' id='word_1_625' title='bbox 919 4498 1201 4564; x_wconf 74' lang='lat' dir='ltr'><strong>prosperis</strong></span> <span class='ocrx_word' id='word_1_626' title='bbox 1243 4507 1295 4552; x_wconf 79' lang='lat' dir='ltr'><strong>st</strong></span> <span class='ocrx_word' id='word_1_627' title='bbox 1353 4514 1452 4568; x_wconf 81' lang='lat' dir='ltr'><strong>pro</strong></span> <span class='ocrx_word' id='word_1_628' title='bbox 1482 4506 1602 4556; x_wconf 83' lang='lat' dir='ltr'><strong>voto</strong></span> <span class='ocrx_word' id='word_1_629' title='bbox 1629 4506 1957 4562; x_wconf 76' lang='lat' dir='ltr'><strong>successibus</strong></span> <span class='ocrx_word' id='word_1_630' title='bbox 1988 4512 2032 4577; x_wconf 71' lang='grc' dir='ltr'><strong>Β</strong></span> <span class='ocrx_word' id='word_1_631' title='bbox 2064 4502 2173 4556; x_wconf 88' lang='lat' dir='ltr'><strong>mis</strong></span> <span class='ocrx_word' id='word_1_632' title='bbox 2206 4501 2479 4573; x_wconf 88' lang='lat' dir='ltr'><strong>periculis</strong></span> <span class='ocrx_word' id='word_1_633' title='bbox 2492 4502 2691 4559; x_wconf 88' lang='lat' dir='ltr'><strong>hostes</strong></span> <span class='ocrx_word' id='word_1_634' title='bbox 2707 4518 2859 4558; x_wconf 90' lang='lat' dir='ltr'><strong>nuno</strong></span> <span class='ocrx_word' id='word_1_635' title='bbox 2890 4503 3154 4559; x_wconf 86' lang='lat' dir='ltr'><strong>adextris</strong></span> <span class='ocrx_word' id='word_1_636' title='bbox 3187 4519 3343 4560; x_wconf 90' lang='lat' dir='ltr'><strong>nunc</strong></span> <span class='ocrx_word' id='word_1_637' title='bbox 3363 4520 3397 4561; x_wconf 87' lang='lat' dir='ltr'><strong>a</strong></span> <span class='ocrx_word' id='word_1_638' title='bbox 3428 4504 3710 4578; x_wconf 85' lang='lat' dir='ltr'><strong>sinistris,</strong></span> 
     </span>
    </p>
   </div>
   <div class='ocr_carea' id='block_1_19' title="bbox 309 4577 1961 5643">
    <p class='ocr_par' dir='ltr' id='par_1_25' title="bbox 309 4577 1961 5643">
     <span class='ocr_line' id='line_1_95' title="bbox 311 4577 1958 4649; baseline 0.011 -18"><span class='ocrx_word' id='word_1_639' title='bbox 311 4577 698 4649; x_wconf 75' lang='lat' dir='ltr'><strong>circumspecte</strong></span> <span class='ocrx_word' id='word_1_640' title='bbox 723 4582 904 4637; x_wconf 83' lang='lat' dir='ltr'><strong>minus</strong></span> <span class='ocrx_word' id='word_1_641' title='bbox 933 4598 989 4638; x_wconf 80' lang='lat' dir='ltr'><strong>se</strong></span> <span class='ocrx_word' id='word_1_642' title='bbox 1015 4588 1399 4645; x_wconf 80' lang='lat' dir='ltr'><strong>consueverint</strong></span> <span class='ocrx_word' id='word_1_643' title='bbox 1434 4588 1654 4645; x_wconf 76' lang='lat' dir='ltr'><strong>habere.</strong></span> <span class='ocrx_word' id='word_1_644' title='bbox 1680 4591 1819 4647; x_wconf 85' lang='lat' dir='ltr'><strong>Nam</strong></span> <span class='ocrx_word' id='word_1_645' title='bbox 1849 4598 1958 4649; x_wconf 81' lang='lat' dir='ltr'><strong>mi-</strong></span> 
     </span>
     <span class='ocr_line' id='line_1_96' title="bbox 309 4665 1957 4738; baseline 0.011 -19"><span class='ocrx_word' id='word_1_646' title='bbox 309 4665 446 4720; x_wconf 79' lang='lat' dir='ltr'><strong>seris</strong></span> <span class='ocrx_word' id='word_1_647' title='bbox 498 4665 834 4736; x_wconf 71' lang='lat' dir='ltr'><strong>requlariter</strong></span> <span class='ocrx_word' id='word_1_648' title='bbox 873 4669 1008 4727; x_wconf 73' lang='lat' dir='ltr'><strong>solet</strong></span> <span class='ocrx_word' id='word_1_649' title='bbox 1047 4671 1232 4729; x_wconf 75' lang='lat' dir='ltr'><strong>adesse</strong></span> <span class='ocrx_word' id='word_1_650' title='bbox 1286 4675 1514 4731; x_wconf 76' lang='lat' dir='ltr'><strong>solertia</strong></span> <span class='ocrx_word' id='word_1_651' title='bbox 1552 4677 1733 4735; x_wconf 79' lang='lat' dir='ltr'><strong>rebus.</strong></span> <span class='ocrx_word' id='word_1_652' title='bbox 1796 4679 1957 4738; x_wconf 90' lang='lat' dir='ltr'><strong>Unde</strong></span> 
     </span>
     <span class='ocr_line' id='line_1_97' title="bbox 313 4752 1957 4840; baseline 0.011 -31"><span class='ocrx_word' id='word_1_653' title='bbox 313 4752 560 4813; x_wconf 85' lang='lat' dir='ltr'><strong>fortasse</strong></span> <span class='ocrx_word' id='word_1_654' title='bbox 610 4756 832 4814; x_wconf 88' lang='lat' dir='ltr'><strong>dictum</strong></span> <span class='ocrx_word' id='word_1_655' title='bbox 879 4764 1003 4816; x_wconf 85' lang='lat' dir='ltr'><strong>est:</strong></span> <span class='ocrx_word' id='word_1_656' title='bbox 1035 4761 1236 4820; x_wconf 79' lang='lat' dir='ltr'><strong>Cadent</strong></span> <span class='ocrx_word' id='word_1_657' title='bbox 1281 4783 1313 4819; x_wconf 85' lang='lat' dir='ltr'><strong>a</strong></span> <span class='ocrx_word' id='word_1_658' title='bbox 1351 4766 1520 4824; x_wconf 76' lang='lat' dir='ltr'><strong>latere</strong></span> <span class='ocrx_word' id='word_1_659' title='bbox 1550 4772 1640 4826; x_wconf 82' lang='lat' dir='ltr'><strong>tuo</strong></span> <span class='ocrx_word' id='word_1_660' title='bbox 1664 4769 1840 4840; x_wconf 81' lang='lat' dir='ltr'><strong>mille,</strong></span> <span class='ocrx_word' id='word_1_661' title='bbox 1867 4772 1957 4826; x_wconf 90' lang='lat' dir='ltr'><strong>si-</strong></span> 
     </span>
     <span class='ocr_line' id='line_1_98' title="bbox 312 4844 1955 4918; baseline 0.011 -19"><span class='ocrx_word' id='word_1_662' title='bbox 312 4844 496 4901; x_wconf 87' lang='lat' dir='ltr'><strong>nistro</strong></span> <span class='ocrx_word' id='word_1_663' title='bbox 542 4846 839 4918; x_wconf 78' lang='lat' dir='ltr'><strong>videlicet3</strong></span> <span class='ocrx_word' id='word_1_664' title='bbox 872 4858 926 4907; x_wconf 81' lang='lat' dir='ltr'><strong>et</strong></span> <span class='ocrx_word' id='word_1_665' title='bbox 977 4852 1158 4909; x_wconf 76' lang='lat' dir='ltr'><strong>decem</strong></span> <span class='ocrx_word' id='word_1_666' title='bbox 1216 4854 1406 4912; x_wconf 80' lang='lat' dir='ltr'><strong>millia</strong></span> <span class='ocrx_word' id='word_1_667' title='bbox 1473 4875 1506 4913; x_wconf 87' lang='lat' dir='ltr'><strong>a</strong></span> <span class='ocrx_word' id='word_1_668' title='bbox 1566 4858 1784 4916; x_wconf 75' lang='lat' dir='ltr'><strong>dextris</strong></span> <span class='ocrx_word' id='word_1_669' title='bbox 1849 4864 1955 4918; x_wconf 79' lang='lat' dir='ltr'><strong>tuis</strong></span> 
     </span>
     <span class='ocr_line' id='line_1_99' title="bbox 312 4932 1956 5020; baseline 0.013 -34"><span class='ocrx_word' id='word_1_670' title='bbox 312 4932 483 5002; x_wconf 75' lang='lat' dir='ltr'><strong>(Psal.</strong></span> <span class='ocrx_word' id='word_1_671' title='bbox 507 4949 597 5001; x_wconf 81' lang='lat' dir='ltr'><strong>xo,</strong></span> <span class='ocrx_word' id='word_1_672' title='bbox 627 4936 722 5008; x_wconf 86' lang='lat'><strong>7);</strong></span> <span class='ocrx_word' id='word_1_673' title='bbox 758 4939 954 5009; x_wconf 86' lang='lat' dir='ltr'><strong>plures</strong></span> <span class='ocrx_word' id='word_1_674' title='bbox 1013 4943 1194 5009; x_wconf 87' lang='lat' dir='ltr'><strong>enim,</strong></span> <span class='ocrx_word' id='word_1_675' title='bbox 1219 4946 1331 5001; x_wconf 90' lang='lat' dir='ltr'><strong>acti</strong></span> <span class='ocrx_word' id='word_1_676' title='bbox 1395 4949 1688 5020; x_wconf 87' lang='lat' dir='ltr'><strong>prosperis</strong></span> <span class='ocrx_word' id='word_1_677' title='bbox 1735 4957 1787 5005; x_wconf 89' lang='lat' dir='ltr'><strong>et</strong></span> <span class='ocrx_word' id='word_1_678' title='bbox 1819 4966 1956 5006; x_wconf 89' lang='lat' dir='ltr'><strong>suc-</strong></span> 
     </span>
     <span class='ocr_line' id='line_1_100' title="bbox 312 5022 1957 5105; baseline 0.013 -30"><span class='ocrx_word' id='word_1_679' title='bbox 312 5022 576 5079; x_wconf 83' lang='lat' dir='ltr'><strong>cessibus</strong></span> <span class='ocrx_word' id='word_1_680' title='bbox 594 5023 753 5094; x_wconf 85' lang='lat' dir='ltr'><strong>elati,</strong></span> <span class='ocrx_word' id='word_1_681' title='bbox 777 5027 968 5086; x_wconf 89' lang='lat' dir='ltr'><strong>solent</strong></span> <span class='ocrx_word' id='word_1_682' title='bbox 1007 5031 1066 5086; x_wconf 93' lang='lat' dir='ltr'><strong>in</strong></span> <span class='ocrx_word' id='word_1_683' title='bbox 1116 5049 1369 5105; x_wconf 86' lang='lat' dir='ltr'><strong>praeceps</strong></span> <span class='ocrx_word' id='word_1_684' title='bbox 1417 5053 1582 5093; x_wconf 90' lang='lat' dir='ltr'><strong>ruere</strong></span> <span class='ocrx_word' id='word_1_685' title='bbox 1619 5055 1633 5093; x_wconf 89' lang='lat'>:</span> <span class='ocrx_word' id='word_1_686' title='bbox 1665 5055 1695 5095; x_wconf 87' lang='lat' dir='ltr'><strong>e</strong></span> <span class='ocrx_word' id='word_1_687' title='bbox 1726 5039 1957 5096; x_wconf 85' lang='lat' dir='ltr'><strong>diverso</strong></span> 
     </span>
     <span class='ocr_line' id='line_1_101' title="bbox 312 5109 1961 5198; baseline 0.013 -34"><span class='ocrx_word' id='word_1_688' title='bbox 312 5125 444 5166; x_wconf 87' lang='lat' dir='ltr'><strong>vero</strong></span> <span class='ocrx_word' id='word_1_689' title='bbox 467 5109 793 5183; x_wconf 87' lang='lat' dir='ltr'><strong>dispendiis</strong></span> <span class='ocrx_word' id='word_1_690' title='bbox 821 5121 880 5172; x_wconf 91' lang='lat' dir='ltr'><strong>et</strong></span> <span class='ocrx_word' id='word_1_691' title='bbox 919 5119 1177 5176; x_wconf 86' lang='lat' dir='ltr'><strong>adversis</strong></span> <span class='ocrx_word' id='word_1_692' title='bbox 1216 5123 1453 5180; x_wconf 86' lang='lat' dir='ltr'><strong>casibus</strong></span> <span class='ocrx_word' id='word_1_693' title='bbox 1475 5126 1796 5197; x_wconf 78' lang='lat' dir='ltr'><strong>defatigati,</strong></span> <span class='ocrx_word' id='word_1_694' title='bbox 1831 5143 1961 5198; x_wconf 89' lang='lat' dir='ltr'><strong>pro-</strong></span> 
     </span>
     <span class='ocr_line' id='line_1_102' title="bbox 312 5199 1958 5275; baseline 0.011 -20"><span class='ocrx_word' id='word_1_695' title='bbox 312 5199 455 5270; x_wconf 87' lang='lat' dir='ltr'><strong>priis</strong></span> <span class='ocrx_word' id='word_1_696' title='bbox 484 5201 669 5258; x_wconf 87' lang='lat' dir='ltr'><strong>edocti</strong></span> <span class='ocrx_word' id='word_1_697' title='bbox 695 5204 986 5275; x_wconf 85' lang='lat' dir='ltr'><strong>periculis,</strong></span> <span class='ocrx_word' id='word_1_698' title='bbox 1009 5208 1332 5268; x_wconf 86' lang='lat' dir='ltr'><strong>didicerunt</strong></span> <span class='ocrx_word' id='word_1_699' title='bbox 1349 5229 1410 5270; x_wconf 91' lang='lat' dir='ltr'><strong>se</strong></span> <span class='ocrx_word' id='word_1_700' title='bbox 1431 5214 1490 5269; x_wconf 91' lang='lat' dir='ltr'><strong>in</strong></span> <span class='ocrx_word' id='word_1_701' title='bbox 1514 5214 1712 5271; x_wconf 87' lang='lat' dir='ltr'><strong>dubiis</strong></span> <span class='ocrx_word' id='word_1_702' title='bbox 1743 5215 1958 5274; x_wconf 89' lang='lat' dir='ltr'><strong>habere</strong></span> 
     </span>
     <span class='ocr_line' id='line_1_103' title="bbox 310 5287 1960 5375; baseline 0.011 -33"><span class='ocrx_word' id='word_1_703' title='bbox 310 5287 874 5362; x_wconf 88' lang='lat' dir='ltr'><strong>circumspectius;et</strong></span> <span class='ocrx_word' id='word_1_704' title='bbox 884 5312 1114 5369; x_wconf 91' lang='lat' dir='ltr'><strong>semper</strong></span> <span class='ocrx_word' id='word_1_705' title='bbox 1126 5298 1330 5357; x_wconf 91' lang='lat' dir='ltr'><strong>timere</strong></span> <span class='ocrx_word' id='word_1_706' title='bbox 1344 5302 1835 5375; x_wconf 80' lang='lat' dir='ltr'><strong>fortunam,quam</strong></span> <span class='ocrx_word' id='word_1_707' title='bbox 1854 5321 1960 5361; x_wconf 82' lang='lat' dir='ltr'><strong>sae-</strong></span> 
     </span>
     <span class='ocr_line' id='line_1_104' title="bbox 312 5376 1960 5466; baseline 0.011 -35"><span class='ocrx_word' id='word_1_708' title='bbox 312 5376 445 5449; x_wconf 87' lang='lat' dir='ltr'><strong>pius</strong></span> <span class='ocrx_word' id='word_1_709' title='bbox 471 5380 843 5451; x_wconf 83' lang='lat' dir='ltr'><strong>expertisunt</strong></span> <span class='ocrx_word' id='word_1_710' title='bbox 870 5385 930 5441; x_wconf 89' lang='lat' dir='ltr'><strong>in</strong></span> <span class='ocrx_word' id='word_1_711' title='bbox 944 5387 1068 5443; x_wconf 91' lang='lat' dir='ltr'><strong>suis</strong></span> <span class='ocrx_word' id='word_1_712' title='bbox 1084 5391 1326 5456; x_wconf 77' lang='lat' dir='ltr'><strong>negotiis</strong></span> <span class='ocrx_word' id='word_1_713' title='bbox 1347 5408 1633 5449; x_wconf 88' lang='lat' dir='ltr'><strong>amaram.</strong></span> <span class='ocrx_word' id='word_1_714' title='bbox 1648 5392 1768 5450; x_wconf 82' lang='lat' dir='ltr'><strong>Rex</strong></span> <span class='ocrx_word' id='word_1_715' title='bbox 1782 5393 1960 5466; x_wconf 84' lang='lat' dir='ltr'><strong>igitur</strong></span> 
     </span>
     <span class='ocr_line' id='line_1_105' title="bbox 313 5469 1961 5555; baseline 0.013 -36"><span class='ocrx_word' id='word_1_716' title='bbox 313 5470 505 5523; x_wconf 89' lang='lat' dir='ltr'><strong>mente</strong></span> <span class='ocrx_word' id='word_1_717' title='bbox 534 5469 815 5540; x_wconf 88' lang='lat' dir='ltr'><strong>recolens,</strong></span> <span class='ocrx_word' id='word_1_718' title='bbox 846 5475 1001 5546; x_wconf 90' lang='lat' dir='ltr'><strong>quod</strong></span> <span class='ocrx_word' id='word_1_719' title='bbox 1048 5480 1278 5533; x_wconf 89' lang='lat' dir='ltr'><strong>tantum</strong></span> <span class='ocrx_word' id='word_1_720' title='bbox 1310 5481 1635 5554; x_wconf 89' lang='lat' dir='ltr'><strong>principem</strong></span> <span class='ocrx_word' id='word_1_721' title='bbox 1664 5482 1738 5538; x_wconf 85' lang='lat' dir='ltr'><strong>ab</strong></span> <span class='ocrx_word' id='word_1_722' title='bbox 1761 5482 1961 5555; x_wconf 90' lang='lat' dir='ltr'><strong>impu-</strong></span> 
     </span>
     <span class='ocr_line' id='line_1_106' title="bbox 312 5555 1961 5643; baseline 0.013 -34"><span class='ocrx_word' id='word_1_723' title='bbox 312 5555 583 5621; x_wconf 65' lang='lat' dir='ltr'><strong>guntione</strong></span> <span class='ocrx_word' id='word_1_724' title='bbox 596 5557 758 5617; x_wconf 90' lang='lat' dir='ltr'><strong>urbis</strong></span> <span class='ocrx_word' id='word_1_725' title='bbox 779 5562 1027 5622; x_wconf 73' lang='lat' dir='ltr'><strong>obsessas</strong></span> <span class='ocrx_word' id='word_1_726' title='bbox 1039 5564 1379 5637; x_wconf 84' lang='lat' dir='ltr'><strong>dimoverat,</strong></span> <span class='ocrx_word' id='word_1_727' title='bbox 1393 5574 1961 5643; x_wconf 79' lang='lat' dir='ltr'><strong>ratusqueeumcum</strong></span> 
     </span>
    </p>
   </div>
   <div class='ocr_carea' id='block_1_20' title="bbox 2061 4591 3723 5656">
    <p class='ocr_par' dir='ltr' id='par_1_26' title="bbox 2061 4591 3723 5656">
     <span class='ocr_line' id='line_1_107' title="bbox 2062 4591 3710 4663; baseline 0.004 -16"><span class='ocrx_word' id='word_1_728' title='bbox 2062 4591 2196 4663; x_wconf 91' lang='lat' dir='ltr'><strong>equi</strong></span> <span class='ocrx_word' id='word_1_729' title='bbox 2226 4592 2320 4647; x_wconf 88' lang='lat' dir='ltr'><strong>cui</strong></span> <span class='ocrx_word' id='word_1_730' title='bbox 2351 4591 2643 4648; x_wconf 86' lang='lat' dir='ltr'><strong>insidebat</strong></span> <span class='ocrx_word' id='word_1_731' title='bbox 2672 4592 2975 4657; x_wconf 84' lang='lat' dir='ltr'><strong>beneficio,</strong></span> <span class='ocrx_word' id='word_1_732' title='bbox 3001 4591 3325 4663; x_wconf 89' lang='lat' dir='ltr'><strong>declinans,</strong></span> <span class='ocrx_word' id='word_1_733' title='bbox 3353 4593 3417 4649; x_wconf 90' lang='lat' dir='ltr'><strong>in</strong></span> <span class='ocrx_word' id='word_1_734' title='bbox 3443 4599 3710 4652; x_wconf 84' lang='lat' dir='ltr'><strong>castrum</strong></span> 
     </span>
     <span class='ocr_line' id='line_1_108' title="bbox 2062 4680 3711 4753; baseline 0.003 -18"><span class='ocrx_word' id='word_1_735' title='bbox 2062 4680 2157 4735; x_wconf 89' lang='lat' dir='ltr'><strong>cui</strong></span> <span class='ocrx_word' id='word_1_736' title='bbox 2211 4680 2428 4752; x_wconf 84' lang='lat' dir='ltr'><strong>Sephet</strong></span> <span class='ocrx_word' id='word_1_737' title='bbox 2485 4696 2719 4749; x_wconf 90' lang='lat' dir='ltr'><strong>nomen,</strong></span> <span class='ocrx_word' id='word_1_738' title='bbox 2751 4683 2908 4753; x_wconf 89' lang='lat' dir='ltr'><strong>quod</strong></span> <span class='ocrx_word' id='word_1_739' title='bbox 2964 4682 3024 4737; x_wconf 92' lang='lat' dir='ltr'><strong>in</strong></span> <span class='ocrx_word' id='word_1_740' title='bbox 3053 4682 3258 4740; x_wconf 90' lang='lat' dir='ltr'><strong>eodem</strong></span> <span class='ocrx_word' id='word_1_741' title='bbox 3291 4687 3502 4740; x_wconf 88' lang='lat' dir='ltr'><strong>monte</strong></span> <span class='ocrx_word' id='word_1_742' title='bbox 3532 4681 3711 4740; x_wconf 87' lang='lat' dir='ltr'><strong>sitnm</strong></span> 
     </span>
     <span class='ocr_line' id='line_1_109' title="bbox 2061 4770 3711 4847; baseline 0.004 -21"><span class='ocrx_word' id='word_1_743' title='bbox 2061 4774 2202 4837; x_wconf 82' lang='lat' dir='ltr'><strong>erat,</strong></span> <span class='ocrx_word' id='word_1_744' title='bbox 2223 4770 2315 4825; x_wconf 82' lang='lat' dir='ltr'><strong>vix</strong></span> <span class='ocrx_word' id='word_1_745' title='bbox 2331 4775 2390 4827; x_wconf 91' lang='lat' dir='ltr'><strong>et</strong></span> <span class='ocrx_word' id='word_1_746' title='bbox 2418 4787 2555 4827; x_wconf 90' lang='lat' dir='ltr'><strong>cum</strong></span> <span class='ocrx_word' id='word_1_747' title='bbox 2616 4771 2804 4827; x_wconf 87' lang='lat' dir='ltr'><strong>multa</strong></span> <span class='ocrx_word' id='word_1_748' title='bbox 2857 4770 3201 4829; x_wconf 76' lang='lat' dir='ltr'><strong>difficultate</strong></span> <span class='ocrx_word' id='word_1_749' title='bbox 3230 4788 3294 4830; x_wconf 86' lang='lat' dir='ltr'><strong>se</strong></span> <span class='ocrx_word' id='word_1_750' title='bbox 3323 4773 3563 4847; x_wconf 81' lang='lat' dir='ltr'><strong>recepit.</strong></span> <span class='ocrx_word' id='word_1_751' title='bbox 3601 4776 3711 4833; x_wconf 86' lang='lat' dir='ltr'><strong>Ca-</strong></span> 
     </span>
     <span class='ocr_line' id='line_1_110' title="bbox 2064 4858 3719 4932; baseline 0.004 -17"><span class='ocrx_word' id='word_1_752' title='bbox 2064 4864 2161 4931; x_wconf 88' lang='lat' dir='ltr'><strong>pta</strong></span> <span class='ocrx_word' id='word_1_753' title='bbox 2198 4863 2288 4915; x_wconf 88' lang='lat' dir='ltr'><strong>cst</strong></span> <span class='ocrx_word' id='word_1_754' title='bbox 2315 4858 2415 4916; x_wconf 89' lang='lat' dir='ltr'><strong>illa</strong></span> <span class='ocrx_word' id='word_1_755' title='bbox 2442 4860 2534 4916; x_wconf 92' lang='lat' dir='ltr'><strong>die</strong></span> <span class='ocrx_word' id='word_1_756' title='bbox 2554 4861 2622 4916; x_wconf 91' lang='lat' dir='ltr'><strong>de</strong></span> <span class='ocrx_word' id='word_1_757' title='bbox 2643 4860 3006 4932; x_wconf 89' lang='lat' dir='ltr'><strong>principibus</strong></span> <span class='ocrx_word' id='word_1_758' title='bbox 3040 4862 3256 4919; x_wconf 88' lang='lat' dir='ltr'><strong>nostris</strong></span> <span class='ocrx_word' id='word_1_759' title='bbox 3289 4864 3550 4921; x_wconf 82' lang='lat' dir='ltr'><strong>maxima</strong></span> <span class='ocrx_word' id='word_1_760' title='bbox 3566 4866 3719 4921; x_wconf 83' lang='lat' dir='ltr'><strong>mul-</strong></span> 
     </span>
     <span class='ocr_line' id='line_1_111' title="bbox 2063 4948 3714 5024; baseline 0.004 -21"><span class='ocrx_word' id='word_1_761' title='bbox 2063 4948 2270 5017; x_wconf 90' lang='lat' dir='ltr'><strong>titudo,</strong></span> <span class='ocrx_word' id='word_1_762' title='bbox 2305 4949 2436 5006; x_wconf 78' lang='lat' dir='ltr'><strong>coesi</strong></span> <span class='ocrx_word' id='word_1_763' title='bbox 2468 4966 2600 5006; x_wconf 80' lang='lat' dir='ltr'><strong>vero</strong></span> <span class='ocrx_word' id='word_1_764' title='bbox 2632 4950 2836 5023; x_wconf 80' lang='lat' dir='ltr'><strong>pauci3</strong></span> <span class='ocrx_word' id='word_1_765' title='bbox 2864 4967 2999 5007; x_wconf 87' lang='lat' dir='ltr'><strong>nam</strong></span> <span class='ocrx_word' id='word_1_766' title='bbox 3047 4966 3255 5009; x_wconf 87' lang='lat' dir='ltr'><strong>omues</strong></span> <span class='ocrx_word' id='word_1_767' title='bbox 3277 4952 3714 5024; x_wconf 76' lang='lat' dir='ltr'><strong>indifferenter,</strong></span> 
     </span>
     <span class='ocr_line' id='line_1_112' title="bbox 2065 5036 3713 5115; baseline 0.007 -25"><span class='ocrx_word' id='word_1_768' title='bbox 2065 5040 2183 5091; x_wconf 90' lang='lat' dir='ltr'><strong>tam</strong></span> <span class='ocrx_word' id='word_1_769' title='bbox 2210 5036 2400 5108; x_wconf 87' lang='lat' dir='ltr'><strong>quirei</strong></span> <span class='ocrx_word' id='word_1_770' title='bbox 2426 5039 2693 5095; x_wconf 83' lang='lat' dir='ltr'><strong>militaris</strong></span> <span class='ocrx_word' id='word_1_771' title='bbox 2715 5040 3058 5097; x_wconf 85' lang='lat' dir='ltr'><strong>dicebantur</strong></span> <span class='ocrx_word' id='word_1_772' title='bbox 3082 5040 3301 5099; x_wconf 88' lang='lat' dir='ltr'><strong>habere</strong></span> <span class='ocrx_word' id='word_1_773' title='bbox 3313 5043 3713 5115; x_wconf 85' lang='lat' dir='ltr'><strong>prudentiam,</strong></span> 
     </span>
     <span class='ocr_line' id='line_1_113' title="bbox 2064 5128 3719 5202; baseline 0.005 -22"><span class='ocrx_word' id='word_1_774' title='bbox 2064 5129 2122 5181; x_wconf 88' lang='lat' dir='ltr'><strong>et</strong></span> <span class='ocrx_word' id='word_1_775' title='bbox 2151 5142 2324 5181; x_wconf 89' lang='lat' dir='ltr'><strong>usum</strong></span> <span class='ocrx_word' id='word_1_776' title='bbox 2356 5128 2733 5199; x_wconf 75' lang='lat' dir='ltr'><strong>proecipuum,</strong></span> <span class='ocrx_word' id='word_1_777' title='bbox 2759 5144 2935 5201; x_wconf 86' lang='lat' dir='ltr'><strong>quam</strong></span> <span class='ocrx_word' id='word_1_778' title='bbox 2992 5129 3266 5202; x_wconf 89' lang='lat' dir='ltr'><strong>gregarii,</strong></span> <span class='ocrx_word' id='word_1_779' title='bbox 3292 5129 3567 5189; x_wconf 89' lang='lat' dir='ltr'><strong>hostibus</strong></span> <span class='ocrx_word' id='word_1_780' title='bbox 3587 5137 3719 5190; x_wconf 87' lang='lat' dir='ltr'><strong>tan-</strong></span> 
     </span>
     <span class='ocr_line' id='line_1_114' title="bbox 2067 5216 3716 5294; baseline 0.005 -24"><span class='ocrx_word' id='word_1_781' title='bbox 2067 5231 2241 5288; x_wconf 89' lang='lat' dir='ltr'><strong>quam</strong></span> <span class='ocrx_word' id='word_1_782' title='bbox 2264 5216 2400 5274; x_wconf 87' lang='lat' dir='ltr'><strong>vilie</strong></span> <span class='ocrx_word' id='word_1_783' title='bbox 2423 5217 2714 5290; x_wconf 89' lang='lat' dir='ltr'><strong>mancipia</strong></span> <span class='ocrx_word' id='word_1_784' title='bbox 2742 5218 3147 5291; x_wconf 80' lang='lat' dir='ltr'><strong>ignominiosae</strong></span> <span class='ocrx_word' id='word_1_785' title='bbox 3179 5220 3716 5294; x_wconf 67' lang='lat' dir='ltr'><strong>servitutisjugnm,</strong></span> 
     </span>
     <span class='ocr_line' id='line_1_115' title="bbox 2065 5308 3723 5381; baseline 0.005 -21"><span class='ocrx_word' id='word_1_786' title='bbox 2065 5310 2123 5360; x_wconf 94' lang='lat' dir='ltr'><strong>et</strong></span> <span class='ocrx_word' id='word_1_787' title='bbox 2150 5314 2433 5377; x_wconf 78' lang='lat' dir='ltr'><strong>perpetuae</strong></span> <span class='ocrx_word' id='word_1_788' title='bbox 2492 5308 2745 5364; x_wconf 77' lang='lat' dir='ltr'><strong>infamiae</strong></span> <span class='ocrx_word' id='word_1_789' title='bbox 2793 5312 2988 5365; x_wconf 88' lang='lat' dir='ltr'><strong>notam</strong></span> <span class='ocrx_word' id='word_1_790' title='bbox 3045 5325 3161 5365; x_wconf 93' lang='lat' dir='ltr'><strong>non</strong></span> <span class='ocrx_word' id='word_1_791' title='bbox 3202 5308 3620 5381; x_wconf 87' lang='lat' dir='ltr'><strong>abhorrentes,</strong></span> <span class='ocrx_word' id='word_1_792' title='bbox 3655 5317 3723 5369; x_wconf 92' lang='lat' dir='ltr'><strong>ut</strong></span> 
     </span>
     <span class='ocr_line' id='line_1_116' title="bbox 2069 5394 3719 5467; baseline 0.007 -19"><span class='ocrx_word' id='word_1_793' title='bbox 2069 5394 2289 5450; x_wconf 77' lang='lat' dir='ltr'><strong>miseras</strong></span> <span class='ocrx_word' id='word_1_794' title='bbox 2335 5396 2465 5453; x_wconf 72' lang='lat' dir='ltr'><strong>vitae</strong></span> <span class='ocrx_word' id='word_1_795' title='bbox 2511 5396 2901 5467; x_wconf 87' lang='lat' dir='ltr'><strong>consulerent,</strong></span> <span class='ocrx_word' id='word_1_796' title='bbox 2961 5397 3090 5456; x_wconf 88' lang='lat' dir='ltr'><strong>sine</strong></span> <span class='ocrx_word' id='word_1_797' title='bbox 3134 5399 3604 5459; x_wconf 87' lang='lat' dir='ltr'><strong>contradictione</strong></span> <span class='ocrx_word' id='word_1_798' title='bbox 3645 5413 3719 5459; x_wconf 78' lang='lat' dir='ltr'><strong>&#39;se</strong></span> 
     </span>
     <span class='ocr_line' id='line_1_117' title="bbox 2066 5484 3718 5558; baseline 0.007 -20"><span class='ocrx_word' id='word_1_799' title='bbox 2066 5484 2389 5541; x_wconf 84' lang='lat' dir='ltr'><strong>tradebant.</strong></span> <span class='ocrx_word' id='word_1_800' title='bbox 2447 5484 2665 5558; x_wconf 87' lang='lat' dir='ltr'><strong>Captus</strong></span> <span class='ocrx_word' id='word_1_801' title='bbox 2711 5494 2799 5543; x_wconf 88' lang='lat' dir='ltr'><strong>est</strong></span> <span class='ocrx_word' id='word_1_802' title='bbox 2828 5487 2981 5545; x_wconf 85' lang='lat' dir='ltr'><strong>inter</strong></span> <span class='ocrx_word' id='word_1_803' title='bbox 3000 5493 3241 5547; x_wconf 66' lang='lat' dir='ltr'><strong>ceteros</strong></span> <span class='ocrx_word' id='word_1_804' title='bbox 3262 5488 3348 5545; x_wconf 89' lang='lat' dir='ltr'><strong>ibi</strong></span> <span class='ocrx_word' id='word_1_805' title='bbox 3379 5488 3472 5546; x_wconf 83' lang='lat' dir='ltr'><strong>vir</strong></span> <span class='ocrx_word' id='word_1_806' title='bbox 3499 5490 3718 5550; x_wconf 86' lang='lat' dir='ltr'><strong>nobilis</strong></span> 
     </span>
     <span class='ocr_line' id='line_1_118' title="bbox 2064 5573 3717 5656; baseline 0.008 -27"><span class='ocrx_word' id='word_1_807' title='bbox 2064 5575 2123 5630; x_wconf 84' lang='lat' dir='ltr'><strong>et</strong></span> <span class='ocrx_word' id='word_1_808' title='bbox 2139 5573 2413 5647; x_wconf 76' lang='lat' dir='ltr'><strong>inclytus,</strong></span> <span class='ocrx_word' id='word_1_809' title='bbox 2435 5574 2709 5636; x_wconf 85' lang='lat' dir='ltr'><strong>dominus</strong></span> <span class='ocrx_word' id='word_1_810' title='bbox 2730 5575 2897 5650; x_wconf 73' lang='lat' dir='ltr'><strong>nugo</strong></span> <span class='ocrx_word' id='word_1_811' title='bbox 2925 5576 3234 5637; x_wconf 84' lang='lat' dir='ltr'><strong>ds.lbelim</strong></span> <span class='ocrx_word' id='word_1_812' title='bbox 3258 5595 3275 5649; x_wconf 87' lang='lat'>;</span> <span class='ocrx_word' id='word_1_813' title='bbox 3295 5577 3465 5640; x_wconf 80' lang='lat' dir='ltr'><strong>Oddo</strong></span> <span class='ocrx_word' id='word_1_814' title='bbox 3477 5593 3717 5656; x_wconf 70' lang='lat' dir='ltr'><strong>quoque</strong></span> 
     </span>
    </p>
   </div>
  </div>
 </body>
</html>
