<?xml version="1.0" encoding="UTF-8"?>
<!DOCTYPE html PUBLIC "-//W3C//DTD XHTML 1.0 Transitional//EN"
    "http://www.w3.org/TR/xhtml1/DTD/xhtml1-transitional.dtd">
<html xmlns="http://www.w3.org/1999/xhtml" xml:lang="en" lang="en">
 <head>
  <title>
</title>
<meta http-equiv="Content-Type" content="text/html;charset=utf-8" />
  <meta name='ocr-system' content='tesseract 3.04.00' />
  <meta name='ocr-capabilities' content='ocr_page ocr_carea ocr_par ocr_line ocrx_word'/>
</head>
<body>
  <div class='ocr_page' id='page_1' title='image "./patrologiaecurs32goog_0039.png"; bbox 0 0 3784 6000; ppageno 0'>
   <div class='ocr_carea' id='block_1_1' title="bbox 90 161 3607 369">
    <p class='ocr_par' dir='ltr' id='par_1_1' title="bbox 90 161 3607 369">
     <span class='ocr_line' id='line_1_1' title="bbox 90 161 3607 249; baseline 0.007 -38"><span class='ocrx_word' id='word_1_1' title='bbox 90 188 99 193; x_wconf 99' lang='lat'>-</span> <span class='ocrx_word' id='word_1_2' title='bbox 176 164 259 226; x_wconf 66' lang='grc' dir='ltr'><strong><em>ω</em></strong></span> <span class='ocrx_word' id='word_1_3' title='bbox 1688 161 2112 249; x_wconf 74' lang='lat' dir='ltr'><strong>EPts&#39;roLAE.</strong></span> <span class='ocrx_word' id='word_1_4' title='bbox 3524 174 3607 236; x_wconf 79' lang='lat'><strong>¹10</strong></span> 
     </span>
     <span class='ocr_line' id='line_1_2' title="bbox 174 290 3600 369; baseline 0.003 -16"><span class='ocrx_word' id='word_1_5' title='bbox 174 294 259 353; x_wconf 80' lang='lat' dir='ltr'><strong>sel</strong></span> <span class='ocrx_word' id='word_1_6' title='bbox 290 294 519 353; x_wconf 79' lang='lat' dir='ltr'><strong>afflicto</strong></span> <span class='ocrx_word' id='word_1_7' title='bbox 550 294 801 355; x_wconf 83' lang='lat' dir='ltr'><strong>Domino</strong></span> <span class='ocrx_word' id='word_1_8' title='bbox 851 307 982 352; x_wconf 91' lang='lat' dir='ltr'><strong>meo</strong></span> <span class='ocrx_word' id='word_1_9' title='bbox 1028 290 1393 357; x_wconf 72' lang='lat' dir='ltr'><strong>condoleam,</strong></span> <span class='ocrx_word' id='word_1_10' title='bbox 1421 293 1511 350; x_wconf 90' lang='lat' dir='ltr'><strong>vel</strong></span> <span class='ocrx_word' id='word_1_11' title='bbox 1559 294 1835 350; x_wconf 89' lang='lat' dir='ltr'><strong>consola·</strong></span> <span class='ocrx_word' id='word_1_12' title='bbox 1867 297 1922 362; x_wconf 80' lang='grc' dir='ltr'><strong>Α</strong></span> <span class='ocrx_word' id='word_1_13' title='bbox 1949 296 2236 352; x_wconf 74' lang='lat' dir='ltr'>exstitisse</span> <span class='ocrx_word' id='word_1_14' title='bbox 2265 296 2577 369; x_wconf 82' lang='lat' dir='ltr'><strong>cognoscit.</strong></span> <span class='ocrx_word' id='word_1_15' title='bbox 2612 297 2678 354; x_wconf 90' lang='lat' dir='ltr'><strong>ln</strong></span> <span class='ocrx_word' id='word_1_16' title='bbox 2709 298 2983 355; x_wconf 90' lang='lat' dir='ltr'><strong>omnibus</strong></span> <span class='ocrx_word' id='word_1_17' title='bbox 3012 299 3168 357; x_wconf 90' lang='lat' dir='ltr'><strong>enim</strong></span> <span class='ocrx_word' id='word_1_18' title='bbox 3199 314 3314 359; x_wconf 89' lang='lat' dir='ltr'><strong>non</strong></span> <span class='ocrx_word' id='word_1_19' title='bbox 3347 306 3468 360; x_wconf 85' lang='lat' dir='ltr'><strong>tam</strong></span> <span class='ocrx_word' id='word_1_20' title='bbox 3500 321 3600 363; x_wconf 92' lang='lat' dir='ltr'><strong>re-</strong></span> 
     </span>
    </p>
   </div>
   <div class='ocr_carea' id='block_1_2' title="bbox 172 381 1834 1247">
    <p class='ocr_par' dir='ltr' id='par_1_2' title="bbox 172 381 1834 1247">
     <span class='ocr_line' id='line_1_3' title="bbox 172 381 1591 457; baseline -0.004 -14"><span class='ocrx_word' id='word_1_21' title='bbox 172 384 351 443; x_wconf 78' lang='lat' dir='ltr'><strong>tionis</strong></span> <span class='ocrx_word' id='word_1_22' title='bbox 382 389 445 441; x_wconf 88' lang='lat' dir='ltr'><strong>et</strong></span> <span class='ocrx_word' id='word_1_23' title='bbox 469 384 621 456; x_wconf 86' lang='lat' dir='ltr'><strong>spei,</strong></span> <span class='ocrx_word' id='word_1_24' title='bbox 654 384 719 442; x_wconf 86' lang='lat' dir='ltr'><strong>si·</strong></span> <span class='ocrx_word' id='word_1_25' title='bbox 747 399 869 457; x_wconf 84' lang='lat' dir='ltr'><strong>qua</strong></span> <span class='ocrx_word' id='word_1_26' title='bbox 894 386 1005 451; x_wconf 85' lang='lat' dir='ltr'><strong>est,</strong></span> <span class='ocrx_word' id='word_1_27' title='bbox 1033 381 1321 455; x_wconf 73' lang='lat' dir='ltr'><strong>particeps</strong></span> <span class='ocrx_word' id='word_1_28' title='bbox 1348 383 1591 440; x_wconf 86' lang='lat' dir='ltr'><strong>existam</strong></span> 
     </span>
     <span class='ocr_line' id='line_1_4' title="bbox 172 470 1832 544; baseline -0.001 -13"><span class='ocrx_word' id='word_1_29' title='bbox 172 478 559 543; x_wconf 71' lang='lat' dir='ltr'><strong>etornmnae,</strong></span> <span class='ocrx_word' id='word_1_30' title='bbox 588 474 673 529; x_wconf 86' lang='lat' dir='ltr'><strong>sic</strong></span> <span class='ocrx_word' id='word_1_31' title='bbox 722 476 781 529; x_wconf 90' lang='lat' dir='ltr'><strong>et</strong></span> <span class='ocrx_word' id='word_1_32' title='bbox 809 472 1027 531; x_wconf 90' lang='lat' dir='ltr'><strong>laboris</strong></span> <span class='ocrx_word' id='word_1_33' title='bbox 1056 472 1135 538; x_wconf 86' lang='grc' dir='ltr'><strong>(ΙΙ</strong></span> <span class='ocrx_word' id='word_1_34' title='bbox 1177 472 1301 529; x_wconf 85' lang='lat' dir='ltr'><strong>Cor.</strong></span> <span class='ocrx_word' id='word_1_35' title='bbox 1331 472 1433 543; x_wconf 77' lang='lat' dir='ltr'><strong>xi).</strong></span> <span class='ocrx_word' id='word_1_36' title='bbox 1482 470 1574 528; x_wconf 85' lang='lat' dir='ltr'><strong>Me</strong></span> <span class='ocrx_word' id='word_1_37' title='bbox 1620 472 1832 544; x_wconf 77' lang='lat' dir='ltr'><strong>saepius</strong></span> 
     </span>
     <span class='ocr_line' id='line_1_5' title="bbox 174 560 1834 630; baseline -0.002 -9"><span class='ocrx_word' id='word_1_38' title='bbox 174 564 239 621; x_wconf 80' lang='lat' dir='ltr'><strong>sd</strong></span> <span class='ocrx_word' id='word_1_39' title='bbox 295 580 407 620; x_wconf 78' lang='lat' dir='ltr'><strong>vos</strong></span> <span class='ocrx_word' id='word_1_40' title='bbox 434 565 523 620; x_wconf 82' lang='lat' dir='ltr'><strong>ire</strong></span> <span class='ocrx_word' id='word_1_41' title='bbox 568 562 859 620; x_wconf 86' lang='lat' dir='ltr'><strong>volentem</strong></span> <span class='ocrx_word' id='word_1_42' title='bbox 912 568 1160 621; x_wconf 87' lang='lat' dir='ltr'><strong>revocat.</strong></span> <span class='ocrx_word' id='word_1_43' title='bbox 1192 560 1345 619; x_wconf 90' lang='lat' dir='ltr'><strong>Deus</strong></span> <span class='ocrx_word' id='word_1_44' title='bbox 1376 561 1506 630; x_wconf 88' lang='lat' dir='ltr'><strong>scit,</strong></span> <span class='ocrx_word' id='word_1_45' title='bbox 1565 577 1680 618; x_wconf 92' lang='lat' dir='ltr'><strong>non</strong></span> <span class='ocrx_word' id='word_1_46' title='bbox 1709 565 1834 618; x_wconf 87' lang='lat' dir='ltr'><strong>tam</strong></span> 
     </span>
     <span class='ocr_line' id='line_1_6' title="bbox 174 650 1834 725; baseline 0 -18"><span class='ocrx_word' id='word_1_47' title='bbox 174 650 399 709; x_wconf 88' lang='lat' dir='ltr'><strong>itineris</strong></span> <span class='ocrx_word' id='word_1_48' title='bbox 430 652 777 718; x_wconf 74' lang='lat' dir='ltr'><strong>difficultas,</strong></span> <span class='ocrx_word' id='word_1_49' title='bbox 808 668 985 725; x_wconf 90' lang='lat' dir='ltr'><strong>quam</strong></span> <span class='ocrx_word' id='word_1_50' title='bbox 1012 667 1083 709; x_wconf 92' lang='lat' dir='ltr'><strong>ne</strong></span> <span class='ocrx_word' id='word_1_51' title='bbox 1113 651 1224 720; x_wconf 89' lang='lat' dir='ltr'><strong>his,</strong></span> <span class='ocrx_word' id='word_1_52' title='bbox 1253 651 1408 723; x_wconf 90' lang='lat' dir='ltr'><strong>apud</strong></span> <span class='ocrx_word' id='word_1_53' title='bbox 1440 666 1589 723; x_wconf 91' lang='lat' dir='ltr'><strong>quos</strong></span> <span class='ocrx_word' id='word_1_54' title='bbox 1620 653 1834 708; x_wconf 89' lang='lat' dir='ltr'><strong>utcun-</strong></span> 
     </span>
     <span class='ocr_line' id='line_1_7' title="bbox 178 738 1832 815; baseline -0.001 -17"><span class='ocrx_word' id='word_1_55' title='bbox 178 757 280 815; x_wconf 81' lang='lat' dir='ltr'><strong>qse</strong></span> <span class='ocrx_word' id='word_1_56' title='bbox 310 741 761 809; x_wconf 70' lang='lat' dir='ltr'><strong>sustentamini,</strong></span> <span class='ocrx_word' id='word_1_57' title='bbox 794 742 959 798; x_wconf 90' lang='lat' dir='ltr'><strong>oneri</strong></span> <span class='ocrx_word' id='word_1_58' title='bbox 990 741 1126 810; x_wconf 91' lang='lat' dir='ltr'><strong>sim,</strong></span> <span class='ocrx_word' id='word_1_59' title='bbox 1151 756 1287 799; x_wconf 89' lang='lat' dir='ltr'><strong>curn</strong></span> <span class='ocrx_word' id='word_1_60' title='bbox 1319 741 1506 813; x_wconf 84' lang='lat' dir='ltr'><strong>magis</strong></span> <span class='ocrx_word' id='word_1_61' title='bbox 1537 738 1700 798; x_wconf 78' lang='lat' dir='ltr'><strong>vobis</strong></span> <span class='ocrx_word' id='word_1_62' title='bbox 1730 755 1832 796; x_wconf 85' lang='lat' dir='ltr'><strong>ex-</strong></span> 
     </span>
     <span class='ocr_line' id='line_1_8' title="bbox 176 830 1831 906; baseline -0.001 -18"><span class='ocrx_word' id='word_1_63' title='bbox 176 830 367 906; x_wconf 78' lang='lat' dir='ltr'><strong>pediat</strong></span> <span class='ocrx_word' id='word_1_64' title='bbox 396 832 611 905; x_wconf 86' lang='lat' dir='ltr'><strong>paucis</strong></span> <span class='ocrx_word' id='word_1_65' title='bbox 641 846 770 887; x_wconf 89' lang='lat' dir='ltr'><strong>esse</strong></span> <span class='ocrx_word' id='word_1_66' title='bbox 812 834 1176 899; x_wconf 89' lang='lat' dir='ltr'><strong>contentum,</strong></span> <span class='ocrx_word' id='word_1_67' title='bbox 1205 846 1381 901; x_wconf 86' lang='lat' dir='ltr'><strong>quam</strong></span> <span class='ocrx_word' id='word_1_68' title='bbox 1439 830 1689 887; x_wconf 85' lang='lat' dir='ltr'><strong>tumultu</strong></span> <span class='ocrx_word' id='word_1_69' title='bbox 1716 831 1831 887; x_wconf 90' lang='lat' dir='ltr'><strong>cir-</strong></span> 
     </span>
     <span class='ocr_line' id='line_1_9' title="bbox 172 918 1829 992; baseline -0.002 -15"><span class='ocrx_word' id='word_1_70' title='bbox 172 919 704 992; x_wconf 82' lang='lat' dir='ltr'><strong>cumstrepentium</strong></span> <span class='ocrx_word' id='word_1_71' title='bbox 735 919 1066 992; x_wconf 85' lang='lat' dir='ltr'><strong>inquietari.</strong></span> <span class='ocrx_word' id='word_1_72' title='bbox 1087 921 1251 990; x_wconf 80' lang='lat' dir='ltr'><strong>Agite</strong></span> <span class='ocrx_word' id='word_1_73' title='bbox 1271 933 1429 991; x_wconf 86' lang='lat' dir='ltr'><strong>ergo,</strong></span> <span class='ocrx_word' id='word_1_74' title='bbox 1452 918 1639 990; x_wconf 88' lang='lat' dir='ltr'><strong>Pater,</strong></span> <span class='ocrx_word' id='word_1_75' title='bbox 1672 918 1829 990; x_wconf 83' lang='lat' dir='ltr'><strong>agite</strong></span> 
     </span>
     <span class='ocr_line' id='line_1_10' title="bbox 174 1006 1828 1081; baseline -0.002 -14"><span class='ocrx_word' id='word_1_76' title='bbox 174 1012 537 1075; x_wconf 69' lang='lat' dir='ltr'><strong>constanter,</strong></span> <span class='ocrx_word' id='word_1_77' title='bbox 567 1007 705 1081; x_wconf 85' lang='lat' dir='ltr'><strong>quia</strong></span> <span class='ocrx_word' id='word_1_78' title='bbox 735 1024 852 1066; x_wconf 91' lang='lat' dir='ltr'><strong>non</strong></span> <span class='ocrx_word' id='word_1_79' title='bbox 882 1007 1203 1076; x_wconf 73' lang='lat' dir='ltr'><strong>inchoanti,</strong></span> <span class='ocrx_word' id='word_1_80' title='bbox 1235 1008 1335 1064; x_wconf 88' lang='lat' dir='ltr'><strong>sed</strong></span> <span class='ocrx_word' id='word_1_81' title='bbox 1379 1006 1697 1079; x_wconf 85' lang='lat' dir='ltr'><strong>perficienti</strong></span> <span class='ocrx_word' id='word_1_82' title='bbox 1726 1023 1828 1064; x_wconf 90' lang='lat' dir='ltr'><strong>co-</strong></span> 
     </span>
     <span class='ocr_line' id='line_1_11' title="bbox 178 1098 1834 1170; baseline -0.002 -11"><span class='ocrx_word' id='word_1_83' title='bbox 178 1118 313 1159; x_wconf 85' lang='lat' dir='ltr'><strong>rona</strong></span> <span class='ocrx_word' id='word_1_84' title='bbox 376 1100 652 1160; x_wconf 86' lang='lat' dir='ltr'><strong>debetur.</strong></span> <span class='ocrx_word' id='word_1_85' title='bbox 711 1100 893 1157; x_wconf 84' lang='lat' dir='ltr'><strong>Juxta</strong></span> <span class='ocrx_word' id='word_1_86' title='bbox 949 1100 1094 1156; x_wconf 83' lang='lat' dir='ltr'><strong>illud</strong></span> <span class='ocrx_word' id='word_1_87' title='bbox 1130 1116 1145 1156; x_wconf 70' lang='grc' dir='ltr'>ε</span> <span class='ocrx_word' id='word_1_88' title='bbox 1179 1120 1209 1151; x_wconf 86' lang='lat'>«</span> <span class='ocrx_word' id='word_1_89' title='bbox 1241 1098 1421 1165; x_wconf 78' lang='lat' dir='ltr'><strong>Finis,</strong></span> <span class='ocrx_word' id='word_1_90' title='bbox 1463 1114 1577 1156; x_wconf 93' lang='lat' dir='ltr'><strong>non</strong></span> <span class='ocrx_word' id='word_1_91' title='bbox 1634 1114 1834 1170; x_wconf 86' lang='lat' dir='ltr'><strong>pugna</strong></span> 
     </span>
     <span class='ocr_line' id='line_1_12' title="bbox 176 1187 1833 1247; baseline -0.002 0"><span class='ocrx_word' id='word_1_92' title='bbox 176 1195 431 1247; x_wconf 82' lang='lat' dir='ltr'><strong>coronat.</strong></span> <span class='ocrx_word' id='word_1_93' title='bbox 465 1211 497 1242; x_wconf 70' lang='lat' dir='ltr'>n</span> <span class='ocrx_word' id='word_1_94' title='bbox 520 1191 578 1247; x_wconf 81' lang='lat' dir='ltr'>A</span> <span class='ocrx_word' id='word_1_95' title='bbox 614 1188 901 1247; x_wconf 82' lang='lat' dir='ltr'><strong>sacrificio</strong></span> <span class='ocrx_word' id='word_1_96' title='bbox 932 1192 1124 1245; x_wconf 82' lang='lat' dir='ltr'><strong>vestro</strong></span> <span class='ocrx_word' id='word_1_97' title='bbox 1180 1205 1314 1245; x_wconf 88' lang='lat' dir='ltr'><strong>oum</strong></span> <span class='ocrx_word' id='word_1_98' title='bbox 1344 1187 1641 1245; x_wconf 84' lang='lat' dir='ltr'><strong>Abraham</strong></span> <span class='ocrx_word' id='word_1_99' title='bbox 1697 1203 1833 1244; x_wconf 89' lang='lat' dir='ltr'><strong>aves</strong></span> 
     </span>
    </p>
   </div>
   <div class='ocr_carea' id='block_1_3' title="bbox 85 1276 1833 1351">
    <p class='ocr_par' dir='ltr' id='par_1_3' title="bbox 85 1276 1833 1351">
     <span class='ocr_line' id='line_1_13' title="bbox 85 1276 1833 1351; baseline -0.002 -16"><span class='ocrx_word' id='word_1_100' title='bbox 85 1290 93 1317; x_wconf 70' lang='lat'><em>⁸</em></span> <span class='ocrx_word' id='word_1_101' title='bbox 178 1278 415 1351; x_wconf 83' lang='lat' dir='ltr'><strong>abigens</strong></span> <span class='ocrx_word' id='word_1_102' title='bbox 468 1292 664 1351; x_wconf 89' lang='lat' dir='ltr'><strong>nsque</strong></span> <span class='ocrx_word' id='word_1_103' title='bbox 701 1276 763 1333; x_wconf 90' lang='lat' dir='ltr'><strong>in</strong></span> <span class='ocrx_word' id='word_1_104' title='bbox 792 1292 1119 1349; x_wconf 85' lang='lat' dir='ltr'><strong>vesperum,</strong></span> <span class='ocrx_word' id='word_1_105' title='bbox 1152 1291 1223 1333; x_wconf 92' lang='lat' dir='ltr'><strong>ne</strong></span> <span class='ocrx_word' id='word_1_106' title='bbox 1278 1276 1540 1333; x_wconf 87' lang='lat' dir='ltr'><strong>laborem</strong></span> <span class='ocrx_word' id='word_1_107' title='bbox 1568 1281 1833 1333; x_wconf 88' lang='lat' dir='ltr'><strong>vestrum</strong></span> 
     </span>
    </p>
   </div>
   <div class='ocr_carea' id='block_1_4' title="bbox 176 1363 1837 1524">
    <p class='ocr_par' dir='ltr' id='par_1_4' title="bbox 176 1363 1837 1524">
     <span class='ocr_line' id='line_1_14' title="bbox 178 1363 1837 1439; baseline -0.002 -15"><span class='ocrx_word' id='word_1_108' title='bbox 178 1366 421 1424; x_wconf 72' lang='lat' dir='ltr'><strong>volatilis</strong></span> <span class='ocrx_word' id='word_1_109' title='bbox 478 1366 667 1439; x_wconf 87' lang='lat' dir='ltr'><strong>gloria</strong></span> <span class='ocrx_word' id='word_1_110' title='bbox 722 1366 910 1434; x_wconf 89' lang='lat' dir='ltr'><strong>tollat,</strong></span> <span class='ocrx_word' id='word_1_111' title='bbox 940 1380 1015 1422; x_wconf 90' lang='lat' dir='ltr'><strong>ne</strong></span> <span class='ocrx_word' id='word_1_112' title='bbox 1069 1366 1302 1436; x_wconf 89' lang='lat' dir='ltr'><strong>quando</strong></span> <span class='ocrx_word' id='word_1_113' title='bbox 1349 1364 1507 1421; x_wconf 89' lang='lat' dir='ltr'><strong>dicat</strong></span> <span class='ocrx_word' id='word_1_114' title='bbox 1557 1363 1837 1421; x_wconf 87' lang='lat' dir='ltr'><strong>inimicus</strong></span> 
     </span>
     <span class='ocr_line' id='line_1_15' title="bbox 176 1451 1837 1524; baseline -0.003 -11"><span class='ocrx_word' id='word_1_115' title='bbox 176 1460 395 1513; x_wconf 76' lang='lat' dir='ltr'><strong>vester:</strong></span> <span class='ocrx_word' id='word_1_116' title='bbox 428 1456 718 1512; x_wconf 75' lang='lat' dir='ltr'><strong>Praevalai</strong></span> <span class='ocrx_word' id='word_1_117' title='bbox 773 1454 1035 1513; x_wconf 77' lang='lat' dir='ltr'><strong>adversus</strong></span> <span class='ocrx_word' id='word_1_118' title='bbox 1079 1469 1206 1511; x_wconf 78' lang='lat' dir='ltr'><strong>eum</strong></span> <span class='ocrx_word' id='word_1_119' title='bbox 1234 1454 1411 1524; x_wconf 81' lang='lat' dir='ltr'><strong>(Psal.</strong></span> <span class='ocrx_word' id='word_1_120' title='bbox 1444 1456 1565 1524; x_wconf 69' lang='grc' dir='ltr'><strong>ιιι).</strong></span> <span class='ocrx_word' id='word_1_121' title='bbox 1625 1451 1837 1509; x_wconf 90' lang='lat' dir='ltr'><strong>Omnia</strong></span> 
     </span>
    </p>
   </div>
   <div class='ocr_carea' id='block_1_5' title="bbox 85 1540 1916 1725">
    <p class='ocr_par' dir='ltr' id='par_1_5' title="bbox 85 1540 1916 1725">
     <span class='ocr_line' id='line_1_16' title="bbox 86 1540 1833 1618; baseline -0.003 -15"><span class='ocrx_word' id='word_1_122' title='bbox 86 1540 89 1575; x_wconf 78' lang='lat'>³</span> <span class='ocrx_word' id='word_1_123' title='bbox 180 1561 345 1618; x_wconf 87' lang='lat' dir='ltr'><strong>opera</strong></span> <span class='ocrx_word' id='word_1_124' title='bbox 376 1552 573 1602; x_wconf 79' lang='lat' dir='ltr'><strong>vestra</strong></span> <span class='ocrx_word' id='word_1_125' title='bbox 624 1545 889 1602; x_wconf 72' lang='lat' dir='ltr'><strong>referatis</strong></span> <span class='ocrx_word' id='word_1_126' title='bbox 920 1545 993 1602; x_wconf 91' lang='lat' dir='ltr'><strong>ad</strong></span> <span class='ocrx_word' id='word_1_127' title='bbox 1026 1543 1232 1606; x_wconf 87' lang='lat' dir='ltr'><strong>Deum,</strong></span> <span class='ocrx_word' id='word_1_128' title='bbox 1266 1546 1331 1598; x_wconf 87' lang='lat' dir='ltr'><strong>ut</strong></span> <span class='ocrx_word' id='word_1_129' title='bbox 1369 1541 1833 1600; x_wconf 79' lang='lat' dir='ltr'><strong>benedictionem</strong></span> 
     </span>
     <span class='ocr_line' id='line_1_17' title="bbox 85 1624 1916 1725; baseline -0.003 -33"><span class='ocrx_word' id='word_1_130' title='bbox 85 1624 97 1725; x_wconf 66' lang='grc' dir='ltr'><strong>,ξ</strong></span> <span class='ocrx_word' id='word_1_131' title='bbox 186 1635 545 1703; x_wconf 82' lang='lat' dir='ltr'><strong>mereamini,</strong></span> <span class='ocrx_word' id='word_1_132' title='bbox 603 1635 742 1706; x_wconf 90' lang='lat' dir='ltr'><strong>quia</strong></span> <span class='ocrx_word' id='word_1_133' title='bbox 798 1635 991 1691; x_wconf 78' lang='lat' dir='ltr'><strong>beatus</strong></span> <span class='ocrx_word' id='word_1_134' title='bbox 1017 1636 1114 1705; x_wconf 78' lang='lat' dir='ltr'><strong>qui</strong></span> <span class='ocrx_word' id='word_1_135' title='bbox 1155 1631 1362 1689; x_wconf 75' lang='lat' dir='ltr'><strong>tenebit</strong></span> <span class='ocrx_word' id='word_1_136' title='bbox 1389 1635 1440 1688; x_wconf 83' lang='lat' dir='ltr'><strong>et</strong></span> <span class='ocrx_word' id='word_1_137' title='bbox 1484 1631 1678 1688; x_wconf 77' lang='lat' dir='ltr'><strong>allidet</strong></span> <span class='ocrx_word' id='word_1_138' title='bbox 1708 1648 1835 1703; x_wconf 83' lang='lat' dir='ltr'><strong>par·</strong></span> <span class='ocrx_word' id='word_1_139' title='bbox 1866 1652 1916 1718; x_wconf 76' lang='grc' dir='ltr'><strong>Β</strong></span> 
     </span>
    </p>
   </div>
   <div class='ocr_carea' id='block_1_6' title="bbox 184 1720 1834 1795">
    <p class='ocr_par' dir='ltr' id='par_1_6' title="bbox 184 1720 1834 1795">
     <span class='ocr_line' id='line_1_18' title="bbox 184 1720 1834 1795; baseline -0.004 -13"><span class='ocrx_word' id='word_1_140' title='bbox 184 1724 323 1781; x_wconf 78' lang='lat' dir='ltr'><strong>sslos</strong></span> <span class='ocrx_word' id='word_1_141' title='bbox 368 1740 501 1781; x_wconf 72' lang='lat' dir='ltr'><strong>suos</strong></span> <span class='ocrx_word' id='word_1_142' title='bbox 578 1722 653 1780; x_wconf 81' lang='lat' dir='ltr'><strong>od</strong></span> <span class='ocrx_word' id='word_1_143' title='bbox 706 1732 923 1795; x_wconf 75' lang='lat' dir='ltr'><strong>petram</strong></span> <span class='ocrx_word' id='word_1_144' title='bbox 966 1723 1141 1795; x_wconf 78' lang='lat' dir='ltr'><strong>(Psal.</strong></span> <span class='ocrx_word' id='word_1_145' title='bbox 1192 1728 1438 1789; x_wconf 77' lang='lat' dir='ltr'><strong>cxxxvi),</strong></span> <span class='ocrx_word' id='word_1_146' title='bbox 1497 1721 1557 1776; x_wconf 91' lang='lat' dir='ltr'><strong>id</strong></span> <span class='ocrx_word' id='word_1_147' title='bbox 1613 1726 1703 1777; x_wconf 86' lang='lat' dir='ltr'><strong>est</strong></span> <span class='ocrx_word' id='word_1_148' title='bbox 1759 1720 1834 1777; x_wconf 85' lang='lat' dir='ltr'><strong>ad</strong></span> 
     </span>
    </p>
   </div>
   <div class='ocr_carea' id='block_1_7' title="bbox 85 1810 1835 2149">
    <p class='ocr_par' dir='ltr' id='par_1_7' title="bbox 85 1810 1835 2149">
     <span class='ocr_line' id='line_1_19' title="bbox 85 1810 1832 1884; baseline -0.003 -14"><span class='ocrx_word' id='word_1_149' title='bbox 85 1856 93 1879; x_wconf 59' lang='lat'>2</span> <span class='ocrx_word' id='word_1_150' title='bbox 184 1812 469 1871; x_wconf 73' lang='lat' dir='ltr'><strong>Christum</strong></span> <span class='ocrx_word' id='word_1_151' title='bbox 532 1829 710 1884; x_wconf 89' lang='lat' dir='ltr'><strong>opera</strong></span> <span class='ocrx_word' id='word_1_152' title='bbox 738 1828 850 1869; x_wconf 89' lang='lat' dir='ltr'><strong>sua</strong></span> <span class='ocrx_word' id='word_1_153' title='bbox 903 1812 1132 1875; x_wconf 79' lang='lat' dir='ltr'><strong>referet,</strong></span> <span class='ocrx_word' id='word_1_154' title='bbox 1168 1814 1225 1867; x_wconf 91' lang='lat' dir='ltr'><strong>et</strong></span> <span class='ocrx_word' id='word_1_155' title='bbox 1271 1813 1330 1867; x_wconf 89' lang='lat' dir='ltr'><strong>in</strong></span> <span class='ocrx_word' id='word_1_156' title='bbox 1385 1810 1512 1879; x_wconf 85' lang='lat' dir='ltr'><strong>ipso</strong></span> <span class='ocrx_word' id='word_1_157' title='bbox 1544 1810 1832 1880; x_wconf 77' lang='lat' dir='ltr'><strong>probabit,</strong></span> 
     </span>
     <span class='ocr_line' id='line_1_20' title="bbox 86 1882 1834 1985; baseline -0.001 -30"><span class='ocrx_word' id='word_1_158' title='bbox 86 1882 93 1985; x_wconf 67' lang='grc' dir='ltr'>ξ</span> <span class='ocrx_word' id='word_1_159' title='bbox 186 1902 273 1976; x_wconf 78' lang='lat' dir='ltr'><strong>qni</strong></span> <span class='ocrx_word' id='word_1_160' title='bbox 296 1906 391 1959; x_wconf 80' lang='lat' dir='ltr'><strong>est</strong></span> <span class='ocrx_word' id='word_1_161' title='bbox 420 1903 569 1974; x_wconf 74' lang='lat' dir='ltr'><strong>lepis</strong></span> <span class='ocrx_word' id='word_1_162' title='bbox 624 1901 946 1976; x_wconf 65' lang='lat' dir='ltr'><strong>offensionis</strong></span> <span class='ocrx_word' id='word_1_163' title='bbox 1002 1907 1052 1957; x_wconf 85' lang='lat' dir='ltr'><strong>et</strong></span> <span class='ocrx_word' id='word_1_164' title='bbox 1080 1907 1233 1972; x_wconf 78' lang='lat' dir='ltr'><strong>petra</strong></span> <span class='ocrx_word' id='word_1_165' title='bbox 1295 1899 1551 1956; x_wconf 78' lang='lat' dir='ltr'><strong>scandali</strong></span> <span class='ocrx_word' id='word_1_166' title='bbox 1599 1900 1653 1969; x_wconf 86' lang='lat' dir='ltr'><strong>(l</strong></span> <span class='ocrx_word' id='word_1_167' title='bbox 1682 1901 1834 1955; x_wconf 79' lang='lat' dir='ltr'><strong>Petr.</strong></span> 
     </span>
     <span class='ocr_line' id='line_1_21' title="bbox 86 1964 1835 2063; baseline -0.001 -17"><span class='ocrx_word' id='word_1_168' title='bbox 86 1964 99 2045; x_wconf 54' lang='lat' dir='ltr'><strong>{r</strong></span> <span class='ocrx_word' id='word_1_169' title='bbox 188 1996 259 2059; x_wconf 87' lang='grc' dir='ltr'><strong>ιι).</strong></span> <span class='ocrx_word' id='word_1_170' title='bbox 286 1990 368 2048; x_wconf 75' lang='lat' dir='ltr'><strong>Ne</strong></span> <span class='ocrx_word' id='word_1_171' title='bbox 393 1991 652 2049; x_wconf 80' lang='lat' dir='ltr'><strong>credatis</strong></span> <span class='ocrx_word' id='word_1_172' title='bbox 711 1990 873 2049; x_wconf 90' lang='lat' dir='ltr'><strong>omni</strong></span> <span class='ocrx_word' id='word_1_173' title='bbox 930 1990 1183 2063; x_wconf 89' lang='lat' dir='ltr'><strong>spiritui,</strong></span> <span class='ocrx_word' id='word_1_174' title='bbox 1243 1988 1346 2046; x_wconf 89' lang='lat' dir='ltr'><strong>sed</strong></span> <span class='ocrx_word' id='word_1_175' title='bbox 1392 1988 1558 2062; x_wconf 90' lang='lat' dir='ltr'><strong>prius</strong></span> <span class='ocrx_word' id='word_1_176' title='bbox 1594 1990 1835 2060; x_wconf 88' lang='lat' dir='ltr'><strong>probate</strong></span> 
     </span>
     <span class='ocr_line' id='line_1_22' title="bbox 86 2073 1830 2149; baseline -0.004 -10"><span class='ocrx_word' id='word_1_177' title='bbox 86 2092 93 2105; x_wconf 73' lang='lat'>⁵</span> <span class='ocrx_word' id='word_1_178' title='bbox 192 2086 371 2139; x_wconf 77' lang='lat' dir='ltr'><strong>utrum</strong></span> <span class='ocrx_word' id='word_1_179' title='bbox 392 2096 467 2137; x_wconf 81' lang='lat' dir='ltr'><strong>ex</strong></span> <span class='ocrx_word' id='word_1_180' title='bbox 496 2073 617 2138; x_wconf 73' lang='lat' dir='ltr'><strong>Dei&gt;</strong></span> <span class='ocrx_word' id='word_1_181' title='bbox 643 2081 784 2138; x_wconf 89' lang='lat' dir='ltr'><strong>sint.</strong></span> <span class='ocrx_word' id='word_1_182' title='bbox 804 2079 1010 2136; x_wconf 89' lang='lat' dir='ltr'><strong>Sermo</strong></span> <span class='ocrx_word' id='word_1_183' title='bbox 1032 2078 1349 2149; x_wconf 63' lang='lat' dir='ltr'><strong>jactantia,</strong></span> <span class='ocrx_word' id='word_1_184' title='bbox 1364 2082 1530 2134; x_wconf 87' lang='lat' dir='ltr'><strong>actus</strong></span> <span class='ocrx_word' id='word_1_185' title='bbox 1551 2091 1830 2149; x_wconf 77' lang='lat' dir='ltr'><strong>praeceps,</strong></span> 
     </span>
    </p>
   </div>
   <div class='ocr_carea' id='block_1_8' title="bbox 100 2163 1836 3852">
    <p class='ocr_par' dir='ltr' id='par_1_8' title="bbox 100 2163 1836 3852">
     <span class='ocr_line' id='line_1_23' title="bbox 190 2163 1831 2245; baseline -0.004 -18"><span class='ocrx_word' id='word_1_186' title='bbox 190 2169 379 2245; x_wconf 83' lang='lat' dir='ltr'><strong>procul</strong></span> <span class='ocrx_word' id='word_1_187' title='bbox 404 2169 531 2226; x_wconf 87' lang='lat' dir='ltr'><strong>sint</strong></span> <span class='ocrx_word' id='word_1_188' title='bbox 585 2186 624 2226; x_wconf 88' lang='lat' dir='ltr'><strong>a</strong></span> <span class='ocrx_word' id='word_1_189' title='bbox 650 2168 836 2225; x_wconf 87' lang='lat' dir='ltr'><strong>vobis.</strong></span> <span class='ocrx_word' id='word_1_190' title='bbox 868 2167 1013 2224; x_wconf 87' lang='lat' dir='ltr'><strong>Cum</strong></span> <span class='ocrx_word' id='word_1_191' title='bbox 1069 2181 1308 2224; x_wconf 90' lang='lat' dir='ltr'><strong>summa</strong></span> <span class='ocrx_word' id='word_1_192' title='bbox 1353 2164 1656 2237; x_wconf 84' lang='lat' dir='ltr'><strong>gravitate,</strong></span> <span class='ocrx_word' id='word_1_193' title='bbox 1688 2168 1745 2221; x_wconf 92' lang='lat' dir='ltr'><strong>et</strong></span> <span class='ocrx_word' id='word_1_194' title='bbox 1772 2163 1831 2221; x_wconf 91' lang='lat' dir='ltr'><strong>in</strong></span> 
     </span>
     <span class='ocr_line' id='line_1_24' title="bbox 100 2254 1835 2325; baseline -0.004 -7"><span class='ocrx_word' id='word_1_195' title='bbox 100 2290 105 2297; x_wconf 96' lang='lat'>·</span> <span class='ocrx_word' id='word_1_196' title='bbox 190 2260 421 2318; x_wconf 85' lang='lat' dir='ltr'><strong>consilio</strong></span> <span class='ocrx_word' id='word_1_197' title='bbox 450 2261 661 2317; x_wconf 90' lang='lat' dir='ltr'><strong>omnia</strong></span> <span class='ocrx_word' id='word_1_198' title='bbox 691 2258 937 2325; x_wconf 80' lang='lat' dir='ltr'><strong>faciatis,</strong></span> <span class='ocrx_word' id='word_1_199' title='bbox 969 2261 1033 2314; x_wconf 91' lang='lat' dir='ltr'><strong>ut</strong></span> <span class='ocrx_word' id='word_1_200' title='bbox 1063 2256 1344 2314; x_wconf 87' lang='lat' dir='ltr'><strong>modestia</strong></span> <span class='ocrx_word' id='word_1_201' title='bbox 1372 2260 1563 2312; x_wconf 88' lang='lat' dir='ltr'><strong>vestra</strong></span> <span class='ocrx_word' id='word_1_202' title='bbox 1593 2260 1730 2313; x_wconf 90' lang='lat' dir='ltr'><strong>nota</strong></span> <span class='ocrx_word' id='word_1_203' title='bbox 1757 2254 1835 2312; x_wconf 87' lang='lat' dir='ltr'><strong>sit</strong></span> 
     </span>
     <span class='ocr_line' id='line_1_25' title="bbox 192 2343 1831 2415; baseline -0.004 -9"><span class='ocrx_word' id='word_1_204' title='bbox 192 2350 451 2407; x_wconf 75' lang='lat' dir='ltr'><strong>omnibns</strong></span> <span class='ocrx_word' id='word_1_205' title='bbox 484 2348 848 2407; x_wconf 88' lang='lat' dir='ltr'><strong>bominibus.</strong></span> <span class='ocrx_word' id='word_1_206' title='bbox 880 2347 950 2403; x_wconf 78' lang='lat' dir='ltr'><strong>Et</strong></span> <span class='ocrx_word' id='word_1_207' title='bbox 977 2346 1065 2403; x_wconf 90' lang='lat' dir='ltr'><strong>sic</strong></span> <span class='ocrx_word' id='word_1_208' title='bbox 1107 2346 1165 2403; x_wconf 90' lang='lat' dir='ltr'><strong>in</strong></span> <span class='ocrx_word' id='word_1_209' title='bbox 1197 2362 1264 2403; x_wconf 91' lang='lat' dir='ltr'><strong>eo</strong></span> <span class='ocrx_word' id='word_1_210' title='bbox 1293 2343 1555 2413; x_wconf 81' lang='lat' dir='ltr'><strong>vincetis,</strong></span> <span class='ocrx_word' id='word_1_211' title='bbox 1584 2346 1680 2415; x_wconf 83' lang='lat' dir='ltr'><strong>qui</strong></span> <span class='ocrx_word' id='word_1_212' title='bbox 1713 2345 1831 2400; x_wconf 85' lang='lat' dir='ltr'><strong>ait:</strong></span> 
     </span>
     <span class='ocr_line' id='line_1_26' title="bbox 191 2434 1834 2510; baseline -0.004 -14"><span class='ocrx_word' id='word_1_213' title='bbox 191 2439 465 2510; x_wconf 74' lang='lat' dir='ltr'><strong>Confidite,</strong></span> <span class='ocrx_word' id='word_1_214' title='bbox 496 2454 597 2509; x_wconf 69' lang='lat' dir='ltr'><strong>epo</strong></span> <span class='ocrx_word' id='word_1_215' title='bbox 651 2440 759 2494; x_wconf 78' lang='lat' dir='ltr'><strong>vici</strong></span> <span class='ocrx_word' id='word_1_216' title='bbox 782 2434 1056 2493; x_wconf 77' lang='lat' dir='ltr'><strong>mundum</strong></span> <span class='ocrx_word' id='word_1_217' title='bbox 1111 2434 1286 2506; x_wconf 77' lang='lat' dir='ltr'><strong>(Joan.</strong></span> <span class='ocrx_word' id='word_1_218' title='bbox 1317 2437 1455 2505; x_wconf 75' lang='lat' dir='ltr'><strong>xvi).</strong></span> <span class='ocrx_word' id='word_1_219' title='bbox 1488 2434 1650 2498; x_wconf 91' lang='lat' dir='ltr'><strong>Quod</strong></span> <span class='ocrx_word' id='word_1_220' title='bbox 1707 2436 1834 2504; x_wconf 88' lang='lat' dir='ltr'><strong>ipse</strong></span> 
     </span>
     <span class='ocr_line' id='line_1_27' title="bbox 189 2523 1832 2599; baseline -0.004 -14"><span class='ocrx_word' id='word_1_221' title='bbox 189 2529 335 2585; x_wconf 79' lang='lat' dir='ltr'><strong>vobis</strong></span> <span class='ocrx_word' id='word_1_222' title='bbox 392 2527 707 2597; x_wconf 81' lang='lat' dir='ltr'><strong>concedat,</strong></span> <span class='ocrx_word' id='word_1_223' title='bbox 738 2525 839 2599; x_wconf 86' lang='lat' dir='ltr'><strong>qul</strong></span> <span class='ocrx_word' id='word_1_224' title='bbox 897 2524 1097 2582; x_wconf 87' lang='lat' dir='ltr'><strong>omnia</strong></span> <span class='ocrx_word' id='word_1_225' title='bbox 1124 2528 1336 2595; x_wconf 88' lang='lat' dir='ltr'><strong>potest,</strong></span> <span class='ocrx_word' id='word_1_226' title='bbox 1384 2523 1554 2593; x_wconf 84' lang='lat' dir='ltr'><strong>cujus</strong></span> <span class='ocrx_word' id='word_1_227' title='bbox 1594 2537 1832 2579; x_wconf 85' lang='lat' dir='ltr'><strong>causam</strong></span> 
     </span>
     <span class='ocr_line' id='line_1_28' title="bbox 190 2611 1835 2691; baseline -0.004 -16"><span class='ocrx_word' id='word_1_228' title='bbox 190 2618 370 2691; x_wconf 79' lang='lat' dir='ltr'><strong>agitis,</strong></span> <span class='ocrx_word' id='word_1_229' title='bbox 396 2618 576 2674; x_wconf 84' lang='lat' dir='ltr'><strong>Jesus</strong></span> <span class='ocrx_word' id='word_1_230' title='bbox 606 2615 874 2672; x_wconf 88' lang='lat' dir='ltr'><strong>Christus</strong></span> <span class='ocrx_word' id='word_1_231' title='bbox 908 2612 1188 2670; x_wconf 78' lang='lat' dir='ltr'><strong>Dominus</strong></span> <span class='ocrx_word' id='word_1_232' title='bbox 1240 2618 1456 2679; x_wconf 87' lang='lat' dir='ltr'><strong>noster,</strong></span> <span class='ocrx_word' id='word_1_233' title='bbox 1489 2611 1835 2668; x_wconf 88' lang='lat' dir='ltr'><strong>charissime</strong></span> 
     </span>
     <span class='ocr_line' id='line_1_29' title="bbox 196 2701 1136 2764; baseline -0.005 -2"><span class='ocrx_word' id='word_1_234' title='bbox 196 2708 353 2764; x_wconf 81' lang='lat' dir='ltr'><strong>Pater</strong></span> <span class='ocrx_word' id='word_1_235' title='bbox 374 2711 437 2764; x_wconf 89' lang='lat' dir='ltr'><strong>et</strong></span> <span class='ocrx_word' id='word_1_236' title='bbox 463 2706 729 2763; x_wconf 86' lang='lat' dir='ltr'><strong>domine.</strong></span> <span class='ocrx_word' id='word_1_237' title='bbox 761 2705 915 2761; x_wconf 87' lang='lat' dir='ltr'><strong>Bene</strong></span> <span class='ocrx_word' id='word_1_238' title='bbox 936 2701 1136 2760; x_wconf 88' lang='lat' dir='ltr'><strong>valete.</strong></span> 
     </span>
     <span class='ocr_line' id='line_1_30' title="bbox 856 2791 1157 2851; baseline -0.01 -2"><span class='ocrx_word' id='word_1_239' title='bbox 856 2791 1157 2851; x_wconf 83' lang='lat' dir='ltr'><strong>xxxvm.</strong></span> 
     </span>
     <span class='ocr_line' id='line_1_31' title="bbox 493 2895 1493 2942; baseline -0.005 -1"><span class='ocrx_word' id='word_1_240' title='bbox 493 2900 569 2941; x_wconf 71' lang='lat' dir='ltr'><strong>an</strong></span> <span class='ocrx_word' id='word_1_241' title='bbox 608 2898 945 2942; x_wconf 71' lang='lat' dir='ltr'><strong>moov1cun</strong></span> <span class='ocrx_word' id='word_1_242' title='bbox 984 2897 1174 2938; x_wconf 69' lang='lat' dir='ltr'><strong>asem</strong></span> <span class='ocrx_word' id='word_1_243' title='bbox 1212 2895 1493 2937; x_wconf 56' lang='lat' dir='ltr'><strong>ransom.</strong></span> 
     </span>
     <span class='ocr_line' id='line_1_32' title="bbox 244 2969 1831 3043; baseline -0.005 -11"><span class='ocrx_word' id='word_1_244' title='bbox 244 2974 611 3032; x_wconf 62' lang='lat' dir='ltr'><strong>charissimo</strong></span> <span class='ocrx_word' id='word_1_245' title='bbox 624 2972 865 3031; x_wconf 91' lang='lat' dir='ltr'><strong>domino</strong></span> <span class='ocrx_word' id='word_1_246' title='bbox 886 2988 995 3030; x_wconf 90' lang='lat' dir='ltr'><strong>suo</strong></span> <span class='ocrx_word' id='word_1_247' title='bbox 1007 2972 1318 3039; x_wconf 79' lang='lat' dir='ltr'><strong>Lnnovico,</strong></span> <span class='ocrx_word' id='word_1_248' title='bbox 1335 2969 1455 3043; x_wconf 88' lang='lat' dir='ltr'><strong>regi</strong></span> <span class='ocrx_word' id='word_1_249' title='bbox 1470 2970 1831 3041; x_wconf 79' lang='lat' dir='ltr'><strong>Francorum,</strong></span> 
     </span>
     <span class='ocr_line' id='line_1_33' title="bbox 188 3059 1833 3126; baseline -0.005 -4"><span class='ocrx_word' id='word_1_250' title='bbox 188 3067 487 3122; x_wconf 71' lang='lat' dir='ltr'><strong>munros</strong></span> <span class='ocrx_word' id='word_1_251' title='bbox 528 3062 898 3122; x_wconf 80' lang='lat' dir='ltr'><strong>Lexoviensis</strong></span> <span class='ocrx_word' id='word_1_252' title='bbox 936 3062 1203 3119; x_wconf 74' lang='lat' dir='ltr'><strong>Ecclesiae</strong></span> <span class='ocrx_word' id='word_1_253' title='bbox 1258 3059 1495 3116; x_wconf 87' lang='lat' dir='ltr'><strong>humilis</strong></span> <span class='ocrx_word' id='word_1_254' title='bbox 1543 3059 1833 3126; x_wconf 74' lang='lat' dir='ltr'><strong>minister,</strong></span> 
     </span>
     <span class='ocr_line' id='line_1_34' title="bbox 190 3148 1832 3219; baseline -0.002 -9"><span class='ocrx_word' id='word_1_255' title='bbox 190 3153 421 3212; x_wconf 63' lang='lat' dir='ltr'><strong>alnum</strong></span> <span class='ocrx_word' id='word_1_256' title='bbox 437 3154 931 3212; x_wconf 80' lang='lat' dir='ltr'><strong>etdevotumcum</strong></span> <span class='ocrx_word' id='word_1_257' title='bbox 952 3150 1113 3207; x_wconf 93' lang='lat' dir='ltr'><strong>omni</strong></span> <span class='ocrx_word' id='word_1_258' title='bbox 1132 3148 1441 3206; x_wconf 88' lang='lat' dir='ltr'><strong>devotione</strong></span> <span class='ocrx_word' id='word_1_259' title='bbox 1461 3148 1832 3219; x_wconf 74' lang='lat' dir='ltr'><strong>obsequium.</strong></span> 
     </span>
     <span class='ocr_line' id='line_1_35' title="bbox 250 3237 1835 3310; baseline -0.004 -10"><span class='ocrx_word' id='word_1_260' title='bbox 250 3242 591 3300; x_wconf 70' lang='lat' dir='ltr'><strong>Lotiiicavit</strong></span> <span class='ocrx_word' id='word_1_261' title='bbox 620 3241 882 3298; x_wconf 85' lang='lat' dir='ltr'><strong>animam</strong></span> <span class='ocrx_word' id='word_1_262' title='bbox 904 3255 1094 3297; x_wconf 87' lang='lat' dir='ltr'><strong>meam</strong></span> <span class='ocrx_word' id='word_1_263' title='bbox 1118 3238 1269 3296; x_wconf 89' lang='lat' dir='ltr'><strong>lator</strong></span> <span class='ocrx_word' id='word_1_264' title='bbox 1301 3237 1675 3310; x_wconf 81' lang='lat' dir='ltr'><strong>praesentium</strong></span> <span class='ocrx_word' id='word_1_265' title='bbox 1700 3252 1835 3308; x_wconf 83' lang='lat' dir='ltr'><strong>geu-</strong></span> 
     </span>
     <span class='ocr_line' id='line_1_36' title="bbox 188 3330 1834 3405; baseline -0.005 -14"><span class='ocrx_word' id='word_1_266' title='bbox 188 3333 271 3391; x_wconf 78' lang='lat' dir='ltr'><strong>‹lio</strong></span> <span class='ocrx_word' id='word_1_267' title='bbox 298 3335 399 3391; x_wconf 86' lang='lat' dir='ltr'><strong>diu</strong></span> <span class='ocrx_word' id='word_1_268' title='bbox 432 3332 796 3403; x_wconf 85' lang='lat' dir='ltr'><strong>desiderato,</strong></span> <span class='ocrx_word' id='word_1_269' title='bbox 819 3331 1033 3405; x_wconf 86' lang='lat' dir='ltr'><strong>gaudio</strong></span> <span class='ocrx_word' id='word_1_270' title='bbox 1062 3330 1215 3403; x_wconf 88' lang='lat' dir='ltr'><strong>quod</strong></span> <span class='ocrx_word' id='word_1_271' title='bbox 1238 3333 1357 3385; x_wconf 90' lang='lat' dir='ltr'><strong>tam</strong></span> <span class='ocrx_word' id='word_1_272' title='bbox 1382 3345 1487 3385; x_wconf 85' lang='lat' dir='ltr'><strong>nos</strong></span> <span class='ocrx_word' id='word_1_273' title='bbox 1517 3343 1693 3401; x_wconf 88' lang='lat' dir='ltr'><strong>quam</strong></span> <span class='ocrx_word' id='word_1_274' title='bbox 1723 3343 1834 3386; x_wconf 67' lang='grc' dir='ltr'><strong>οω-</strong></span> 
     </span>
     <span class='ocr_line' id='line_1_37' title="bbox 187 3418 1833 3496; baseline -0.004 -15"><span class='ocrx_word' id='word_1_275' title='bbox 187 3424 279 3481; x_wconf 87' lang='lat' dir='ltr'><strong>teri</strong></span> <span class='ocrx_word' id='word_1_276' title='bbox 307 3423 515 3483; x_wconf 77' lang='lat' dir='ltr'><strong>fideles</strong></span> <span class='ocrx_word' id='word_1_277' title='bbox 561 3423 726 3496; x_wconf 90' lang='lat' dir='ltr'><strong>regni</strong></span> <span class='ocrx_word' id='word_1_278' title='bbox 776 3422 1125 3480; x_wconf 76' lang='lat' dir='ltr'><strong>Francorum</strong></span> <span class='ocrx_word' id='word_1_279' title='bbox 1159 3419 1349 3492; x_wconf 88' lang='lat' dir='ltr'><strong>longis</strong></span> <span class='ocrx_word' id='word_1_280' title='bbox 1403 3418 1833 3489; x_wconf 76' lang='lat' dir='ltr'><strong>suspiravimus</strong></span> 
     </span>
     <span class='ocr_line' id='line_1_38' title="bbox 190 3506 1833 3582; baseline -0.006 -12"><span class='ocrx_word' id='word_1_281' title='bbox 190 3513 508 3582; x_wconf 84' lang='lat' dir='ltr'><strong>desideriis,</strong></span> <span class='ocrx_word' id='word_1_282' title='bbox 538 3517 602 3570; x_wconf 89' lang='lat' dir='ltr'><strong>et</strong></span> <span class='ocrx_word' id='word_1_283' title='bbox 634 3528 793 3568; x_wconf 91' lang='lat' dir='ltr'><strong>nunc</strong></span> <span class='ocrx_word' id='word_1_284' title='bbox 820 3510 1039 3568; x_wconf 78' lang='lat' dir='ltr'><strong>crebris</strong></span> <span class='ocrx_word' id='word_1_285' title='bbox 1063 3507 1552 3565; x_wconf 83' lang='lat' dir='ltr'><strong>exsultationibus</strong></span> <span class='ocrx_word' id='word_1_286' title='bbox 1582 3506 1833 3577; x_wconf 88' lang='lat' dir='ltr'><strong>suscipi·</strong></span> 
     </span>
     <span class='ocr_line' id='line_1_39' title="bbox 188 3597 1834 3675; baseline -0.006 -15"><span class='ocrx_word' id='word_1_287' title='bbox 188 3619 309 3660; x_wconf 84' lang='lat' dir='ltr'><strong>mus</strong></span> <span class='ocrx_word' id='word_1_288' title='bbox 359 3601 775 3675; x_wconf 82' lang='lat' dir='ltr'><strong>adimpletum.</strong></span> <span class='ocrx_word' id='word_1_289' title='bbox 827 3598 1090 3658; x_wconf 77' lang='lat' dir='ltr'><strong>visitavit</strong></span> <span class='ocrx_word' id='word_1_290' title='bbox 1143 3599 1295 3654; x_wconf 88' lang='lat' dir='ltr'><strong>Deus</strong></span> <span class='ocrx_word' id='word_1_291' title='bbox 1352 3597 1576 3667; x_wconf 88' lang='lat' dir='ltr'><strong>plebem</strong></span> <span class='ocrx_word' id='word_1_292' title='bbox 1634 3611 1834 3665; x_wconf 82' lang='lat' dir='ltr'><strong>suam,</strong></span> 
     </span>
     <span class='ocr_line' id='line_1_40' title="bbox 188 3683 1836 3764; baseline -0.005 -17"><span class='ocrx_word' id='word_1_293' title='bbox 188 3690 401 3764; x_wconf 85' lang='lat' dir='ltr'><strong>totique</strong></span> <span class='ocrx_word' id='word_1_294' title='bbox 430 3705 622 3762; x_wconf 87' lang='lat' dir='ltr'><strong>regno</strong></span> <span class='ocrx_word' id='word_1_295' title='bbox 654 3689 1009 3745; x_wconf 84' lang='lat' dir='ltr'><strong>Francorum</strong></span> <span class='ocrx_word' id='word_1_296' title='bbox 1034 3684 1442 3742; x_wconf 78' lang='lat' dir='ltr'><strong>misericordiae</strong></span> <span class='ocrx_word' id='word_1_297' title='bbox 1463 3699 1587 3740; x_wconf 75' lang='lat' dir='ltr'><strong>suae</strong></span> <span class='ocrx_word' id='word_1_298' title='bbox 1613 3683 1836 3739; x_wconf 87' lang='lat' dir='ltr'><strong>viscera</strong></span> 
     </span>
     <span class='ocr_line' id='line_1_41' title="bbox 192 3773 1830 3852; baseline -0.004 -16"><span class='ocrx_word' id='word_1_299' title='bbox 192 3780 475 3852; x_wconf 72' lang='lat' dir='ltr'><strong>patefecit.</strong></span> <span class='ocrx_word' id='word_1_300' title='bbox 506 3778 650 3835; x_wconf 89' lang='lat' dir='ltr'><strong>dum</strong></span> <span class='ocrx_word' id='word_1_301' title='bbox 680 3782 738 3835; x_wconf 89' lang='lat' dir='ltr'><strong>et</strong></span> <span class='ocrx_word' id='word_1_302' title='bbox 763 3781 991 3835; x_wconf 90' lang='lat' dir='ltr'><strong>certum</strong></span> <span class='ocrx_word' id='word_1_303' title='bbox 1028 3777 1189 3834; x_wconf 89' lang='lat' dir='ltr'><strong>vobis</strong></span> <span class='ocrx_word' id='word_1_304' title='bbox 1217 3775 1501 3832; x_wconf 79' lang='lat' dir='ltr'><strong>haeredem</strong></span> <span class='ocrx_word' id='word_1_305' title='bbox 1552 3773 1830 3842; x_wconf 89' lang='lat' dir='ltr'><strong>instituit,</strong></span> 
     </span>
    </p>
   </div>
   <div class='ocr_carea' id='block_1_9' title="bbox 86 3863 1831 3940">
    <p class='ocr_par' dir='ltr' id='par_1_9' title="bbox 86 3863 1831 3940">
     <span class='ocr_line' id='line_1_42' title="bbox 86 3863 1831 3940; baseline -0.002 -16"><span class='ocrx_word' id='word_1_306' title='bbox 86 3869 89 3914; x_wconf 81' lang='lat' dir='ltr'><strong>i</strong></span> <span class='ocrx_word' id='word_1_307' title='bbox 188 3873 241 3924; x_wconf 90' lang='lat' dir='ltr'><strong>et</strong></span> <span class='ocrx_word' id='word_1_308' title='bbox 282 3869 517 3940; x_wconf 77' lang='lat' dir='ltr'><strong>justum</strong></span> <span class='ocrx_word' id='word_1_309' title='bbox 549 3868 845 3924; x_wconf 85' lang='lat' dir='ltr'><strong>universis</strong></span> <span class='ocrx_word' id='word_1_310' title='bbox 885 3867 1048 3939; x_wconf 85' lang='lat' dir='ltr'><strong>regni</strong></span> <span class='ocrx_word' id='word_1_311' title='bbox 1079 3866 1432 3923; x_wconf 83' lang='lat' dir='ltr'><strong>Francorum</strong></span> <span class='ocrx_word' id='word_1_312' title='bbox 1485 3863 1831 3936; x_wconf 90' lang='lat' dir='ltr'><strong>primatibus</strong></span> 
     </span>
    </p>
   </div>
   <div class='ocr_carea' id='block_1_10' title="bbox 86 3956 1835 4387">
    <p class='ocr_par' dir='ltr' id='par_1_10' title="bbox 86 3956 1835 4387">
     <span class='ocr_line' id='line_1_43' title="bbox 188 3956 1835 4028; baseline 0.001 -14"><span class='ocrx_word' id='word_1_313' title='bbox 188 3959 490 4016; x_wconf 88' lang='lat' dir='ltr'><strong>dominum</strong></span> <span class='ocrx_word' id='word_1_314' title='bbox 511 3959 821 4016; x_wconf 83' lang='lat' dir='ltr'><strong>ordinavit.</strong></span> <span class='ocrx_word' id='word_1_315' title='bbox 839 3957 1039 4015; x_wconf 89' lang='lat' dir='ltr'><strong>Nullus</strong></span> <span class='ocrx_word' id='word_1_316' title='bbox 1063 3958 1221 4013; x_wconf 90' lang='lat' dir='ltr'><strong>enim</strong></span> <span class='ocrx_word' id='word_1_317' title='bbox 1244 3957 1356 4013; x_wconf 91' lang='lat' dir='ltr'><strong>erit</strong></span> <span class='ocrx_word' id='word_1_318' title='bbox 1376 3956 1516 4013; x_wconf 90' lang='lat' dir='ltr'><strong>adeo</strong></span> <span class='ocrx_word' id='word_1_319' title='bbox 1543 3958 1835 4028; x_wconf 88' lang='lat' dir='ltr'><strong>superbus</strong></span> 
     </span>
     <span class='ocr_line' id='line_1_44' title="bbox 86 4033 1834 4121; baseline 0.001 -17"><span class='ocrx_word' id='word_1_320' title='bbox 86 4033 89 4042; x_wconf 55' lang='lat'><strong>¹</strong></span> <span class='ocrx_word' id='word_1_321' title='bbox 186 4053 279 4106; x_wconf 84' lang='lat' dir='ltr'><strong>aut</strong></span> <span class='ocrx_word' id='word_1_322' title='bbox 302 4057 639 4119; x_wconf 77' lang='lat' dir='ltr'><strong>contumax,</strong></span> <span class='ocrx_word' id='word_1_323' title='bbox 660 4049 761 4121; x_wconf 88' lang='lat' dir='ltr'><strong>qui</strong></span> <span class='ocrx_word' id='word_1_324' title='bbox 783 4047 868 4104; x_wconf 90' lang='lat' dir='ltr'><strong>illi</strong></span> <span class='ocrx_word' id='word_1_325' title='bbox 889 4047 1152 4104; x_wconf 88' lang='lat' dir='ltr'><strong>debitum</strong></span> <span class='ocrx_word' id='word_1_326' title='bbox 1177 4045 1524 4102; x_wconf 72' lang='lat' dir='ltr'><strong>famulatum</strong></span> <span class='ocrx_word' id='word_1_327' title='bbox 1549 4045 1834 4105; x_wconf 83' lang='lat' dir='ltr'><strong>detrectet</strong></span> 
     </span>
     <span class='ocr_line' id='line_1_45' title="bbox 187 4133 1834 4210; baseline 0.001 -19"><span class='ocrx_word' id='word_1_328' title='bbox 187 4136 543 4210; x_wconf 86' lang='lat' dir='ltr'><strong>impendere,</strong></span> <span class='ocrx_word' id='word_1_329' title='bbox 578 4151 753 4209; x_wconf 88' lang='lat' dir='ltr'><strong>quem</strong></span> <span class='ocrx_word' id='word_1_330' title='bbox 786 4134 858 4192; x_wconf 87' lang='lat' dir='ltr'><strong>de</strong></span> <span class='ocrx_word' id='word_1_331' title='bbox 896 4151 1067 4193; x_wconf 84' lang='lat' dir='ltr'><strong>carne</strong></span> <span class='ocrx_word' id='word_1_332' title='bbox 1095 4137 1288 4200; x_wconf 77' lang='lat' dir='ltr'><strong>vestra</strong></span> <span class='ocrx_word' id='word_1_333' title='bbox 1316 4133 1386 4191; x_wconf 90' lang='lat' dir='ltr'><strong>ad</strong></span> <span class='ocrx_word' id='word_1_334' title='bbox 1415 4133 1576 4206; x_wconf 87' lang='lat' dir='ltr'><strong>regni</strong></span> <span class='ocrx_word' id='word_1_335' title='bbox 1608 4135 1834 4192; x_wconf 89' lang='lat' dir='ltr'><strong>noverit</strong></span> 
     </span>
     <span class='ocr_line' id='line_1_46' title="bbox 187 4222 1833 4297; baseline -0.001 -15"><span class='ocrx_word' id='word_1_336' title='bbox 187 4223 576 4297; x_wconf 83' lang='lat' dir='ltr'><strong>gubernacula</strong></span> <span class='ocrx_word' id='word_1_337' title='bbox 643 4230 1033 4297; x_wconf 87' lang='lat' dir='ltr'><strong>procreatum.</strong></span> <span class='ocrx_word' id='word_1_338' title='bbox 1091 4223 1402 4280; x_wconf 84' lang='lat' dir='ltr'><strong>Conservet</strong></span> <span class='ocrx_word' id='word_1_339' title='bbox 1460 4222 1833 4294; x_wconf 88' lang='lat' dir='ltr'><strong>omnipotens</strong></span> 
     </span>
     <span class='ocr_line' id='line_1_47' title="bbox 194 4310 1831 4387; baseline -0.001 -17"><span class='ocrx_word' id='word_1_340' title='bbox 194 4317 341 4370; x_wconf 83' lang='lat' dir='ltr'><strong>Dens</strong></span> <span class='ocrx_word' id='word_1_341' title='bbox 354 4329 662 4387; x_wconf 86' lang='lat' dir='ltr'><strong>personam</strong></span> <span class='ocrx_word' id='word_1_342' title='bbox 694 4319 971 4382; x_wconf 88' lang='lat' dir='ltr'><strong>vestram,</strong></span> <span class='ocrx_word' id='word_1_343' title='bbox 986 4328 1233 4385; x_wconf 87' lang='lat' dir='ltr'><strong>regnum</strong></span> <span class='ocrx_word' id='word_1_344' title='bbox 1256 4310 1831 4381; x_wconf 85' lang='lat' dir='ltr'><strong>stabiliat,sobolem-</strong></span> 
     </span>
    </p>
   </div>
   <div class='ocr_carea' id='block_1_11' title="bbox 194 4371 1908 4476">
    <p class='ocr_par' dir='ltr' id='par_1_11' title="bbox 194 4371 1908 4476">
     <span class='ocr_line' id='line_1_48' title="bbox 194 4371 1908 4476; baseline 0 -18"><span class='ocrx_word' id='word_1_345' title='bbox 194 4417 307 4476; x_wconf 82' lang='lat' dir='ltr'><strong>que</strong></span> <span class='ocrx_word' id='word_1_346' title='bbox 332 4407 577 4460; x_wconf 78' lang='lat' dir='ltr'><strong>vestram</strong></span> <span class='ocrx_word' id='word_1_347' title='bbox 611 4401 775 4459; x_wconf 81' lang='lat' dir='ltr'><strong>vobis</strong></span> <span class='ocrx_word' id='word_1_348' title='bbox 803 4404 862 4458; x_wconf 89' lang='lat' dir='ltr'><strong>et</strong></span> <span class='ocrx_word' id='word_1_349' title='bbox 906 4401 1073 4458; x_wconf 88' lang='lat' dir='ltr'><strong>nobis</strong></span> <span class='ocrx_word' id='word_1_350' title='bbox 1103 4402 1163 4458; x_wconf 91' lang='lat' dir='ltr'><strong>in</strong></span> <span class='ocrx_word' id='word_1_351' title='bbox 1192 4406 1450 4472; x_wconf 87' lang='lat' dir='ltr'><strong>tempora</strong></span> <span class='ocrx_word' id='word_1_352' title='bbox 1480 4399 1831 4473; x_wconf 88' lang='lat' dir='ltr'><strong>multiplicet</strong></span> <span class='ocrx_word' id='word_1_353' title='bbox 1862 4371 1908 4438; x_wconf 74' lang='grc'><strong>9</strong></span> 
     </span>
    </p>
   </div>
   <div class='ocr_carea' id='block_1_12' title="bbox 186 4489 1831 4563">
    <p class='ocr_par' dir='ltr' id='par_1_12' title="bbox 186 4489 1831 4563">
     <span class='ocr_line' id='line_1_49' title="bbox 186 4489 1831 4563; baseline 0 -15"><span class='ocrx_word' id='word_1_354' title='bbox 186 4490 459 4563; x_wconf 73' lang='lat' dir='ltr'><strong>longiora.</strong></span> <span class='ocrx_word' id='word_1_355' title='bbox 487 4495 772 4550; x_wconf 80' lang='lat' dir='ltr'><strong>Caeterum</strong></span> <span class='ocrx_word' id='word_1_356' title='bbox 796 4505 899 4562; x_wconf 88' lang='lat' dir='ltr'><strong>pro</strong></span> <span class='ocrx_word' id='word_1_357' title='bbox 929 4489 1109 4547; x_wconf 89' lang='lat' dir='ltr'><strong>latore</strong></span> <span class='ocrx_word' id='word_1_358' title='bbox 1140 4490 1514 4562; x_wconf 65' lang='lat' dir='ltr'><strong>presentium</strong></span> <span class='ocrx_word' id='word_1_359' title='bbox 1538 4489 1831 4548; x_wconf 88' lang='lat' dir='ltr'><strong>Bernardo</strong></span> 
     </span>
    </p>
   </div>
   <div class='ocr_carea' id='block_1_13' title="bbox 86 4578 1831 4656">
    <p class='ocr_par' dir='ltr' id='par_1_13' title="bbox 86 4578 1831 4656">
     <span class='ocr_line' id='line_1_50' title="bbox 86 4578 1831 4656; baseline -0.002 -17"><span class='ocrx_word' id='word_1_360' title='bbox 86 4615 89 4622; x_wconf 94' lang='lat'>·</span> <span class='ocrx_word' id='word_1_361' title='bbox 186 4582 601 4656; x_wconf 83' lang='lat' dir='ltr'><strong>supplicamus,</strong></span> <span class='ocrx_word' id='word_1_362' title='bbox 631 4583 924 4653; x_wconf 88' lang='lat' dir='ltr'><strong>quatenus</strong></span> <span class='ocrx_word' id='word_1_363' title='bbox 955 4581 1025 4637; x_wconf 89' lang='lat' dir='ltr'><strong>ad</strong></span> <span class='ocrx_word' id='word_1_364' title='bbox 1066 4579 1125 4635; x_wconf 89' lang='lat' dir='ltr'><strong>id</strong></span> <span class='ocrx_word' id='word_1_365' title='bbox 1173 4579 1331 4652; x_wconf 89' lang='lat' dir='ltr'><strong>quod</strong></span> <span class='ocrx_word' id='word_1_366' title='bbox 1382 4578 1659 4635; x_wconf 87' lang='lat' dir='ltr'><strong>dominus</strong></span> <span class='ocrx_word' id='word_1_367' title='bbox 1689 4596 1831 4637; x_wconf 85' lang='lat' dir='ltr'><strong>suus</strong></span> 
     </span>
    </p>
   </div>
   <div class='ocr_carea' id='block_1_14' title="bbox 86 4668 1833 4748">
    <p class='ocr_par' dir='ltr' id='par_1_14' title="bbox 86 4668 1833 4748">
     <span class='ocr_line' id='line_1_51' title="bbox 86 4668 1833 4748; baseline -0.003 -18"><span class='ocrx_word' id='word_1_368' title='bbox 86 4687 89 4698; x_wconf 92' lang='grc'><strong><em>·</em></strong></span> <span class='ocrx_word' id='word_1_369' title='bbox 183 4675 229 4730; x_wconf 89' lang='lat' dir='ltr'><strong>ei</strong></span> <span class='ocrx_word' id='word_1_370' title='bbox 258 4673 556 4748; x_wconf 72' lang='lat' dir='ltr'><strong>legaverat</strong></span> <span class='ocrx_word' id='word_1_371' title='bbox 574 4670 1224 4739; x_wconf 85' lang='lat' dir='ltr'><strong>obtinendum‚nostras</strong></span> <span class='ocrx_word' id='word_1_372' title='bbox 1252 4668 1361 4724; x_wconf 83' lang='lat' dir='ltr'><strong>sibi</strong></span> <span class='ocrx_word' id='word_1_373' title='bbox 1392 4684 1591 4740; x_wconf 88' lang='lat' dir='ltr'><strong>preces</strong></span> <span class='ocrx_word' id='word_1_374' title='bbox 1614 4669 1833 4726; x_wconf 88' lang='lat' dir='ltr'><strong>sentiat</strong></span> 
     </span>
    </p>
   </div>
   <div class='ocr_carea' id='block_1_15' title="bbox 182 4763 1131 4905">
    <p class='ocr_par' dir='ltr' id='par_1_15' title="bbox 182 4763 1131 4905">
     <span class='ocr_line' id='line_1_52' title="bbox 182 4763 541 4835; baseline -0.019 -14"><span class='ocrx_word' id='word_1_375' title='bbox 182 4763 541 4835; x_wconf 75' lang='lat' dir='ltr'><strong>prorutum.</strong></span> 
     </span>
     <span class='ocr_line' id='line_1_53' title="bbox 890 4847 1131 4905; baseline -0.004 0"><span class='ocrx_word' id='word_1_376' title='bbox 890 4847 1131 4905; x_wconf 74' lang='lat' dir='ltr'><strong>XXXIX.</strong></span> 
     </span>
    </p>
   </div>
   <div class='ocr_carea' id='block_1_16' title="bbox 85 4952 1831 5548">
    <p class='ocr_par' dir='ltr' id='par_1_16' title="bbox 85 4952 1829 5104">
     <span class='ocr_line' id='line_1_54' title="bbox 274 4952 1719 5000; baseline -0.004 -1"><span class='ocrx_word' id='word_1_377' title='bbox 274 4959 351 5000; x_wconf 73' lang='lat' dir='ltr'><strong>an</strong></span> <span class='ocrx_word' id='word_1_378' title='bbox 390 4954 715 4998; x_wconf 62' lang='lat' dir='ltr'><strong>anatona</strong></span> <span class='ocrx_word' id='word_1_379' title='bbox 769 4953 1184 4995; x_wconf 67' lang='lat' dir='ltr'><strong>ric-rutensem</strong></span> <span class='ocrx_word' id='word_1_380' title='bbox 1219 4952 1719 4993; x_wconf 70' lang='lat' dir='ltr'><strong>aacmnucoauu.</strong></span> 
     </span>
     <span class='ocr_line' id='line_1_55' title="bbox 85 5024 1829 5104; baseline -0.005 -15"><span class='ocrx_word' id='word_1_381' title='bbox 85 5093 91 5104; x_wconf 65' lang='grc'>,</span> <span class='ocrx_word' id='word_1_382' title='bbox 244 5029 413 5096; x_wconf 83' lang='lat' dir='ltr'><strong>Quod</strong></span> <span class='ocrx_word' id='word_1_383' title='bbox 444 5028 670 5101; x_wconf 85' lang='lat' dir='ltr'><strong>aliquid</strong></span> <span class='ocrx_word' id='word_1_384' title='bbox 703 5044 739 5084; x_wconf 86' lang='lat' dir='ltr'><strong>a</strong></span> <span class='ocrx_word' id='word_1_385' title='bbox 761 5026 927 5083; x_wconf 79' lang='lat' dir='ltr'><strong>vobis</strong></span> <span class='ocrx_word' id='word_1_386' title='bbox 974 5041 1182 5085; x_wconf 87' lang='lat' dir='ltr'><strong>censeo</strong></span> <span class='ocrx_word' id='word_1_387' title='bbox 1211 5024 1646 5099; x_wconf 89' lang='lat' dir='ltr'><strong>postulandum,</strong></span> <span class='ocrx_word' id='word_1_388' title='bbox 1692 5040 1829 5081; x_wconf 89' lang='lat' dir='ltr'><strong>cum</strong></span> 
     </span>
    </p>

    <p class='ocr_par' dir='ltr' id='par_1_17' title="bbox 178 5113 1831 5548">
     <span class='ocr_line' id='line_1_56' title="bbox 182 5113 1831 5194; baseline -0.005 -17"><span class='ocrx_word' id='word_1_389' title='bbox 182 5118 482 5194; x_wconf 85' lang='lat' dir='ltr'><strong>petitionis</strong></span> <span class='ocrx_word' id='word_1_390' title='bbox 512 5117 811 5186; x_wconf 87' lang='lat' dir='ltr'><strong>honestas,</strong></span> <span class='ocrx_word' id='word_1_391' title='bbox 845 5119 974 5173; x_wconf 86' lang='lat' dir='ltr'><strong>tum</strong></span> <span class='ocrx_word' id='word_1_392' title='bbox 1005 5119 1206 5173; x_wconf 67' lang='lat' dir='ltr'><strong>vestro</strong></span> <span class='ocrx_word' id='word_1_393' title='bbox 1236 5113 1623 5187; x_wconf 84' lang='lat' dir='ltr'><strong>benignitatis</strong></span> <span class='ocrx_word' id='word_1_394' title='bbox 1654 5113 1831 5170; x_wconf 83' lang='lat' dir='ltr'><strong>intui-</strong></span> 
     </span>
     <span class='ocr_line' id='line_1_57' title="bbox 180 5203 1826 5282; baseline -0.004 -16"><span class='ocrx_word' id='word_1_395' title='bbox 180 5215 287 5278; x_wconf 81' lang='lat' dir='ltr'><strong>tus,</strong></span> <span class='ocrx_word' id='word_1_396' title='bbox 304 5224 431 5266; x_wconf 90' lang='lat' dir='ltr'><strong>non</strong></span> <span class='ocrx_word' id='word_1_397' title='bbox 450 5205 905 5282; x_wconf 68' lang='lat' dir='ltr'><strong>precedentium</strong></span> <span class='ocrx_word' id='word_1_398' title='bbox 929 5205 1064 5261; x_wconf 77' lang='lat' dir='ltr'><strong>tacit</strong></span> <span class='ocrx_word' id='word_1_399' title='bbox 1083 5204 1437 5263; x_wconf 79' lang='lat' dir='ltr'><strong>confidentia</strong></span> <span class='ocrx_word' id='word_1_400' title='bbox 1460 5203 1826 5260; x_wconf 89' lang='lat' dir='ltr'><strong>meritorum.</strong></span> 
     </span>
     <span class='ocr_line' id='line_1_58' title="bbox 178 5291 1827 5370; baseline -0.003 -15"><span class='ocrx_word' id='word_1_401' title='bbox 178 5299 387 5358; x_wconf 80' lang='lat' dir='ltr'><strong>Verum</strong></span> <span class='ocrx_word' id='word_1_402' title='bbox 440 5297 491 5354; x_wconf 89' lang='lat' dir='ltr'><strong>ei</strong></span> <span class='ocrx_word' id='word_1_403' title='bbox 544 5296 743 5370; x_wconf 86' lang='lat' dir='ltr'><strong>operis</strong></span> <span class='ocrx_word' id='word_1_404' title='bbox 789 5294 1070 5352; x_wconf 87' lang='lat' dir='ltr'><strong>exhibitio</strong></span> <span class='ocrx_word' id='word_1_405' title='bbox 1116 5311 1233 5351; x_wconf 92' lang='lat' dir='ltr'><strong>non</strong></span> <span class='ocrx_word' id='word_1_406' title='bbox 1285 5295 1603 5366; x_wconf 70' lang='lat' dir='ltr'><strong>processit,</strong></span> <span class='ocrx_word' id='word_1_407' title='bbox 1653 5291 1827 5365; x_wconf 89' lang='lat' dir='ltr'><strong>paulo</strong></span> 
     </span>
     <span class='ocr_line' id='line_1_59' title="bbox 182 5382 1827 5455; baseline -0.006 -7"><span class='ocrx_word' id='word_1_408' title='bbox 182 5391 371 5448; x_wconf 70' lang='lat' dir='ltr'><strong>ninus</strong></span> <span class='ocrx_word' id='word_1_409' title='bbox 386 5391 591 5446; x_wconf 84' lang='lat' dir='ltr'><strong>tamen</strong></span> <span class='ocrx_word' id='word_1_410' title='bbox 620 5385 739 5443; x_wconf 86' lang='lat' dir='ltr'><strong>sibi</strong></span> <span class='ocrx_word' id='word_1_411' title='bbox 758 5384 991 5443; x_wconf 83' lang='lat' dir='ltr'><strong>videtur</strong></span> <span class='ocrx_word' id='word_1_412' title='bbox 1019 5384 1304 5442; x_wconf 82' lang='lat' dir='ltr'><strong>meruisse</strong></span> <span class='ocrx_word' id='word_1_413' title='bbox 1332 5382 1580 5452; x_wconf 88' lang='lat' dir='ltr'><strong>devotio,</strong></span> <span class='ocrx_word' id='word_1_414' title='bbox 1599 5398 1731 5455; x_wconf 69' lang='lat' dir='ltr'><strong>quie</strong></span> <span class='ocrx_word' id='word_1_415' title='bbox 1753 5382 1827 5439; x_wconf 87' lang='lat' dir='ltr'><strong>ad</strong></span> 
     </span>
     <span class='ocr_line' id='line_1_60' title="bbox 184 5473 1830 5548; baseline -0.004 -11"><span class='ocrx_word' id='word_1_416' title='bbox 184 5478 373 5537; x_wconf 79' lang='lat' dir='ltr'><strong>omnia</strong></span> <span class='ocrx_word' id='word_1_417' title='bbox 400 5477 455 5536; x_wconf 89' lang='lat' dir='ltr'><strong>si</strong></span> <span class='ocrx_word' id='word_1_418' title='bbox 483 5474 720 5538; x_wconf 79' lang='lat' dir='ltr'><strong>occasio</strong></span> <span class='ocrx_word' id='word_1_419' title='bbox 751 5473 1145 5548; x_wconf 72' lang='lat' dir='ltr'><strong>processisset,</strong></span> <span class='ocrx_word' id='word_1_420' title='bbox 1168 5480 1496 5547; x_wconf 80' lang='lat' dir='ltr'><strong>promptam</strong></span> <span class='ocrx_word' id='word_1_421' title='bbox 1513 5487 1578 5532; x_wconf 89' lang='lat' dir='ltr'><strong>se</strong></span> <span class='ocrx_word' id='word_1_422' title='bbox 1602 5487 1830 5545; x_wconf 86' lang='lat' dir='ltr'><strong>semper</strong></span> 
     </span>
    </p>
   </div>
   <div class='ocr_carea' id='block_1_17' title="bbox 1623 382 3594 464">
    <p class='ocr_par' dir='ltr' id='par_1_18' title="bbox 1623 382 3594 464">
     <span class='ocr_line' id='line_1_61' title="bbox 1623 382 3594 464; baseline 0.006 -25"><span class='ocrx_word' id='word_1_423' title='bbox 1623 399 1639 438; x_wconf 78' lang='lat' dir='ltr'><strong>t</strong></span> <span class='ocrx_word' id='word_1_424' title='bbox 1668 382 1835 440; x_wconf 85' lang='lat' dir='ltr'><strong>Sicut</strong></span> <span class='ocrx_word' id='word_1_425' title='bbox 1939 385 2225 458; x_wconf 90' lang='lat' dir='ltr'><strong>quirenda</strong></span> <span class='ocrx_word' id='word_1_426' title='bbox 2252 395 2390 443; x_wconf 90' lang='lat' dir='ltr'><strong>sunt</strong></span> <span class='ocrx_word' id='word_1_427' title='bbox 2419 403 2612 459; x_wconf 92' lang='lat' dir='ltr'><strong>opera,</strong></span> <span class='ocrx_word' id='word_1_428' title='bbox 2644 404 2824 459; x_wconf 89' lang='lat' dir='ltr'><strong>quam</strong></span> <span class='ocrx_word' id='word_1_429' title='bbox 2845 388 3105 459; x_wconf 77' lang='lat' dir='ltr'><strong>affectus,</strong></span> <span class='ocrx_word' id='word_1_430' title='bbox 3137 406 3244 448; x_wconf 90' lang='lat' dir='ltr'><strong>nec</strong></span> <span class='ocrx_word' id='word_1_431' title='bbox 3273 391 3418 450; x_wconf 87' lang='lat' dir='ltr'><strong>adeo</strong></span> <span class='ocrx_word' id='word_1_432' title='bbox 3452 394 3594 464; x_wconf 87' lang='lat' dir='ltr'><strong>quid</strong></span> 
     </span>
    </p>
   </div>
   <div class='ocr_carea' id='block_1_18' title="bbox 1938 474 3608 5548">
    <p class='ocr_par' dir='ltr' id='par_1_19' title="bbox 1941 474 3604 1873">
     <span class='ocr_line' id='line_1_62' title="bbox 1942 474 3590 552; baseline 0.007 -22"><span class='ocrx_word' id='word_1_433' title='bbox 1942 474 2146 532; x_wconf 75' lang='lat' dir='ltr'><strong>feceris</strong></span> <span class='ocrx_word' id='word_1_434' title='bbox 2202 476 2613 549; x_wconf 89' lang='lat' dir='ltr'><strong>requirendum</strong></span> <span class='ocrx_word' id='word_1_435' title='bbox 2643 481 2752 547; x_wconf 90' lang='lat' dir='ltr'><strong>est,</strong></span> <span class='ocrx_word' id='word_1_436' title='bbox 2784 482 3067 548; x_wconf 87' lang='lat' dir='ltr'><strong>quantum</strong></span> <span class='ocrx_word' id='word_1_437' title='bbox 3098 497 3212 552; x_wconf 89' lang='lat' dir='ltr'><strong>qua</strong></span> <span class='ocrx_word' id='word_1_438' title='bbox 3256 483 3460 540; x_wconf 83' lang='lat' dir='ltr'><strong>feceris</strong></span> <span class='ocrx_word' id='word_1_439' title='bbox 3490 500 3590 542; x_wconf 90' lang='lat' dir='ltr'><strong>vo-</strong></span> 
     </span>
     <span class='ocr_line' id='line_1_63' title="bbox 1943 562 3592 646; baseline 0.007 -28"><span class='ocrx_word' id='word_1_440' title='bbox 1943 562 2187 620; x_wconf 87' lang='lat' dir='ltr'><strong>luntate.</strong></span> <span class='ocrx_word' id='word_1_441' title='bbox 2217 565 2311 621; x_wconf 83' lang='lat' dir='ltr'><strong>Sic</strong></span> <span class='ocrx_word' id='word_1_442' title='bbox 2367 570 2458 621; x_wconf 91' lang='lat' dir='ltr'><strong>est</strong></span> <span class='ocrx_word' id='word_1_443' title='bbox 2486 582 2500 621; x_wconf 90' lang='lat'><strong>:</strong></span> <span class='ocrx_word' id='word_1_444' title='bbox 2562 567 2806 623; x_wconf 87' lang='lat' dir='ltr'><strong>intentio</strong></span> <span class='ocrx_word' id='word_1_445' title='bbox 2837 567 2997 638; x_wconf 90' lang='lat' dir='ltr'><strong>operi</strong></span> <span class='ocrx_word' id='word_1_446' title='bbox 3054 585 3268 626; x_wconf 90' lang='lat' dir='ltr'><strong>nomen</strong></span> <span class='ocrx_word' id='word_1_447' title='bbox 3321 571 3592 646; x_wconf 85' lang='lat' dir='ltr'><strong>imponit,</strong></span> 
     </span>
     <span class='ocr_line' id='line_1_64' title="bbox 1943 651 3594 732; baseline 0.007 -25"><span class='ocrx_word' id='word_1_448' title='bbox 1943 651 2237 725; x_wconf 69' lang='lat' dir='ltr'><strong>trahitque</strong></span> <span class='ocrx_word' id='word_1_449' title='bbox 2267 654 2486 711; x_wconf 82' lang='lat' dir='ltr'><strong>factum</strong></span> <span class='ocrx_word' id='word_1_450' title='bbox 2517 655 2713 725; x_wconf 92' lang='lat' dir='ltr'><strong>ipsum</strong></span> <span class='ocrx_word' id='word_1_451' title='bbox 2748 656 2940 726; x_wconf 89' lang='lat' dir='ltr'><strong>potius</strong></span> <span class='ocrx_word' id='word_1_452' title='bbox 2975 656 3045 712; x_wconf 90' lang='lat' dir='ltr'><strong>de</strong></span> <span class='ocrx_word' id='word_1_453' title='bbox 3094 657 3276 714; x_wconf 90' lang='lat' dir='ltr'><strong>animi</strong></span> <span class='ocrx_word' id='word_1_454' title='bbox 3307 659 3594 732; x_wconf 84' lang='lat' dir='ltr'><strong>qualitate</strong></span> 
     </span>
     <span class='ocr_line' id='line_1_65' title="bbox 1941 742 3596 818; baseline 0.007 -22"><span class='ocrx_word' id='word_1_455' title='bbox 1941 742 2353 811; x_wconf 80' lang='lat' dir='ltr'><strong>substantiam,</strong></span> <span class='ocrx_word' id='word_1_456' title='bbox 2403 760 2582 815; x_wconf 91' lang='lat' dir='ltr'><strong>quam</strong></span> <span class='ocrx_word' id='word_1_457' title='bbox 2614 745 2684 799; x_wconf 88' lang='lat' dir='ltr'><strong>dc</strong></span> <span class='ocrx_word' id='word_1_458' title='bbox 2734 744 3000 802; x_wconf 80' lang='lat' dir='ltr'><strong>beneficii</strong></span> <span class='ocrx_word' id='word_1_459' title='bbox 3058 748 3406 818; x_wconf 87' lang='lat' dir='ltr'><strong>quantitate.</strong></span> <span class='ocrx_word' id='word_1_460' title='bbox 3454 750 3596 807; x_wconf 90' lang='lat' dir='ltr'><strong>Inde</strong></span> 
     </span>
     <span class='ocr_line' id='line_1_66' title="bbox 1942 832 3600 912; baseline 0.006 -25"><span class='ocrx_word' id='word_1_461' title='bbox 1942 835 2029 887; x_wconf 88' lang='lat' dir='ltr'><strong>est</strong></span> <span class='ocrx_word' id='word_1_462' title='bbox 2057 832 2212 902; x_wconf 90' lang='lat' dir='ltr'><strong>quod</strong></span> <span class='ocrx_word' id='word_1_463' title='bbox 2246 848 2352 905; x_wconf 89' lang='lat' dir='ltr'><strong>pro</strong></span> <span class='ocrx_word' id='word_1_464' title='bbox 2387 832 2664 905; x_wconf 79' lang='lat' dir='ltr'><strong>magistro</strong></span> <span class='ocrx_word' id='word_1_465' title='bbox 2695 833 2991 890; x_wconf 88' lang='lat' dir='ltr'><strong>Meschino</strong></span> <span class='ocrx_word' id='word_1_466' title='bbox 3019 836 3206 893; x_wconf 91' lang='lat' dir='ltr'><strong>amico</strong></span> <span class='ocrx_word' id='word_1_467' title='bbox 3245 842 3301 894; x_wconf 92' lang='lat' dir='ltr'><strong>et</strong></span> <span class='ocrx_word' id='word_1_468' title='bbox 3353 840 3600 912; x_wconf 90' lang='lat' dir='ltr'><strong>antiquo</strong></span> 
     </span>
     <span class='ocr_line' id='line_1_67' title="bbox 1942 919 3600 999; baseline 0.005 -23"><span class='ocrx_word' id='word_1_469' title='bbox 1942 919 2125 976; x_wconf 89' lang='lat' dir='ltr'><strong>sodali</strong></span> <span class='ocrx_word' id='word_1_470' title='bbox 2159 924 2380 987; x_wconf 89' lang='lat' dir='ltr'><strong>nostro,</strong></span> <span class='ocrx_word' id='word_1_471' title='bbox 2419 936 2616 993; x_wconf 89' lang='lat' dir='ltr'><strong>preces</strong></span> <span class='ocrx_word' id='word_1_472' title='bbox 2656 927 2862 977; x_wconf 79' lang='lat' dir='ltr'><strong>vestras</strong></span> <span class='ocrx_word' id='word_1_473' title='bbox 2893 925 3124 996; x_wconf 87' lang='lat' dir='ltr'><strong>porrigo</strong></span> <span class='ocrx_word' id='word_1_474' title='bbox 3186 926 3501 999; x_wconf 85' lang='lat' dir='ltr'><strong>sanctitati,</strong></span> <span class='ocrx_word' id='word_1_475' title='bbox 3535 932 3600 985; x_wconf 93' lang='lat' dir='ltr'><strong>ut</strong></span> 
     </span>
     <span class='ocr_line' id='line_1_68' title="bbox 1943 1009 3593 1084; baseline 0.007 -21"><span class='ocrx_word' id='word_1_476' title='bbox 1943 1009 2119 1065; x_wconf 84' lang='lat' dir='ltr'><strong>veteri</strong></span> <span class='ocrx_word' id='word_1_477' title='bbox 2150 1011 2199 1065; x_wconf 89' lang='lat' dir='ltr'><strong>si</strong></span> <span class='ocrx_word' id='word_1_478' title='bbox 2234 1010 2366 1081; x_wconf 89' lang='lat' dir='ltr'><strong>quis</strong></span> <span class='ocrx_word' id='word_1_479' title='bbox 2395 1014 2485 1066; x_wconf 89' lang='lat' dir='ltr'><strong>est</strong></span> <span class='ocrx_word' id='word_1_480' title='bbox 2513 1009 2694 1066; x_wconf 87' lang='lat' dir='ltr'><strong>animi</strong></span> <span class='ocrx_word' id='word_1_481' title='bbox 2726 1026 2965 1069; x_wconf 82' lang='lat' dir='ltr'><strong>rancore</strong></span> <span class='ocrx_word' id='word_1_482' title='bbox 2986 1013 3271 1084; x_wconf 88' lang='lat' dir='ltr'><strong>deposito,</strong></span> <span class='ocrx_word' id='word_1_483' title='bbox 3286 1019 3593 1075; x_wconf 88' lang='lat' dir='ltr'><strong>exoratum</strong></span> 
     </span>
     <span class='ocr_line' id='line_1_69' title="bbox 1943 1098 3588 1179; baseline 0.007 -26"><span class='ocrx_word' id='word_1_484' title='bbox 1943 1113 2043 1153; x_wconf 88' lang='lat' dir='ltr'><strong>vos</strong></span> <span class='ocrx_word' id='word_1_485' title='bbox 2080 1113 2308 1155; x_wconf 90' lang='lat' dir='ltr'><strong>merear</strong></span> <span class='ocrx_word' id='word_1_486' title='bbox 2336 1098 2596 1156; x_wconf 87' lang='lat' dir='ltr'><strong>invenire</strong></span> <span class='ocrx_word' id='word_1_487' title='bbox 2626 1116 2803 1169; x_wconf 90' lang='lat' dir='ltr'><strong>super</strong></span> <span class='ocrx_word' id='word_1_488' title='bbox 2820 1101 3101 1172; x_wconf 89' lang='lat' dir='ltr'><strong>petitione</strong></span> <span class='ocrx_word' id='word_1_489' title='bbox 3126 1102 3243 1171; x_wconf 89' lang='lat' dir='ltr'><strong>illa,</strong></span> <span class='ocrx_word' id='word_1_490' title='bbox 3264 1121 3441 1177; x_wconf 90' lang='lat' dir='ltr'><strong>super</strong></span> <span class='ocrx_word' id='word_1_491' title='bbox 3468 1122 3588 1179; x_wconf 86' lang='lat' dir='ltr'><strong>qua</strong></span> 
     </span>
     <span class='ocr_line' id='line_1_70' title="bbox 1943 1186 3594 1259; baseline 0.007 -18"><span class='ocrx_word' id='word_1_492' title='bbox 1943 1186 2149 1244; x_wconf 88' lang='lat' dir='ltr'><strong>litteris</strong></span> <span class='ocrx_word' id='word_1_493' title='bbox 2214 1188 2390 1245; x_wconf 89' lang='lat' dir='ltr'><strong>etiam</strong></span> <span class='ocrx_word' id='word_1_494' title='bbox 2468 1188 2803 1259; x_wconf 89' lang='lat' dir='ltr'><strong>apostolicis</strong></span> <span class='ocrx_word' id='word_1_495' title='bbox 2862 1190 3187 1249; x_wconf 88' lang='lat' dir='ltr'><strong>instructus</strong></span> <span class='ocrx_word' id='word_1_496' title='bbox 3244 1193 3594 1253; x_wconf 72' lang='lat' dir='ltr'><strong>pictaviensi</strong></span> 
     </span>
     <span class='ocr_line' id='line_1_71' title="bbox 1948 1273 3598 1353; baseline 0.007 -23"><span class='ocrx_word' id='word_1_497' title='bbox 1948 1273 2215 1331; x_wconf 77' lang='lat' dir='ltr'><strong>Ecclesiae</strong></span> <span class='ocrx_word' id='word_1_498' title='bbox 2250 1275 2624 1347; x_wconf 88' lang='lat' dir='ltr'><strong>supplicabit.</strong></span> <span class='ocrx_word' id='word_1_499' title='bbox 2657 1279 2927 1336; x_wconf 89' lang='lat' dir='ltr'><strong>Promisit</strong></span> <span class='ocrx_word' id='word_1_500' title='bbox 2985 1280 3130 1337; x_wconf 91' lang='lat' dir='ltr'><strong>mihi</strong></span> <span class='ocrx_word' id='word_1_501' title='bbox 3187 1283 3469 1353; x_wconf 90' lang='lat' dir='ltr'><strong>quoniam</strong></span> <span class='ocrx_word' id='word_1_502' title='bbox 3526 1299 3598 1341; x_wconf 85' lang='lat' dir='ltr'><strong>ex</strong></span> 
     </span>
     <span class='ocr_line' id='line_1_72' title="bbox 1945 1363 3599 1445; baseline 0.008 -27"><span class='ocrx_word' id='word_1_503' title='bbox 1945 1363 2054 1420; x_wconf 87' lang='lat' dir='ltr'><strong>hoc</strong></span> <span class='ocrx_word' id='word_1_504' title='bbox 2084 1379 2242 1421; x_wconf 88' lang='lat' dir='ltr'><strong>nunc</strong></span> <span class='ocrx_word' id='word_1_505' title='bbox 2268 1369 2458 1422; x_wconf 88' lang='lat' dir='ltr'><strong>vestro</strong></span> <span class='ocrx_word' id='word_1_506' title='bbox 2489 1382 2553 1424; x_wconf 90' lang='lat' dir='ltr'><strong>se</strong></span> <span class='ocrx_word' id='word_1_507' title='bbox 2581 1371 2768 1425; x_wconf 83' lang='lat' dir='ltr'><strong>tolum</strong></span> <span class='ocrx_word' id='word_1_508' title='bbox 2800 1374 3080 1441; x_wconf 86' lang='lat' dir='ltr'><strong>tanquam</strong></span> <span class='ocrx_word' id='word_1_509' title='bbox 3116 1372 3375 1444; x_wconf 81' lang='lat' dir='ltr'><strong>magistri</strong></span> <span class='ocrx_word' id='word_1_510' title='bbox 3409 1378 3466 1430; x_wconf 89' lang='lat' dir='ltr'><strong>et</strong></span> <span class='ocrx_word' id='word_1_511' title='bbox 3495 1389 3599 1445; x_wconf 88' lang='lat' dir='ltr'><strong>pa·</strong></span> 
     </span>
     <span class='ocr_line' id='line_1_73' title="bbox 1948 1452 3603 1534; baseline 0.007 -25"><span class='ocrx_word' id='word_1_512' title='bbox 1948 1452 2054 1509; x_wconf 87' lang='lat' dir='ltr'><strong>tris</strong></span> <span class='ocrx_word' id='word_1_513' title='bbox 2087 1453 2444 1525; x_wconf 87' lang='lat' dir='ltr'><strong>mancipabit</strong></span> <span class='ocrx_word' id='word_1_514' title='bbox 2488 1456 2784 1527; x_wconf 83' lang='lat' dir='ltr'><strong>obsequio,</strong></span> <span class='ocrx_word' id='word_1_515' title='bbox 2819 1463 2884 1514; x_wconf 89' lang='lat' dir='ltr'><strong>ut</strong></span> <span class='ocrx_word' id='word_1_516' title='bbox 2914 1463 2964 1516; x_wconf 91' lang='lat' dir='ltr'><strong>si</strong></span> <span class='ocrx_word' id='word_1_517' title='bbox 3008 1461 3151 1533; x_wconf 89' lang='lat' dir='ltr'><strong>quid</strong></span> <span class='ocrx_word' id='word_1_518' title='bbox 3184 1460 3256 1517; x_wconf 86' lang='lat' dir='ltr'><strong>de</strong></span> <span class='ocrx_word' id='word_1_519' title='bbox 3310 1462 3603 1534; x_wconf 73' lang='lat' dir='ltr'><strong>praeterito</strong></span> 
     </span>
     <span class='ocr_line' id='line_1_74' title="bbox 1948 1540 3604 1622; baseline 0.008 -25"><span class='ocrx_word' id='word_1_520' title='bbox 1948 1540 2359 1615; x_wconf 89' lang='lat' dir='ltr'><strong>negligentius,</strong></span> <span class='ocrx_word' id='word_1_521' title='bbox 2409 1544 2494 1600; x_wconf 90' lang='lat' dir='ltr'><strong>vel</strong></span> <span class='ocrx_word' id='word_1_522' title='bbox 2555 1546 2947 1606; x_wconf 87' lang='lat' dir='ltr'><strong>inconsultius</strong></span> <span class='ocrx_word' id='word_1_523' title='bbox 3003 1553 3199 1607; x_wconf 88' lang='lat' dir='ltr'><strong>actum</strong></span> <span class='ocrx_word' id='word_1_524' title='bbox 3257 1559 3364 1622; x_wconf 89' lang='lat' dir='ltr'><strong>est,</strong></span> <span class='ocrx_word' id='word_1_525' title='bbox 3419 1553 3604 1610; x_wconf 77' lang='lat' dir='ltr'><strong>futuri</strong></span> 
     </span>
     <span class='ocr_line' id='line_1_75' title="bbox 1949 1631 2951 1708; baseline 0.007 -22"><span class='ocrx_word' id='word_1_526' title='bbox 1949 1631 2227 1702; x_wconf 90' lang='lat' dir='ltr'><strong>temporis</strong></span> <span class='ocrx_word' id='word_1_527' title='bbox 2257 1631 2450 1689; x_wconf 77' lang='lat' dir='ltr'><strong>officia</strong></span> <span class='ocrx_word' id='word_1_528' title='bbox 2484 1642 2951 1708; x_wconf 84' lang='lat' dir='ltr'><strong>recompensent.</strong></span> 
     </span>
     <span class='ocr_line' id='line_1_76' title="bbox 2237 1825 3308 1873; baseline 0.007 -8"><span class='ocrx_word' id='word_1_529' title='bbox 2237 1825 2311 1865; x_wconf 69' lang='lat' dir='ltr'><strong>ao</strong></span> <span class='ocrx_word' id='word_1_530' title='bbox 2351 1826 2630 1868; x_wconf 68' lang='lat' dir='ltr'><strong>nomisma</strong></span> <span class='ocrx_word' id='word_1_531' title='bbox 2671 1831 2864 1870; x_wconf 69' lang='lat' dir='ltr'><strong>pamm</strong></span> <span class='ocrx_word' id='word_1_532' title='bbox 2902 1831 3308 1873; x_wconf 60' lang='lat' dir='ltr'><strong>sentinosum.</strong></span> 
     </span>
    </p>

    <p class='ocr_par' dir='ltr' id='par_1_20' title="bbox 1938 1896 3608 5008">
     <span class='ocr_line' id='line_1_77' title="bbox 2018 1896 3596 1966; baseline 0.01 -15"><span class='ocrx_word' id='word_1_533' title='bbox 2018 1896 2302 1954; x_wconf 88' lang='lat' dir='ltr'><strong>Dominus</strong></span> <span class='ocrx_word' id='word_1_534' title='bbox 2352 1900 2592 1957; x_wconf 83' lang='lat' dir='ltr'><strong>Remibe</strong></span> <span class='ocrx_word' id='word_1_535' title='bbox 2635 1902 3066 1960; x_wconf 81' lang='lat' dir='ltr'><strong>Aurelianensis</strong></span> <span class='ocrx_word' id='word_1_536' title='bbox 3113 1906 3334 1962; x_wconf 89' lang='lat' dir='ltr'><strong>amicus</strong></span> <span class='ocrx_word' id='word_1_537' title='bbox 3394 1912 3596 1966; x_wconf 85' lang='lat' dir='ltr'><strong>noster</strong></span> 
     </span>
     <span class='ocr_line' id='line_1_78' title="bbox 1946 1987 3597 2062; baseline 0.008 -22"><span class='ocrx_word' id='word_1_538' title='bbox 1946 1989 2053 2053; x_wconf 87' lang='lat' dir='ltr'><strong>est,</strong></span> <span class='ocrx_word' id='word_1_539' title='bbox 2111 1987 2445 2058; x_wconf 87' lang='lat' dir='ltr'><strong>mutuisque</strong></span> <span class='ocrx_word' id='word_1_540' title='bbox 2475 1990 2776 2061; x_wconf 84' lang='lat' dir='ltr'><strong>ohsequiis</strong></span> <span class='ocrx_word' id='word_1_541' title='bbox 2825 1990 3081 2062; x_wconf 89' lang='lat' dir='ltr'><strong>plurima</strong></span> <span class='ocrx_word' id='word_1_542' title='bbox 3124 1995 3289 2049; x_wconf 90' lang='lat' dir='ltr'><strong>nobis</strong></span> <span class='ocrx_word' id='word_1_543' title='bbox 3349 1995 3597 2054; x_wconf 85' lang='lat' dir='ltr'><strong>invicem</strong></span> 
     </span>
     <span class='ocr_line' id='line_1_79' title="bbox 1945 2073 3598 2153; baseline 0.007 -25"><span class='ocrx_word' id='word_1_544' title='bbox 1945 2088 2152 2130; x_wconf 90' lang='lat' dir='ltr'><strong>sumus</strong></span> <span class='ocrx_word' id='word_1_545' title='bbox 2174 2073 2456 2133; x_wconf 83' lang='lat' dir='ltr'><strong>charitate</strong></span> <span class='ocrx_word' id='word_1_546' title='bbox 2477 2078 2793 2148; x_wconf 86' lang='lat' dir='ltr'><strong>conjuncti.</strong></span> <span class='ocrx_word' id='word_1_547' title='bbox 2829 2080 2965 2137; x_wconf 89' lang='lat' dir='ltr'><strong>Inde</strong></span> <span class='ocrx_word' id='word_1_548' title='bbox 2986 2085 3076 2138; x_wconf 90' lang='lat' dir='ltr'><strong>est</strong></span> <span class='ocrx_word' id='word_1_549' title='bbox 3103 2082 3260 2153; x_wconf 90' lang='lat' dir='ltr'><strong>quod</strong></span> <span class='ocrx_word' id='word_1_550' title='bbox 3297 2084 3598 2141; x_wconf 82' lang='lat' dir='ltr'><strong>nostrised</strong></span> 
     </span>
     <span class='ocr_line' id='line_1_80' title="bbox 1944 2165 3600 2243; baseline 0.008 -26"><span class='ocrx_word' id='word_1_551' title='bbox 1944 2177 2202 2233; x_wconf 78' lang='lat' dir='ltr'><strong>praesens</strong></span> <span class='ocrx_word' id='word_1_552' title='bbox 2245 2165 2395 2235; x_wconf 87' lang='lat' dir='ltr'><strong>apud</strong></span> <span class='ocrx_word' id='word_1_553' title='bbox 2437 2167 2796 2236; x_wconf 77' lang='lat' dir='ltr'><strong>maJestatem</strong></span> <span class='ocrx_word' id='word_1_554' title='bbox 2827 2172 3079 2225; x_wconf 85' lang='lat' dir='ltr'><strong>vestram</strong></span> <span class='ocrx_word' id='word_1_555' title='bbox 3128 2171 3400 2243; x_wconf 88' lang='lat' dir='ltr'><strong>precibus</strong></span> <span class='ocrx_word' id='word_1_556' title='bbox 3429 2171 3600 2243; x_wconf 89' lang='lat' dir='ltr'><strong>petiit</strong></span> 
     </span>
     <span class='ocr_line' id='line_1_81' title="bbox 1944 2252 3598 2332; baseline 0.007 -24"><span class='ocrx_word' id='word_1_557' title='bbox 1944 2252 2229 2321; x_wconf 75' lang='lat' dir='ltr'><strong>adjuvari,</strong></span> <span class='ocrx_word' id='word_1_558' title='bbox 2263 2267 2332 2308; x_wconf 90' lang='lat' dir='ltr'><strong>ea</strong></span> <span class='ocrx_word' id='word_1_559' title='bbox 2358 2253 2635 2310; x_wconf 87' lang='lat' dir='ltr'><strong>nimirum</strong></span> <span class='ocrx_word' id='word_1_560' title='bbox 2661 2257 2894 2326; x_wconf 79' lang='lat' dir='ltr'><strong>fiducia,</strong></span> <span class='ocrx_word' id='word_1_561' title='bbox 2919 2258 3062 2330; x_wconf 91' lang='lat' dir='ltr'><strong>quia</strong></span> <span class='ocrx_word' id='word_1_562' title='bbox 3093 2259 3250 2315; x_wconf 78' lang='lat' dir='ltr'><strong>novit</strong></span> <span class='ocrx_word' id='word_1_563' title='bbox 3271 2260 3428 2332; x_wconf 86' lang='lat' dir='ltr'><strong>quod</strong></span> <span class='ocrx_word' id='word_1_564' title='bbox 3458 2264 3598 2320; x_wconf 84' lang='lat' dir='ltr'><strong>vota</strong></span> 
     </span>
     <span class='ocr_line' id='line_1_82' title="bbox 1945 2342 3588 2416; baseline 0.007 -20"><span class='ocrx_word' id='word_1_565' title='bbox 1945 2347 2145 2397; x_wconf 89' lang='lat' dir='ltr'><strong>nostra</strong></span> <span class='ocrx_word' id='word_1_566' title='bbox 2203 2342 2357 2415; x_wconf 88' lang='lat' dir='ltr'><strong>apud</strong></span> <span class='ocrx_word' id='word_1_567' title='bbox 2408 2344 2827 2416; x_wconf 85' lang='lat' dir='ltr'><strong>benignitatem</strong></span> <span class='ocrx_word' id='word_1_568' title='bbox 2880 2350 3130 2404; x_wconf 84' lang='lat' dir='ltr'><strong>vestram</strong></span> <span class='ocrx_word' id='word_1_569' title='bbox 3189 2348 3588 2408; x_wconf 90' lang='lat' dir='ltr'><strong>desideratum</strong></span> 
     </span>
     <span class='ocr_line' id='line_1_83' title="bbox 1944 2431 3594 2504; baseline 0.006 -18"><span class='ocrx_word' id='word_1_570' title='bbox 1944 2431 2208 2487; x_wconf 90' lang='lat' dir='ltr'><strong>crebrius</strong></span> <span class='ocrx_word' id='word_1_571' title='bbox 2237 2439 2675 2504; x_wconf 89' lang='lat' dir='ltr'><strong>consequuntur</strong></span> <span class='ocrx_word' id='word_1_572' title='bbox 2694 2435 2988 2492; x_wconf 79' lang='lat' dir='ltr'><strong>effectum.</strong></span> <span class='ocrx_word' id='word_1_573' title='bbox 3014 2437 3261 2494; x_wconf 88' lang='lat' dir='ltr'><strong>Privavit</strong></span> <span class='ocrx_word' id='word_1_574' title='bbox 3288 2453 3425 2494; x_wconf 91' lang='lat' dir='ltr'><strong>eum</strong></span> <span class='ocrx_word' id='word_1_575' title='bbox 3456 2453 3594 2496; x_wconf 88' lang='lat' dir='ltr'><strong>sen·</strong></span> 
     </span>
     <span class='ocr_line' id='line_1_84' title="bbox 1946 2521 3596 2598; baseline 0.006 -24"><span class='ocrx_word' id='word_1_576' title='bbox 1946 2521 2130 2575; x_wconf 90' lang='lat' dir='ltr'><strong>tentia</strong></span> <span class='ocrx_word' id='word_1_577' title='bbox 2158 2528 2356 2577; x_wconf 87' lang='lat' dir='ltr'><strong>vestra</strong></span> <span class='ocrx_word' id='word_1_578' title='bbox 2395 2523 2794 2594; x_wconf 77' lang='lat' dir='ltr'><strong>praeceutoria,</strong></span> <span class='ocrx_word' id='word_1_579' title='bbox 2828 2540 3005 2596; x_wconf 89' lang='lat' dir='ltr'><strong>quam</strong></span> <span class='ocrx_word' id='word_1_580' title='bbox 3058 2527 3311 2583; x_wconf 85' lang='lat' dir='ltr'><strong>habebat</strong></span> <span class='ocrx_word' id='word_1_581' title='bbox 3360 2543 3463 2598; x_wconf 88' lang='lat' dir='ltr'><strong>pro</strong></span> <span class='ocrx_word' id='word_1_582' title='bbox 3491 2526 3596 2585; x_wconf 86' lang='lat' dir='ltr'><strong>de-</strong></span> 
     </span>
     <span class='ocr_line' id='line_1_85' title="bbox 1946 2607 3599 2686; baseline 0.006 -24"><span class='ocrx_word' id='word_1_583' title='bbox 1946 2607 2082 2664; x_wconf 90' lang='lat' dir='ltr'><strong>licto</strong></span> <span class='ocrx_word' id='word_1_584' title='bbox 2116 2611 2393 2680; x_wconf 82' lang='lat' dir='ltr'><strong>quodam,</strong></span> <span class='ocrx_word' id='word_1_585' title='bbox 2426 2612 2601 2681; x_wconf 86' lang='lat' dir='ltr'><strong>quod,</strong></span> <span class='ocrx_word' id='word_1_586' title='bbox 2634 2613 2940 2686; x_wconf 86' lang='lat' dir='ltr'><strong>sicutipse</strong></span> <span class='ocrx_word' id='word_1_587' title='bbox 2969 2616 3198 2682; x_wconf 90' lang='lat' dir='ltr'><strong>asserit,</strong></span> <span class='ocrx_word' id='word_1_588' title='bbox 3233 2632 3347 2672; x_wconf 92' lang='lat' dir='ltr'><strong>non</strong></span> <span class='ocrx_word' id='word_1_589' title='bbox 3380 2617 3451 2672; x_wconf 91' lang='lat' dir='ltr'><strong>de</strong></span> <span class='ocrx_word' id='word_1_590' title='bbox 3480 2632 3599 2672; x_wconf 85' lang='lat' dir='ltr'><strong>ma-</strong></span> 
     </span>
     <span class='ocr_line' id='line_1_86' title="bbox 1948 2697 3603 2775; baseline 0.005 -23"><span class='ocrx_word' id='word_1_591' title='bbox 1948 2697 2070 2754; x_wconf 89' lang='lat' dir='ltr'><strong>litia</strong></span> <span class='ocrx_word' id='word_1_592' title='bbox 2119 2698 2396 2769; x_wconf 89' lang='lat' dir='ltr'><strong>qualibet,</strong></span> <span class='ocrx_word' id='word_1_593' title='bbox 2430 2702 2527 2756; x_wconf 86' lang='lat' dir='ltr'><strong>sed</strong></span> <span class='ocrx_word' id='word_1_594' title='bbox 2577 2701 2648 2757; x_wconf 88' lang='lat' dir='ltr'><strong>de</strong></span> <span class='ocrx_word' id='word_1_595' title='bbox 2678 2701 2801 2758; x_wconf 90' lang='lat' dir='ltr'><strong>sola</strong></span> <span class='ocrx_word' id='word_1_596' title='bbox 2858 2703 3232 2775; x_wconf 89' lang='lat' dir='ltr'><strong>simplicitate</strong></span> <span class='ocrx_word' id='word_1_597' title='bbox 3283 2702 3603 2761; x_wconf 86' lang='lat' dir='ltr'><strong>commisit.</strong></span> 
     </span>
     <span class='ocr_line' id='line_1_87' title="bbox 1944 2785 3600 2865; baseline 0.005 -23"><span class='ocrx_word' id='word_1_598' title='bbox 1944 2785 2306 2844; x_wconf 79' lang='lat' dir='ltr'><strong>Existimavit</strong></span> <span class='ocrx_word' id='word_1_599' title='bbox 2354 2789 2512 2845; x_wconf 90' lang='lat' dir='ltr'><strong>enim</strong></span> <span class='ocrx_word' id='word_1_600' title='bbox 2570 2790 2788 2847; x_wconf 76' lang='lat' dir='ltr'><strong>sactum</strong></span> <span class='ocrx_word' id='word_1_601' title='bbox 2819 2792 2964 2848; x_wconf 86' lang='lat' dir='ltr'><strong>illud</strong></span> <span class='ocrx_word' id='word_1_602' title='bbox 3022 2793 3093 2849; x_wconf 89' lang='lat' dir='ltr'><strong>ad</strong></span> <span class='ocrx_word' id='word_1_603' title='bbox 3129 2800 3387 2851; x_wconf 88' lang='lat' dir='ltr'><strong>tenorem</strong></span> <span class='ocrx_word' id='word_1_604' title='bbox 3425 2794 3600 2865; x_wconf 83' lang='lat' dir='ltr'><strong>jura-</strong></span> 
     </span>
     <span class='ocr_line' id='line_1_88' title="bbox 1945 2876 3592 2954; baseline 0.005 -23"><span class='ocrx_word' id='word_1_605' title='bbox 1945 2876 2123 2932; x_wconf 89' lang='lat' dir='ltr'><strong>menti</strong></span> <span class='ocrx_word' id='word_1_606' title='bbox 2181 2877 2401 2948; x_wconf 89' lang='lat' dir='ltr'><strong>publici</strong></span> <span class='ocrx_word' id='word_1_607' title='bbox 2460 2895 2571 2934; x_wconf 90' lang='lat' dir='ltr'><strong>uon</strong></span> <span class='ocrx_word' id='word_1_608' title='bbox 2614 2886 2897 2951; x_wconf 86' lang='lat' dir='ltr'><strong>spectare,</strong></span> <span class='ocrx_word' id='word_1_609' title='bbox 2929 2898 3113 2954; x_wconf 89' lang='lat' dir='ltr'><strong>neque</strong></span> <span class='ocrx_word' id='word_1_610' title='bbox 3141 2900 3203 2940; x_wconf 89' lang='lat' dir='ltr'><strong>se</strong></span> <span class='ocrx_word' id='word_1_611' title='bbox 3251 2882 3592 2954; x_wconf 78' lang='lat' dir='ltr'><strong>religionem</strong></span> 
     </span>
     <span class='ocr_line' id='line_1_89' title="bbox 1943 2965 3594 3039; baseline 0.004 -17"><span class='ocrx_word' id='word_1_612' title='bbox 1943 2965 2189 3023; x_wconf 88' lang='lat' dir='ltr'><strong>credidit</strong></span> <span class='ocrx_word' id='word_1_613' title='bbox 2214 2967 2485 3025; x_wconf 83' lang='lat' dir='ltr'><strong>excedere</strong></span> <span class='ocrx_word' id='word_1_614' title='bbox 2507 2971 2875 3039; x_wconf 88' lang='lat' dir='ltr'><strong>sacramenti,</strong></span> <span class='ocrx_word' id='word_1_615' title='bbox 2893 2971 2945 3028; x_wconf 91' lang='lat' dir='ltr'><strong>si</strong></span> <span class='ocrx_word' id='word_1_616' title='bbox 2977 2988 3093 3029; x_wconf 91' lang='lat' dir='ltr'><strong>non</strong></span> <span class='ocrx_word' id='word_1_617' title='bbox 3114 2971 3594 3030; x_wconf 84' lang='lat' dir='ltr'><strong>communicabat</strong></span> 
     </span>
     <span class='ocr_line' id='line_1_90' title="bbox 1944 3057 3603 3136; baseline 0.005 -24"><span class='ocrx_word' id='word_1_618' title='bbox 1944 3057 2076 3113; x_wconf 91' lang='lat' dir='ltr'><strong>aliis</strong></span> <span class='ocrx_word' id='word_1_619' title='bbox 2106 3059 2261 3129; x_wconf 91' lang='lat' dir='ltr'><strong>quod</strong></span> <span class='ocrx_word' id='word_1_620' title='bbox 2292 3058 2666 3131; x_wconf 87' lang='lat' dir='ltr'><strong>singulariter</strong></span> <span class='ocrx_word' id='word_1_621' title='bbox 2692 3062 2764 3119; x_wconf 91' lang='lat' dir='ltr'><strong>de</strong></span> <span class='ocrx_word' id='word_1_622' title='bbox 2783 3062 2909 3119; x_wconf 89' lang='lat' dir='ltr'><strong>sola</strong></span> <span class='ocrx_word' id='word_1_623' title='bbox 2928 3063 3117 3135; x_wconf 90' lang='lat' dir='ltr'><strong>ipsius</strong></span> <span class='ocrx_word' id='word_1_624' title='bbox 3139 3063 3437 3123; x_wconf 87' lang='lat' dir='ltr'><strong>voluntate</strong></span> <span class='ocrx_word' id='word_1_625' title='bbox 3456 3079 3603 3136; x_wconf 86' lang='lat' dir='ltr'><strong>pen·</strong></span> 
     </span>
     <span class='ocr_line' id='line_1_91' title="bbox 1942 3145 3600 3210; baseline 0.004 -8"><span class='ocrx_word' id='word_1_626' title='bbox 1942 3146 2133 3203; x_wconf 82' lang='lat' dir='ltr'><strong>debat.</strong></span> <span class='ocrx_word' id='word_1_627' title='bbox 2166 3145 2497 3205; x_wconf 88' lang='lat' dir='ltr'><strong>Conventus</strong></span> <span class='ocrx_word' id='word_1_628' title='bbox 2519 3153 2713 3207; x_wconf 86' lang='lat' dir='ltr'><strong>autem</strong></span> <span class='ocrx_word' id='word_1_629' title='bbox 2736 3167 2772 3207; x_wconf 86' lang='lat' dir='ltr'><strong>a</strong></span> <span class='ocrx_word' id='word_1_630' title='bbox 2801 3151 3079 3210; x_wconf 79' lang='lat' dir='ltr'><strong>fratribus</strong></span> <span class='ocrx_word' id='word_1_631' title='bbox 3102 3168 3218 3209; x_wconf 94' lang='lat' dir='ltr'><strong>nou</strong></span> <span class='ocrx_word' id='word_1_632' title='bbox 3249 3150 3600 3209; x_wconf 89' lang='lat' dir='ltr'><strong>restititim·</strong></span> 
     </span>
     <span class='ocr_line' id='line_1_92' title="bbox 1944 3236 3597 3311; baseline 0.004 -20"><span class='ocrx_word' id='word_1_633' title='bbox 1944 3236 2144 3308; x_wconf 89' lang='lat' dir='ltr'><strong>probe,</strong></span> <span class='ocrx_word' id='word_1_634' title='bbox 2178 3251 2283 3292; x_wconf 89' lang='lat' dir='ltr'><strong>nec</strong></span> <span class='ocrx_word' id='word_1_635' title='bbox 2314 3238 2566 3307; x_wconf 87' lang='lat' dir='ltr'><strong>superbe</strong></span> <span class='ocrx_word' id='word_1_636' title='bbox 2613 3240 2938 3311; x_wconf 88' lang='lat' dir='ltr'><strong>respondit,</strong></span> <span class='ocrx_word' id='word_1_637' title='bbox 2971 3243 3070 3298; x_wconf 88' lang='lat' dir='ltr'><strong>sed</strong></span> <span class='ocrx_word' id='word_1_638' title='bbox 3103 3241 3302 3298; x_wconf 89' lang='lat' dir='ltr'><strong>statim</strong></span> <span class='ocrx_word' id='word_1_639' title='bbox 3336 3256 3597 3298; x_wconf 87' lang='lat' dir='ltr'><strong>errorem</strong></span> 
     </span>
     <span class='ocr_line' id='line_1_93' title="bbox 1942 3324 3600 3403; baseline 0.004 -24"><span class='ocrx_word' id='word_1_640' title='bbox 1942 3340 2142 3392; x_wconf 90' lang='lat' dir='ltr'><strong>suum,</strong></span> <span class='ocrx_word' id='word_1_641' title='bbox 2174 3324 2222 3381; x_wconf 89' lang='lat' dir='ltr'><strong>si</strong></span> <span class='ocrx_word' id='word_1_642' title='bbox 2287 3329 2482 3383; x_wconf 87' lang='lat' dir='ltr'><strong>tamen</strong></span> <span class='ocrx_word' id='word_1_643' title='bbox 2542 3343 2703 3386; x_wconf 87' lang='lat' dir='ltr'><strong>error</strong></span> <span class='ocrx_word' id='word_1_644' title='bbox 2757 3334 2903 3396; x_wconf 87' lang='lat' dir='ltr'><strong>erat,</strong></span> <span class='ocrx_word' id='word_1_645' title='bbox 2937 3332 3007 3387; x_wconf 89' lang='lat' dir='ltr'><strong>ad</strong></span> <span class='ocrx_word' id='word_1_646' title='bbox 3055 3330 3353 3403; x_wconf 90' lang='lat' dir='ltr'><strong>publicam</strong></span> <span class='ocrx_word' id='word_1_647' title='bbox 3413 3328 3600 3387; x_wconf 86' lang='lat' dir='ltr'><strong>voluit</strong></span> 
     </span>
     <span class='ocr_line' id='line_1_94' title="bbox 1946 3416 3598 3493; baseline 0.002 -20"><span class='ocrx_word' id='word_1_648' title='bbox 1946 3416 2238 3488; x_wconf 86' lang='lat' dir='ltr'><strong>corrigere</strong></span> <span class='ocrx_word' id='word_1_649' title='bbox 2268 3416 2651 3476; x_wconf 86' lang='lat' dir='ltr'><strong>voluntatem.</strong></span> <span class='ocrx_word' id='word_1_650' title='bbox 2709 3420 2776 3476; x_wconf 93' lang='lat' dir='ltr'><strong>In</strong></span> <span class='ocrx_word' id='word_1_651' title='bbox 2825 3438 2943 3493; x_wconf 91' lang='lat' dir='ltr'><strong>quo</strong></span> <span class='ocrx_word' id='word_1_652' title='bbox 2988 3421 3037 3477; x_wconf 92' lang='lat' dir='ltr'><strong>si</strong></span> <span class='ocrx_word' id='word_1_653' title='bbox 3087 3426 3313 3479; x_wconf 88' lang='lat' dir='ltr'><strong>certum</strong></span> <span class='ocrx_word' id='word_1_654' title='bbox 3353 3425 3441 3478; x_wconf 88' lang='lat' dir='ltr'><strong>est</strong></span> <span class='ocrx_word' id='word_1_655' title='bbox 3491 3434 3598 3476; x_wconf 92' lang='lat' dir='ltr'><strong>neo</strong></span> 
     </span>
     <span class='ocr_line' id='line_1_95' title="bbox 1943 3505 3591 3582; baseline 0.006 -23"><span class='ocrx_word' id='word_1_656' title='bbox 1943 3505 2309 3576; x_wconf 77' lang='lat' dir='ltr'><strong>praecessisse</strong></span> <span class='ocrx_word' id='word_1_657' title='bbox 2360 3506 2661 3577; x_wconf 84' lang='lat' dir='ltr'><strong>malitiam,</strong></span> <span class='ocrx_word' id='word_1_658' title='bbox 2693 3526 2800 3566; x_wconf 90' lang='lat' dir='ltr'><strong>nec</strong></span> <span class='ocrx_word' id='word_1_659' title='bbox 2847 3510 3182 3582; x_wconf 88' lang='lat' dir='ltr'><strong>superbiam</strong></span> <span class='ocrx_word' id='word_1_660' title='bbox 3229 3512 3591 3571; x_wconf 85' lang='lat' dir='ltr'><strong>successisse</strong></span> 
     </span>
     <span class='ocr_line' id='line_1_96' title="bbox 1940 3593 3594 3674; baseline 0.007 -26"><span class='ocrx_word' id='word_1_661' title='bbox 1940 3593 2134 3650; x_wconf 89' lang='lat' dir='ltr'><strong>delicti</strong></span> <span class='ocrx_word' id='word_1_662' title='bbox 2166 3597 2462 3667; x_wconf 87' lang='lat' dir='ltr'><strong>quantitas</strong></span> <span class='ocrx_word' id='word_1_663' title='bbox 2493 3597 2638 3653; x_wconf 79' lang='lat' dir='ltr'><strong>fines</strong></span> <span class='ocrx_word' id='word_1_664' title='bbox 2678 3598 2999 3655; x_wconf 77' lang='lat' dir='ltr'><strong>clementiae</strong></span> <span class='ocrx_word' id='word_1_665' title='bbox 3030 3616 3148 3656; x_wconf 93' lang='lat' dir='ltr'><strong>non</strong></span> <span class='ocrx_word' id='word_1_666' title='bbox 3199 3600 3446 3666; x_wconf 82' lang='lat' dir='ltr'><strong>excedit,</strong></span> <span class='ocrx_word' id='word_1_667' title='bbox 3480 3618 3594 3674; x_wconf 85' lang='lat' dir='ltr'><strong>po·</strong></span> 
     </span>
     <span class='ocr_line' id='line_1_97' title="bbox 1956 3684 3599 3761; baseline 0.006 -23"><span class='ocrx_word' id='word_1_668' title='bbox 1956 3684 2206 3757; x_wconf 87' lang='lat' dir='ltr'><strong>teritque</strong></span> <span class='ocrx_word' id='word_1_669' title='bbox 2236 3701 2305 3741; x_wconf 90' lang='lat' dir='ltr'><strong>ex</strong></span> <span class='ocrx_word' id='word_1_670' title='bbox 2351 3686 2460 3743; x_wconf 90' lang='lat' dir='ltr'><strong>hoc</strong></span> <span class='ocrx_word' id='word_1_671' title='bbox 2493 3703 2649 3745; x_wconf 91' lang='lat' dir='ltr'><strong>nunc</strong></span> <span class='ocrx_word' id='word_1_672' title='bbox 2679 3689 2918 3746; x_wconf 84' lang='lat' dir='ltr'><strong>Romani</strong></span> <span class='ocrx_word' id='word_1_673' title='bbox 2950 3689 3238 3761; x_wconf 80' lang='lat' dir='ltr'><strong>pontificis</strong></span> <span class='ocrx_word' id='word_1_674' title='bbox 3267 3691 3599 3748; x_wconf 88' lang='lat' dir='ltr'><strong>misericor-</strong></span> 
     </span>
     <span class='ocr_line' id='line_1_98' title="bbox 1939 3773 3593 3848; baseline 0.005 -20"><span class='ocrx_word' id='word_1_675' title='bbox 1939 3773 2037 3829; x_wconf 86' lang='lat' dir='ltr'><strong>dia</strong></span> <span class='ocrx_word' id='word_1_676' title='bbox 2065 3774 2391 3844; x_wconf 89' lang='lat' dir='ltr'><strong>eubvenire,</strong></span> <span class='ocrx_word' id='word_1_677' title='bbox 2424 3775 2485 3831; x_wconf 89' lang='lat' dir='ltr'><strong>in</strong></span> <span class='ocrx_word' id='word_1_678' title='bbox 2532 3793 2651 3848; x_wconf 90' lang='lat' dir='ltr'><strong>qua</strong></span> <span class='ocrx_word' id='word_1_679' title='bbox 2681 3778 2849 3834; x_wconf 90' lang='lat' dir='ltr'><strong>nobis</strong></span> <span class='ocrx_word' id='word_1_680' title='bbox 2874 3778 3074 3834; x_wconf 88' lang='lat' dir='ltr'><strong>divina</strong></span> <span class='ocrx_word' id='word_1_681' title='bbox 3121 3777 3354 3833; x_wconf 85' lang='lat' dir='ltr'><strong>bonitas</strong></span> <span class='ocrx_word' id='word_1_682' title='bbox 3387 3783 3445 3834; x_wconf 90' lang='lat' dir='ltr'><strong>et</strong></span> <span class='ocrx_word' id='word_1_683' title='bbox 3491 3794 3593 3836; x_wconf 88' lang='lat' dir='ltr'><strong>re-</strong></span> 
     </span>
     <span class='ocr_line' id='line_1_99' title="bbox 1949 3862 3596 3938; baseline 0.004 -21"><span class='ocrx_word' id='word_1_684' title='bbox 1949 3862 2207 3918; x_wconf 89' lang='lat' dir='ltr'><strong>medium</strong></span> <span class='ocrx_word' id='word_1_685' title='bbox 2238 3863 2495 3922; x_wconf 86' lang='lat' dir='ltr'><strong>salutare</strong></span> <span class='ocrx_word' id='word_1_686' title='bbox 2524 3866 2845 3933; x_wconf 88' lang='lat' dir='ltr'><strong>constituit,</strong></span> <span class='ocrx_word' id='word_1_687' title='bbox 2864 3871 2922 3923; x_wconf 90' lang='lat' dir='ltr'><strong>et</strong></span> <span class='ocrx_word' id='word_1_688' title='bbox 2951 3865 3248 3938; x_wconf 81' lang='lat' dir='ltr'><strong>refugium</strong></span> <span class='ocrx_word' id='word_1_689' title='bbox 3269 3865 3596 3938; x_wconf 90' lang='lat' dir='ltr'><strong>singulare.</strong></span> 
     </span>
     <span class='ocr_line' id='line_1_100' title="bbox 1941 3950 3599 4026; baseline 0.005 -21"><span class='ocrx_word' id='word_1_690' title='bbox 1941 3950 2248 4022; x_wconf 88' lang='lat' dir='ltr'><strong>Siquidem</strong></span> <span class='ocrx_word' id='word_1_691' title='bbox 2279 3957 2563 4025; x_wconf 86' lang='lat' dir='ltr'><strong>quantum</strong></span> <span class='ocrx_word' id='word_1_692' title='bbox 2613 3953 2688 4010; x_wconf 82' lang='lat' dir='ltr'><strong>ad</strong></span> <span class='ocrx_word' id='word_1_693' title='bbox 2745 3954 2979 4026; x_wconf 90' lang='lat' dir='ltr'><strong>culpam</strong></span> <span class='ocrx_word' id='word_1_694' title='bbox 3040 3954 3181 4011; x_wconf 81' lang='lat' dir='ltr'><strong>satis</strong></span> <span class='ocrx_word' id='word_1_695' title='bbox 3233 3955 3599 4014; x_wconf 87' lang='lat' dir='ltr'><strong>vindicatum</strong></span> 
     </span>
     <span class='ocr_line' id='line_1_101' title="bbox 1939 4041 3608 4117; baseline 0.006 -21"><span class='ocrx_word' id='word_1_696' title='bbox 1939 4047 2048 4105; x_wconf 85' lang='lat' dir='ltr'><strong>est,</strong></span> <span class='ocrx_word' id='word_1_697' title='bbox 2082 4041 2223 4111; x_wconf 89' lang='lat' dir='ltr'><strong>quia</strong></span> <span class='ocrx_word' id='word_1_698' title='bbox 2278 4041 2500 4097; x_wconf 90' lang='lat' dir='ltr'><strong>bomini</strong></span> <span class='ocrx_word' id='word_1_699' title='bbox 2546 4043 2870 4100; x_wconf 88' lang='lat' dir='ltr'><strong>verecundo</strong></span> <span class='ocrx_word' id='word_1_700' title='bbox 2924 4043 2996 4100; x_wconf 89' lang='lat' dir='ltr'><strong>ad</strong></span> <span class='ocrx_word' id='word_1_701' title='bbox 3031 4044 3311 4115; x_wconf 83' lang='lat' dir='ltr'><strong>majorem</strong></span> <span class='ocrx_word' id='word_1_702' title='bbox 3361 4062 3608 4117; x_wconf 84' lang='lat' dir='ltr'><strong>poenam</strong></span> 
     </span>
     <span class='ocr_line' id='line_1_102' title="bbox 1938 4129 3596 4206; baseline 0.004 -19"><span class='ocrx_word' id='word_1_703' title='bbox 1938 4129 2219 4199; x_wconf 78' lang='lat' dir='ltr'><strong>confusio,</strong></span> <span class='ocrx_word' id='word_1_704' title='bbox 2254 4147 2429 4202; x_wconf 89' lang='lat' dir='ltr'><strong>quam</strong></span> <span class='ocrx_word' id='word_1_705' title='bbox 2466 4147 2678 4203; x_wconf 89' lang='lat' dir='ltr'><strong>magna</strong></span> <span class='ocrx_word' id='word_1_706' title='bbox 2726 4133 2900 4190; x_wconf 87' lang='lat' dir='ltr'><strong>etiam</strong></span> <span class='ocrx_word' id='word_1_707' title='bbox 2934 4134 3282 4191; x_wconf 88' lang='lat' dir='ltr'><strong>detrimenta</strong></span> <span class='ocrx_word' id='word_1_708' title='bbox 3312 4137 3596 4206; x_wconf 86' lang='lat' dir='ltr'><strong>procedit.</strong></span> 
     </span>
     <span class='ocr_line' id='line_1_103' title="bbox 1939 4218 3593 4295; baseline 0.005 -22"><span class='ocrx_word' id='word_1_709' title='bbox 1939 4218 2115 4275; x_wconf 92' lang='lat' dir='ltr'><strong>Porro</strong></span> <span class='ocrx_word' id='word_1_710' title='bbox 2144 4234 2276 4277; x_wconf 90' lang='lat' dir='ltr'><strong>cum</strong></span> <span class='ocrx_word' id='word_1_711' title='bbox 2300 4220 2442 4277; x_wconf 86' lang='lat' dir='ltr'><strong>eiad</strong></span> <span class='ocrx_word' id='word_1_712' title='bbox 2464 4221 2692 4277; x_wconf 89' lang='lat' dir='ltr'><strong>veniam</strong></span> <span class='ocrx_word' id='word_1_713' title='bbox 2715 4222 3082 4295; x_wconf 86' lang='lat' dir='ltr'><strong>simplicitas,</strong></span> <span class='ocrx_word' id='word_1_714' title='bbox 3107 4223 3497 4281; x_wconf 90' lang='lat' dir='ltr'><strong>nihilominus</strong></span> <span class='ocrx_word' id='word_1_715' title='bbox 3514 4226 3593 4282; x_wconf 85' lang='lat' dir='ltr'><strong>ad</strong></span> 
     </span>
     <span class='ocr_line' id='line_1_104' title="bbox 1938 4308 3592 4387; baseline 0.005 -24"><span class='ocrx_word' id='word_1_716' title='bbox 1938 4308 2184 4379; x_wconf 82' lang='lat' dir='ltr'><strong>gratiam</strong></span> <span class='ocrx_word' id='word_1_717' title='bbox 2212 4309 2436 4366; x_wconf 87' lang='lat' dir='ltr'><strong>devotio</strong></span> <span class='ocrx_word' id='word_1_718' title='bbox 2466 4310 2838 4382; x_wconf 81' lang='lat' dir='ltr'><strong>suffragatur,</strong></span> <span class='ocrx_word' id='word_1_719' title='bbox 2871 4313 3012 4383; x_wconf 85' lang='lat' dir='ltr'><strong>quia</strong></span> <span class='ocrx_word' id='word_1_720' title='bbox 3034 4326 3241 4370; x_wconf 89' lang='lat' dir='ltr'><strong>verum</strong></span> <span class='ocrx_word' id='word_1_721' title='bbox 3274 4317 3369 4370; x_wconf 87' lang='lat' dir='ltr'><strong>est</strong></span> <span class='ocrx_word' id='word_1_722' title='bbox 3393 4312 3592 4387; x_wconf 90' lang='lat' dir='ltr'><strong>ipsum</strong></span> 
     </span>
     <span class='ocr_line' id='line_1_105' title="bbox 1940 4398 3593 4469; baseline 0.005 -16"><span class='ocrx_word' id='word_1_723' title='bbox 1940 4414 2172 4469; x_wconf 88' lang='lat' dir='ltr'><strong>semper</strong></span> <span class='ocrx_word' id='word_1_724' title='bbox 2210 4398 2478 4455; x_wconf 81' lang='lat' dir='ltr'><strong>Romanae</strong></span> <span class='ocrx_word' id='word_1_725' title='bbox 2535 4401 2802 4457; x_wconf 78' lang='lat' dir='ltr'><strong>Ecclesiae</strong></span> <span class='ocrx_word' id='word_1_726' title='bbox 2857 4402 3188 4459; x_wconf 89' lang='lat' dir='ltr'><strong>secundum</strong></span> <span class='ocrx_word' id='word_1_727' title='bbox 3250 4403 3593 4462; x_wconf 78' lang='lat' dir='ltr'><strong>facultatem</strong></span> 
     </span>
     <span class='ocr_line' id='line_1_106' title="bbox 1941 4486 3594 4561; baseline 0.004 -20"><span class='ocrx_word' id='word_1_728' title='bbox 1941 4502 2110 4542; x_wconf 89' lang='lat' dir='ltr'><strong>suam</strong></span> <span class='ocrx_word' id='word_1_729' title='bbox 2143 4486 2463 4544; x_wconf 86' lang='lat' dir='ltr'><strong>humilibus</strong></span> <span class='ocrx_word' id='word_1_730' title='bbox 2491 4489 2789 4561; x_wconf 89' lang='lat' dir='ltr'><strong>obsequiis</strong></span> <span class='ocrx_word' id='word_1_731' title='bbox 2818 4490 3152 4547; x_wconf 86' lang='lat' dir='ltr'><strong>inservisse.</strong></span> <span class='ocrx_word' id='word_1_732' title='bbox 3187 4491 3294 4548; x_wconf 89' lang='lat' dir='ltr'><strong>Pro</strong></span> <span class='ocrx_word' id='word_1_733' title='bbox 3317 4491 3594 4549; x_wconf 89' lang='lat' dir='ltr'><strong>omnibus</strong></span> 
     </span>
     <span class='ocr_line' id='line_1_107' title="bbox 1940 4576 3590 4648; baseline 0.005 -18"><span class='ocrx_word' id='word_1_734' title='bbox 1940 4576 2135 4648; x_wconf 89' lang='lat' dir='ltr'><strong>itaque</strong></span> <span class='ocrx_word' id='word_1_735' title='bbox 2164 4593 2288 4648; x_wconf 80' lang='lat' dir='ltr'><strong>quoe</strong></span> <span class='ocrx_word' id='word_1_736' title='bbox 2320 4577 2593 4648; x_wconf 67' lang='lat' dir='ltr'><strong>praedicta</strong></span> <span class='ocrx_word' id='word_1_737' title='bbox 2621 4582 2761 4636; x_wconf 91' lang='lat' dir='ltr'><strong>sunt</strong></span> <span class='ocrx_word' id='word_1_738' title='bbox 2790 4579 3139 4637; x_wconf 83' lang='lat' dir='ltr'><strong>fiducialiter</strong></span> <span class='ocrx_word' id='word_1_739' title='bbox 3162 4580 3496 4636; x_wconf 89' lang='lat' dir='ltr'><strong>accedimus</strong></span> <span class='ocrx_word' id='word_1_740' title='bbox 3516 4581 3590 4638; x_wconf 83' lang='lat' dir='ltr'><strong>ad</strong></span> 
     </span>
     <span class='ocr_line' id='line_1_108' title="bbox 1941 4667 3589 4741; baseline 0.004 -20"><span class='ocrx_word' id='word_1_741' title='bbox 1941 4667 2287 4737; x_wconf 88' lang='lat' dir='ltr'><strong>rogandum,</strong></span> <span class='ocrx_word' id='word_1_742' title='bbox 2318 4670 2376 4723; x_wconf 90' lang='lat' dir='ltr'><strong>et</strong></span> <span class='ocrx_word' id='word_1_743' title='bbox 2414 4668 2552 4739; x_wconf 88' lang='lat' dir='ltr'><strong>quia</strong></span> <span class='ocrx_word' id='word_1_744' title='bbox 2580 4669 2904 4741; x_wconf 87' lang='lat' dir='ltr'><strong>gloriosum</strong></span> <span class='ocrx_word' id='word_1_745' title='bbox 2937 4669 3105 4727; x_wconf 90' lang='lat' dir='ltr'><strong>nohis</strong></span> <span class='ocrx_word' id='word_1_746' title='bbox 3137 4669 3251 4726; x_wconf 89' lang='lat' dir='ltr'><strong>erit</strong></span> <span class='ocrx_word' id='word_1_747' title='bbox 3279 4673 3507 4727; x_wconf 87' lang='lat' dir='ltr'><strong>tantum</strong></span> <span class='ocrx_word' id='word_1_748' title='bbox 3553 4686 3589 4728; x_wconf 82' lang='lat' dir='ltr'><strong>a</strong></span> 
     </span>
     <span class='ocr_line' id='line_1_109' title="bbox 1940 4755 3590 4829; baseline 0.004 -20"><span class='ocrx_word' id='word_1_749' title='bbox 1940 4755 2279 4827; x_wconf 90' lang='lat' dir='ltr'><strong>dignatione</strong></span> <span class='ocrx_word' id='word_1_750' title='bbox 2305 4761 2500 4814; x_wconf 91' lang='lat' dir='ltr'><strong>vestra</strong></span> <span class='ocrx_word' id='word_1_751' title='bbox 2529 4758 2876 4815; x_wconf 82' lang='lat' dir='ltr'><strong>beneficium</strong></span> <span class='ocrx_word' id='word_1_752' title='bbox 2907 4759 3270 4828; x_wconf 87' lang='lat' dir='ltr'><strong>impetrasse,</strong></span> <span class='ocrx_word' id='word_1_753' title='bbox 3304 4765 3352 4813; x_wconf 90' lang='lat' dir='ltr'><strong>et</strong></span> <span class='ocrx_word' id='word_1_754' title='bbox 3378 4758 3590 4829; x_wconf 76' lang='lat' dir='ltr'><strong>jucun·</strong></span> 
     </span>
     <span class='ocr_line' id='line_1_110' title="bbox 1939 4844 3592 4919; baseline 0.003 -19"><span class='ocrx_word' id='word_1_755' title='bbox 1939 4844 2078 4900; x_wconf 91' lang='lat' dir='ltr'><strong>dum</strong></span> <span class='ocrx_word' id='word_1_756' title='bbox 2107 4845 2330 4919; x_wconf 89' lang='lat' dir='ltr'><strong>aliquid</strong></span> <span class='ocrx_word' id='word_1_757' title='bbox 2361 4846 2774 4904; x_wconf 88' lang='lat' dir='ltr'><strong>consolationis</strong></span> <span class='ocrx_word' id='word_1_758' title='bbox 2803 4845 2991 4904; x_wconf 90' lang='lat' dir='ltr'><strong>amico</strong></span> <span class='ocrx_word' id='word_1_759' title='bbox 3023 4848 3082 4902; x_wconf 92' lang='lat' dir='ltr'><strong>in</strong></span> <span class='ocrx_word' id='word_1_760' title='bbox 3113 4849 3278 4902; x_wconf 88' lang='lat' dir='ltr'><strong>tanta</strong></span> <span class='ocrx_word' id='word_1_761' title='bbox 3308 4847 3592 4905; x_wconf 87' lang='lat' dir='ltr'><strong>amaritu-</strong></span> 
     </span>
     <span class='ocr_line' id='line_1_111' title="bbox 1943 4934 2488 5008; baseline 0.007 -18"><span class='ocrx_word' id='word_1_762' title='bbox 1943 4934 2080 4990; x_wconf 87' lang='lat' dir='ltr'><strong>dine</strong></span> <span class='ocrx_word' id='word_1_763' title='bbox 2109 4937 2488 5008; x_wconf 87' lang='lat' dir='ltr'><strong>perquisisse.</strong></span> 
     </span>
    </p>

    <p class='ocr_par' dir='ltr' id='par_1_21' title="bbox 2230 5022 3299 5171">
     <span class='ocr_line' id='line_1_112' title="bbox 2683 5022 2826 5079; baseline -0.007 -1"><span class='ocrx_word' id='word_1_764' title='bbox 2683 5022 2826 5079; x_wconf 92' lang='lat' dir='ltr'><strong>XLI.</strong></span> 
     </span>
     <span class='ocr_line' id='line_1_113' title="bbox 2230 5128 3299 5171; baseline 0.003 -3"><span class='ocrx_word' id='word_1_765' title='bbox 2230 5128 2305 5168; x_wconf 68' lang='lat' dir='ltr'><strong>An</strong></span> <span class='ocrx_word' id='word_1_766' title='bbox 2342 5128 2616 5168; x_wconf 69' lang='lat' dir='ltr'><strong>nominum</strong></span> <span class='ocrx_word' id='word_1_767' title='bbox 2656 5129 2848 5168; x_wconf 66' lang='lat' dir='ltr'><strong>rapam</strong></span> <span class='ocrx_word' id='word_1_768' title='bbox 2886 5129 3299 5171; x_wconf 68' lang='lat' dir='ltr'><strong>anaxanonuu.</strong></span> 
     </span>
    </p>

    <p class='ocr_par' dir='ltr' id='par_1_22' title="bbox 1941 5201 3588 5548">
     <span class='ocr_line' id='line_1_114' title="bbox 2010 5201 3588 5276; baseline 0.004 -21"><span class='ocrx_word' id='word_1_769' title='bbox 2010 5201 2232 5268; x_wconf 90' lang='lat' dir='ltr'><strong>Quibus</strong></span> <span class='ocrx_word' id='word_1_770' title='bbox 2265 5201 2535 5272; x_wconf 85' lang='lat' dir='ltr'><strong>periculis</strong></span> <span class='ocrx_word' id='word_1_771' title='bbox 2565 5218 2869 5273; x_wconf 88' lang='lat' dir='ltr'><strong>exponere,</strong></span> <span class='ocrx_word' id='word_1_772' title='bbox 2893 5204 3110 5276; x_wconf 89' lang='lat' dir='ltr'><strong>quibus</strong></span> <span class='ocrx_word' id='word_1_773' title='bbox 3138 5203 3476 5275; x_wconf 87' lang='lat' dir='ltr'><strong>impendere</strong></span> <span class='ocrx_word' id='word_1_774' title='bbox 3500 5202 3588 5262; x_wconf 84' lang='lat' dir='ltr'><strong>la·</strong></span> 
     </span>
     <span class='ocr_line' id='line_1_115' title="bbox 1942 5290 3582 5363; baseline 0.003 -17"><span class='ocrx_word' id='word_1_775' title='bbox 1942 5290 2182 5347; x_wconf 89' lang='lat' dir='ltr'><strong>boribus</strong></span> <span class='ocrx_word' id='word_1_776' title='bbox 2212 5305 2519 5363; x_wconf 88' lang='lat' dir='ltr'><strong>personam</strong></span> <span class='ocrx_word' id='word_1_777' title='bbox 2552 5306 2743 5348; x_wconf 88' lang='lat' dir='ltr'><strong>meam</strong></span> <span class='ocrx_word' id='word_1_778' title='bbox 2774 5291 3207 5362; x_wconf 88' lang='lat' dir='ltr'><strong>destinaverim,</strong></span> <span class='ocrx_word' id='word_1_779' title='bbox 3241 5297 3307 5350; x_wconf 90' lang='lat' dir='ltr'><strong>ut</strong></span> <span class='ocrx_word' id='word_1_780' title='bbox 3325 5306 3582 5351; x_wconf 89' lang='lat' dir='ltr'><strong>mererer</strong></span> 
     </span>
     <span class='ocr_line' id='line_1_116' title="bbox 1941 5379 3586 5455; baseline 0.002 -19"><span class='ocrx_word' id='word_1_781' title='bbox 1941 5379 2015 5437; x_wconf 88' lang='lat' dir='ltr'><strong>ad</strong></span> <span class='ocrx_word' id='word_1_782' title='bbox 2039 5379 2418 5437; x_wconf 85' lang='lat' dir='ltr'><strong>sublimitatis</strong></span> <span class='ocrx_word' id='word_1_783' title='bbox 2438 5385 2635 5438; x_wconf 67' lang='lat' dir='ltr'><strong>vestras</strong></span> <span class='ocrx_word' id='word_1_784' title='bbox 2654 5381 2850 5440; x_wconf 89' lang='lat' dir='ltr'><strong>venire</strong></span> <span class='ocrx_word' id='word_1_785' title='bbox 2868 5385 3270 5455; x_wconf 88' lang='lat' dir='ltr'><strong>conspectum,</strong></span> <span class='ocrx_word' id='word_1_786' title='bbox 3293 5386 3586 5442; x_wconf 86' lang='lat' dir='ltr'><strong>noverunt</strong></span> 
     </span>
     <span class='ocr_line' id='line_1_117' title="bbox 1941 5470 3587 5548; baseline 0.004 -20"><span class='ocrx_word' id='word_1_787' title='bbox 1941 5470 2002 5528; x_wconf 91' lang='lat' dir='ltr'><strong>hi</strong></span> <span class='ocrx_word' id='word_1_788' title='bbox 2034 5470 2141 5542; x_wconf 89' lang='lat' dir='ltr'><strong>qui</strong></span> <span class='ocrx_word' id='word_1_789' title='bbox 2176 5470 2533 5542; x_wconf 87' lang='lat' dir='ltr'><strong>procinctum</strong></span> <span class='ocrx_word' id='word_1_790' title='bbox 2579 5487 2775 5532; x_wconf 89' lang='lat' dir='ltr'><strong>meum</strong></span> <span class='ocrx_word' id='word_1_791' title='bbox 2804 5473 2876 5530; x_wconf 86' lang='lat' dir='ltr'><strong>ad</strong></span> <span class='ocrx_word' id='word_1_792' title='bbox 2924 5475 3112 5531; x_wconf 88' lang='lat' dir='ltr'><strong>terras</strong></span> <span class='ocrx_word' id='word_1_793' title='bbox 3169 5474 3587 5548; x_wconf 75' lang='lat' dir='ltr'><strong>peragrandas,</strong></span> 
     </span>
    </p>
   </div>
  </div>
 </body>
</html>
