3784 6000
280 210 399 273 m
1346 198 1773 264 GUILLELMI
1815 198 2206 263 TYRENSIS
2247 199 2607 262 ARCHIEP.
3558 204 3680 267 208

282 341 509 401 tlochioe
537 338 857 415 principem
888 336 1147 395 dedisset
1176 335 1583 409 Raymundum
1616 334 2057 399 Pictaviensem,
2089 352 2158 391 ex
2179 334 2388 391 ultima
2418 334 2628 402 Anglia
2656 332 2898 405 petitum
2931 334 3054 403 (lib.
3074 352 3190 405 xiv,
3209 350 3336 407 cap.
3359 336 3448 403 10,
3469 336 3560 409 20,
3579 338 3676 410 2¹)

281 417 381 475 sed
410 415 486 472 ds
515 412 735 471 familia
758 408 1164 467 illustrissima
1186 408 1453 464 dicemus
1472 407 1532 463 in
1552 407 1956 479 Genealogioo,
1981 407 2030 463 si
2062 406 2218 463 Deus
2247 408 2438 463 vitam.
2471 407 2638 462 Certe
2675 404 2988 462 virtutibus
3015 407 3297 478 imparem
3321 410 3483 465 oneri
3517 414 3680 467 tante

280 486 465 545 fuisse
515 489 577 543 st
601 485 686 541 illi
721 480 943 553 experti
972 484 1112 537 sunt
1139 479 1361 548 miseri,
1392 483 1451 535 et
1479 495 1587 535 nos
1617 494 1686 535 ex
1712 478 1841 550 ipsa
1872 478 2112 535 historia
2139 477 2443 535 discimus.
2478 477 2717 545 Verum,
2746 477 2799 534 ei
2830 482 2887 534 et
2915 493 3051 534 cum
3083 478 3345 536 hostium
3375 480 3601 538 viribus
3621 486 3680 539 st

278 572 417 617 cum
444 526 894 615 d'omesticorum
926 552 1146 609 invidia
1176 550 1591 608 decertandum
1624 550 1755 606 fuit.
1786 549 2055 632 Alienum
2089 549 2386 633 hominem
2419 550 2573 621 regis
2603 549 2917 632 sororium,
2963 555 3164 621 postea
3195 552 3363 623 regni
3404 566 3686 623 procura-

278 634 487 699 torem,
516 633 576 686 st
605 628 838 684 tandem
869 640 1292 691 successorem,
1318 622 1557 693 indigne
1586 622 1846 677 ferebant
1878 636 2036 693 regni
2070 638 2384 693 principes,
2417 636 2550 677 cum
2592 625 2649 676 et
2694 621 3007 677 nobiliores
3062 627 3119 678 et
3168 623 3571 690 prudentiores
3621 630 3681 682 et

276 702 517 759 ditiores
544 699 721 756 stiam
752 698 811 753 in
844 712 1023 769 regno
1054 695 1383 768 potuissent
1413 694 1678 765 reperiri,
1711 697 1778 749 ut
1809 693 1936 765 ipse
1963 695 2151 763 inquit
2182 699 2383 748 noster
2439 693 2542 748 lib.
2599 709 2693 763 xx,
2725 708 2853 765 cap.
2879 694 2930 747 1.
2952 693 3127 749 Notat
3163 694 3419 751 Jacobus
3461 696 3532 753 de
3576 694 3675 752 Vi-

278 773 484 840 triaco,
516 771 617 827 diu
650 770 709 825 in
741 783 919 841 regno
939 772 1231 834 versatus,
1260 768 1463 823 Hister.
1497 766 1707 821 Hieros.
1742 780 1869 836 cap.
1889 764 1964 819 72
1984 781 2161 821 novos
2182 765 2312 820 illos
2336 764 2513 836 Syriis
2543 764 2873 836 indigenas,
2905 781 3051 835 quos
3081 766 3272 822 dictos
3305 767 3548 824 Pulunos
3570 767 3675 837 aii,

275 843 337 900 in
367 858 467 900 eos
487 843 589 914 qui
610 841 799 897 delon
843 839 1040 911 inquis
1070 840 1407 907 regionibus
1435 853 1617 893 causa
1644 837 1967 893 devotionis
1995 844 2092 892 aut
2123 837 2196 892 ad
2244 852 2444 892 eorum
2497 836 2832 892 subsidium
2880 838 3271 905 advenissent,
3315 854 3430 895 non
3475 838 3672 896 solum

276 916 555 987 ingratos,
577 913 678 971 sed
710 928 812 969 mu
836 911 1029 967 tifarie
1061 910 1337 966 molestos
1359 908 1668 965 exstitisse.
1702 908 1938 979 Experti
1960 922 2161 964 eorum
2193 907 2422 963 invidiae
2453 906 2706 976 aculeos,
2737 912 2795 963 et
2826 908 3076 976 perfidiae
3107 924 3314 981 graves
3346 909 3521 978 ictus,
3544 926 3673 969 ma-

276 1001 539 1059 gnosum
562 982 724 1056 Reip.
743 989 868 1041 tum
890 982 1052 1054 regni
1073 980 1093 1037 i
1136 981 1259 1038 sius
1281 982 1497 1036 damno
1518 979 1815 1036 Conradus
1837 979 2069 1051 imper„
2091 984 2222 1034 etet
2243 995 2336 1034 rex
2364 978 2689 1035 Ludovicus
2709 979 2783 1036 ad
2801 978 3145 1036 Damascum
3167 980 3508 1051 (nosterlib.
3530 998 3670 1052 xvn,

276 1072 406 1133 cap.
436 1057 475 1112 5
504 1061 564 1114 et
585 1056 667 1129 7).
698 1056 984 1126 Expertus
1010 1061 1065 1109 et
1096 998 1543 1109 glandi-ensium
1575 1067 1768 1107 comes
1794 1051 2197 1133 Theodericus
2222 1050 2703 1133 <tib.·xv111,·cap.
2739 1052 2846 1121 18).
2879 1051 3079 1123 Neque
3109 1053 3349 1109 omnino
3388 1054 3676 1111 demesti-

280 1145 484 1186 eorum
513 1128 613 1185 ills
643 1128 703 1183 in
732 1130 960 1183 exteros
989 1124 1170 1181 animi
1202 1128 1422 1192 motus,
1452 1122 1580 1180 sine
1608 1124 1831 1178 ratione
1860 1126 1972 1179 est.
2001 1122 2243 1178 Videtur
2270 1138 2424 1178 emm
2453 1122 2760 1193 indignum
2791 1130 2856 1178 ut
2883 1124 2985 1193 qui
3011 1128 3131 1180 tota
3175 1124 3293 1181 vita
3339 1140 3445 1182 sua
3493 1142 3557 1182 re
3641 1144 3675 1184 o

281 1200 628 1268 militantes,
657 1197 918 1255 infinitos
948 1196 1175 1254 labores
1204 1195 1588 1268 pertulerunt,
1620 1194 1786 1251 abiis
1814 1195 1914 1265 qui
1945 1198 2207 1250 recenter
2233 1193 2576 1251 advenerint
2603 1197 2901 1250 tantorum
2934 1195 3159 1252 fructus
3210 1196 3476 1253 laborum
3505 1214 3572 1254 eo
3598 1198 3674 1254 li-

356 1272 578 1344 ntibus,
599 1270 996 1343 negligantur,
1026 1271 1084 1324 et
1110 1282 1215 1340 spe
1239 1266 1730 1323 remunerationis
1758 1265 2045 1322 excidant.
2089 1266 2218 1336 lpse
2248 1265 2479 1338 Tyrius,
2511 1265 2613 1322 lib.
2642 1282 2778 1322 xv11.
2820 1280 2947 1338 cap.
2977 1266 3014 1319 7
3047 1282 3061 1321 z
3101 1266 3190 1322 Sic
3219 1283 3327 1337 vos,
3359 1284 3472 1324 non
3501 1270 3671 1326 vobis.

358 1342 395 1399 d
432 1342 556 1400 baeo
586 1341 829 1398 alterius
859 1338 970 1396 loci
1002 1338 1249 1411 quostio
1278 1338 1522 1420 est-Hic
1550 1353 1682 1393 vero
1710 1336 1814 1392 Dei
1852 1336 2212 1418 admiremur
2266 1337 2686 1421 providentiam
2745 1344 2802 1421 et
2850 1338 3014 1408 ¹iusta
3047 1337 3276 1421 judicia
3307 1354 3322 1395 z
3355 1341 3478 1411 qui,
3537 1356 3672 1398 cuin

282 1418 523 1487 perdere
552 1412 931 1471 meritissimo
963 1415 1191 1467 nostros
1221 1410 1643 1476 constituisset,
1674 1407 1999 1464 Guidonem
2031 1406 2149 1464 illis
2181 1424 2396 1478 regem,
2430 1409 2621 1464 media
2653 1412 2898 1480 petitum
2931 1409 3134 1476 Gallia,
3164 1424 3195 1466 e
3226 1426 3449 1468 summa
3469 1412 3670 1470 Picto-

278 1502 420 1543 num
450 1484 794 1543 nobilitate:
826 1500 958 1540 cum
986 1487 1247 1554 tempore
1275 1481 1477 1537 eodem
1510 1478 1768 1536 attollere
1799 1495 1891 1535 res
1920 1480 2362 1536 Saracenorum.
2404 1479 2745 1536 Saladinum
2783 1496 2813 1536 e
2856 1481 3091 1552 pulvere
3137 1482 3478 1550 excitatum,
3504 1488 3670 1540 terro

280 1556 483 1629 fllium,
519 1558 617 1614 sed
647 1555 962 1612 virtutibus
979 1554 1252 1611 omnibus
1273 1550 1806 1618 absolutissimum,
1839 1549 2155 1621 principem
2190 1550 2368 1607 dedit.
2399 1551 2484 1606 Sit
2512 1552 2706 1622 itaque
2735 1552 2917 1608 nostri
2946 1553 3221 1621 auctoris,
3256 1555 3341 1610 vel
3381 1571 3578 1611 amore
3617 1560 3674 1612 et

279 1629 655 1686 miseratione
680 1626 880 1699 patriae
910 1631 1267 1689 exeusatum,
1300 1623 1347 1678 si
1380 1623 1537 1694 quod
1569 1623 1676 1678 suit
1704 1622 1763 1678 in
1796 1621 2123 1678 Guidonem
2155 1622 2350 1678 odium
2385 1638 2400 1676 ε
2438 1624 2592 1693 quod
2643 1639 2747 1681 nec
2789 1623 2963 1680 latuit
3011 1627 3243 1680 fratrem
3305 1625 3671 1697 Stephanum

278 1700 705 1774 Lusignanum,
726 1698 951 1755 ordinis
971 1696 1443 1760 Praedicatorum,
1475 1694 1573 1765 qui
1605 1692 1917 1749 Historiam
1944 1693 2108 1764 regni
2135 1694 2301 1765 Cypri
2323 1693 2522 1763 edidit,
2545 1694 2795 1766 primum
2848 1695 3062 1765 italice,
3092 1696 3304 1753 deinde
3341 1697 3581 1755 Gallice.
3616 1699 3674 1754 ls

279 1772 397 1829 odii
424 1788 659 1829 causam
690 1769 947 1838 ascribit,
976 1769 1103 1841 ipse
1123 1784 1153 1822 e
1183 1766 1467 1822 Guidonis
1500 1766 1854 1836 posteritate,
1887 1764 2310 1836 propinquitati
2334 1781 2445 1837 qua
2471 1767 2634 1837 regni
2656 1782 2918 1838 proceres
2939 1773 3134 1825 noster
3155 1768 3509 1825 Guillelmus
3539 1786 3670 1826 con·

276 1842 567 1925 tingebat,
598 1842 816 1913 quibus
840 1840 939 1896 ille
968 1838 1398 1896 successionem
1429 1836 1597 1909 regui
1626 1837 1988 1907 alienigenas
2011 1837 2294 1907 eripuisse
2323 1837 2637 1893 videbatur.
2672 1839 2830 1894 idem
2860 1839 3193 1910 Stephanus
3221 1840 3353 1908 alia,
3387 1846 3670 1913 tanquam

277 1918 496 1987 scripta
522 1912 855 1977 Guillelmo,
888 1912 1114 1976 recitat,
1151 1925 1283 1980 quae
1315 1923 1604 1978 nusquam
1633 1907 1883 1979 legimus
1919 1924 1933 1965 :
1963 1907 2108 1963 alias
2140 1924 2343 1979 parum
2375 1908 2500 1979 ipse
2532 1908 2740 1965 litteris
2761 1911 3422 1977 eruditus,autlectione
3442 1915 3667 1969 doctus.

278 1985 703 2058 Tripolitanum
735 1992 928 2039 autem
960 1982 1253 2047 comitem,
1287 1978 1573 2035 Guidonis
1602 1979 1900 2043 emulum,
1934 1978 2206 2035 laudibus
2266 1985 2462 2036 noster
2499 1979 2680 2045 effert,
2718 1981 2930 2052 passim
2963 1998 2978 2037 ε
3007 1980 3107 2038 lib.
3139 1999 3280 2049 xxu,
3329 2000 3456 2056 cap.
3488 1985 3544 2053 9,
3578 1985 3669 2049 16,

278 2054 374 2125 29,
404 2060 462 2113 et
488 2056 589 2113 lio.
622 2070 783 2123 xxm,
808 2070 933 2126 cap.
970 2056 1020 2109 1.
1050 2050 1165 2109 Sed
1202 2056 1260 2108 et
1292 2049 1620 2127 Manuelem
1680 2050 2087 2122 imperatorem
2135 2052 2844 2121 Constantinopolitanum
2901 2068 3035 2109 cum
3095 2055 3300 2110 affectu
3355 2061 3665 2121 memorat,

278 2126 383 2185 lib.
409 2143 504 2198 xv,
534 2142 665 2253 cap.
690 2128 783 2181 23.
816 2129 876 2183 st
905 2125 1010 2182 lib.
1034 2140 1146 2186 xxi,
1176 2138 1305 2194 cap.
1340 2123 1426 2192 12,
1448 2127 1505 2178 et
1532 2138 1769 2179 causam
1802 2122 2004 2192 aperit,
2035 2138 2172 2204 cum
2202 2124 2332 2193 eJus
2362 2123 2423 2179 in
2470 2138 2529 2179 se
2578 2124 3014 2181 beneficentiam
3073 2126 3347 2197 predicat
3377 2143 3390 2181 :
3434 2124 3534 2183 lib.
3566 2144 3661 2196 xx,

276 2213 407 2271 cap.
437 2199 491 2270 ⁴,
521 2204 580 2255 et
631 2197 709 2254 ib.
741 2213 882 2265 xxu,
913 2213 1042 2269 cap.
1074 2197 1127 2251 4.
1160 2194 1306 2249 Vere
1328 2193 1485 2249 enim
1505 2194 1753 2265 ipsemet
1773 2194 1843 2249 ds
1863 2192 2120 2249 Saladini
2161 2194 2509 2250 virtutibus:
2543 2195 2703 2251 Nullo
2731 2197 2841 2251 alio
2885 2195 3055 2253 hodie
3095 2198 3260 2265 visc0,
3290 2198 3662 2267 subjectorum

275 2272 447 2328 etiam
472 2268 835 2353 quorumlibet
858 2269 1109 2324 aliorum
1136 2265 1423 2321 hominum
1450 2264 1613 2322 corda
1640 2267 1813 2336 maqis
1841 2265 2012 2321 solent
2040 2266 2378 2348 principibus
2405 2268 2715 2335 conciliari,
2745 2266 2998 2339 nihilque
3036 2268 3252 2325 alienos
3283 2272 3498 2327 animos
3542 2287 3666 2327 ma-

277 2342 361 2414 ois
382 2341 612 2468 geluque,
641 2356 811 2412 quam
828 2338 1236 2411 munificentie.
1271 2336 1397 2392 Haec
1435 2340 1492 2393 et
1520 2341 1757 2408 peccata
1813 2338 2082 2408 quamvis
2128 2338 2462 2405 eminentia,
2519 2339 2737 2409 operit;
2778 2343 2836 2397 et
2888 2343 3133 2396 virtutes
3189 2341 3361 2398 etiam
3420 2342 3666 2399 latentes

273 2417 510 2541 ’phane
526 2499 662 2540 vero
680 2482 983 2540 historiam
1008 2478 1230 2547 laudat,
1296 2477 1355 2534 ui
1375 2477 1691 2535 vixitanno
1716 2477 1876 2545 1450,
1905 2479 2236 2536 Antoninus
2269 2479 2633 2537 Florentinus
2661 2482 3151 2565 archiepiscopus,
3183 2483 3269 2539 tit.
3309 2485 3395 2540 17.
3428 2501 3556 2556 cap.
3606 2486 3662 2539 9.

269 2556 299 2619 ξ
326 2554 365 2610 3
390 2558 450 2613 et
475 2556 563 2611 12.
586 2556 877 2623 Dominus,
907 2551 1120 2636 inquit,
1153 2494 1490 2634 Guiqtelmus
1517 2549 1959 2633 qrchiepiscopus
1993 2552 2246 2635 Tyr-ensis
2266 2553 2326 2634 in
2358 2553 2641 2616 Chronico,
2665 2562 2716 2610 et
2749 2553 2885 2610 alibi
2935 2557 3064 2626 ejus
3107 2554 3425 2639 ipsissimis
3469 2556 3664 2613 verbis

272 2626 465 2683 utitur
496 2644 509 2682 :
543 2626 700 2698 quod
732 2633 788 2683 et
816 2638 1163 2696 saeplsfllmo,
1196 2627 1371 2678 tacito
1393 2637 1646 2687 nomine,
1680 2637 1929 2691 quieJus
1950 2626 2106 2679 aetati
2170 2639 2426 2680 reximus
2451 2626 2580 2687 fuit.
2611 2626 2864 2681 Jacobus
2893 2627 2963 2681 ds
3006 2626 3280 2683 Vitriaoo.
3313 2628 3421 2684 Sed
3454 2629 3541 2683 tit.
3578 2630 3662 2700 16,

270 2702 395 2784 9⁸¹³:
427 2698 496 2784 1⁶3
529 2698 738 2771 princ..
770 2710 940 2767 quem
975 2699 1269 2751 auctorem
1302 2692 1463 2776 citat,
1504 2690 1880 2759 Guillelmus,
1914 2697 2002 2749 est
2038 2639 2599 2778 Mufmeshuriensis,
2647 2698 2815 2768 cujus
2864 2698 3056 2753 verbis
3097 2699 3337 2782 subjicit
3379 2704 3439 2754 et
3480 2700 3663 2756 nostri

266 2762 1481 2910 ἓέἷέῗῖὲῗ,“ξέἒ”ἒέὧὲι“ῗέξὲιῗὲἷῗξἐὲἓῐοἷς
1503 2762 3045 2919 35:3551254321333{⁰35t‘:3.3⁸.⁸.¹3t‘.⁰2’dissisti}
3068 2771 3267 2896 53:5²³&
3298 2771 3666 2913 gestet}

265 2912 439 2985 Tyrio
468 2912 611 2969 dicit
641 2910 801 2968 illius
830 2909 1111 2993 temporis
1140 2912 1396 2975 auctore,
1430 2906 1501 2961 de
1521 2911 1708 2961 morte
1739 2907 2012 2963 Friderici
2045 2907 2230 2980 Limp.
2253 2909 2595 2981 scrupulum
2628 2910 2772 2967 mihi
2803 2916 2859 2966 et
2887 2912 3308 2968 dubitationem
3341 2914 3661 2985 quamdam

264 2983 557 3056 injiciunt.
592 2982 852 3041 Excessit
880 2997 1037 3040 enim
1072 2978 1396 3038 Friderious
1424 2978 1568 3051 imp.
1601 2994 1753 3034 anno
1785 2978 1928 3061 1190
1949 2981 2206 3052 proxime
2243 2982 2477 3053 quidem
2511 2982 2731 3039 elatem
2761 2982 2919 3054 Tyrii
2945 3000 2959 3050 ;
2989 2984 3088 3039 sed
3124 3000 3248 3054 nos,
3282 3000 3398 3042 non
3457 3002 3665 3069 super-

264 3071 395 3114 asse
422 3055 732 3114 scribendo
760 3055 999 3140 Tyrium
1030 3067 1250 3109 annum
1283 3050 1422 3107 1180
1449 3057 1615 3106 antea
1646 3049 2032 3107 firmavimus.
2067 3051 2309 3109 Latebat
2347 3054 2406 3109 in
2449 3053 2816 3111 bibliothecis
2862 3054 3074 3110 AEmilii
3127 3062 3385 3127 tempore
3423 3058 3659 3129 Tyrius,

265 3128 527 3184 nondum
556 3131 619 3200 ty
660 3126 710 3183 is
738 3128 931 3182 editus
963 3141 978 3181 ε
1012 3125 1210 3195 itaque
1238 3122 1515 3179 incidisse
1545 3120 1711 3177 illum
1743 3122 1799 3177 in
1833 3122 2015 3191 hujus
2054 3124 2126 3179 ab
2174 3124 2288 3180 alio
2333 3124 2729 3182 continuatam
2769 3125 3104 3197 Historiam,
3154 3128 3356 3200 quales
3406 3127 3662 3186 Gallicas

264 3197 552 3256 habemus
582 3215 614 3255 a
642 3200 825 3270 iquot,
856 3195 1149 3268 probabile
1177 3198 1284 3264 est,
1317 3208 1496 3266 quam
1528 3195 1709 3249 totam
1743 3209 1846 3265 pro
1876 3194 2037 3266 Tyrii
2067 3194 2295 3267 legerit,
2332 3196 2753 3268 babueritqne;
2786 3201 2845 3254 et

1036 3303 1195 3360 opere
1218 3285 1280 3343 in
1301 3287 1466 3359 lonyo
1494 3287 1581 3355 las
1608 3290 1687 3342 est
1717 3286 1974 3358 obrepere
2001 3302 2273 3344 somnum.

265 3380 529 3440 Blendus
555 3379 617 3438 in
650 3380 854 3439 harum
887 3397 1083 3438 rerum
1108 3376 1489 3458 explicatione
1512 3373 1886 3432 Guillelmum
1922 3376 2083 3443 citat,
2114 3379 2466 3451 scriptorem,
2495 3380 2707 3452 inquit,
2740 3381 3010 3438 Gallicum
3041 3381 3141 3438 lib.
3177 3397 3254 3447 ιν,
3287 3382 3419 3440 dee.
3450 3398 3494 3438 ιι
3519 3400 3532 3451 ;
3559 3382 3658 3439 sed

266 3461 321 3511 et
344 3451 719 3512 Guillelmum
751 3453 958 3524 saepius
988 3450 1271 3517 nominat,
1302 3446 1484 3529 alium
1516 3463 1550 3501 a
1580 3455 1799 3514 nostro,
1829 3448 2032 3505 eodem
2066 3454 2122 3506 et
2146 3452 2491 3521 praecedenti
2522 3452 2671 3508 libre
2705 3468 2718 3507 :
2747 3454 2940 3525 itaque
2970 3453 3447 3521 dubito.Caetera,
3471 3455 3660 3510 honus

264 3528 322 3582 et
352 3524 715 3582 necessarius
737 3529 934 3580 auctor
962 3521 1254 3587 Historia,
1287 3523 1436 3575 saus
1466 3519 1525 3574 in
1556 3516 1665 3574 hac
1697 3519 1849 3590 negli
1897 3529 2058 3576 enter
2087 3532 2346 3579 versatus
2367 3528 2457 3580 est
2484 3523 2720 3581 Bondus
2762 3540 2775 3580 :
2813 3526 2968 3596 quod
3009 3525 3203 3581 solens
3253 3526 3326 3582 iis
3370 3525 3468 3596 qui
3503 3542 3663 3582 com-

261 3595 433 3666 plecti
460 3596 676 3663 omnia,
702 3601 760 3652 et
780 3594 1104 3667 generales,
1133 3593 1440 3676 utvoeant,
1462 3590 1830 3646 conscribere
1855 3535 2127 3648 §istoriae
2145 3595 2586 3665 aggrediuntur,
2610 3596 2867 3652 iraudem
2891 3594 3204 3653 lectoribus
3226 3596 3393 3653 titulo
3433 3597 3660 3670 magni-

258 3668 367 3726 iice
392 3667 671 3724 iacientes
704 3684 719 3725 :
753 3683 902 3740 quos
928 3671 995 3724 ut
1027 3667 1256 3738 fugiant
1284 3661 1706 3745 adolescentes,
1739 3663 1998 3732 suadeo;
2030 3662 2226 3736 legant
2255 3682 2388 3722 cum
2417 3670 2738 3725 attentione
2757 3673 2816 3724 et
2835 3667 3073 3739 judicio,
3099 3668 3196 3724 alii
3221 3686 3234 3726 :
3261 3685 3352 3740 ne,
3387 3670 3526 3725 dum
3549 3685 3661 3725 cae-

255 3755 391 3796 cum
422 3755 609 3796 caicus
639 3738 820 3807 ducit,
860 3739 1036 3795 ambo
1070 3738 1128 3793 in
1162 3737 1383 3792 foveam
1416 3731 1701 3789 incidant.

326 3809 488 3884 Opus
518 3816 793 3884 preterea
814 3809 1163 3866 Guillelinus
1188 3809 1385 3863 noster
1405 3805 1757 3875 composuit,
1800 3805 1974 3877 cujus
2005 3822 2120 3862 non
2151 3823 2469 3880 possumus
2493 3809 2785 3880 jacturam
2819 3827 2936 3867 non
2968 3810 3266 3883 aegerrime
3299 3813 3448 3868 ferre
3478 3811 3662 3868 histo-

253 3881 476 3940 riarum
508 3882 779 3951 studiosi,
810 3882 867 3937 in
901 3883 1242 3954 argumento
1273 3877 1527 3933 obscuro
1562 3876 1841 3943 maxime,
1874 3893 1980 3934 nec
2012 3878 2194 3936 ullius
2225 3881 2530 3954 diligentia
2569 3883 2874 3957 scriptoris
2905 3883 3216 3952 illustrate,
3244 3884 3415 3956 eujus

956 3972 1044 4029 Ad
1069 3986 1168 4027 ⁷²0³
1194 3970 1291 4026 vix
1322 3966 1503 4023 tenuis
1542 3965 1717 4039 samoe
1745 3967 2057 4039 perlabitur
2087 3986 2226 4027 aura
2254 3990 2275 4027 .-

321 4063 571 4133 Περσαῖε
599 4060 1038 4120 occidentalium
1066 4063 1383 4133 principum
1417 4076 1433 4113 ε
1465 4057 1587 4142 “bn
1621 4073 1662 4124 ι,
1702 4074 1829 4129 cap.
1882 4059 1936 4126 3,
1987 4063 2119 4130 sive,
2171 4062 2246 4118 De
2281 4065 2621 4138 principibus
2668 4065 3043 4122 Orientalibus
3092 4069 3143 4123 et
3191 4081 3381 4122 eorum
3422 4065 3656 4134 actihuS,

250 4131 352 4188 lib.
378 4148 498 4201 xix,
524 4149 649 4204 cap.
686 4133 751 4188 15
781 4137 836 4188 et
859 4134 952 4201 21,
981 4149 1016 4188 a
1045 4139 1282 4202 tempore
1309 4130 1611 4186 seductoris
1642 4129 1936 4198 Mahzimet,
1983 4145 2160 4204 usque
2195 4134 2268 4190 act
2316 4151 2526 4193 annum
2577 4137 2797 4193 Domini
2846 4137 2986 4194 1184
3033 4139 3442 4210 (praefatione).
3494 4138 3664 4205 Quin·

246 4207 531 4274 qenlorum
560 4206 915 4276 septuaqinta
945 4219 1222 4260 annorum
1250 4204 1446 4257 seriem
1477 4199 1821 4283 complexum
1849 4201 2091 4273 (praerat.
2127 4209 2186 4261 et
2237 4206 2333 4262 lib.
2369 4226 2409 4273 1,
2450 4226 2502 4266 c.
2548 4209 2643 4282 3);
2687 4209 2774 4266 vel
2820 4211 3266 4282 quinqentorum
3306 4210 3660 4280 septuaqinta

247 4280 303 4332 et
327 4279 553 4346 septem,
586 4280 648 4331 ut
671 4274 771 4330 lib.
805 4290 921 4340 xix,
946 4292 1072 4347 cap.
1104 4276 1196 4338 21,
1228 4289 1356 4344 quae
1386 4277 1636 4327 varietas
1678 4287 1794 4342 quo
1833 4289 2013 4344 supra
2066 4276 2182 4331 dixi
2232 4281 2562 4352 confirmat,
2602 4296 2719 4337 non
2755 4283 3120 4353 recognitum
3160 4282 3383 4338 auctori
3425 4281 3534 4336 hoc
3566 4297 3640 4337 no

248 4351 435 4401 strum
464 4361 630 4416 opus.
664 4345 814 4402 illud
846 4363 1003 4416 vero,
1034 4345 1241 4402 eodem
1271 4342 1562 4399 Amalrico
1595 4357 1726 4413 rege
1758 4343 2018 4401 instante
2047 4352 2105 4403 et
2153 4358 2415 4420 rogante,
2471 4358 2531 4409 et
2567 4352 2922 4424 exemplaria
2969 4352 3214 4409 Arabica
3261 4352 3651 4419 ministrante,

248 4415 494 4473 absolvit
520 4415 766 4490 (prolat.
798 4418 1021 4486 eadem,
1046 4422 1103 4473 et
1131 4416 1234 4473 lib.
1265 4431 1394 4498 χιι,
1413 4429 1540 4485 cap.
1566 4413 1685 4480 21),
1719 4412 2000 4472 laudabili
2051 4421 2310 4488 omnino,
2343 4429 2399 4480 et
2430 4424 2605 4491 regia,
2637 4424 2785 4480 etad
2811 4425 3014 4494 Deum,
3040 4425 3134 4481 cui
3183 4425 3431 4497 proximi
3465 4439 3657 4494 reges,

244 4487 556 4546 accedente
585 4505 722 4545 cura
756 4504 769 4545 :
796 4490 969 4547 verbo
1001 4493 1254 4545 mortuos
1273 4490 1545 4548 excitare,
1579 4490 1634 4539 et
1672 4484 1733 4542 in
1763 4486 1939 4543 vitam
1969 4491 2272 4549 reducere.
2305 4493 2730 4551 Admirandum
2761 4496 2934 4552 etiam
2963 4496 3024 4552 in
3066 4511 3219 4568 rege,
3252 4496 3407 4568 quod
3461 4494 3656 4551 media

241 4564 300 4615 et
327 4559 615 4632 profunda
646 4559 939 4626 barbaria,
974 4561 1126 4616 inter
1166 4560 1377 4615 lituum
1410 4554 1741 4640 stridorem.
1774 4565 1829 4616 et
1859 4576 2162 4618 armorum
2186 4563 2462 4632 tonitrua,
2499 4572 2555 4622 et
2588 4567 3046 4636 praesentissima
3075 4568 3334 4639 quetidie
3363 4566 3644 4640 pericula,

238 4629 463 4759 littetras
492 4632 759 4699 coluerit,
790 4636 847 4688 et
874 4632 1159 4689 librorum
1182 4633 1407 4702 copiam
1438 4643 1570 4684 usui
1598 4629 1994 4688 studiosorum
2025 4637 2461 4706 comparaverit
2491 4654 2505 4692 :
2539 4653 2667 4709 quie
2696 4638 2847 4707 aliis,
2879 4639 2996 4696 alta
3039 4643 3213 4697 etiam
3265 4654 3426 4712 pace,
3458 4639 3651 4710 negli-

280 4719 353 4759 un
390 4719 481 4759 ur.

238 4719 274 4776 g
309 4774 389 4830 De
408 4773 655 4832 oonsilio
684 4775 1062 4832 Later-mensi
1093 4772 1374 4844 scriptum
1404 4770 1658 4828 edidisse
1680 4788 1857 4844 supra
1888 4775 2216 4833 retulimus.
2266 4779 2544 4850 Ejusdem
2589 4780 2785 4851 plures
2837 4782 3113 4854 epistolas
3161 4784 3234 4839 ad
3275 4780 3648 4839 Bernardum

238 4845 663 4903 Antiochenum
691 4852 938 4916 exstare,
970 4845 1175 4903 scribit
1204 4845 1525 4927 exscriptor
1555 4843 1788 4900 Simleri
1818 4846 2106 4904 Antonius
2138 4848 2530 4919 possevimus,
2560 4854 2838 4926 Apparatu
2871 4872 2888 4908 :
2921 4860 3165 4928 uterque
3195 4854 3376 4912 falsus
3408 4868 3424 4909 ι
3457 4866 3649 4924 neque

237 4916 394 4971 enim
424 4915 625 4988 hujus,
658 4918 759 4975 sed
791 4917 1055 4986 alterius,
1088 4917 1364 4986 Tyrensis
1395 4919 1535 4970 item
1566 4914 2014 4990 archiepiscopi,
2046 4918 2340 4979 Guillelmi
2372 4924 2596 4994 Anglici
2627 4929 2763 4982 sunt
2791 4925 2927 4993 illae,
2961 4943 3105 4995 quas
3130 4944 3240 4983 non
3264 4925 3544 4992 vidimus,
3574 4923 3649 4978 ad

240 4985 669 5044 Antiochenum
698 4988 960 5060 epistolas
991 5007 1004 5046 :
1038 4989 1195 5046 Obiit
1228 4987 1576 5052 BernarduS,
1611 4993 1811 5045 nostro
1842 4988 1936 5044 vix
1967 4998 2124 5056 nato,
2159 5007 2411 5065 nemque
2439 4999 2593 5052 circa
2623 5012 2838 5053 aunum
2863 4998 3020 5066 1127,
3043 5015 3217 5071 quem
3245 4996 3416 5070 paulo
3437 5006 3572 5069 post
3593 4996 3652 5050 et

236 5057 335 5113 ille
364 5055 511 5114 alter
538 5057 889 5116 Gulllelmus
928 5070 1161 5117 secutus
1191 5064 1302 5130 est,
1332 5067 1393 5113 ut
1424 5074 1491 5114 ex
1522 5063 1723 5114 nostro
1744 5064 1998 5131 constat,
2030 5061 2130 5119 lib.
2155 5079 2271 5132 xiv,
2306 5082 2432 5136 cap.
2473 5068 2538 5123 10
2567 5073 2624 5124 et
2649 5071 2736 5124 11.

308 5129 421 5185 Sed
452 5128 562 5186 hac
593 5129 844 5187 Historia
862 5132 1089 5204 primus
1114 5147 1217 5188 nos
1240 5130 1430 5187 beavit
1453 5128 1804 5185 philibertus
1835 5130 2222 5191 Poissenotus.
2249 5137 2316 5193 D.
2349 5140 2610 5195 Morancli
2662 5140 2718 5195 in
2750 5142 2996 5198 Maxima
3042 5143 3444 5214 Sequanorum
3495 5153 3652 5208 prze-

236 5203 489 5274 positus,
520 5202 604 5258 uti
634 5217 769 5258 eum
796 5201 1053 5260 Joannes
1073 5201 1283 5258 Herold
1306 5201 1754 5257 Continuatione
1784 5200 1923 5257 Belli
1952 5207 2125 5275 sacri,
2150 5208 2514 5267 demonstrat
2539 5228 2552 5266 :
2581 5212 2735 5285 typis
2757 5213 2849 5270 Jo.
2890 5213 3152 5286 Oporini,
3185 5229 3340 5270 anno
3374 5209 3518 5268 15⁴9
3541 5209 3647 5282 (1).

304 5317 387 5388 (n
416 5317 558 5374 Belli
583 5319 730 5374 sacri
776 5318 1028 5386 historia,
1081 5318 1243 5375 libris
1284 5333 1423 5373 xxm
1468 5315 1873 5386 comprehensa,
1985 5307 2201 5393 fimum,
2229 5312 2501 5381 futorum,
2547 5318 2678 5367 ante
2723 5326 2897 5368 annos
2944 5314 3165 5370 circiter
3213 5309 3645 5393 quad-ringentes

231 5387 297 5444 de
325 5387 589 5445 Hier-osolt
612 5407 698 5446 ma
724 5406 788 5446 cac
818 5398 967 5448 terra
994 5390 1404 5460 promissionis,
1452 5387 1695 5458 adeoque
1741 5389 1874 5445 uni·
1987 5388 2376 5465 conset-epium,
2407 5398 2659 5454 nuncque
2694 5385 2939 5465 primum
2981 5385 3282 5466 doctissimi
3309 5379 3646 5466 omphali-

230 5474 537 5530 versapene
594 5462 1241 5533 viamen-occidentales
1252 5460 1533 5532 principes
1545 5459 1879 5516 Christianos
1992 5452 2138 5538 bert-i
2169 5456 2473 5538 Poissenoti]
2513 5468 2680 5527 opera
2729 5471 2789 5510 in
2837 5456 3014 5512 lucem
3070 5455 3306 5540 edit-um,
3347 5451 3650 5534 Guzllelmq

230 5539 576 5660 attt'z‘itw‘
604 5534 950 5663 '‘5''52‘231'5?
986 5531 1467 5661 {ratw-
1484 5532 1883 5673 'timi-³2:¹2
1991 5525 2612 5654 {animantia-2³22
2639 5525 3652 5670 ‘tetdrmfw‘ssssttt-{Asszt

232 5673 335 5758 biti
362 5643 551 5758 rep-um
576 5618 723 5733 speeies
749 5646 1209 5748 dianissimarun.
1228 5643 1497 5733 oerista'ee
1522 5675 1793 5758 refertum
1816 5691 1885 5732 ac
1991 5669 2388 5742 Brylinqerum
2413 5676 2468 5728 ee
2491 5669 2767 5730 Ioannem
2795 5670 3134 5746 oporinum,
3152 5641 3358 5748 ’in-{01-

208 5745 477 5802 amma
508 5747 787 5804 meis
820 5749 885 5806 ut
920 5745 1392 5822 jucundissimam
1446 5743 1530 5804 ita
1582 5749 1635 5804 et
1688 5745 1880 5826 utilite
