3784 6000
140 96 277 157 ⁴57

1086 106 1286 171 mer.
1334 109 1609 174 Renum
1652 80 2188 174 messmam.
2236 139 2312 156 ·-
2359 108 2504 170 Lm.
2553 110 2625 169 x.

3347 116 3552 176 ’458

138 227 509 288 voluntatem
544 248 560 301 ;
593 249 728 292 nem
759 250 950 311 neque
980 256 1168 298 arcem
1199 240 1374 299 David
1409 244 1645 301 domino
1685 261 1789 317 ps·
1818 246 1871 312 A
1903 253 2047 301 stens
2096 243 2393 317 proposito,
2426 243 2490 299 in
2536 243 2625 300 die
2680 243 3091 313 Purificattonts
3142 243 3309 301 beatae
3363 244 3551 303 Uaria

136 318 385 375 trischae
413 319 749 382 Deimberto
778 325 1176 397 tradiderunt3
1207 347 1313 389 nec
1332 331 1627 391 civitatem
1657 335 1787 405 ejus

138 409 590 481 resignaverunt
621 413 846 483 ditioni,
879 417 1034 474 sicut
1065 422 1393 478 testamenti
1420 422 1634 478 tabulis
1651 439 1786 480 con-

136 496 459 571 tinebatur,
506 509 563 558 et
614 503 766 560 sicut
816 504 876 563 in
936 507 1030 564 die
1069 514 1272 567 sancto
1323 511 1577 578 Peechae,
1628 514 1781 583 quod

135 587 399 657 proxime
430 590 799 660 praten-iamt,
834 601 1112 666 presente
1158 597 1312 655 clero
1357 604 1414 656 et
1460 599 1692 673 populo,
1723 602 1781 657 in

133 675 386 733 ecclesia
427 677 744 737 Dominicis
795 687 1252 744 resurrectionis.
1289 688 1407 745 dux
1445 689 1503 745 in
1544 689 1784 747 Domino

134 763 243 836 pie
289 768 728 839 recordationis,
770 773 958 844 pectis
1011 775 1164 832 inter
1200 793 1336 833 eum
1383 782 1441 835 et
1476 780 1780 836 dominum

132 855 534 926 patriercham
566 859 724 916 initis
756 862 1188 923 interseruerat.
1214 865 1395 938 Hujus
1425 872 1617 926 autem
1650 886 1786 926 con-

131 946 405 1002 tumaciae
436 948 711 1021 princeps
739 958 862 1008 eret
891 954 1130 1025 quidem
1148 972 1343 1013 comes
1373 957 1667 1015 Gernerus
1697 975 1782 1015 co·

128 1040 452 1105 gnomento
481 1037 553 1094 de
583 1037 746 1109 Gres,
802 1042 972 1099 miles
1023 1047 1367 1115 acerrimus,
1408 1049 1779 1106 dominorum

128 1122 305 1181 ducis
341 1133 398 1182 et
462 1128 693 1185 comitis
750 1133 1224 1206 consanguineus
1264 1152 1279 1192 ε
1331 1136 1424 1193 his
1472 1139 1780 1197 confestim

129 1220 366 1272 mortuo
387 1216 552 1286 duce,
587 1219 921 1289 proedictem
945 1224 1152 1280 turrim
1205 1227 1500 1298 invadens,
1529 1227 1780 1302 diligen-

126 1307 220 1359 ter
248 1308 700 1379 communierat,
737 1309 1093 1385 miseratque
1122 1332 1155 1370 e
1177 1315 1475 1373 dominum
1509 1319 1778 1378 comitem

130 1391 492 1452 Belduinum
523 1397 746 1455 occulte
794 1402 1051 1471 nuntios,
1087 1401 1493 1476 ignorantibus
1525 1406 1678 1479 eliis,
1710 1411 1780 1464 ut

123 1479 534 1542 velocissimus
563 1489 621 1542 et
649 1487 776 1546 sine
801 1489 1077 1548 diletione
1107 1494 1322 1551 veniret
1354 1511 1369 1562 ;
1401 1496 1660 1570 dumque
1677 1515 1778 1554 su·

1905 333 2171 404 Virqinis,
2203 333 2273 387 de
2300 332 2471 403 Joppe
2515 339 2773 404 quartam
2818 336 3034 401 partem
3078 333 3322 391 ecclesiae
3362 333 3553 392 Sancti

1895 421 2182 494 Sepulcri;
2207 421 2354 476 dedit
2384 426 2571 493 etpost
2599 425 2657 476 in
2686 421 2774 477 die
2816 421 3101 494 paschalis
3150 423 3550 493 solemnitatis,

1882 513 2010 582 jam
2030 511 2181 566 ultra
2208 511 2439 581 superbe
2459 526 2671 581 sapere,
2703 518 2803 566 aut
2835 513 2898 568 in
2923 512 3186 569 saeculari
3210 528 3398 585 pompa
3416 528 3549 570 con-

1889 600 2057 671 fidere
2088 615 2366 671 respuens,
2396 600 2588 656 divino
2615 607 2759 656 nutu
2789 606 3165 673 compunctus.
3196 610 3400 658 cuncta
3421 617 3550 676 quae

1881 691 2029 762 juris
2058 696 2218 746 erant
2249 689 2504 746 Ecclesiae
2535 690 2705 746 libere
2751 689 2994 746 reddidit
3011 709 3031 755 ,·
3061 695 3113 746 et
3161 691 3318 748 homo
3366 695 3549 750 sancti

1886 781 2131 851 sepulcri
2157 796 2222 835 ac
2252 790 2431 836 noster
2481 780 2723 852 effectus,
2773 780 3009 850 fideliter
3036 796 3092 835 se
3139 783 3249 837 Deo
3278 788 3335 837 et
3389 782 3545 840 nobis

1889 873 2087 925 amodo
2116 870 2496 925 militaturum
2516 869 2817 941 spopondit.
2851 869 3102 926 Reddidit
3131 871 3319 943 itaque
3337 876 3544 930 nostrae

1886 958 2147 1031 potestati
2202 961 2406 1014 turrim
2449 959 2620 1014 David
2693 976 2818 1016 cum
2863 962 2980 1016 tota
3047 961 3542 1033 Hierosolymitana

1889 1049 2049 1116 urbe,
2079 1049 2301 1121 eiusque
2327 1049 2699 1120 pertinentiis,
2728 1054 2782 1104 et
2813 1051 2962 1120 quod
2985 1050 3047 1105 in
3073 1050 3238 1121 Ioppe
3265 1053 3380 1122 ipse
3396 1055 3541 1107 tene-

1890 1137 2014 1202 bat,-
2042 1140 2124 1194 sic
2161 1144 2374 1207 tamen,
2437 1146 2499 1193 ut
2547 1137 2611 1193 ob
2650 1153 2840 1194 rerum
2883 1138 3271 1208 temporalium
3315 1139 3537 1210 insusti-

1885 1227 2165 1295 cientiam,
2187 1230 2378 1282 nostra
2406 1229 2770 1295 concessione,
2804 1229 2920 1297 ipse
2947 1227 3068 1282 haec
3099 1233 3212 1281 tam
3239 1227 3337 1283 diu
3376 1235 3540 1283 tene-

1885 1325 1986 1386 ret,
2016 1315 2181 1372 donec,
2215 1317 2379 1372 illum
2413 1317 2553 1372 Deus
2572 1317 2631 1371 in
2660 1317 2919 1387 captione
2939 1315 3257 1387 Babylonis,
3288 1317 3538 1374 autalia·

1886 1422 2012 1462 rum
2041 1406 2264 1462 urbium
2302 1405 2707 1477 amplificasset.
2741 1404 2802 1460 Si
2849 1408 3033 1461 autem
3079 1407 3281 1478 absque
3328 1406 3542 1464 haercde

1882 1496 2124 1553 masculo
2153 1504 2483 1562 moreretur,
2517 1495 2638 1552 haec
2665 1495 2853 1551 omnia
2884 1496 3086 1567 absque
3131 1493 3264 1551 ulla
3300 1502 3544 1553 contra-'

123 1585 230 1640 per
256 1586 327 1629 eo
356 1572 507 1632 fecto
535 1592 569 1631 a
597 1575 833 1635 domino
855 1580 1186 1652 patriarche
1215 1583 1626 1642 sollicitaretur
1651 1586 1775 1644 fre·
1883 1585 2120 1642 dictione
2168 1588 2413 1641 ecclesioe
2456 1584 2841 1642 redderentur.
2899 1586 3025 1642 Hoec
3070 1587 3262 1642 omnia
3307 1600 3432 1642 cum
3477 1586 3542 1643 in

121 1663 410 1731 quantine
439 1668 506 1720 nt
535 1681 817 1737 supremas
847 1667 1012 1725 ducis
1048 1670 1330 1730 voluntati
1375 1674 1769 1742 satisfactione,

119 1749 389 1807 ecclesia
408 1751 510 1823 J'us
537 1755 877 1829 resignaret,
909 1758 1241 1818 innectebat
1268 1765 1562 1837 ambages,
1586 1781 1774 1822 mores

119 1843 441 1898 contexens
496 1850 550 1900 et
599 1853 829 1918 tempus
877 1864 1225 1922 quocunque
1273 1853 1445 1908 modo
1508 1870 1773 1927 quaerens

119 1928 415 1987 redimere
444 1936 510 1989 ut
536 1949 729 1992 comes
759 1936 967 1994 citatus
992 1938 1125 2009 jnre
1147 1941 1338 1998 adhuc
1387 1959 1495 1999 suo
1549 1942 1771 2001 illibato

120 2023 325 2090 posset
354 2021 673 2079 accedere:
726 2041 966 2096 sperans
1014 2028 1334 2098 plurimum
1385 2033 1579 2105 gratiae
1620 2034 1772 2105 epud

120 2123 283 2180 sepe
312 2109 540 2167 dictum
572 2112 865 2181 comitem,
889 2134 990 2187 pro
1009 2117 1351 2189 hujusmodi
1375 2119 1654 2178 fidelitate
1681 2138 1772 2178 ex·

120 2195 331 2267 bibite,
362 2214 427 2255 se
454 2201 866 2272 inventurum3
898 2223 928 2261 e
959 2223 1077 2279 que
1115 2224 1219 2279 spe
1246 2208 1486 2265 delusus
1530 2210 1766 2281 decidit,

121 2293 336 2357 prester
362 2289 629 2347 omnium
652 2293 1006 2363 opinionem.
1028 2297 1250 2354 Accidit
1281 2299 1436 2354 enim
1467 2301 1641 2371 quod,
1673 2300 1771 2356 in-

124 2375 213 2432 fru
243 2376 512 2450 quinque
540 2378 689 2447 dies,
713 2381 868 2439 idem
919 2400 1115 2441 comes
1147 2403 1287 2442 cssu
1333 2390 1451 2444 vite
1496 2389 1768 2459 decessit,

123 2465 411 2524 omnibus
429 2469 779 2528 ducentibus
793 2489 898 2544 pro
919 2474 1202 2531 miraculo
1232 2481 1288 2532 et
1307 2477 1529 2533 domini
1549 2480 1763 2551 petris·

117 2553 246 2611 cha
276 2556 501 2614 meritis
528 2561 1148 2635 ascribentibus,quod
1181 2565 1364 2622 hostis
1386 2571 1444 2621 et
1475 2583 1755 2639 persecu·

114 2648 207 2701 tor
224 2644 501 2705 Ecclesia
529 2648 611 2706 ita
649 2651 844 2708 subite
867 2658 1048 2709 morte
1068 2654 1372 2711 defecerat.
1413 2658 1521 2713 Sed
1576 2673 1762 2729 neque

114 2733 173 2791 in
204 2735 340 2807 ejus
369 2737 598 2798 defectu
628 2739 897 2798 Ecclesiae
928 2744 1138 2800 melior
1167 2746 1315 2802 tacte
1360 2750 1447 2802 est
1487 2746 1766 2803 conditio.

115 2823 269 2882 Num
298 2827 404 2900 qui
437 2828 498 2885 in
529 2830 800 2902 presidio
830 2836 1183 2905 erant‚quod
1198 2836 1488 2893 accideret
1505 2854 1619 2893 non
1636 2853 1768 2892 me-

115 2914 530 2987 gnitscientes,
560 2919 617 2975 in
648 2921 855 2977 eodem
879 2938 1067 2995 usque
1090 2925 1158 2979 sd
1192 2925 1503 2982 adventum
1537 2925 1768 2983 comitis

1881 1679 2177 1746 praesentia
2209 1676 2373 1731 totius
2402 1675 2535 1731 cleri
2576 1691 2641 1730 ac
2658 1675 2871 1747 populi,
2905 1676 2965 1729 in
3010 1673 3096 1729 die
3144 1675 3381 1732 solemni
3431 1678 3538 1734 Pa-

1882 1766 2050 1830 schae,
2108 1769 2238 1820 ante
2290 1772 2704 1821 sacrosanctum
2759 1763 3071 1835 sepulcrum
3142 1764 3535 1833 confirmasset,

1881 1858 2054 1912 etiam
2080 1857 2137 1909 in
2167 1855 2307 1910 lecto
2333 1852 2690 1925 aeqritudinis
2709 1853 2776 1909 de
2805 1870 2911 1925 qua
2942 1858 3192 1908 mortuus
3212 1861 3314 1923 est,
3352 1868 3535 1910 coram

1881 1945 2071 2001 multis
2099 1950 2154 2000 et
2180 1944 2422 2015 probatis
2468 1943 2689 1998 testibus
2744 1943 2857 2014 ipse
2894 1941 3233 1997 constituit:
3281 1956 3387 2013 quo
3433 1941 3538 1999 de·—

1879 2035 2089 2104 luncto,
2120 2049 2301 2090 comes
2331 2032 2648 2088 Garnerius.
2682 2034 2743 2088 ut
2787 2030 2957 2087 hostis
2985 2036 3187 2086 contra
3229 2029 3536 2087 Ecclesiam

1878 2124 1986 2178 Dei
2009 2124 2322 2194 insurqens,
2344 2121 2506 2191 fidem
2543 2129 2869 2192 pactumque
2886 2120 3135 2189 justitiae
3179 2117 3352 2175 nihili
3392 2133 3534 2191 pen-

1878 2211 2031 2279 dens,
2061 2214 2268 2267 turrim
2296 2210 2467 2266 David
2508 2215 2699 2266 contra
2754 2224 2853 2265 nos
2890 2208 3165 2269 munivit:
3220 2213 3274 2264 et
3333 2208 3530 2278 beatis

1876 2299 1995 2356 suis
2020 2303 2092 2354 ad
2134 2300 2472 2354 Balduinum
2504 2297 2753 2365 directis,
2785 2295 3012 2352 mandat
3061 2297 3169 2365 uti,
3230 2295 3529 2352 aeclesiam

1881 2390 1990 2444 Dei
2028 2388 2367 2458 direpturus,
2421 2402 2612 2459 resque
2657 2389 2783 2458 ejus
2835 2386 3100 2440 violenter
3142 2394 3524 2456 occupaturus,

1876 2477 2206 2547 quantocius
2235 2476 2466 2530 veniat:
2491 2476 2634 2529 unde
2644 2473 2862 2545 judicio
2884 2471 2977 2529 Dei
3004 2487 3310 2544 percussus,
3337 2476 3530 2545 quarto

1872 2571 1996 2636 post
2024 2565 2272 2620 obituum
2300 2564 2451 2619 ducis
2481 2564 2577 2619 die
2598 2563 2755 2619 obiit.
2782 2563 2887 2618 Hoc
2920 2563 3037 2629 ipso
3086 2566 3270 2617 autem
3313 2570 3531 2619 mortuo

1879 2656 1986 2710 viri
2016 2654 2309 2726 iqnobiles,
2328 2669 2394 2710 ac
2411 2653 2477 2709 de
2490 2653 2645 2725 plebe
2672 2652 2849 2708 adhuc
2876 2651 3127 2709 eamdem
3167 2653 3378 2708 turrim
3404 2668 3532 2710 cum

1879 2750 1994 2799 tota
2015 2745 2149 2799 urbe
2178 2751 2497 2814 occupantes
2538 2749 2745 2809 tenent,
2778 2745 3077 2798 adventum
3135 2740 3431 2809 Balduini,
3458 2741 3531 2799 ad

1876 2836 2105 2889 ruinam
2134 2833 2388 2889 Ecclesiae
2435 2839 2490 2888 et
2538 2835 2703 2887 totius
2754 2831 3191 2887 Christianitatis
3243 2833 3527 2889 interitum

1873 2924 2278 2996 praestotantes.
2309 2924 2375 2978 At
2406 2935 2519 2993 eqo,
2551 2923 2647 2993 qui
2695 2921 2866 2977 solius
2910 2922 3007 2976 Dei
3051 2920 3388 2983 clementiae,
3418 2925 3531 2975 tuat

114 3005 403 3066 Edesuni
435 3011 832 3083 perstiterunt.
888 3014 1061 3071 Porro
1109 3016 1385 3074 dominus
1435 3020 1767 3091 patriarcha
1797 3002 1841 3070 C
1879 3029 1986 3086 que
2004 3011 2306 3080 dilectioni,
2339 3012 2427 3083 lili
2472 3011 2821 3080 charissime,
2850 3026 2972 3066 sum
3018 3009 3241 3067 reticius
3292 3006 3531 3064 miseriis

111 3099 311 3157 sciens
340 3101 613 3158 comitem
639 3110 909 3161 vocatum
938 3123 1065 3163 esse
1086 3112 1142 3164 et
1169 3110 1298 3177 eJus
1318 3109 1641 3168 formidans
1670 3113 1769 3168 ed·

112 3194 384 3258 ventum,
417 3191 615 3248 volens
632 3193 763 3263 ejus
794 3194 1218 3265 promotionem
1237 3213 1583 3271 quocunque
1604 3202 1772 3259 modo

114 3278 404 3350 inpedire,
434 3280 671 3338 domino
706 3281 1044 3342 Boemundo
1077 3284 1579 3346 Antiochenorum
1612 3291 1775 3362 prin-

115 3367 257 3440 cipi,
278 3368 588 3440 epistoiam
612 3372 695 3427 rei
718 3372 928 3428 seriom
962 3374 1191 3444 plenius
1209 3378 1605 3435 continentem
1627 3378 1771 3435 diri·

113 3458 213 3528 git.
247 3457 437 3529 eujus
458 3460 808 3532 rescriptum
832 3461 903 3518 sd
938 3464 1240 3533 maiorem,
1273 3468 1355 3523 rei
1388 3468 1763 3538 evidentiam,

114 3548 389 3620 prasenti
419 3548 676 3607 inserere
704 3553 1036 3609 curavimus
1064 3551 1319 3611 lectioni.

762 3658 994 3717 CAPUT
1035 3660 1128 3717 IV.

112 3743 367 3818 Epistola
393 3744 938 3805 dominiDaimberti
991 3750 1062 3807 ad
1115 3751 1425 3825 principem
1477 3754 1759 3813 Antioche-

864 3839 1019 3878 num.

181 3907 309 3963 Scis
334 3906 450 3979 lilii
494 3907 841 3978 charissime,
885 3914 1147 3983 quoniam
1184 3928 1269 3969 me
1315 3914 1666 3984 iqnorantem
1710 3922 1769 3973 et

113 3997 365 4053 invitum
394 3996 554 4058 bonae
582 4003 765 4057 tamen
794 4016 860 4057 ac
878 4010 1081 4057 sanctae
1108 4003 1406 4058 intentioni
1445 4004 1661 4076 affectu,
1707 4007 1769 4060 in

111 4100 237 4142 eam
254 4100 388 4158 quae
410 4088 661 4145 omnium
689 4089 1062 4147 Ecclesiarum
1091 4092 1392 4162 sinqularis
1421 4096 1498 4148 est
1517 4100 1697 4151 mater
1715 4097 1769 4150 et

109 4177 364 4244 nentium
394 4174 649 4248 domina,
679 4183 941 4235 rectorem
978 4188 1029 4235 et
1076 4182 1465 4251 patriarcham
1504 4179 1765 4251 eleqeris,

107 4263 461 4337 electumque
488 4270 770 4323 communi
801 4274 919 4323 tam
948 4269 1084 4325 cleri
1110 4286 1174 4326 ac
1200 4270 1380 4342 plebis
1401 4286 1569 4342 quam
1603 4270 1765 4343 prin·

1886 3104 2140 3159 omnibus
2190 3103 2593 3174 calumniisque
2649 3100 3036 3157 insidiantium
3079 3099 3221 3156 mihi
3284 3099 3531 3168 maliano

1881 3210 2012 3249 rum
2036 3193 2465 3262 circumventus,
2496 3193 2600 3248 tibi
2629 3192 2737 3248 soli
2751 3190 2872 3263 (qui
2893 3193 2952 3246 in
2984 3200 3036 3247 te
3062 3191 3178 3247 solo
3207 3199 3323 3263 post
3361 3190 3531 3245 Deum

1879 3283 2111 3354 confido,
2133 3288 2185 3340 et
2205 3286 2320 3355 spei
2347 3296 2488 3340 mese
2516 3279 2816 3337 anchoram
2838 3283 2892 3336 in
2934 3285 3043 3337 tuae
3088 3278 3400 3337 dilectionis
3447 3292 3530 3335 so-

1881 3372 2097 3428 liditate
2127 3371 2289 3444 fiqo)‚·
2317 3374 2443 3438 tibi,
2476 3374 2727 3443 inquam,
2757 3372 2883 3439 soli,
2940 3385 3080 3442 quas
3125 3371 3309 3441 patior
3352 3384 3528 3426 aernm

1878 3479 2001 3531 nas,
2033 3465 2144 3520 imo
2173 3479 2308 3535 quas
2338 3463 2576 3518 Ecclesia
2604 3462 2839 3532 patitur,
2871 3476 2994 3515 voce
3032 3459 3203 3529 flebili
3256 3461 3306 3515 et
3354 3458 3526 3515 anxio

1877 3552 2210 3621 cogitatione
2238 3553 2439 3620 resero.
2482 3550 2554 3605 Tu
2578 3553 2785 3618 autem,
2815 3550 2867 3605 si
2911 3546 3041 3620 quid
3089 3546 3314 3619 pietatis
3362 3544 3525 3602 habes

1876 3647 1931 3699 et
1947 3644 2053 3697 nisi
2079 3646 2330 3713 paternae
2358 3640 2564 3708 qloriae
2593 3636 2674 3695 vis
2698 3653 2808 3695 esse
2836 3637 3070 3710 deqener
3099 3635 3248 3706 filius
3263 3652 3286 3701 ,·
3304 3635 3403 3707 qui
3441 3641 3528 3709 ty·

1877 3730 2114 3788 rannica
2130 3729 2471 3797 crudelitate,
2503 3728 2751 3785 clausum
2774 3727 2841 3783 ab
2862 3726 3037 3799 impia
3064 3742 3236 3782 manu
3261 3724 3526 3783 domnum

1878 3820 2242 3892 apostolicum
2274 3818 2591 3889 Greqorium
2619 3816 2685 3872 de
2713 3816 2846 3871 urbe
2892 3816 3060 3872 Roma
3105 3816 3331 3887 eripuit,
3382 3812 3527 3871 unde

1877 3908 2236 3966 memorabile
2264 3907 2483 3965 saeculis
2503 3904 2758 3962 omnibus
2803 3920 3001 3961 nomen
3046 3906 3329 3962 emeruits
3369 3904 3527 3961 omni

1877 3999 2156 4058 occasione
2185 4004 2415 4066 remota,
2445 3999 2651 4068 lestina
2693 3994 2911 4060 venire,·
2949 4004 3002 4052 et
3048 4001 3215 4054 terrae
3260 3998 3526 4069 requique

1878 4090 1963 4147 tui
1989 4105 2125 4145 cura
2165 4090 2226 4143 in
2268 4086 2540 4143 militibus
2594 4086 2704 4143 tuis
2759 4084 3211 4159 prudentioribus
3245 4088 3526 4158 sapienter

1876 4179 2166 4251 disposita,
2240 4184 2447 4233 sancta:
2477 4176 2746 4234 Ecclesiae
2773 4174 3173 4233 miserabiliter
3217 4174 3520 4246 laboranti,

1876 4268 2300 4325 misericorditer
2338 4281 2611 4323 succurre.
2670 4266 2738 4320 Et
2782 4274 2925 4322 certe
2943 4268 3048 4322 scis
3101 4268 3217 4338 ipse
3260 4265 3522 4338 quoniam

104 4355 301 4425 cipum
325 4370 584 4426 assensm
614 4356 677 4412 in
730 4356 900 4428 hujtts
945 4373 1182 4417 summae
1220 4359 1517 4429 dionitatis
1561 4363 1762 4430 sedem,
1796 4378 1844 4445 Β
1875 4359 2162 4416 auxilium
2194 4364 2349 4415 tuum
2376 4359 2783 4431 consiliumque
2828 4358 3176 4429 promiseris,
3224 4366 3279 4413 et
3317 4356 3518 4426 debite,

109 4443 243 4499 lieet
268 4442 578 4517 india-um,
611 4446 708 4502 Dei
730 4457 1010 4519 praeeuntc
1027 4451 1232 4520 qratia,
1261 4449 1542 4507 locaveris.
1564 4451 1629 4505 In
1660 4466 1769 4522 quo
1877 4466 1994 4506 rem
2024 4456 2076 4505 te
2102 4456 2312 4505 sanctae
2341 4449 2595 4505 Ecclesiae
2641 4463 2708 4503 ac
2738 4446 2883 4502 mihi
2922 4452 3111 4517 sponte
3153 4453 3247 4502 tua
3300 4446 3518 4516 feceris.

110 4548 207 4604 eqo
232 4533 482 4592 culmine
506 4538 859 4606 constitutus,
873 4544 1082 4609 quanta
1094 4540 1766 4612 pericuta‚quotlabores,

109 4631 239 4693 quot
256 4627 660 4696 persentientes
687 4628 1008 4695 sustineam,
1046 4629 1266 4701 injuriis
1304 4629 1540 4702 offensus
1584 4630 1757 4699 mille,

109 4727 267 4768 meus
296 4714 573 4785 coenoscit
629 4719 892 4782 animus:
935 4725 989 4773 et
1034 4719 1150 4789 ipse
1196 4718 1446 4776 omnium
1490 4721 1767 4791 inspector

110 4800 385 4861 Christus.
419 4804 521 4862 Vir
546 4807 698 4862 enim
725 4806 840 4864 dux
873 4807 1216 4878 Godefridus,
1237 4809 1372 4864 dum
1400 4810 1581 4865 adhuc
1626 4812 1765 4867 vive·

108 4896 215 4962 ret,
248 4907 359 4949 non
388 4895 503 4951 tam
527 4898 767 4968 prooriae
794 4897 1094 4954 voluntatis
1122 4896 1357 4954 arbitrio
1385 4915 1549 4969 quam
1587 4899 1763 4956 malo·

104 4998 236 5040 rum
260 4986 621 5054 persuasione
639 4986 912 5057 seductus,
929 5002 995 5043 ea
1007 4987 1235 5059 reliquit
1251 4987 1761 5057 ecclesiaetenenda,

102 5088 222 5144 quae
240 5072 540 5130 Tumor-um
570 5075 929 5148 temporibus,
953 5075 1050 5148 qui
1080 5083 1212 5132 tunc
1229 5078 1420 5146 fuerat
1438 5075 1765 5150 patriarcha

101 5168 467 5230 unwanni
497 5174 692 5222 sancta
727 5166 986 5235 Boebeia,
1018 5182 1145 5222 cum
1196 5167 1437 5238 amplius
1489 5167 1762 5225 lionorars'

102 5258 153 5310 et
182 5251 431 5310 exaltari
475 5253 683 5322 debuit,
741 5260 873 5312 tunc
915 5256 1135 5326 maiora
1181 5256 1536 5312 desolationis
1592 5262 1763 5329 atque

102 5343 459 5410 contusionis
482 5358 607 5404 ωε
632 5347 927 5419 opprobria
949 5348 1241 5403 sustinuit.
1289 5344 1541 5418 Recipuit
1576 5354 1761 5403 tamen

104 5432 223 5503 itte,
250 5447 363 5507 per
398 5434 839 5495 misericordiam
879 5435 1017 5506 Dei,·
1045 5440 1098 5494 et
1143 5434 1214 5493 ab
1259 5436 1559 5508 impietatis
1612 5434 1759 5495 desi-

430 5532 701 5600 Psrnoz..
745 5535 890 5601 001.

1878 4539 2071 4596 Scribe
2090 4540 2267 4610 iqitur
2289 4538 2363 4593 ad
2415 4537 2748 4593 Balduinum
2791 4536 3027 4602 litteras,
3083 4533 3419 4591 interdicens
3462 4539 3520 4591 et

1869 4646 1940 4686 ne
1966 4631 2086 4686 sine
2117 4627 2346 4684 licentia
2363 4636 2550 4684 nostra
2574 4633 2626 4683 et
2660 4626 2940 4697 leqatione
2962 4624 3108 4701 (cum
3137 4624 3421 4680 illeteeum
3457 4626 3518 4680 in

1868 4717 2255 4789 patriarcham
2283 4720 2333 4772 et
2385 4721 2649 4772 rectorem
2703 4713 2950 4769 Ecclesiae
2998 4711 3521 4785 Hierosolymitanae

1871 4824 1955 4863 me
1976 4805 2225 4878 eleqerit)
2262 4808 2510 4861 sanctam
2560 4803 2852 4860 Ecclesiam
2892 4802 3296 4871 devastaturus,
3327 4809 3382 4861 et
3427 4817 3519 4859 res

1867 4897 1987 4969 ejus
2002 4897 2386 4966 occupaturus,
2419 4895 2535 4949 ullo
2580 4892 2737 4949 modo
2784 4895 2969 4949 veniat
3003 4910 3022 4949 .·
3078 4898 3404 4951 monstrans
3466 4895 3519 4951 ei

1869 4987 2127 5057 quoniam
2147 4981 2536 5039 irrationabile
2563 4986 2637 5038 est
2662 4984 2735 5037 tot
2763 4998 2865 5053 pro
2905 4982 3092 5039 eadem
3150 4982 3399 5039 Ecclesia
3430 4982 3517 5039 la-

1869 5074 2021 5130 bores
2051 5072 2399 5136 sustinuisse,
2430 5074 2611 5143 totquc
2635 5071 2903 5142 pericula,
2935 5079 2997 5126 ut
3034 5069 3144 5126 illa
3193 5070 3377 5127 libera
3418 5070 3519 5141 fle-

1865 5168 1973 5229 ret,
2003 5165 2054 5219 si
2080 5177 2229 5217 nunc
2256 5160 2390 5217 vilis
2418 5168 2468 5216 et
2506 5160 2715 5232 abiecta
2742 5163 2947 5217 servire
2981 5162 3212 5232 coyatur
3260 5160 3376 5216 illis
3425 5163 3521 5233 qui

1867 5254 1967 5309 bus
1996 5252 2278 5309 dominari
2300 5255 2351 5307 et
2378 5266 2608 5321 praeesse
2630 5255 2880 5308 materno
2900 5252 3031 5324 jure
3056 5251 3230 5307 debet.
3265 5248 3415 5319 Quod
3467 5247 3520 5308 si

1865 5343 1966 5399 ille
1993 5344 2218 5411 iustitiae
2238 5342 2519 5413 resistens,
2551 5340 2973 5398 rationabilibus
2988 5342 3331 5412 acquiescere
3347 5342 3513 5400 nolue

1864 5436 1963 5503 rit,
1991 5447 2095 5506 per
2120 5448 2250 5489 eam
2276 5447 2447 5505 quam
2476 5431 2630 5491 beato
2656 5436 2822 5490 Petro
2849 5429 3218 5500 obedientiam
3261 5429 3438 5505 debes,
3469 5439 3523 5494 te

3122 5531 3198 5595 15
