3784 6000
276 251 395 316 671

1343 246 1776 314 GUILLELMI
1819 245 2202 312 TYRENSIS
2247 243 2612 309 ARCHIEP.

3557 245 3681 309 672

283 393 411 447 acta
466 394 603 445 sunt
653 392 943 462 postrema
991 385 1317 459 prioribus;
1350 385 1539 459 etqui
1595 401 1729 443 cum
1760 388 1924 440 tanta
1951 384 2007 452 Α
2036 385 2157 440 erat
2206 396 2452 455 regnum
2519 379 3074 454 Hierosolymorum,
3130 381 3366 440 initium
3397 381 3684 443 habensa

281 479 467 550 gloria
495 483 806 551 susceptus
839 480 1028 534 suerat
1060 476 1397 545 adveniens,
1426 475 1727 549 egrediens
1768 475 1923 531 sorte

280 572 506 626 mutata
535 568 777 625 recessit
802 566 1269 639 inglorius-Sunt
1288 565 1388 636 qui
1410 565 1531 637 regi
1580 565 1702 621 haec
1729 564 1801 620 ad
1834 563 1924 619 ni·

280 658 460 713 miam
511 658 807 730 imputant
862 655 1150 712 malitiam
1175 660 1271 712 :et
1299 655 1352 712 ei
1383 656 1585 712 dicunt
1622 655 1797 726 digne
1821 669 1924 725 pro

281 747 506 803 meritis
573 745 879 813 accidisse,
912 745 1064 818 quod
1121 742 1269 802 tanti
1325 744 1455 810 viri,
1487 748 1545 800 et
1576 744 1646 800 de
1674 759 1739 800 se
1769 750 1822 799 et
1852 742 1925 799 de

279 836 402 892 suis
428 836 511 892 ita
541 836 687 892 bene
715 834 905 891 meriti
929 849 1132 906 preces
1163 850 1279 890 non
1311 833 1615 890 admiserit
1640 858 1657 903 ς
1687 848 1928 906 praeser·

278 924 382 981 tim
411 940 546 983 cum
594 929 926 982 constanter
975 927 1307 982 asseverent
1359 923 1515 995 quod
1548 922 1716 980 facile
1748 937 1923 978 unam

277 1013 364 1070 vel
396 1013 588 1087 plures
617 1031 686 1070 ex
725 1014 1165 1086 praenominatis
1220 1011 1483 1083 urbibus,
1515 1012 1566 1068 si
1595 1013 1665 1069 ad
1696 1012 1752 1068 id
1784 1012 1926 1069 dare

282 1119 518 1177 operam
532 1104 836 1170 voluisset,
868 1103 1131 1160 obtinere
1161 1101 1464 1175 potuisset.

838 1236 1072 1294 CAPUT
1115 1235 1364 1294 xxvul.

276 1344 470 1401 Hieme
500 1350 841 1410 transcursa,
877 1343 1154 1401 conradus
1185 1346 1502 1414 imperator.
1535 1358 1664 1398 usus
1682 1344 1927 1415 ηαυίςίο.

346 1417 408 1471 in
437 1417 664 1487 Syriam
685 1416 935 1486 pervenit
949 1431 971 1476 ,·
1004 1429 1180 1470 comes
1225 1430 1434 1487 quoque
1479 1416 1737 1482 Ansossus
1781 1415 1930 1487 apud

345 1489 710 1616 eggan-{xxm
752 1487 993 1559 applicat
1046 1488 1341 1556 civitatem,
1387 1485 1733 1558 moriturque
1784 1487 1932 1559 apud

346 1666 574 1722 Interea
602 1666 869 1722 dominus
923 1665 1259 1739 imperator,
1301 1671 1640 1723 transcursa
1703 1667 1928 1725 hieme·

283 1757 438 1830 apud
477 1755 680 1812 urbem
700 1756 943 1829 regiam,
971 1756 1069 1811 ubi
1100 1772 1132 1811 a
1155 1757 1394 1813 domino
1437 1756 1934 1829 Constantinopo-
1963 1761 2009 1826 Β

274 1843 478 1914 litan0,
505 1844 888 1901 humanitatis
908 1843 1138 1917 legibus
1160 1844 1486 1916 diligenter,
1518 1849 1925 1918 prouttantum

274 1934 515 1992 decebat
572 1933 920 2006 principem,
953 1938 1255 2002 tractatus,
1285 1939 1344 1991 et
1391 1933 1563 1991 donis
1593 1935 1652 1990 in
1684 1935 1927 1991 decessu

274 2022 625 2093 largissimis
646 2021 1006 2093 cumulatae,
1040 2024 1227 2080 classe
1248 2039 1423 2095 quam
1454 2024 1638 2080 eidem
1661 2023 1929 2097 imperia-

272 2112 346 2171 lis
375 2112 809 2185 magnificentia
839 2113 1232 2186 deputaverat,
1256 2118 1481 2184 vectus,
1513 2129 1646 2171 cum
1681 2114 1925 2186 quibus-

273 2202 406 2260 dam
436 2217 506 2259 ex
526 2201 890 2275 principibus
945 2201 1065 2258 auis
1119 2203 1181 2259 in
1239 2202 1529 2260 Orientem
1563 2203 1927 2276 perveniens,

268 2296 509 2365 portum
568 2291 765 2363 attigit
820 2292 1235 2348 Acconensem.
1269 2293 1409 2349 Inde
1465 2291 1925 2366 Hierosolymam

281 2378 678 2452 proticiscenS,
711 2395 746 2436 a
793 2377 1031 2435 domino
1088 2395 1223 2452 rege
1279 2379 1558 2437 Balduino
1591 2385 1649 2436 et
1688 2382 1928 2437 domino

278 2466 561 2523 Fulchero
589 2466 754 2522 bonai
805 2467 1095 2524 memoriae
1130 2468 1477 2540 patriarcha,
1511 2473 1845 2526 occurrente
1874 2463 1927 2526 ei

281 2558 450 2612 extra
498 2555 784 2613 civitatem
844 2555 1116 2613 universo
1176 2556 1328 2613 clero
1384 2561 1440 2613 et
1513 2558 1725 2630 populo
1791 2574 1926 2614 cum

284 2643 519 2716 hymnis
573 2647 630 2699 et
671 2644 933 2712 canticis,
973 2647 1033 2701 in
1105 2650 1370 2702 sanctam
1420 2646 1792 2705 introductus
1839 2651 1931 2704 est

271 2733 583 2790 civitatem.
608 2733 906 2806 Applicuit
933 2735 1107 2791 etiam
1128 2735 1349 2790 eisdem
1382 2735 1929 2808 diebusportuquo-

279 2837 393 2893 que
448 2822 792 2891 Acconensi,
816 2823 905 2879 vir
960 2823 1307 2897 magnificus
1352 2823 1696 2895 etillustris,
1729 2840 1927 2882 comes

274 2909 620 2980 TolosanuS,
680 2912 966 2968 Ansossus
1014 2912 1268 2979 nomine,
1307 2913 1532 2970 domini
1587 2915 1921 2987 Raymundi

274 3004 522 3060 senioris
557 3003 790 3061 comitis
835 3004 991 3061 lilius
1021 3004 1146 3076 (qui
1206 3008 1406 3062 tantus
1450 3007 1742 3078 princeps,
1774 3005 1926 3061 tanti

268 3091 380 3150 ruit
410 3093 602 3149 meriti
632 3093 692 3149 in
727 3093 916 3164 prima
932 3094 1319 3165 expeditione)
1341 3110 1355 3161 ;
1380 3094 1463 3150 vir
1493 3095 1616 3150 suis
1646 3094 1915 3167 egregius
1958 3116 2002 3184 c

266 3179 450 3238 titulis
488 3199 503 3249 3
537 3180 639 3238 sed
671 3182 855 3254 patris
887 3184 979 3252 pia
1036 3181 1244 3238 clarior
1274 3183 1574 3253 memoria,
1608 3184 1749 3239 dum
1782 3184 1920 3240 inde

271 3268 749 3343 Hierosolymam,
772 3277 837 3327 ut
869 3273 1112 3327 Domino
1137 3289 1236 3344 pro
1269 3276 1502 3345 peracta
1527 3273 1778 3329 feliciter
1800 3289 1931 3345 per·

267 3358 627 3430 egrinationo
682 3360 902 3431 gratias
963 3366 1179 3432 ageret,
1234 3361 1719 3434 proficisceretur,
1772 3363 1926 3434 apud

268 3446 591 3503 Caesaream
620 3448 821 3504 urbem
855 3449 1235 3518 maritimam,
1269 3450 1471 3520 paucis
1504 3456 1812 3523 postquam
1835 3469 1906 3524 ap

265 3536 420 3611 pulit
474 3537 703 3603 diebus,
730 3542 1016 3608 porrecto,
1057 3543 1122 3595 ut
1153 3539 1388 3601 dieitur,
1430 3557 1675 3607 veneno,
1703 3542 1804 3597 sed
1825 3559 1928 3598 au-

265 3633 424 3682 ctore
442 3625 598 3682 tanti
628 3626 866 3682 secleris
899 3626 1337 3695 incerto,vitam
1364 3627 1567 3683 finivit.
1593 3627 1781 3699 Hujus
1819 3613 1927 3685 viri

268 3713 497 3787 inclytis
530 3714 973 3782 recordationis,
1006 3716 1314 3773 universus
1340 3715 1587 3789 populus
1619 3714 1931 3774 cumeum·

272 3819 367 3858 mo
425 3802 711 3859 desiderio
760 3803 1203 3875 praestolabatur
1243 3804 1555 3862 adventum
1591 3824 1605 3874 ;
1674 3823 1928 3878 sperans

271 3890 428 3963 quod
484 3890 741 3948 faustum
791 3895 849 3948 et
896 3892 1033 3949 felix
1088 3910 1258 3951 omen
1317 3894 1521 3966 patrie,
1568 3895 1924 3964 adveniens,

279 3996 458 4051 regno
478 3986 632 4038 esset
661 3981 958 4039 illaturus.

867 4114 1101 4172 CAPUT
1142 4115 1353 4173 XXIX.

272 4228 387 4284 Rex
450 4226 804 4290 Francorum,
833 4220 900 4276 ab
949 4221 1237 4277 Antiochia
1283 4222 1577 4293 tityi-essue,
1609 4226 1925 4298 Hierosoly·

338 4311 489 4351 mam
518 4297 815 4363 properat,·
852 4294 1099 4348 mittitur
1144 4294 1197 4349 ei
1224 4294 1440 4351 obviam
1471 4296 1927 4371 Hierosolymita-

338 4382 447 4421 nus
472 4363 821 4437 patriarcha.

2030 472 2155 531 rivo
2186 473 2288 545 qui
2313 476 2403 530 est
2427 471 2583 528 iuter
2600 470 2855 529 Biblium
2886 478 2944 530 et
2971 474 3494 546 Berythum,urbes
3511 477 3688 534 mari·

2032 560 2206 619 timas
2248 561 2555 634 provincia
2602 562 2909 633 Phoecicis,
2949 565 3008 620 et
3049 564 3224 621 finem
3257 564 3319 620 in
3365 564 3685 624 solitudine

2031 668 2158 723 quoe
2188 655 2277 708 est
2307 653 2459 708 ultra
2488 652 2727 722 Darum,
2759 667 2885 724 quae
2926 651 3158 726 respicit
3214 653 3551 726 AEgyptum.
3584 656 3684 712 Se-

2031 742 2256 799 cundus
2312 746 2437 798 erat
2462 760 2669 801 versus
2700 745 3180 817 septentrionem,
3212 746 3529 805 comitatus
3559 749 3686 805 Tri-

2031 831 2346 899 politanus,
2379 849 2413 888 a
2452 832 2574 891 rivo
2612 836 2943 906 supradicto
2974 835 3195 895 habens
3217 837 3477 908 initium,
3509 839 3686 898 tinem

2031 937 2166 978 vero
2195 920 2257 977 in
2287 922 2407 981 rivo
2437 923 2540 994 qui
2595 929 2683 981 est
2712 925 2857 982 inter
2886 925 3226 983 Heracleam
3257 931 3314 984 et
3351 927 3684 997 valeniam,

2033 1010 2207 1068 urbes
2234 1011 2508 1069 similiter
2539 1013 2882 1073 maritimas.
2904 1015 3137 1072 Tertius
3167 1020 3292 1073 erat
3320 1017 3684 1089 principatus

2033 1100 2451 1171 Antiochenus,
2482 1103 2584 1175 qui
2633 1104 2705 1159 ab
2764 1105 2967 1161 eodem
3017 1105 3137 1162 rivo
3181 1105 3405 1163 babens
3428 1106 3686 1176 initium,

2035 1191 2309 1262 usquein
2333 1191 2582 1248 Tarsum
2626 1191 2860 1262 Ciliciae,
2895 1209 3101 1252 versus
3156 1195 3525 1253 occidentem
3557 1213 3691 1270 pro·

2036 1280 2397 1336 tendebatur.
2428 1283 2681 1348 Quartus
2701 1288 2829 1340 erat
2862 1284 3175 1341 comitatus
3206 1285 3559 1356 Edessauus,
3584 1287 3690 1358 qui

2036 1369 2109 1425 ab
2140 1385 2208 1425 ea
2237 1368 2381 1426 silva
2409 1387 2538 1442 quae
2568 1371 2784 1428 dicitur
2832 1372 3088 1439 Marrim‚
3111 1373 3170 1429 in
3215 1374 3499 1432 orientem
3530 1374 3689 1433 ultra

2039 1457 2390 1529 Euphratem
2426 1460 2899 1530 protendebatur.
2933 1461 3002 1518 Hi
3032 1477 3239 1519 omnes
3271 1462 3470 1535 magni
3500 1463 3693 1522 viriet

2039 1551 2301 1619 potentes
2345 1549 2417 1605 ab
2474 1549 2639 1605 initio
2686 1566 2850 1622 spem
2890 1558 3270 1622 conceperant
3300 1552 3460 1625 quod
3491 1552 3554 1610 iu
3586 1554 3691 1610 ad-

2039 1640 2212 1693 ventu
2273 1637 2679 1708 praedictorum
2739 1656 2963 1712 regum,
2987 1655 3090 1712 per
3128 1656 3331 1698 eorum
3359 1658 3602 1713 operam
3633 1647 3692 1699 et

2041 1725 2320 1783 auxilium
2354 1732 2590 1798 possent
2619 1728 2763 1785 fines
2819 1745 2959 1787 suos
3015 1728 3262 1787 dilatare
3292 1734 3352 1787 et
3377 1731 3690 1804 {porrigere

2037 1816 2318 1873 terminos
2347 1818 2407 1874 in
2436 1817 2813 1875 immensum.
2847 1820 3061 1876 Omnes
3082 1820 3234 1877 enirn
3260 1820 3456 1878 hostes
3475 1821 3691 1878 imma-

2035 1903 2317 1961 nissimos
2346 1912 2400 1962 et
2427 1906 2599 1962 urbes
2631 1905 3141 1972 bostiuminvisas,
3166 1906 3486 1979 plurimum
3512 1908 3692 1965 habe-

2035 1993 2174 2050 bant
2206 1995 2618 2061 conterminas,
2660 2012 2807 2068 quas
2837 1996 2950 2052 sibi
3000 1997 3320 2068 adjungere
3346 1997 3683 2069 cupiebant.

2035 2083 2214 2139 Erant
2242 2098 2375 2154 ergo
2432 2083 2504 2141 de
2554 2101 2693 2141 cura
2738 2086 3061 2143 domestica
3099 2091 3158 2142 et
3193 2085 3467 2143 familiari
3497 2084 3691 2143 incre·

2037 2179 2230 2231 mento
2259 2173 2429 2231 valde
2464 2174 2718 2232 solliciti.
2750 2173 2916 2232 Unde
2937 2191 3101 2248 reges
3134 2176 3354 2233 nuntiis
3379 2180 3440 2232 et
3471 2189 3691 2232 mune-

2036 2262 2201 2321 ribus
2230 2264 2302 2320 ad
2335 2279 2394 2320 se
2423 2264 2669 2336 quisque
2695 2264 3200 2333 invitabant,alios
3230 2264 3553 2339 praevenire
3585 2281 3692 2323 ou-

2037 2351 2284 2424 pieutes.
2316 2351 2474 2408 Inter
2519 2351 2628 2408 hos
2668 2351 2943 2410 dominus
2995 2369 3094 2409 rex
3149 2357 3206 2409 et
3261 2351 3361 2425 qui
3419 2353 3481 2409 in
3508 2368 3689 2426 regno

2037 2446 2223 2506 erant,
2253 2455 2419 2512 spem
2446 2439 2555 2497 sibi
2596 2441 2942 2499 videbantur
2991 2442 3179 2498 fovere
3217 2443 3525 2512 maiorem,
3557 2445 3685 2498 tum

2036 2529 2110 2585 ob
2167 2528 2543 2586 reverentiam
2609 2528 2869 2586 locorum
2936 2529 3378 2600 venerabilium,
3434 2546 3687 2601 quorum

2037 2633 2202 2674 amor
2231 2624 2286 2673 et
2314 2617 2539 2675 devotio
2560 2634 2762 2674 omnes
2792 2618 3057 2676 trahebat
3075 2619 3332 2692 amplius
3351 2637 3368 2690 3
3390 2622 3520 2675 tum
3547 2620 3688 2692 quia

2037 2705 2342 2763 domiuum
2374 2705 2782 2778 imperatorem
2814 2707 2969 2777 apud
2997 2722 3059 2763 se
3091 2706 3484 2775 habebant,ad
3507 2723 3685 2781 quem

2035 2794 2308 2852 credibile
2332 2799 2457 2851 erat
2484 2795 2781 2852 domiuum
2813 2811 3004 2870 regem
3038 2797 3385 2853 Francorum
3417 2812 3686 2854 accessu·

2036 2901 2191 2952 rum,
2223 2899 2351 2941 cum
2393 2885 2748 2956 complendae
2778 2885 3058 2943 orationis
3104 2889 3161 2942 et
3203 2886 3688 2958 peregrinationis

2036 2973 2243 3047 gratia,
2266 2978 2386 3030 tum
2418 2978 2483 3032 ut
2511 2976 2582 3031 de
2603 2975 2902 3033 communi
2932 2974 3175 3033 consilio
3206 2975 3265 3032 in
3290 2990 3463 3047 opere
3494 2975 3687 3049 aliquo

2035 3064 2106 3119 ad
2142 3063 2563 3121 incrementum
2594 3064 3049 3122 Christianitatis
3079 3066 3511 3137 procederetur.
3545 3065 3684 3122 Mis·

2038 3168 2143 3208 sus
2173 3156 2261 3208 est
2290 3168 2425 3225 ergo
2458 3152 2728 3210 dominus
2761 3155 3110 3226 patriarcha,
3132 3158 3199 3210 ut
3219 3153 3624 3226 prediximus,
3656 3172 3688 3211 a

2038 3243 2202 3312 regni
2242 3241 3027 3314 principibus,metucutibus
3058 3242 3399 3314 plurimum,
3431 3258 3506 3300 ue
3534 3260 3571 3300 a
3592 3244 3689 3300 do-

2040 3329 2199 3387 mino
2224 3331 2501 3404 principe,
2528 3333 2689 3402 cujus
2717 3331 2914 3389 affluis
2942 3340 3082 3401 erat,
3113 3337 3171 3389 et
3199 3332 3250 3390 ei
3283 3331 3531 3390 arctiore
3556 3331 3683 3391 cha·

2035 3418 2229 3476 ritatis
2279 3420 2509 3478 vinculo
2562 3421 2729 3495 jungi
2778 3421 3100 3489 videbatur,
3129 3428 3185 3478 et
3216 3421 3470 3479 maxime
3497 3423 3677 3481 inter·

2037 3517 2211 3574 ventu
2259 3511 2489 3584 reginae,
2537 3510 2692 3568 circa
2749 3515 2942 3584 partes
2997 3510 3249 3585 Halupiae
3305 3512 3682 3582 detineretur,

2037 3604 2191 3662 sicut
2236 3605 2293 3659 et
2345 3600 2638 3673 probabile
2697 3600 3022 3657 videbatur.
3056 3599 3295 3673 Cognito
3343 3616 3481 3657 vero
3530 3601 3683 3673 quod

2038 3694 2237 3751 minus
2268 3692 2455 3750 amice
2482 3692 2553 3747 ab
2584 3689 2829 3746 invicem
2877 3692 3289 3760 discesserant,
3313 3706 3452 3763 spes
3471 3690 3560 3748 eis
3588 3708 3685 3748 ac-

2038 3783 2209 3839 cessit
2241 3779 2508 3852 amplior,
2538 3781 2690 3851 quod
2722 3780 2851 3837 sine
2871 3780 3150 3837 dilatione
3171 3780 3305 3836 inde
3326 3780 3684 3853 digrediens,

2035 3869 2497 3943 Hierosolymam
2521 3874 2672 3925 esset
2695 3877 3096 3941 perventurus.
3128 3870 3337 3926 Contra
3358 3874 3560 3927 tamen
3575 3870 3686 3926 tor·

2036 3966 2186 4018 tunae
2244 3959 2513 4029 insidias,
2543 3966 2596 4013 et
2628 3959 2761 4029 quia
2806 3958 3108 4031 prudenter
3154 3960 3382 4015 timetur
3422 3957 3689 4031 quidquid

2033 4049 2279 4107 accidere
2298 4054 2497 4122 potest,
2530 4047 2719 4104 virum
2784 4048 3174 4105 venerabilem
3216 4047 3561 4121 praedictum
3593 4065 3692 4120 pa-

2033 4139 2568 4208 triarcham,oujus
2614 4137 2958 4195 auctoritate
2996 4141 3343 4200 moveretur.
3389 4137 3687 4209 promise·

2035 4233 2211 4296 runt;
2246 4244 2351 4286 nec
2382 4244 2482 4301 spe
2543 4235 2824 4299 concepta
2871 4226 3132 4284 frustrati
3171 4230 3348 4295 sunt3
3380 4242 3518 4283 nam
3559 4226 3686 4297 ejus

2031 4317 2273 4374 verbum
2305 4322 2567 4374 secutus.
2596 4315 3058 4390 Hierosolymam
3086 4317 3498 4374 incunctanter
3525 4316 3690 4371 adve-

2033 4406 2141 4462 nit.
2174 4405 2298 4470 Quo
2330 4406 2695 4477 perveniens,
2739 4411 3086 4464 occurrente
3131 4405 3184 4461 ei
3226 4405 3502 4463 universo
3531 4403 3685 4462 clero

342 4490 659 4549 Nuntiatur
715 4490 942 4547 interea
989 4489 1409 4564 Hierosolymis
1454 4508 1647 4565 regem
1681 4498 1924 4551 Franco·
1955 4492 2001 4558 D
2033 4498 2090 4552 et
2121 4494 2350 4565 populo,
2382 4510 2518 4552 cum
2552 4494 2788 4567 hymnis
2809 4499 2867 4551 et
2894 4493 3139 4552 canticis
3160 4510 3281 4551 uua
3305 4510 3440 4551 cum
3472 4491 3687 4567 priuci-

268 4597 401 4640 rum
431 4580 503 4639 ab
553 4579 859 4636 Antiochia
913 4579 1258 4651 digressum,
1288 4582 1361 4638 ad
1409 4587 1602 4655 partes
1652 4583 1924 4642 accedere

270 4669 848 4743 Tripolitanae,unde
869 4670 939 4726 de
968 4670 1268 4728 communi
1289 4670 1556 4728 omnium
1591 4672 1924 4745 principum

269 4759 516 4819 consilio
567 4759 841 4833 dirigitur
886 4760 936 4815 ei
986 4758 1213 4816 obviam
1271 4760 1544 4818 dominus
1578 4762 1917 4820 Fulcherus‚

266 4851 431 4909 boue
480 4849 775 4906 memoriis
840 4847 1375 4922 Hierosolymorum
1441 4851 1794 4922 patriarcha,
1858 4857 1926 4910 ut

266 4937 764 4997 exhortationibus
818 4938 1095 5010 congruis
1154 4943 1212 4995 et
1272 4940 1515 4997 monitis
1569 4941 1924 4999 salutaribus

263 5027 487 5085 eumin
538 5042 780 5098 regnum
836 5031 1102 5084 evocaret
1132 5046 1149 5098 ;
1181 5043 1253 5084 ne
1302 5028 1442 5085 forte
1492 5030 1583 5085 vel
1625 5047 1659 5086 a
1688 5031 1923 5087 domino

263 5116 577 5192 principes„
609 5116 877 5173 restituta
907 5117 965 5172 in
1025 5116 1317 5190 integrum
1374 5118 1561 5190 gratia
1592 5125 1921 5187 revocatus,

265 5208 414 5265 vela
442 5205 680 5262 domino
712 5205 927 5263 comite
975 5206 1358 5276 Tripolitano,
1391 5209 1521 5278 ejus
1560 5209 1921 5280 consangui-

269 5314 402 5366 neo,
424 5298 698 5353 detentus
749 5295 1284 5369 Hierosolymorum
1317 5297 1575 5356 differret
1607 5298 1920 5355 desideria.

265 5384 578 5443 orientalis
607 5384 762 5442 enim
796 5385 1132 5442 Latinorum
1165 5389 1286 5442 tota
1313 5387 1472 5458 regio
1501 5393 1751 5458 quatuor
1764 5387 1925 5460 priu-

294 5473 542 5547 patibus
571 5480 698 5533 erat
752 5475 1055 5534 distincta.
1090 5475 1322 5532 Primus
1368 5476 1528 5533 enim
1558 5479 1631 5534 ab
1690 5482 1920 5549 austro,

2036 4584 2210 4656 pibus
2248 4585 2394 4653 suis,
2428 4582 2766 4651 honorifice,
2800 4588 2858 4640 et
2886 4599 3021 4640 cum
3053 4582 3250 4640 debita
3279 4583 3484 4654 gloria,
3515 4582 3574 4638 in
3601 4596 3688 4638 ur·

2041 4672 2171 4730 hem
2204 4678 2474 4745 receptus
2502 4676 2590 4729 est
2616 4678 2673 4729 et
2702 4672 2774 4728 ad
2824 4671 2953 4729 loca
2992 4672 3349 4730 venerabilia
3378 4671 3683 4729 deductus.

2038 4764 2294 4821 Tandem
2335 4762 2643 4835 completis
2692 4762 2764 4819 de
2808 4777 2968 4819 more
2989 4761 3372 4824 orationibus.
3406 4760 3687 4818 indicitur

2031 4854 2180 4923 apud
2240 4853 2443 4909 urbem
2498 4854 2895 4910 Acconensem
2952 4851 3113 4909 curia
3176 4849 3486 4924 generalis,
3521 4853 3586 4906 ut
3611 4848 3684 4905 de

2031 4943 2223 4999 fructu
2270 4946 2439 4999 tantm
2488 4942 2999 5014 peregrinationis,
3037 4944 3098 4998 et
3144 4942 3539 4998 detentorum
3567 4937 3684 4994 ilus

2034 5032 2320 5098 laborum,
2350 5036 2407 5088 et
2432 5032 2502 5088 de
2532 5031 2697 5104 regui
2753 5032 3082 5088 desiderato
3125 5037 3461 5088 tractaretur
3484 5028 3685 5086 iucre-

2034 5124 2248 5178 mento.
2277 5120 2537 5176 Tandem
2593 5121 2686 5177 die
2726 5123 2949 5177 statuta
2992 5121 3064 5176 ad
3098 5119 3452 5177 destinatum
3475 5131 3685 5175 couve-

2033 5210 2259 5266 nientes
2288 5207 2481 5265 locum
2525 5207 2674 5265 sicut
2703 5213 2761 5266 ct
2780 5209 3337 5281 proeordinaverant,
3358 5206 3502 5280 quid
3527 5206 3682 5263 facto

2031 5303 2188 5356 esset
2214 5296 2639 5370 expedientius,
2666 5313 2796 5354 cum
2846 5297 3008 5371 regni
3061 5297 3242 5355 nostri
3281 5297 3681 5369 magnatibus,

2032 5388 2244 5461 quibus
2275 5386 2499 5460 plenior
2529 5402 2722 5443 rerum
2748 5390 2806 5442 et
2836 5386 3090 5445 locorum
3123 5391 3247 5445 erat
3277 5383 3558 5458 cognitio,
3591 5383 3682 5441 di-

2033 5474 2311 5548 ligentius
2338 5475 2658 5533 deliberare
2686 5480 3008 5547 cmperuut.
