3784 6000
114 216 241 283 189

647 226 867 291 mS'n
896 229 1171 293 RERUM
1221 228 1764 295 TRANSMAIUN.
1809 269 1884 281 —
1932 240 2074 299 [ΑΒ.
2121 241 2225 301 Χῐ.
2271 239 2716 304 BALDUINUS
2758 240 2781 300 1
2825 240 3005 301 REX.

3401 238 3522 299 490

114 363 553 435 praeeminebat,
584 381 766 424 euma
787 365 1179 438 patriarchatu
1194 366 1477 439 deposuit.
1500 368 1761 425 Sedeon-
1789 372 1840 437 Α
1876 376 1932 428 et
1953 375 2439 446 subsequentium
2473 374 2738 431 hostium
2771 373 3063 431 declinare
3103 371 3521 445 importunita-

111 453 387 510 siderans
414 454 656 512 multam
691 455 799 511 viri
839 452 1181 528 religionem
1224 458 1280 511 et
1331 455 1763 528 simplicitatem

111 541 353 609 miram,
372 543 813 614 Caesariensem,
844 560 972 617 quae
986 548 1128 601 tunc
1140 544 1404 609 vacabat,
1424 545 1761 619 Ecclesiam,

110 630 162 687 ei
190 633 490 690 concessit
534 632 881 691 habendam.
916 634 1292 690 Postmodum
1324 650 1478 701 vero,
1512 635 1652 692 dum
1693 637 1763 691 de

112 721 528 778 substituendo
555 721 827 779 Ecclesiae
857 721 1396 794 Hierosolymitanae
1436 724 1764 795 patriarcha

110 810 307 867 clerus
335 815 395 868 et
431 810 684 884 populus
731 812 1112 884 diceptarent,
1166 814 1482 869 constituta
1530 814 1602 869 ad
1651 813 1764 871 hoc

112 899 450 971 specialiter
478 901 570 957 die
600 901 677 957 ud
710 917 885 973 super
913 918 979 957 eo
1013 901 1242 972 negotio
1274 903 1342 958 de
1361 918 1518 959 more
1547 907 1761 959 tracta·

113 994 298 1055 retur,
329 993 461 1061 post
489 989 854 1045 multashinc
884 990 1019 1047 inde
1035 990 1746 1064 deliberationumpartes,

110 1076 171 1133 in
204 1078 509 1136 dominum
546 1078 877 1136 Gihelinum
932 1079 1258 1152 apostolica}
1307 1081 1461 1136 sedis
1501 1081 1759 1153 legatum

112 1166 473 1225 unanimiter
517 1169 891 1236 conveniunt,
931 1174 989 1225 et
1033 1183 1168 1226 eum
1216 1169 1275 1225 in
1326 1172 1518 1226 sedem
1566 1171 1755 1226 locant

108 1256 576 1327 patriarchalem.
609 1258 728 1314 Hoc
749 1259 924 1314 etiam
945 1259 1250 1330 praedictus
1285 1260 1561 1315 Arnulfus
1592 1259 1765 1315 mali-

109 1346 255 1401 tiose
297 1347 511 1401 dicitur
540 1348 945 1414 construxisse,
980 1351 1044 1401 ut
1074 1347 1248 1402 homo
1280 1364 1456 1404 senex
1487 1354 1543 1403 et
1573 1349 1767 1405 decre-

114 1435 273 1506 pitus
315 1435 373 1489 in
413 1433 514 1490 illa
559 1436 696 1490 sede
731 1436 825 1490 diu
892 1435 1082 1491 vivere
1122 1452 1234 1491 non
1288 1444 1505 1506 posset.
1550 1436 1763 1492 Eodem

111 1540 292 1590 anno,
323 1524 425 1595 qui
454 1528 584 1580 erat
614 1524 684 1580 ab
716 1523 1124 1580 Incarnatione
1145 1523 1376 1581 Domini
1404 1525 1562 1596 1107,
1593 1529 1761 1581 Asca-

110 1612 525 1679 lonitm,solita
553 1613 644 1670 usi
676 1612 918 1679 malitia,
968 1613 1027 1668 in
1075 1613 1167 1668 via
1216 1613 1468 1686 publica,
1521 1631 1637 1685 qua
1695 1615 1764 1671 ab

116 1704 541 1777 Hierosolymis
563 1706 636 1763 ad
658 1722 815 1762 mare
845 1705 1237 1773 descenditur,
1272 1707 1331 1762 in
1362 1705 1505 1762 locis
1542 1723 1758 1779 oppor-

114 1794 281 1850 tunis
313 1793 558 1852 insidias
576 1795 930 1863 locaverant,
955 1794 1215 1865 equitum
1235 1797 1666 1868 quingentorum

111 1884 379 1955 peditum
419 1883 599 1943 mille.
668 1886 992 1942 Audierant
1039 1884 1192 1941 enim
1232 1885 1388 1956 quod
1426 1902 1757 1942 nostrornm

113 1979 365 2040 caterva,
414 1974 484 2030 ab
532 1974 676 2030 urbe
726 1974 1000 2047 Joppensi
1058 1975 1381 2044 egrediens,
1433 1974 1756 2048 Hierosoly-

112 2079 267 2118 mam
302 2066 460 2120 esset
497 2064 861 2136 profectura3
917 2064 1292 2134 volentesque
1339 2065 1490 2135 qnod
1538 2065 1759 2120 viribus

112 2168 231 2207 non
265 2157 554 2224 poterant,
586 2152 736 2209 dolis
755 2169 1083 2226 procurare,
1108 2154 1165 2208 in
1193 2154 1479 2225 praedictis
1503 2152 1763 2210 latebant

111 2242 353 2298 insidiis
386 2261 401 2312 ς
436 2258 568 2298 cum
609 2258 739 2299 ecce
781 2244 961 2300 nostri
993 2243 1257 2299 omnium
1300 2244 1510 2299 horum
1551 2241 1758 2315 ignari,

112 2332 224 2388 iter
251 2336 510 2403 emptum
540 2333 780 2389 conticie
796 2337 944 2401 ntea,
977 2333 1035 2388 in
1055 2348 1250 2389 eorum
1281 2333 1649 2390 offenderunt
1680 2335 1762 2388 in-

110 2421 316 2477 sidias.
349 2420 609 2489 Cumque
644 2421 957 2494 plurimum
991 2423 1381 2489 anxiarentur;
1425 2423 1756 2481 dubitantes

112 2514 316 2566 utrum
336 2512 605 2567 cederent
622 2514 1165 2577 autcontenderent,
1192 2512 1545 2567 instantibus
1575 2513 1765 2568 hosti-

112 2600 220 2656 bus
248 2599 612 2655 deliberandi
635 2601 884 2672 spatium
916 2600 1298 2656 abstulerunt.
1326 2600 1599 2656 Videutes
1625 2617 1761 2672 ergo

112 2688 301 2745 nostri
333 2688 492 2759 quod
522 2697 612 2743 aut
667 2688 1046 2760 ignominiose
1093 2690 1458 2757 occumbere,
1508 2699 1602 2744 aut
1632 2706 1763 2744 cum

112 2780 195 2835 eis
222 2777 473 2833 viriliter
507 2793 759 2850 pugnare
797 2784 1105 2848 oporteret,
1140 2779 1415 2833 facientes
1456 2779 1525 2834 de
1575 2795 1766 2834 neces·

112 2869 289 2925 sitate
319 2868 617 2935 virtutem,
651 2868 877 2923 animos
909 2867 1201 2936 induunt;
1234 2875 1285 2923 et
1319 2884 1464 2938 quos
1489 2867 1649 2938 prius
1672 2868 1766 2924 ha-

1670 1757 1839 1850 ,ΑΒ

1879 471 2018 528 tem,
2047 463 2258 535 adjecit
2297 466 2383 521 vir
2448 464 2759 536 praeclarus
2816 463 2878 518 in
2927 461 3177 518 summis
3219 458 3523 518 montibus

1874 551 2005 607 urbi
2036 553 2273 622 'Pyrenei
2298 552 2770 626 prominentibus
2791 556 2849 608 et
2869 551 2941 608 ab
2974 551 3182 608 eadam
3216 549 3383 623 quasi
3416 564 3519 622 per

1873 641 2074 697 decem
2107 642 2454 698 distantibus
2485 642 2779 710 milliaria,
2811 642 2869 697 in
2892 643 3020 698 loco
3041 640 3137 696 cui
3161 653 3375 697 nomen
3408 637 3524 711 pri·

1871 746 2035 787 scum
2070 731 2339 800 Tibenin,
2372 739 2629 788 castrum
2655 730 2970 798 aedificare3
3004 730 3121 798 cui,
3153 727 3433 802 quoniam
3461 728 3522 783 in

1871 824 2202 876 monteerat
2221 820 2446 876 excelso
2469 821 2787 877 admodum
2802 818 3252 886 etcacuminato,
3280 831 3520 874 momen

1866 911 2084 967 indidit
2120 911 2437 967 Taronum.
2471 914 2569 966 Est
2604 918 2796 967 autem
2828 909 3058 967 locusis
3091 909 3243 965 inter
3272 923 3432 965 mare
3455 913 3513 965 et

1870 999 2177 1066 Libanum,
2211 1000 2372 1070 quasi
2403 1000 2462 1056 in
2513 999 2704 1055 medio
2754 1000 3132 1065 constitutus,
3193 1015 3228 1054 a
3274 997 3427 1071 Tyro
3466 1002 3523 1052 et

1871 1089 2138 1145 Paneade
2167 1105 2329 1161 aeque
2367 1088 2610 1151 distans,
2660 1088 2719 1143 in
2770 1087 2920 1144 tribu
2972 1090 3139 1156 Aser,
3180 1085 3524 1143 salubritate

1865 1182 1924 1235 et
1956 1179 2103 1234 aeris
2132 1186 2297 1250 grata
2327 1178 2601 1249 temperie
2631 1176 3117 1233 commendabilis
3147 1193 3161 1245 ;
3187 1173 3384 1232 solum
3418 1173 3519 1242 ha;

1870 1268 2013 1326 bens
2042 1270 2328 1339 opimum,
2358 1267 2545 1325 vineis
2571 1272 2629 1325 et
2656 1267 2966 1323 arboribus
3020 1281 3261 1338 prorsus
3291 1262 3521 1333 habile;

1870 1357 1971 1413 sed
2001 1362 2058 1413 et
2090 1357 2354 1430 frugibus
2397 1359 2455 1412 et
2508 1355 2881 1429 agricultum
2949 1352 3520 1412 commodissimum.

1870 1445 2148 1502 Praestitit
2180 1461 2315 1519 ergo
2344 1462 2459 1502 non
2490 1445 2681 1502 solum
2712 1443 3027 1511 fundatori,
3049 1443 3257 1498 diebus
3289 1439 3522 1509 illis,ad

1869 1551 2019 1607 opus
2060 1535 2395 1607 praedictum
2445 1533 2916 1592 eommodtiatam
2966 1537 3217 1606 optatem
3244 1550 3259 1600 ;
3319 1544 3522 1586 verum

1869 1642 2059 1696 usque
2110 1626 2277 1682 hodie
2318 1629 2375 1681 et
2422 1625 2683 1681 ubertate
2713 1640 2885 1695 quam
2930 1621 3198 1695 porrigit,
3232 1624 3289 1678 et
3336 1617 3523 1675 multa

1872 1716 2196 1771 munitione
2218 1731 2335 1786 qua
2356 1714 2675 1786 praeminet,
2707 1718 2764 1768 et
2782 1712 3125 1785 Tyrensium
3170 1709 3325 1776 urbi,
3347 1713 3405 1765 et
3433 1722 3523 1765 re-

1870 1821 1984 1877 gno
2017 1803 2287 1859 universo
2319 1803 2595 1858 utilitates
2625 1799 3157 1872 imcomparabilee.
3187 1798 3303 1854 Nec
3336 1812 3523 1857 mora.

1869 1899 2001 1965 post
2030 1892 2282 1964 praedicti
2318 1891 2717 1947 fundationem
2769 1888 3044 1960 praesidii,
3094 1886 3253 1942 idem
3302 1883 3518 1941 nobilis

1868 1982 2044 2037 homo
2071 1996 2204 2036 cum
2237 1979 2542 2052 equisibus
2573 1976 2940 2049 septuaginta
2969 1973 3226 2031 hostium
3265 1973 3412 2029 fines
3435 1971 3523 2028 in·

1869 2087 2126 2142 gressus,
2187 2084 2322 2124 cum
2398 2075 2641 2139 quatuor
2721 2064 2986 2122 millibus
3060 2061 3520 2118 Damacenorum

1872 2160 2132 2232 praelium
2165 2158 2540 2214 committens
2570 2154 2776 2223 semel,
2808 2158 2866 2210 et
2894 2153 3151 2209 seeundo
3187 2151 3391 2208 eodem
3428 2149 3526 2208 die

1872 2252 1944 2305 ab
1973 2250 2241 2305 hostibus
2271 2245 2539 2319 repulsus
2559 2245 2849 2318 graviter;
2878 2243 3049 2299 tertio
3092 2239 3431 2298 melioribus
3454 2240 3523 2296 ir-

1871 2354 2051 2394 ruens
2082 2336 2360 2409 auspiciis
2391 2340 2449 2390 et
2478 2331 2849 2391 animositate
2880 2330 3157 2386 divinitus
3186 2328 3416 2394 collata,
3445 2327 3518 2385 si·

1877 2424 2000 2482 mul
2030 2429 2087 2482 et
2104 2425 2345 2495 viribus,
2380 2428 2614 2480 auctore
2656 2421 2926 2487 Domino,
2980 2418 3316 2476 fortioribus
3373 2429 3524 2473 reee-

1873 2516 2009 2588 ptis,
2042 2514 2238 2572 hostes
2269 2514 2328 2569 in
2361 2514 2554 2584 fugam
2585 2509 3032 2579 convertit.lpse
3058 2511 3254 2563 tamen
3288 2496 3404 2562 ictia
3425 2520 3522 2561 sa·

1874 2604 2031 2677 gittae
2064 2602 2352 2659 lethaliter
2391 2601 2714 2669 confossus,
2765 2597 3006 2668 interiit,
3050 2595 3135 2651 vir
3174 2594 3433 2667 prudens
3462 2597 3522 2651 et

1871 2698 2168 2758 strenuus,
2199 2689 2691 2763 etd’exigentibus
2725 2686 2949 2743 meritis
2972 2684 3091 2757 regi
3114 2689 3171 2741 et
3192 2699 3370 2757 regno
3392 2682 3522 2756 plu-

1873 2783 2092 2838 rimum
2122 2779 2607 2838 commendabilis
2634 2784 2688 2834 et
2717 2779 3004 2847 acceptus.
3039 2773 3182 2831 Gaesi
3213 2777 3355 2830 sunt
3372 2772 3521 2829 ineo

1871 2870 2145 2925 conflictu
2198 2870 2270 2925 de
2319 2865 2581 2923 hostibus
2635 2865 2892 2934 ducenti,
2941 2867 3000 2919 et
3043 2861 3177 2932 equi
3208 2860 3449 2918 totidem
3488 2877 3524 2917 a

112 2957 367 3014 buerant
396 2955 818 3024 formidabiles,
860 2960 1160 3029 resumpta
1200 2957 1444 3013 audacia
1472 2961 1528 3012 ct
1558 2957 1762 3029 spiritu
1874 2959 2085 3015 nostris
2114 2956 2353 3030 recepti.
2378 2960 2517 3014 Post
2554 2955 2792 3012 eosdem
2838 2953 3016 3010 etiam
3063 2951 3186 3008 dies
3226 2950 3345 3007 visa
3384 2952 3524 3007 sunt

109 3048 446 3103 vehementi
489 3046 795 3114 instantes,
839 3047 896 3101 in
931 3046 1143 3102 mentis
1186 3051 1529 3103 convertunt
1564 3052 1764 3117 stupo-
1870 3048 1933 3104 in
1964 3047 2184 3104 oriente
2224 3047 2393 3120 signa
2423 3049 2482 3102 et
2511 3044 2777 3117 prodigia
2828 3041 3015 3100 multa
3045 3044 3104 3097 in
3161 3038 3518 3097 coelestibus.

110 3151 231 3192 rem
259 3151 277 3204 ;
310 3135 620 3206 etjamJam
642 3135 1237 3206 nostrorumimpetus
1258 3135 1402 3189 ferre
1423 3153 1533 3189 non
1557 3134 1762 3189 valen-
1790 3116 1833 3185 C
1871 3138 2040 3208 Nam,
2072 3153 2172 3209 per
2201 3136 2592 3207 quadraginta
2638 3133 2764 3191 dies
2799 3138 2858 3188 et
2897 3148 2965 3188 eo
2994 3130 3272 3203 amplius,
3304 3137 3524 3187 cometa

107 3231 219 3295 tes,
260 3224 470 3280 multis
490 3224 880 3294 interemptiS,
905 3224 1210 3295 captivatis
1243 3223 1419 3279 etiam
1442 3223 1764 3294 nonnullis,

109 3331 207 3371 eos
238 3316 302 3371 in
336 3314 537 3385 fugam
569 3313 1115 3384 versosatiquandiu
1134 3315 1594 3384 prosecutisunt.
1614 3314 1768 3369 Tan-

117 3405 253 3460 dem
280 3401 482 3458 divina
510 3401 831 3473 opitulante
861 3403 1066 3474 gratia,
1088 3402 1325 3458 victoria
1354 3403 1539 3473 potiti,
1578 3402 1769 3457 tribus

120 3497 353 3548 tantum
377 3491 451 3546 de
473 3507 580 3547 suo
608 3506 849 3546 numero
883 3490 1140 3561 perditis,
1172 3491 1617 3560 Hierosolymam
1645 3506 1773 3562 pro·

111 3581 245 3636 fecti
278 3583 437 3636 sunt.

797 3719 1025 3776 CAPUT
1052 3720 1118 3775 V.

130 3830 223 3885 Ην
252 3825 470 3884 nobilis
505 3828 655 3897 Huyo
699 3825 764 3883 de
803 3826 999 3883 Sancto
1064 3826 1368 3893 Aldemaro,
1425 3825 1772 3882 Tiberiadeu-

192 3905 345 3956 sium
366 3898 646 3963 dominus,
693 3901 750 3952 in
797 3902 1072 3954 montibus
1112 3901 1205 3969 qui
1252 3898 1376 3952 urbi
1407 3901 1772 3968 prcecmz'nent

191 3971 430 4044 Tvrensi
482 3980 724 4027 castrum
783 3971 944 4036 locat,
999 3972 1087 4025 cui
1154 3985 1349 4024 ηοηιιη
1412 3981 1489 4024 est
1564 3971 1729 4024 Toron
1752 3985 1772 4031 ,-

184 4049 450 4115 idemque
495 4059 609 4096 non
657 4042 831 4097 naulto
869 4052 987 4110 post
1034 4057 1157 4096 cum
1206 4041 1529 4095 flamm-onis
1584 4040 1774 4108 confli-

186 4113 978 4185 aens.1etaatiterconsossus‚
1029 4113 1119 4167 sed
1164 4115 1351 4167 tmnen
1401 4115 1591 4178 victor,
1621 4127 1775 4166 occu-

184 4188 332 4242 buit.
376 4185 709 4242 Ascalonitae
749 4199 962 4256 quoque
1008 4186 1208 4239 nostris
1262 4185 1501 4239 volentes
1542 4191 1780 4254 praeten-

184 4257 317 4387 (ἐστι
362 4256 634 4328 insidias,
666 4259 726 4312 in
775 4258 1029 4328 taqueum
1057 4271 1214 4328 quem
1260 4265 1596 4327 paraverant
1637 4253 1774 4309 inci·

232 4336 357 4386 unt.

1874 3227 2029 3283 circa
2061 3226 2246 3281 noctis
2277 3224 2510 3280 initium
2540 3224 2696 3279 visus
2718 3231 2773 3279 et
2795 3222 2967 3294 longe
2997 3235 3219 3276 comam
3252 3217 3521 3287 trahere;

1876 3321 1934 3373 et
1964 3317 2170 3371 iterum
2202 3314 2274 3369 ab
2306 3319 2434 3370 ortu
2469 3313 2611 3369 solis
2644 3327 2832 3384 usque
2863 3313 2934 3367 ad
2968 3310 3163 3366 horam
3181 3308 3408 3365 tertiam
3436 3308 3523 3365 vi-

1878 3425 1978 3465 sus
2007 3415 2095 3465 est
2126 3408 2211 3466 sol
2246 3410 2391 3465 duos
2417 3408 2630 3464 habere
2652 3404 3034 3471 collaterales,
3057 3404 3214 3477 paris
3235 3401 3528 3473 magnitu-

1878 3498 2057 3564 dinis,
2082 3498 2188 3554 sed
2214 3498 2519 3554 inferiores
2545 3496 2852 3566 splendore
2881 3492 3042 3550 solis.
3066 3494 3208 3549 Visa
3228 3497 3317 3548 est
3340 3496 3397 3547 et
3417 3488 3526 3546 Iris

1878 3588 2031 3645 circa
2060 3587 2268 3655 solem,
2299 3587 2425 3643 suis
2474 3585 2751 3641 distincta
2797 3582 3106 3640 coloribus.
3148 3583 3283 3646 Quae
3331 3579 3528 3635 omnia

1879 3681 2103 3733 certum
2138 3681 2261 3732 erat
2284 3673 2629 3730 mortalibus
2662 3689 2809 3728 nova
2839 3670 3202 3743 portendere.

2518 3777 2750 3836 CAPUT
2776 3778 2883 3849 vr.

1880 3871 2237 3927 Boamundus
2266 3870 2331 3925 de
2360 3871 2591 3925 Francia
2621 3868 2679 3923 in
2712 3867 2966 3940 Apuliam
3000 3880 3267 3932 reversus,
3290 3879 3413 3919 cum
3438 3863 3525 3918 in-

1953 3944 2210 4012 mutibus
2239 3945 2410 4013 copiis
2448 3946 2765 3997 Graecorum
2808 3940 2941 4009 fines
2977 3953 3062 3994 eos
3100 3935 3528 4008 depopulaturus

1955 4015 2306 4084 inyreditars
2337 4015 2664 4083 demumque
2723 4014 2779 4065 in
2825 4011 3048 4081 Syriam
3099 4010 3283 4064 votens
3326 4004 3523 4077 redire,

1955 4089 2141 4145 relicto
2173 4085 2489 4142 Boamtmdo
2512 4087 2650 4153 tilio,
2686 4087 2796 4138 vita
2824 4081 3055 4136 decedit.

1953 4196 2059 4250 Per
2094 4195 2245 4250 idem
2276 4197 2528 4264 tempus,
2575 4190 2810 4247 Alexiua
2847 4185 3526 4261 constantinopolitanus

1883 4284 2220 4357 imperator,
2242 4282 2328 4339 vir
2355 4280 2680 4338 malitiosus
2709 4285 2766 4337 et
2788 4296 3061 4352 nequam,
3085 4277 3407 4336 volentibus
3425 4290 3528 4348 per

1885 4375 2013 4445 ejus
2042 4373 2308 4445 regiones
2338 4369 2783 4443 Hierosolymam
2819 4368 3101 4441 proficisci
3144 4365 3331 4423 multa
3351 4364 3529 4421 mini-

186 4471 411 4528 Eodem
447 4471 628 4526 ctiam
660 4473 944 4542 tempore,
1002 4485 1135 4526 cum
1195 4469 1539 4541 Tyrensium
1573 4469 1773 4525 civitas
1802 4483 1849 4549 D
1881 4464 2102 4520 strabat
2131 4460 2571 4532 impedimenta.
2607 4458 2751 4513 Nam
2783 4462 2839 4514 et
2860 4461 3063 4515 eontra
3086 4456 3333 4528 primam
3356 4467 3526 4525 expe-

112 4563 315 4620 adhuc
341 4561 416 4618 ab
443 4560 713 4619 hostibus
740 4561 1093 4617 detineretur
1122 4565 1177 4617 et
1218 4566 1550 4616 nostrorum
1583 4560 1769 4616 modis

113 4652 401 4710 omnibus
429 4651 739 4723 impediret
770 4668 1128 4723 processum,
1151 4651 1239 4706 vir
1261 4651 1474 4706 nobilis
1498 4654 1553 4706 et
1568 4657 1770 4720 potens

114 4749 174 4799 et
202 4741 436 4814 inclytas
468 4742 530 4796 in
563 4740 803 4797 Domino
834 4740 1271 4811 recordationis,
1304 4739 1580 4796 dominus
1609 4743 1768 4811 [lugo

113 4833 190 4889 de
212 4835 428 4887 Sancto
457 4829 791 4899 AldemarO,
809 4831 1058 4901 quipost
1081 4830 1384 4887 dominum
1400 4830 1766 4886 Tancredum

119 4920 260 4977 urbi
292 4919 520 4991 prefuit
564 4919 988 4988 Tiberiadensi,
1043 4924 1327 4991 quantum
1378 4918 1633 4975 locorum
1681 4920 1767 4975 di—

118 5009 349 5067 stantia
392 5008 771 5081 permittebat
827 5009 1068 5079 (distant
1115 5009 1267 5065 enim
1319 5025 1352 5064 a
1373 5024 1434 5064 se
1483 5009 1765 5081 praedictae

116 5102 249 5156 «luae
281 5098 547 5154 civitates
578 5098 749 5171 quasi
768 5098 1119 5155 milliaribus
1139 5098 1421 5169 triginta),
1454 5098 1766 5169 frequenti,

117 5194 231 5248 bus
259 5192 319 5246 et
346 5187 594 5246 occultis
628 5189 1046 5261 irruptionibus
1085 5189 1236 5244 cives
1279 5186 1625 5242 molestabat
1653 5187 1767 5259 Ty-

116 5294 347 5337 renses.
377 5277 640 5351 Cumque
672 5279 732 5335 in
763 5279 952 5335 eundo
983 5283 1040 5335 et
1067 5278 1363 5334 redeundo
1396 5276 1612 5349 smpius
1637 5277 1765 5346 ejus

111 5366 551 5442 periclitaretur
582 5365 790 5424 militia
817 5383 884 5423 eo
914 5367 1064 5439 quod
1108 5365 1170 5421 in
1218 5365 1409 5421 medio
1458 5365 1763 5436 praedicta-

110 5473 247 5515 rum
268 5455 512 5513 urbium
543 5472 647 5513 nec
678 5457 1011 5529 praesidium
1035 5455 1414 5524 inveniretur,
1448 5470 1550 5511 nec
1573 5453 1766 5511 muni-

108 5547 293 5605 tionis
324 5544 563 5617 aliquod
585 5561 773 5619 genus
802 5545 862 5605 in
890 5562 1007 5619 qno
1037 5562 1099 5603 se
1139 5544 1225 5602 sui
1243 5547 1482 5616 possent
1511 5542 1767 5617 recipere

444 5646 710 5709 Parum..
756 5647 900 5709 ccl.

1882 4553 2187 4617 ditionem,
2211 4567 2334 4622 quoe
2356 4549 2406 4605 ei
2437 4547 2612 4604 multo
2637 4547 2821 4603 fuerat
2851 4547 3269 4609 emolumentO,
3292 4545 3358 4597 ut
3380 4556 3529 4612 prae-

1882 4643 2127 4700 missum
2156 4638 2684 4708 est,Solimannum
2702 4633 3178 4705 potentissimum
3203 4633 3524 4686 Turcorum

1879 4732 2227 4806 principem,
2258 4734 2315 4785 et
2342 4728 2618 4784 barbaras
2645 4742 2713 4781 ex
2744 4725 3015 4780 universo
3050 4720 3277 4777 Oriente
3308 4716 3525 4774 solliei-

1876 4825 2100 4880 taverat
2135 4820 2432 4887 nationes;
2481 4820 2539 4874 et
2586 4818 2784 4871 contra
2825 4810 3166 4875 secundam,
3216 4810 3311 4865 cui
3342 4805 3529 4863 Picta-

1875 4911 2139 4967 vensium
2172 4911 2410 4980 praeerat
2439 4921 2652 4975 comes,
2676 4904 2907 4960 easdem
2942 4897 3332 4955 nihilominus
3347 4896 3527 4954 natio-

1878 5017 1981 5058 nes
2024 5004 2082 5056 et
2111 4998 2376 5054 infideles
2416 4994 2663 5068 populos
2710 4990 3113 5064 frequentibus
3144 4985 3527 5045 concitaverat

1875 5090 2259 5162 legationibus
2282 5103 2296 5155 ;
2324 5086 2500 5153 unde,
2524 5084 2651 5155 ejus
2671 5082 2958 5139 efficiente
2979 5078 3223 5146 malitia,
3245 5076 3527 5150 posterior

1875 5179 2161 5253 expeditio
2190 5192 2336 5249 pene
2367 5179 2490 5232 tota
2536 5171 2797 5244 deperiit.
2852 5171 2967 5227 Nec
3016 5167 3205 5225 solum
3255 5163 3434 5222 semel
3468 5167 3523 5219 ct

1874 5270 2131 5327 secundo
2161 5267 2245 5324 ita
2271 5265 2330 5320 in
2359 5267 2588 5321 nostros
2620 5262 2977 5333 malignatus
3005 5259 3231 5323 fuerat3
3263 5254 3360 5311 sed
3380 5268 3527 5325 quo-

1874 5361 1985 5417 ties
2016 5376 2077 5415 se
2109 5356 2387 5413 offerebat
2402 5352 2804 5426 opportunitas
2838 5352 2922 5407 eis
2948 5350 3163 5405 damna
3194 5343 3406 5412 moliri,
3436 5358 3527 5414 pa·

1877 5466 2006 5507 rare
2035 5446 2381 5520 praecipitia,
2413 5460 2517 5516 pro
2538 5443 2698 5501 lucro
2719 5437 3194 5512 sibireputabat;
3226 5432 3526 5507 praesenti-

1872 5542 1983 5598 bus
2017 5543 2075 5596 ta
2088 5543 2281 5595 menet
2296 5551 2494 5594 eoram
2519 5532 2725 5607 positis
2749 5530 2997 5603 benigne
3016 5527 3193 5584 dabat
3215 5539 3527 5598 responsa-

3133 5625 3208 5687 16
