3784 6000
548 232 727 293 HIST.
770 234 1027 295 RERUM
1063 232 1561 299 TRANSMARIN.
1599 269 1670 284 —
1704 232 1846 298 Llss.
1889 236 2037 299 xxl.
2079 239 2487 300 BALDUINUS
2521 240 2598 300 IV
2635 239 2803 301 REX.
2899 228 2906 235 ’

573 361 794 419 CAPUT
832 363 1010 418 xxvi.

137 479 170 521 c
223 465 514 537 ceneratis
578 467 832 539 synodus
889 466 1198 525 indicitur.
1256 470 1380 528 Rex
1442 485 1622 541 super

137 544 270 594 enta
299 537 609 603 Jordanis,
628 538 908 607 infaustis
936 540 1167 606 avibus,
1188 548 1453 599 castrum
1483 542 1623 600 καί·

137 615 201 675 n,
233 609 591 678 aedificatum
624 611 955 680 templariis
980 612 1193 668 tradit.

136 731 213 773 no
233 715 312 773 ab
333 715 739 773 incarnatione
763 717 1020 785 Domini,
1037 719 1062 772 t
1080 722 1174 775 ¹78
1195 719 1437 793 quierat
1456 730 1623 791 regni

137 804 197 860 ui
214 804 482 861 Balduini
503 806 700 878 quarti
725 821 922 863 annus
944 806 1211 879 quintus,
1228 823 1434 864 meuse
1454 810 1621 866 Octo·

137 908 239 950 um
268 908 430 950 anno
459 895 831 966 praecedente
854 895 1078 952 indicta
1099 901 1254 954 esset
1273 912 1380 971 per
1397 897 1624 953 univer·

137 983 474 1040 Latinorum
491 983 699 1040 orbem
713 987 916 1042 Romae
933 984 1204 1058 synodus
1216 985 1531 1056 generalis,
1544 984 1621 1042 ad

137 1072 249 1129 lem
279 1072 583 1146 synodum
624 1074 835 1141 vocati,
862 1074 1109 1146 profecti
1140 1082 1280 1132 sunt
1311 1075 1386 1131 de
1419 1080 1622 1131 nostro

137 1166 226 1229 ιίο,
254 1178 366 1234 ego
412 1163 770 1230 Willelmus,
801 1165 1078 1237 Tyrensis
1112 1165 1620 1238 archiepiscopus,

137 1252 270 1308 ilius
336 1253 719 1309 Caesariensis
792 1253 1293 1328 archiepiscopus,
1350 1255 1623 1310 Albertus

137 1341 744 1415 ehemitaepiscopuS,
759 1342 1109 1414 Radulphus
1124 1344 1482 1401 Sebastenus
1502 1343 1623 1415 epi·

138 1446 210 1497 is,
259 1430 491 1487 loscius
534 1431 898 1487 Acconensis
939 1433 1274 1504 episcopus,
1318 1435 1622 1488 Romanus

137 1519 368 1575 »litanus
396 1519 736 1593 episcopus,
763 1523 961 1576 Petrus
978 1521 1136 1593 prior
1149 1522 1409 1577 ecclesiae
1422 1520 1625 1577 Domi-

138 1608 382 1680 epulcri,
397 1608 723 1665 Rainaldus
741 1608 932 1666 abbas
945 1609 1208 1666 ecclesiae
1230 1611 1447 1667 montis
1458 1610 1620 1667 Sion.

3278 242 3385 305 842

1651 366 1701 422 A
1728 365 2079 426 suburbana
2100 366 2356 424 finitima
2383 367 2498 426 sibi
2522 367 2783 426 facerent
2814 368 3159 439 tribularia;
3193 369 3383 428 male-

1728 454 1858 512 ficis
1881 461 1940 513 et
1965 457 2169 514 debita
2196 456 2493 530 supplicia
2521 457 3383 530 fugientibus,aggressoribus

1729 558 1973 618 quoquc
1998 550 2055 603 et
2076 545 2308 603 viarum
2330 546 2739 604 effractoribus
2756 551 2948 604 tutum
2970 549 3135 622 apud
3152 565 3217 606 se
3235 565 3382 622 proe-

1732 633 1940 691 bentes
1969 635 2384 706 retugium,ob
2412 635 2629 709 proedae
2658 640 2717 692 et
2737 637 2790 693 vi
2816 642 3128 709 raptarum
3157 652 3382 706 rerum,

1731 722 1899 795 quod
1928 724 2012 780 eis
2028 723 2307 793 dabatur,
2324 725 2725 799 participium.
2743 727 2920 783 Erant
2942 741 3083 797 ergo
3099 727 3385 784 omnibus

1730 827 1836 884 per
1882 810 2198 871 circuitum
2236 820 2476 886 propter
2504 815 2938 872 intolerabilem
2964 831 3176 873 eorum
3214 830 3385 873 arro-

1732 901 2019 974 gantiam,
2042 906 2168 958 tam
2193 903 2409 959 nostris
2433 918 2618 975 quam
2647 907 2826 961 etiam
2849 905 3192 962 sarracenis
3209 904 3386 962 invisi

1730 994 1789 1045 et
1828 990 2083 1047 odibiles
2137 991 2296 1059 facti,
2331 992 2413 1049 ita
2455 996 2517 1046 ut
2556 991 2782 1065 smptus
2818 992 2992 1049 fuerit
3028 996 3385 1051 attentatum

1732 1094 1835 1135 eos
1878 1078 2147 1136 funditus
2186 1081 2547 1153 exstirpare3
2586 1080 2691 1137 sed
2738 1096 3081 1138 successum
3121 1096 3215 1139 res
3260 1096 3385 1139 non

1731 1167 1977 1235 habuit;
2004 1168 2163 1225 unde
2191 1173 2249 1225 et
2274 1169 2528 1239 singulis
2559 1169 2772 1226 diebus
2802 1169 3032 1226 fiebant
3057 1170 3389 1241 protervio-

1732 1270 1845 1312 res.
1880 1257 2149 1324 Quorum
2177 1257 2612 1314 intolerabilem
2645 1257 3016 1330 superbiam,
3046 1256 3200 1314 furta
3225 1273 3388 1315 com-

1734 1345 1943 1412 missa,
1998 1350 2338 1419 perpetrata
2378 1346 2724 1413 homicidia,
2772 1347 3057 1403 dominus
3111 1361 3214 1403 rex
3262 1361 3387 1403 non

1733 1432 1952 1505 ferens,
1985 1435 2185 1492 locum
2214 1435 2564 1509 praedictum
2592 1434 2791 1492 subito
2820 1440 2877 1492 et
2904 1434 3191 1492 violenter
3214 1450 3387 1492 occu-

1733 1540 1903 1597 pans,
1957 1540 2112 1597 quos
2167 1524 2673 1598 comprehendere
2723 1524 2939 1596 potuit,
2991 1525 3123 1582 neci
3171 1524 3336 1581 dedit
3371 1540 3385 1593 ;

1734 1613 1841 1669 sed
1869 1612 2150 1684 fugerunt
2173 1629 2246 1670 ex
2273 1618 2442 1686 parte
2468 1613 3134 1687 maxima,praecognito
3159 1612 3389 1670 domini

142 1697 290 1753 ictus
305 1712 443 1755 vero
460 1698 826 1755 Joseiusnon
854 1698 1047 1755 solum
1071 1699 1147 1755 ad
1162 1700 1461 1772 synodum
1490 1715 1624 1772 pro·
1660 1713 1702 1769 Β
1732 1702 1887 1774 regis
1940 1703 2200 1759 adventu
2243 1718 2258 1768 ς
2304 1706 2362 1760 et
2402 1702 2479 1759 ad
2520 1707 2720 1775 partes
2773 1705 3197 1766 Damascenas,
3248 1717 3387 1759 cum

136 1790 218 1844 ›at
241 1787 579 1854 nobiscum,
612 1802 820 1844 verum
867 1803 901 1843 a
931 1788 1246 1844 dominum
1284 1788 1620 1858 Henricum,

136 1876 333 1933 undiae
354 1876 592 1943 ducem,
608 1876 901 1949 legatione
921 1877 1303 1949 fungebatur,
1321 1884 1380 1934 ut
1393 1893 1529 1934 eum
1544 1877 1619 1934 ad

138 1969 405 2023 vocaret.
455 1968 932 2024 conveneramus
962 1968 1121 2023 enim
1150 1968 1529 2032 unanimiter,
1562 1971 1623 2025 ut

141 2053 196 2110 ni
221 2055 375 2127 regis
400 2070 890 2128 sororem,quam
918 2056 1082 2128 prius
1111 2055 1378 2113 marchio
1398 2056 1624 2113 habuc·

137 2144 357 2201 eisdem
397 2144 841 2201 conditionibus
883 2144 1077 2201 eidem
1125 2145 1186 2201 in
1240 2143 1622 2202 matrimonio

137 2232 474 2300 ederemus3
506 2234 670 2306 quod
698 2233 946 2290 verbum
976 2250 1116 2290 cum
1163 2233 1319 2290 idem
1367 2234 1486 2290 dux
1520 2249 1625 2307 per

137 2339 221 2379 im
252 2322 519 2396 praedicti
546 2321 775 2378 domini
806 2323 1095 2396 episcopi,
1129 2323 1292 2395 prius
1322 2329 1625 2394 gratanter

137 2412 423 2484 zpisset,et
443 2411 644 2479 etiam,
660 2417 724 2468 ut
747 2412 980 2483 dicitur,
995 2413 1340 2483 juramento
1366 2413 1623 2485 proprias

138 2519 209 2568 is,
241 2518 303 2558 se
330 2505 647 2558 venturum
676 2501 996 2568 firmasset,
1029 2502 1227 2558 causis
1253 2502 1624 2574 quibusdam

137 2606 169 2647 c
208 2590 386 2647 nobis
437 2589 778 2661 incognitis,
811 2591 1009 2647 venire
1044 2590 1259 2658 renuit,
1297 2591 1623 2663 juramenti

158 2678 497 2753 praebuerat
523 2678 864 2749 immemor,
897 2684 955 2736 et
978 2679 1115 2737 fidei
1149 2695 1271 2752 qua
1300 2695 1365 2736 se
1393 2678 1618 2753 obliga·

158 2768 444 2840 prodigus
472 2769 771 2825 inventus.

137 2858 263 2914 lem
287 2873 490 2915 mense
511 2874 633 2931 quo
664 2874 776 2915 nos
805 2858 911 2915 iter
943 2861 1021 2915 ad
1043 2858 1343 2930 synodum
1375 2858 1623 2931 arripui·

139 2947 423 3006 dominus
448 2963 550 3005 rex
579 2963 715 3005 cum
744 2947 1026 3005 omnibus
1052 2948 1222 3020 regui
1247 2947 1495 3014 viribus,
1527 2962 1620 3007 ca·

137 3055 157 3095 1
199 3037 512 3112 quoddam
563 3053 746 3111 super
773 3038 936 3110 ripas
965 3037 1263 3099 Jordanis.
1297 3040 1358 3093 in
1388 3053 1459 3095 eo
1487 3038 1622 3096 loco

147 3126 285 3198 ulgo
316 3127 541 3183 vadum
573 3126 756 3183 Jacob
787 3126 1142 3199 appellatur,
1176 3141 1493 3200 aggressus
1534 3133 1623 3185 est

137 3231 287 3273 care.
334 3215 568 3273 Habent
615 3216 961 3273 traditiones
988 3219 1277 3282 veterum,
1310 3232 1448 3272 eum
1489 3231 1621 3273 esse

137 3321 169 3361 n
200 3305 302 3362 ubi
331 3304 518 3361 Jacob
565 3305 639 3362 de
675 3305 1104 3378 Mesopotamia
1126 3304 1383 3370 rediens,
1422 3306 1622 3363 missis

142 3395 193 3450 is
219 3394 299 3451 ad
324 3393 585 3462 fratrem,
602 3394 893 3468 factisque
918 3394 1152 3451 duabus
1175 3395 1404 3459 turmis,
1434 3394 1618 3452 dixit:

137 3484 308 3540 acula
337 3498 460 3540 meo
493 3483 745 3541 transivi
768 3484 1092 3541 Jordanem
1132 3486 1329 3550 istum,
1377 3491 1430 3540 et
1460 3499 1623 3543 nunc

145 3571 377 3629 duabus
403 3573 616 3629 turmis
643 3573 942 3644 rcqredt'or
972 3574 1144 3645 (Gen.
1178 3588 1359 3639 mm,
1398 3572 1504 3645 10).
1525 3575 1623 3629 Est

135 3677 174 3717 u
194 3660 254 3716 in
276 3676 436 3735 pago
459 3662 648 3718 Cades
663 3663 1020 3735 Nephtalim,
1036 3663 1187 3719 inter
1212 3662 1547 3735 Nepthalim
1566 3666 1622 3719 et

137 3765 268 3823 quoe
291 3749 405 3807 alio
420 3751 665 3807 nomine
686 3751 1024 3824 appellatur
1037 3751 1290 3817 Paneas,
1308 3751 1621 3808 alioetiam

139 3853 241 3894 rea
260 3837 514 3912 Philippi
535 3840 748 3895 dicitur
759 3858 775 3910 ;
794 3855 1051 3912 quarum
1067 3845 1385 3913 utramque
1399 3839 1623 3896 Phoeni-

137 3932 312 3984 instat
340 3943 477 3984 esse
507 3929 865 4000 portionem,
885 3933 941 3986 et
969 3930 1247 4000 Tyrensis
1278 3926 1624 4000 metropolis

137 4016 597 4088 isuffraganeas.
618 4018 801 4075 Distat
816 4023 1013 4075 autem
1028 4034 1064 4074 a
1076 4018 1347 4075 Paneade
1363 4017 1624 4075 milliari-

140 4108 514 4162 ecem.l>orro
526 4106 691 4163 collis
704 4113 829 4164 erat
841 4107 922 4163 ibi
939 4106 1315 4165 mediocriter
1326 4106 1620 4173 eminens,

137 4209 337 4267 ·quem
350 4193 742 4252 fundamenta
748 4197 770 4269 j
781 4197 1041 4252 acientes
1056 4195 1473 4269 profundidate
1485 4210 1625 4252 con-

154 4299 396 4340 murum
422 4285 585 4341 mirae
603 4285 1102 4357 spissitudinis,in
1117 4285 1419 4358 quadrum
1442 4283 1625 4341 aedlfi-

1733 1791 2019 1848 uxoribus
2048 1798 2104 1848 et
2128 1791 2393 1864 parvulis
2420 1807 2485 1848 se
2513 1790 3078 1849 contulerunt-lude
3106 1789 3388 1865 frequen-

1733 1883 1816 1936 tes
1842 1879 1902 1936 in
1934 1880 2274 1953 provincias
2300 1883 2560 1947 nostras,
2593 1879 2823 1937 occulte
2854 1884 3076 1947 tamen,
3112 1879 3392 1951 irruptio·

1734 1984 1859 2038 nes,
1891 1970 2099 2027 veteris
2123 1968 2574 2027 consuetudinis
2610 1983 2731 2025 non
2758 1968 3166 2032 immemores,
3193 1967 3389 2025 facere

1732 2064 2192 2116 consueverant.
2227 2060 2273 2114 N
2281 2073 2396 2113 une
2421 2062 2621 2114 autem
2646 2057 2945 2128 adjunctis
2974 2056 3087 2113 sibi
3115 2055 3389 2128 eJusdem

1732 2145 2005 2203 factionis
2032 2145 2435 2212 consortibus,
2465 2144 2617 2202 fines
2643 2151 2879 2203 nostros
2903 2143 3162 2216 ingressi
3192 2148 3383 2211 erant,

1731 2239 1797 2293 ut
1824 2235 2248 2307 praemisimus.
2282 2235 2453 2302 Quod
2486 2233 2795 2291 audientes
2820 2234 3030 2302 nostri,
3063 2232 3380 2303 indignati,

1731 2324 1897 2397 quod
1918 2325 2265 2398 hujusmodi
2282 2323 2558 2380 homines
2579 2324 2708 2379 vias
2722 2321 2996 2396 publicas
3019 2321 3106 2378 ita
3124 2321 3388 2380 fecerant

1731 2412 2116 2487 periculosas,
2148 2413 2294 2470 locis
2319 2413 2799 2485 competentibus
2819 2412 2903 2468 eis
2932 2416 3220 2485 ponentes
3247 2409 3389 2467 iusi·

1731 2503 1882 2573 dias,
1900 2517 2149 2578 operam
2181 2502 2410 2560 dabant
2437 2501 2772 2564 sollicitam,
2793 2500 3104 2574 quomodo
3123 2515 3226 2557 eos
3252 2514 3390 2572 pos·

1732 2598 1863 2649 sent
1880 2592 2226 2666 praevenire.
2242 2590 2469 2647 Accidit
2497 2595 2698 2647 autem
2717 2594 2889 2646 nocte
2909 2588 3202 2662 quadam,
3223 2586 3389 2662 quod

1732 2682 1864 2755 ipsi,
1898 2680 2055 2738 facta
2075 2680 2299 2753 proeda,
2324 2680 2398 2736 de
2420 2678 2728 2736 montibus
2741 2676 3004 2735 Zabulon
3017 2676 3391 2735 descendeu-

1732 2775 1842 2836 tes,
1872 2771 2140 2827 volentes
2173 2784 2237 2825 se
2267 2768 2346 2826 ad
2377 2773 2578 2841 partes
2607 2766 2768 2824 unde
2798 2766 3067 2824 exierant
3096 2766 3386 2833 conferre,

1732 2859 1793 2916 in
1822 2865 2081 2931 nostros,
2101 2858 2205 2932 qui
2234 2859 2321 2914 eis
2340 2857 2592 2914 insidias
2616 2860 3000 2930 paraverant,
3031 2857 3384 2919 incidentes,

1731 2949 1965 3007 viarum
1989 2963 2238 3005 suarum
2262 2947 2518 3005 fructum
2540 2944 2907 3019 collegerunt
2920 2961 2940 3014 ,·
2955 2945 3144 3018 captis
3169 2945 3390 3004 etenim

1656 3076 1697 3134 C
1732 3054 1803 3095 ex
1835 3038 1920 3095 eis
1945 3053 2187 3108 novem,
2205 3036 2581 3111 septuaginta
2607 3040 2663 3092 et
2687 3034 2889 3109 plures
2911 3033 3204 3092 interfecti
3226 3038 3387 3091 sunt.

1730 3127 1956 3185 Accidit
1981 3131 2182 3185 autem
2213 3126 2350 3193 hoc,
2377 3141 2582 3182 mense
2615 3125 2832 3192 Marti0,
2877 3138 2967 3183 ιιι
2994 3123 3123 3181 Kal.
3144 3124 3386 3198 Aprilis.

1804 3217 1911 3274 Per
1940 3216 2100 3274 idem
2132 3220 2390 3289 tempus,
2423 3217 2626 3273 Romae
2651 3214 2950 3271 celebrata
2988 3217 3079 3271 est
3115 3212 3389 3286 synodus

1728 3307 1789 3362 in
1819 3305 2067 3362 basilica
2092 3304 2607 3373 Constantiniana,
2628 3304 2731 3376 qui
2758 3302 2977 3360 dicitur
3005 3305 3389 3371 Lateranum,

1731 3399 2129 3452 trecentorum
2145 3396 2567 3467 episcoporum
2586 3408 2602 3459 ς
2621 3393 3003 3465 pontificatus
3016 3392 3246 3448 domini
3260 3393 3392 3449 Ale-

1728 3483 2114 3542 xandrianuo
2136 3482 2439 3547 vicesimo,
2461 3497 2667 3538 mense
2688 3481 2914 3548 Martio,
2930 3480 3272 3538 indictionis
3286 3496 3388 3548 xn,

1729 3574 1940 3649 quinta
1970 3573 2066 3629 die
2099 3572 2341 3629 mensis.
2372 3569 2477 3626 Cui
2497 3571 2546 3626 si
2577 3571 2714 3642 quis
2739 3572 2959 3626 statuta
2992 3575 3050 3625 et
3074 3570 3390 3642 episcopo·

1728 3680 1863 3720 rum
1886 3662 2151 3733 nomina,
2189 3675 2509 3717 numerum
2544 3664 2602 3716 et
2632 3658 2830 3715 titulos
2875 3657 3023 3714 scire
3066 3658 3391 3730 desiderat,

1729 3753 1950 3823 relegat
1987 3750 2276 3824 scriptum
2314 3748 2478 3822 quod
2536 3764 2644 3804 nos
2688 3746 2765 3804 ad
2796 3762 3003 3821 preces
3041 3751 3391 3806 sanctorum

1733 3846 1990 3906 Patrum.
2037 3841 2140 3911 qui
2187 3840 2383 3895 eidem
2444 3838 2679 3911 syuodo
2729 3835 3142 3903 interfuerunt,
3187 3835 3393 3895 confe-

1732 3932 1925 3989 cimus
1944 3929 2255 4002 diligenter
2276 3948 2291 4000 ;
2320 3928 2485 4001 quod
2509 3929 2565 3983 in
2588 3926 2840 3983 Archivo
2867 3932 3091 3983 sanctae
3115 3926 3391 3999 Tyrensis

1735 4020 2031 4089 Ecclesioe,
2056 4020 2204 4076 inter
2228 4022 2492 4083 coeteros,
2510 4031 2665 4089 quos
2686 4015 2881 4071 eidem
2911 4015 3278 4072 contulimus
3294 4017 3393 4073 Ec-

1732 4110 1931 4167 clesiae
1957 4107 2161 4175 libros,
2185 4108 2278 4164 cui
2302 4110 2431 4179 jam
2445 4122 2551 4163 sex
2582 4119 2777 4163 annos
2811 4103 3186 4178 praefuimus,
3206 4101 3387 4176 jussi-

1736 4215 1871 4256 mus
1904 4198 2202 4255 collocari.

2329 4284 2557 4342 CAPUT
2586 4283 2788 4341 xxvn.

144 4390 171 4428 Β
192 4387 373 4445 ΟΡΘῙἮ
397 4373 786 4440 ⁸0¹1d5335m02
803 4375 879 4431 ad
897 4376 1346 4431 conveniemem
1367 4372 1625 4430 affim‘fi·
1735 4395 1923 4454 Resin
1936 4401 2126 4451 terras
2140 4392 2393 4451 hostium
2406 4391 2722 4461 inaressus,
2738 4390 2963 4448 damna
2975 4389 3208 4461 patitur
3225 4405 3395 4449 cnor-

137 4462 289 4518 iufra
302 4479 404 4518 sex
419 4478 647 4519 menses
662 4463 1260 4535 erexerunt.Coutigit
1273 4464 1622 4530 autem‚dum
1655 4438 1701 4495 D

137 4550 417 4608 liticaudo
447 4552 531 4608 ibi
563 4568 797 4610 moram
828 4553 1108 4621 facerent,
1132 4554 1352 4623 egressi
1383 4559 1521 4609 sunt
1545 4552 1626 4610 la-

137 4639 227 4696 :uli
250 4639 326 4697 de
349 4641 616 4712 partibus
644 4642 1058 4707 Damascenis,
1077 4642 1179 4715 qui
1213 4642 1525 4698 universas
1545 4642 1628 4698 ita

137 4728 331 4786 lerant
359 4731 685 4803 vias,quod
704 4747 826 4788 non
852 4732 965 4787 nisi
987 4747 1123 4788 cum
1150 4729 1413 4804 periculo
1439 4730 1523 4787 ire
1549 4729 1626 4787 ad

137 4816 292 4874 :itum
308 4825 412 4877 aut
425 4819 562 4876 inde
574 4820 789 4888 redire,
809 4825 912 4877 aut
925 4821 1051 4877 vias
1069 4835 1313 4893 carpere
1333 4819 1631 4892 quaslibet

138 4921 231 4963 res
244 4912 696 4981 possent.Erant
718 4917 917 4967 autem
943 4909 1208 4982 praedicti
1223 4908 1541 4965 latrunculi
1554 4908 1630 4966 de

137 4994 198 5052 in
225 4998 530 5054 mantibus
561 4999 898 5056 Acconibus
929 4999 1065 5065 sito,
1098 4998 1193 5055 cui
1235 4998 1498 5054 Bacades
1528 5012 1633 5055 no·

166 5086 275 5158 qui
303 5087 477 5159 vulgo
511 5087 720 5145 Bucael
749 5088 1101 5145 dicitur.Hic
1127 5086 1297 5143 locus
1325 5087 1385 5143 in
1414 5087 1633 5143 fluibus

141 5174 240 5231 lon
273 5176 422 5232 situs
453 5183 560 5245 est,
590 5194 869 5235 amoeuus
901 5176 1273 5245 admodum;
1303 5180 1379 5242 et,
1411 5174 1544 5232 licet
1572 5176 1632 5233 in

137 5264 229 5319 nis
256 5266 573 5331 montium,
610 5272 811 5324 tamen
845 5267 1017 5340 aquis
1045 5266 1302 5337 irriguus
1326 5269 1498 5322 estet
1543 5281 1632 5322 ar·

136 5369 193 5409 m
242 5353 682 5412 fructiferarum
731 5356 1065 5429 frequentia
1094 5355 1376 5421 censitus,
1408 5354 1637 5412 habita-

160 5441 394 5499 habeus
423 5444 768 5514 insolentes,
802 5444 985 5503 armis
1019 5450 1293 5502 strenuos
1334 5448 1389 5500 et
1428 5460 1637 5502 nume·

137 5535 222 5590 ate
275 5535 589 5606 superbos,
621 5537 796 5608 ‚adeo
853 5541 916 5593 ut
971 5533 1304 5593 vicinorum
1354 5547 1532 5605 agros
1582 5537 1639 5591 et

275 5656 519 5714 Parnoi..
557 5658 696 5720 CCI.

1804 4466 1939 4523 mia.
1964 4465 2307 4536 Hens'redus
2332 4463 2525 4535 reyius
2537 4462 3013 4520 constabularius
3034 4463 3395 4520 occasionem

1805 4537 2011 4595 mortis
2038 4538 2125 4593 ibi·
2149 4535 2447 4609 colligens.
2475 4534 2847 4606 defunqitur.

1807 4648 2154 4704 Constructo
2183 4644 2362 4717 igitur
2381 4647 2576 4699 castro
2603 4648 2658 4698 et
2682 4656 2752 4697 ex
2782 4640 3054 4713 partibus
3070 4639 3195 4696 suis
3220 4641 3398 4696 abso-

1734 4735 1883 4804 lut0,
1940 4732 2279 4790 nuntiatum
2336 4736 2422 4787 est
2451 4729 2699 4788 domino
2752 4728 2900 4800 regi,
2940 4728 3105 4801 quod
3158 4727 3218 4783 in
3259 4742 3397 4784 eam

1738 4823 1973 4890 silvam,
2006 4839 2141 4894 quae
2177 4820 2543 4879 paneadensi
2567 4819 2800 4890 adjacet
2830 4817 3285 4882 civitati,hostes
3306 4817 3398 4872 in·

1738 4917 1910 4969 caute
1943 4926 2167 4985 pascua
2195 4914 2531 4984 sequentes,
2564 4922 2774 4978 greges
2818 4906 3192 4962 immiserant
3221 4909 3277 4961 et
3307 4919 3402 4960 ar-

1740 5006 1964 5064 menta,
1995 5014 2116 5055 non
2145 4999 2437 5055 habentes
2467 5011 2669 5052 secum
2700 4994 2833 5051 illas
2882 4993 3137 5050 militum
3167 4992 3396 5067 copias,

1740 5089 1963 5162 quibus
2010 5086 2140 5144 freti
2169 5088 2387 5143 nostris
2424 5084 2788 5141 irruentibus
2818 5087 3071 5155 possent
3108 5082 3397 5140 resistere.

1740 5179 2116 5235 Arbitrantur
2146 5191 2288 5246 ergo
2314 5174 2496 5231 nostri
2516 5174 2680 5247 quod
2709 5171 3063 5229 immunitos
3093 5187 3213 5237 eos,
3248 5170 3406 5227 sicut

1743 5266 2082 5323 nuntiatum
2110 5264 2303 5321 fuerat
2326 5268 2382 5319 ct
2408 5262 2778 5335 proeliaribus
2793 5259 3031 5318 auxiliis
3059 5260 3400 5325 destitutos,

1745 5354 1918 5415 facile
1952 5358 2195 5427 possent
2220 5352 2581 5426 opprimere,
2606 5350 2743 5407 illuc
2763 5349 2995 5407 occulte
3024 5348 3274 5406 tendunt
3300 5366 3315 5417 ;
3347 5352 3405 5405 et

1747 5449 1811 5501 ut
1845 5444 2094 5502 latenter
2122 5448 2180 5501 et
2209 5459 2282 5499 ex
2320 5440 2669 5515 improviso,
2702 5439 3016 5513 celatoque
3054 5451 3258 5495 eorum
3301 5435 3408 5493 ad-

1746 5536 1930 5593 ventu
1959 5537 2211 5608 possent
2239 5532 2483 5602 irruere,
2500 5530 2578 5589 de
2607 5532 2778 5588 nocte
2798 5528 2949 5587 inter
2976 5526 3408 5602 aggrediuntur

3051 5655 3124 5713 27
