3784 6000
157 191 379 256 ’301

1333 196 1759 266 emmaum
1799 205 2192 275 TYRENSIS
2231 210 2604 280 ARcmEP.

265 327 475 399 nostri,
501 328 664 402 justa
698 328 1098 403 indignatione
1143 336 1435 405 succensi,
1465 336 1525 392 in
1573 354 1670 398 eos
1716 340 1911 399 irrue·
1940 341 1995 409 Α
2025 344 2411 421 operirentur,
2434 352 2535 423 qui
2564 368 2663 411 eos
2691 353 2753 411 in
2784 354 3046 423 proximo
3077 360 3449 422 subsecuturi
3479 369 3676 429 crede·

263 423 401 477 runt
432 419 823 488 unanimiter;
856 423 913 477 et
940 421 999 476 in
1031 427 1328 480 momento
1371 424 1675 486 dissolutis
1705 446 1909 489 eorum

262 508 605 580 manipulis,
636 511 694 566 et
722 507 1023 579 captivatis
1054 512 1376 583 nonnullis,
1398 529 1601 573 eorum
1633 519 1907 591 oppidum

261 595 537 669 effregeru
547 600 614 653 nt
631 596 912 653 violenter
934 612 948 665 ;
983 614 1300 674 gregesque
1319 619 1522 661 eorum
1543 609 1601 662 et
1620 617 1905 676 armenta,

258 698 442 756 equos
472 685 664 755 etiam,
697 684 795 756 qui
828 685 888 742 in
919 688 1200 758 subjectis
1231 692 1464 762 pascuis
1493 693 1817 765 alebantur,
1849 701 1908 755 et

257 787 489 829 omnem
510 788 715 830 eorum
737 775 1129 834 substantiam
1154 780 1514 853 diripientes,
1537 783 1906 843 adduxerunt

249 875 472 919 secum.
497 862 675 919 Erant
696 871 888 921 autem
920 865 980 922 in
1002 868 1204 925 eodem
1237 871 1488 928 exercitu
1513 873 1903 932 finitimorum

246 951 578 1026 principum
627 955 844 1023 nuntii,
874 955 946 1011 ad
993 956 1101 1013 hoc
1154 963 1221 1014 ut
1267 976 1470 1031 pacem
1518 962 1904 1035 impetrarent

247 1041 436 1098 missi.
470 1042 539 1098 Hi
589 1048 922 1101 nostrorum
973 1045 1236 1104 videntes
1285 1049 1433 1106 vires
1464 1055 1520 1106 et
1568 1052 1898 1123 audaciam,

248 1132 313 1187 ut
341 1129 572 1202 plenam
606 1148 808 1203 pacem
835 1134 960 1191 suis
991 1134 1322 1194 obtinerent
1351 1139 1628 1208 dominis,
1661 1143 1731 1199 ad
1764 1158 1895 1216 pro·

246 1218 375 1290 pria
403 1221 861 1290 revertebantur,
886 1228 953 1280 ut
981 1224 1079 1297 qui
1109 1241 1209 1283 eos
1241 1226 1544 1297 miserant,
1565 1229 1635 1286 de
1667 1234 1897 1290 nostro-

247 1323 376 1365 rum
398 1309 662 1366 muribus
683 1317 741 1368 et
762 1310 1103 1371 fortitudine
1122 1313 1352 1387 plenius
1373 1317 1732 1376 instruerent
1755 1344 1769 1389 3
1793 1321 1895 1378 sed

249 1412 383 1454 mox
411 1414 546 1454 cum
577 1398 743 1471 equis
782 1404 839 1457 et
868 1401 997 1459 aliis
1044 1404 1384 1462 muneribus
1432 1409 1892 1468 revertebantur.

247 1489 383 1543 Post
411 1487 537 1544 dies
563 1493 760 1545 autem
794 1488 1034 1563 aliquot,
1068 1493 1301 1567 regione
1331 1495 1525 1553 media
1568 1512 1700 1554 cum
1731 1499 1893 1555 omni

241 1576 666 1649 tranquillitate
688 1578 957 1651 decursa,
983 1580 1042 1638 in
1070 1585 1422 1657 campestria
1456 1585 1617 1642 urbis
1639 1588 1891 1661 antiquis

242 1673 296 1721 et
322 1663 434 1721 loci
465 1665 581 1722 situ
632 1667 1059 1740 munitissimae,
1092 1672 1242 1727 haud
1290 1672 1459 1747 longe
1491 1692 1524 1731 a
1563 1675 1731 1743 mari,
1761 1693 1889 1748 quae

242 1754 453 1811 Archia
514 1756 856 1828 appellatur,
907 1758 1356 1832 descenderunt,
1407 1765 1550 1821 satis
1593 1765 1653 1822 in
1703 1765 1890 1824 vicino
1924 1718 1969 1785 B

233 1842 406 1914 Juxta
435 1843 639 1901 urbem
665 1850 1174 1908 castrametantes.

854 1996 1086 2054 CAPUT
1122 1995 1276 2055 XIV.

231 2104 570 2162 Describitur
597 2105 820 2163 Archia.
850 2105 1068 2178 Captivi
1097 2121 1167 2162 ea:
1185 2107 1388 2161 nostris
1418 2104 1592 2178 quiin
1623 2110 1757 2194 urbe
1778 2109 1891 2193 Tri-

290 2177 549 2249 politana
594 2177 1009 2246 detinebantur,
1039 2179 1235 2233 urbem
1284 2179 1636 2237 obsidendam
1672 2185 1886 2252 stenen-

299 2255 449 2304 cant.

298 2389 398 2442 Est
425 2390 618 2444 autem
635 2389 845 2446 Archis
875 2405 989 2446 una
1012 2391 1081 2447 de
1116 2389 1362 2448 urbibus
1384 2392 1694 2464 provinciis
1723 2393 1886 2454 Phoe-

232 2473 404 2544 nicis,
425 2474 499 2531 ad
529 2477 755 2535 radices
787 2478 1014 2548 Libani,
1050 2480 1110 2535 in
1142 2479 1287 2536 colle
1319 2481 1433 2538 sita
1461 2482 1881 2552 munitissimo.

225 2567 476 2635 quatuor
535 2569 638 2620 aut
684 2567 946 2638 quinque
1001 2584 1034 2622 a
1067 2568 1210 2625 mari
1249 2569 1474 2626 distans
1507 2570 1875 2643 milliaribus,

222 2653 395 2725 longe
426 2653 653 2726 lateque
683 2655 913 2723 diffusa,
946 2655 1151 2728 optimi
1198 2657 1331 2727 soli,
1363 2664 1421 2714 et
1448 2659 1632 2731 glebae
1679 2662 1875 2719 uberis

220 2741 442 2799 habens
470 2743 776 2815 planitiem
807 2743 940 2813 ;cui
971 2745 1146 2801 etiam
1179 2750 1236 2804 et
1286 2747 1589 2805 laetissima
1620 2766 1733 2808 non
1766 2751 1874 2808 de-

221 2835 364 2887 sunt
393 2847 629 2904 pascua,
663 2838 720 2890 et
751 2850 1030 2905 aquarum
1060 2837 1493 2895 commoditates
1525 2839 1865 2898 viventium.

217 2920 400 2988 Hanc,
431 2927 494 2978 ut
520 2926 778 2979 veterum
812 2922 1028 2980 babent
1061 2925 1423 2995 traditiones,
1451 2929 1745 2986 Araeheus
1774 2945 1867 2988 se-

220 3010 441 3083 ptimus
463 3011 717 3069 filiorum
741 3013 1012 3071 Chanaan
1037 3016 1317 3072 fundasse
1337 3017 1570 3089 dicitur,
1592 3028 1645 3076 et
1668 3021 1738 3077 de
1759 3037 1863 3078 suo

2021 435 2254 496 bantur.

2651 533 2882 594 CAPUT
2915 538 3038 597 XV.

2019 615 2059 670 A
2107 621 2301 675 castris
2346 623 2552 691 epressi
2594 627 2850 697 quidam,
2900 629 3092 687 urbem
3138 630 3467 694 Antaradon
3511 654 3671 697 occu·

2082 698 2222 759 pant
2252 693 2536 761 viriiiter,·
2567 696 2712 754 unde
2737 714 2859 755 cum
2878 703 3067 772 spoliis
3094 707 3355 763 uberibus
3380 709 3454 765 ad
3478 720 3673 770 castra

2086 763 2338 831 redeunt,
2368 771 2423 820 et
2453 769 2781 826 continuant
2802 772 3157 832 obsidionem.

2089 847 2319 920 Egressi
2350 857 2545 911 autem
2576 856 2647 912 de
2669 860 2875 918 castris
2905 861 3122 920 eisdem
3145 867 3372 939 equites
3401 875 3668 960 centum,

2012 951 2145 992 cum
2199 939 2459 1010 peditum
2506 944 2890 1005 ducentorum
2939 951 3170 1011 duobus
3217 959 3577 1034 manipulis3
3609 971 3670 1022 et

2015 1022 2408 1085 Raimundum
2442 1029 2595 1088 Pelet
2634 1037 2838 1106 secuti,
2865 1053 3042 1109 usquc
3072 1043 3141 1098 ad
3192 1043 3391 1103 urbem
3422 1049 3668 1109 Antara-

2012 1113 2150 1185 don,
2184 1132 2309 1189 qua·
2339 1119 2570 1193 vulgari
2617 1125 3005 1198 appellatione
3034 1130 3276 1192 Tortosa
3323 1136 3560 1211 dicitur,
3591 1143 3666 1200 ab

2008 1202 2312 1265 obsidione
2334 1208 2538 1281 viginti
2557 1213 2645 1269 vel
2667 1214 2922 1288 amplius
2943 1219 3257 1280 distantem
3277 1223 3658 1304 milliaribus,

2007 1296 2074 1348 ut
2100 1295 2495 1365 experirentur
2542 1299 2592 1356 si
2642 1304 2782 1375 quid
2830 1305 2942 1362 sibi
2987 1311 3378 1370 necessarium
3428 1322 3484 1373 et
3532 1319 3664 1377 usui

2005 1382 2266 1442 futurum
2298 1388 2637 1462 reperirent,
2668 1404 3075 1464 pervenerunt.
3110 1399 3207 1458 Est
3233 1410 3428 1462 autem
3476 1409 3662 1467 Anta-

2004 1472 2176 1529 rados
2208 1474 2414 1533 civitas
2446 1479 2505 1535 in
2536 1478 2733 1539 littore
2761 1486 2939 1542 maris
2968 1488 3099 1557 sita,
3116 1491 3281 1562 juxta
3310 1509 3373 1551 se
3402 1495 3660 1557 insulam

2003 1559 2224 1620 habens
2241 1566 2550 1636 modicam,
2571 1572 2738 1643 quasi
2758 1590 2860 1645 per
2878 1575 2993 1634 duo
3015 1577 3333 1639 distantem
3355 1585 3656 1671 milliaria,

2002 1649 2099 1706 ubi
2130 1654 2376 1727 antiqua
2416 1661 2473 1713 et
2502 1675 2605 1730 per
2637 1662 2822 1721 multa
2870 1666 3085 1725 saecula
3128 1669 3379 1743 insignis
3428 1677 3656 1750 civitas,

1998 1741 2215 1798 Arados
2242 1745 2477 1802 nomine
2499 1748 2629 1804 fuit.
2646 1751 2828 1823 HuJus
2852 1755 3111 1814 Ezechiel
3131 1761 3414 1834 propheta
3433 1780 3651 1826 memo-

1998 1829 2144 1887 riam
2176 1831 2334 1901 facit,
2367 1838 2438 1891 ad
2471 1837 2790 1910 principem
2820 1843 2953 1913 Tyri
2983 1846 3242 1921 dirigens
3290 1868 3650 1928 sermonem,

1997 1919 2077 1974 ita
2103 1937 2116 1974 :
2143 1922 2496 1982 Habitatores
2524 1926 2748 1985 Sidonii
2772 1936 2825 1988 et
2847 1933 3040 1991 Aradii
3055 1939 3284 2005 suerunt
3312 1944 3545 2014 remiaes
3564 1948 3651 2003 lui

1996 2006 2210 2078 (Ezech-
2240 2027 2422 2082 xxvu,
2450 2014 2527 2087 8).
2563 2016 2628 2071 Et
2675 2018 2828 2076 idem
2872 2022 3026 2079 infra
3060 2041 3074 2080 :
3105 2027 3233 2082 Filii
3278 2028 3476 2087 Aradii
3525 2048 3652 2092 cum

1992 2101 2241 2155 exercitu
2267 2103 2361 2158 tuo
2388 2109 2552 2160 erant
2580 2122 2747 2178 super
2790 2125 2978 2168 muros
2998 2116 3141 2183 tuoe,
3172 2117 3231 2172 in
3278 2118 3522 2177 circuitu
3552 2126 3648 2183 tuo

1994 2186 2180 2257 (ibim,
2215 2189 2322 2262 11).
2353 2192 2400 2247 A
2428 2194 2599 2266 cujus
2630 2198 2866 2257 nomine
2893 2206 2951 2259 et
2989 2205 3269 2276 praedicta
3297 2207 3501 2267 civitas
3532 2228 3639 2270 no·

1993 2291 2127 2333 men
2191 2281 2435 2354 accepit,
2485 2289 2550 2341 ut
2610 2287 2940 2349 Antarados
3001 2294 3314 2369 diceretur,
3350 2315 3421 2356 ea
3480 2303 3640 2375 quod

1991 2367 2277 2437 proedictae
2296 2371 2487 2429 Arado
2516 2383 2671 2432 esset
2699 2380 2985 2450 opposita.
3010 2383 3229 2442 Harum
3261 2391 3510 2462 utraque
3527 2391 3641 2450 sita

1988 2459 2077 2512 est
2107 2456 2166 2514 in
2189 2457 2461 2519 Phoenice
2485 2464 2801 2536 provincia,
2821 2474 2880 2527 et
2908 2472 3173 2543 ejusdem
3193 2476 3449 2537 civitatis
3478 2496 3635 2540 unus

1985 2548 2043 2600 et
2070 2543 2225 2603 idem
2254 2556 2455 2607 auctor
2499 2551 2630 2624 fuit,
2661 2557 2911 2617 Aradius
2956 2562 3244 2633 videlicet,
3275 2567 3633 2629 novissimus

1984 2638 2124 2691 natu
2172 2636 2426 2696 liliorum
2475 2641 2771 2714 Chanaan,
2811 2648 2917 2705 lilii
2963 2651 3171 2724 Cham,
3202 2655 3308 2712 filii
3354 2658 3493 2716 Noe.
3544 2661 3633 2719 Ad

1982 2721 2133 2780 hanc
2180 2725 2371 2799 itaque
2410 2730 2617 2789 urbem
2663 2738 3046 2798 accendentes
3089 2743 3312 2802 domini
3358 2746 3631 2809 Tolosani

1977 2814 2264 2873 exercitus
2313 2834 2445 2889 pars
2487 2822 2781 2897 proedicta,
2831 2829 3038 2886 urbem
3082 2844 3382 2906 coeperunt
3429 2839 3626 2897 acrius

1974 2900 2358 2977 impugnar03
2391 2909 2493 2965 sed
2514 2926 2646 2968 cum
2679 2915 3087 2978 resistentibus
3108 2922 3331 2981 civibus
3360 2926 3628 2987 animose

1973 2992 2144 3061 satis,
2169 2995 2227 3050 in
2259 2996 2385 3068 ejus
2433 3006 2862 3075 expugnatione
2912 3026 3027 3066 non
3079 3019 3318 3077 possent
3362 3018 3623 3076 multum

217 3099 454 3157 nomine
501 3101 746 3159 machis
794 3102 1049 3172 difies&
1084 3104 1183 3161 sed
1214 3110 1416 3177 postea
1445 3114 1717 3182 corrupto
1746 3127 1860 3167 no,
1892 3092 1936 3159 C
1975 3082 2274 3153 proficere.
2310 3094 2475 3145 nocte
2506 3090 2783 3162 irruente,
2815 3095 2874 3152 in
2903 3096 3061 3157 diem
3091 3103 3406 3162 crastinam
3437 3107 3627 3165 distu-

215 3188 395 3259 mine,
421 3188 626 3244 Archia
676 3190 889 3247 dictam
938 3191 1140 3249 fuisse.
1191 3193 1352 3251 Circa
1402 3195 1573 3278 hanc,
1607 3202 1672 3253 ut
1713 3216 1858 3271 pras-

211 3276 509 3346 misimus,
539 3278 726 3335 nostri
774 3284 962 3336 castra
1007 3279 1342 3339 locaverunt
1389 3302 1516 3352 sua,
1560 3302 1677 3342 non
1721 3303 1856 3345 casu

206 3364 442 3424 fortuito
470 3386 485 3437 ς
519 3367 620 3424 sed
652 3367 1043 3440 quorumdam
1076 3385 1145 3425 ex
1176 3371 1409 3442 nostrie,
1435 3374 1535 3445 qui
1564 3376 1622 3430 iu
1654 3375 1854 3434 vincu-

202 3454 280 3512 IIs
318 3455 580 3513 hostium
630 3455 1055 3527 detinebantur,
1089 3458 1297 3517 litteris
1346 3466 1403 3518 et
1448 3463 1851 3525 exhortatione

207 3544 564 3603 commoniti.
587 3545 765 3602 Erant
794 3547 950 3604 enim
983 3548 1042 3605 in
1064 3548 1293 3607 civitate
1320 3552 1700 3625 Tripolitana,
1722 3574 1851 3630 quaa

210 3636 301 3692 est
329 3633 534 3691 civitas
565 3635 934 3694 nobilissima
962 3636 1019 3693 in
1051 3636 1242 3697 littore
1271 3642 1449 3698 maris
1473 3642 1608 3713 sita,
1640 3645 1713 3701 ab
1742 3648 1851 3703 Ar-

205 3723 333 3781 chis
358 3739 459 3781 sex
489 3724 864 3798 autquinque
886 3726 1112 3784 distans
1143 3728 1514 3801 milliaribus,
1539 3733 1610 3790 de
1629 3736 1848 3794 nostris

197 3811 439 3885 aliquot,
471 3814 571 3885 qui
598 3813 658 3870 in
689 3830 758 3872 ea
786 3813 1065 3875 violenter
1104 3817 1530 3877 detinebantur.
1562 3823 1650 3880 Ab
1679 3823 1847 3883 initio

196 3900 354 3957 enim
402 3900 728 3959 obsidionis
756 3904 1148 3974 Antiochenae,
1183 3912 1240 3963 et
1288 3910 1540 3967 maxime
1571 3917 1699 3984 post
1748 3930 1843 3971 ur·

191 3987 323 4045 bem
367 3989 737 4061 debellatam,
767 3998 1066 4065 coeperunt
1117 3997 1304 4053 nostri
1355 4003 1418 4055 ut
1463 4000 1571 4057 sibi
1620 4002 1842 4062 victum

179 4081 594 4148 propagarent,
629 4080 1016 4149 compellente
1045 4082 1262 4154 inopia,
1294 4084 1698 4158 imprudenter
1724 4092 1839 4149 cir·

185 4164 343 4219 cuire
395 4165 687 4237 regiones,
738 4171 797 4223 et
844 4184 907 4225 se
969 4170 1239 4227 hostibus
1287 4174 1838 4247 circumJacentibus

1973 3168 2169 3229 lerunt
2203 3175 2521 3248 negotium,
2554 3184 2616 3236 ut
2644 3186 2893 3257 receptis
2940 3192 3333 3262 consortibus,
3365 3194 3468 3266 qui
3518 3210 3620 3255 eos

1969 3260 2248 3335 subsequi
2269 3264 2664 3341 decreverant,
2687 3273 2839 3332 tacto
2862 3292 3035 3335 mane
3063 3280 3133 3337 ad
3155 3280 3310 3339 idem
3334 3300 3482 3357 opus
3505 3286 3621 3344 ior-

1966 3351 2142 3410 tiores
2178 3366 2567 3430 resurgerent.
2590 3363 2665 3419 At
2693 3380 2826 3422 vero
2871 3368 3026 3427 cives
3065 3371 3335 3431 timentes
3376 3392 3448 3433 ne
3480 3393 3620 3436 ma·-

1957 3439 2118 3512 jores
2166 3460 2234 3500 ea
2264 3451 2430 3506 nocte
2472 3452 2842 3511 accederente
2891 3458 3089 3532 copiae,
3122 3462 3340 3534 quibus
3370 3467 3613 3526 tandem

1963 3530 2232 3590 resistere
2280 3551 2395 3592 non
2438 3539 2715 3613 valerent,
2746 3561 2881 3603 cum
2932 3550 3214 3610 uxoribus
3242 3558 3299 3610 et
3325 3553 3529 3615 liberis
3555 3562 3617 3617 et

1961 3619 2183 3680 familia
2203 3623 2403 3682 urbem
2433 3632 2666 3702 egressi,
2685 3633 2759 3690 ad
2783 3641 3012 3695 montes
3058 3639 3299 3711 vicinos,
3319 3647 3380 3701 et
3408 3646 3612 3721 lugam

1958 3709 2133 3767 saluti
2190 3715 2574 3789 contulerant,-
2624 3738 2687 3778 se
2744 3726 3135 3788 contulerunt.
3180 3730 3373 3790 Nostri
3434 3751 3612 3808 porro

1957 3815 2188 3858 summo
2221 3819 2390 3861 mane
2418 3822 2481 3863 se
2511 3809 2887 3872 adhortantes
2925 3818 3270 3888 adinvicem,
3302 3839 3478 3882 casus
3505 3826 3609 3900 qui

1956 3889 2027 3946 de
2058 3896 2226 3950 nocte
2253 3893 2348 3951 illa
2369 3898 2656 3957 acciderat
2684 3902 2895 3977 ignari,
2924 3913 2987 3964 ut
3015 3925 3165 3981 opus
3196 3911 3611 3974 continuarent

1955 3976 2293 4039 hesternum
2318 3988 2375 4039 ct
2396 3987 2467 4042 ad
2503 3989 2703 4046 urbem
2728 3991 3183 4067 impugnandam
3204 4015 3264 4057 se
3285 4012 3604 4075 armarent,

1951 4068 2293 4129 accedentes
2332 4075 2621 4147 cominus,
2651 4083 2709 4137 et
2755 4098 2883 4140 eam
2933 4086 3286 4159 reperientes
3330 4107 3601 4165 vacuam,

1951 4156 2236 4232 intrepide
2284 4166 2342 4218 et
2368 4169 2701 4225 constanter
2748 4170 3001 4244 ingressi
3049 4181 3212 4249 sunt,
3242 4179 3600 4242 victualibus

189 4249 343 4307 ultro
389 4253 462 4307 ad
509 4256 761 4323 praedam
800 4272 1104 4328 exponere·
1138 4258 1300 4318 Unde
1345 4264 1552 4322 sactum
1597 4274 1738 4339 emt,
1773 4275 1837 4328 ut
1946 4250 2005 4302 et
2033 4248 2239 4319 spoliis
2261 4267 2389 4308 eam
2420 4254 2782 4317 invenientes
2810 4263 3254 4325 redundantem.
3278 4268 3442 4328 Unde
3461 4289 3599 4332 one·

183 4338 282 4395 vix
301 4343 458 4396 esset
478 4341 682 4399 civitas
704 4344 793 4402 vel
815 4347 1286 4419 oppidum,quod
1312 4353 1384 4409 de
1401 4355 1614 4426 populo
1637 4364 1834 4418 nostro
1945 4340 2057 4392 Γαῖ’
2074 4354 2280 4439 ,υθῑῖὓθ
2309 4341 2385 4444 aq
2414 4359 2764 4450 supremam.
2782 4352 3133 4427 ⁸⁸t10¹⁸t0m2
3165 4360 3237 4414 ad
3277 4364 3473 4418 0⁸³&ss
3503 4379 3594 4421 ΡΘ·

184 4444 302 4486 non
333 4428 577 4487 haberet
606 4434 863 4506 captivos
888 4459 903 4505 3
926 4437 1100 4507 juxta
1129 4453 1305 4509 quem
1338 4444 1576 4499 modum
1599 4446 1658 4501 in
1691 4450 1833 4507 urbe
1857 4468 1907 4534 D
1943 4442 2088 4528 ”⁰¹²2
2118 4435 2295 4500 ⁸⁰¹²st
2326 4448 2412 4490 ⁰¹⁸
2440 4450 2565 4506 ‘1¹¹ae
2594 4442 2832 4497 mmmm
2863 4445 3225 4517 accedffl'fflt»
3248 4453 3460 4550 (ξῦὓθῑξῑ
3489 4468 3594 4526 Ρθῑ·

180 4518 561 4594 Tripolitana,
595 4523 666 4580 de
713 4540 829 4598 qua
875 4526 1285 4598 praemisimus,
1317 4530 1387 4587 de
1433 4534 1650 4591 nostris
1690 4539 1825 4610 plus
1936 4517 2528 4623 ⁰rd¹¹²⁰mffd⁰⁰0⁰²⁸⁸
2559 4529 2616 4581 0²
2644 4526 2715 4627 {¹⁰
2754 4546 3032 4591 ⁸⁰⁰00⁸⁹¹¹
3081 4551 3319 4611 ΡΡΟΡΝΟ
3349 4554 3592 4599 ”mimb-

179 4625 356 4682 quam
384 4610 621 4669 ducenti
653 4616 855 4674 eadem
886 4616 1295 4676 detinebantur
1331 4622 1681 4682 conditione.
1715 4630 1824 4695 Qui
1935 4622 2069 4664 ’ΜΠ
2099 4607 2455 4668 ¹⁸³²¹¹¹⁰⁸¹²t⁰⁸
2483 4624 2819 4676 ⁰¹0r⁰¹¹¹¹m·

178 4705 510 4759 nostrorum
542 4703 934 4779 intelligentes
980 4707 1315 4781 adventum,
1347 4711 1823 4784 significaverunt
2544 4720 2774 4781 CAPUT
2816 4726 2962 4787 XVI.

178 4789 564 4863 principibus,
597 4797 663 4852 ut
703 4795 1035 4854 nullatenus
1076 4797 1149 4854 ab
1198 4800 1407 4858 Archia
1437 4802 1821 4879 discederent,
1927 4802 2056 4884 Dua:
2085 4803 2407 4887 Gadesridus
2434 4823 2558 4864 cum
2586 4813 3010 4903 flandrensium
3035 4823 3235 4902 captiae
3259 4830 3314 4911 ef
3350 4827 3586 4908 expedi-

177 4879 279 4934 sed
310 4895 440 4937 eam
486 4882 769 4943 vallarent
815 4885 1119 4944 obsidione
1143 4906 1160 4960 ;
1185 4889 1270 4945 sic
1297 4891 1454 4948 enim
1486 4898 1587 4951 aut
1617 4898 1819 4955 urbem
2001 4880 2216 4961 ‘wnflm
2252 4878 2468 4961 ’5de
2521 4883 2833 4965 (amimam
2878 4904 3150 4977 pfrvenfss
3192 4892 3583 4955 ⁶⁸2'2‘m0'um

177 4966 332 5025 intra
359 4985 576 5043 paucos
608 4975 734 5033 dies
766 4982 1002 5049 possent
1021 4979 1312 5051 recipere;
1345 4988 1448 5040 aut
1475 5001 1508 5041 a
1538 5002 1673 5060 rege
1702 4990 1821 5046 Tri·
1996 4950 2301 5093 ἕαϊιῖεῗῗέ
2328 4951 3269 5095 gfflffgjissggfessbssnrffsszm’
3297 4969 3581 5114 ξξέἕζΐέᾗ

173 5056 455 5131 politano,
488 5065 555 5118 ut
582 5062 653 5119 ab
682 5065 987 5125 obsidione
1018 5067 1387 5142 desisterent,
1418 5073 1704 5134 infinitam
1731 5097 1819 5137 ex-

172 5155 440 5222 torquere
469 5153 778 5223 pecuniam
809 5159 866 5212 et
893 5158 1249 5231 captivorum
1282 5162 1528 5221 fratrum
1558 5167 1817 5227 obtinere
1994 5096 2224 5238 {tartarea
2250 5181 2484 5242 circiter
2511 5187 2811 5251 Kalendas
2859 5195 3122 5268 Martias,
3154 5200 3437 5273 populus,
3470 5203 3576 5276 qui

167 5237 594 5300 liberationem.
626 5244 789 5311 Quod
818 5249 873 5303 et
903 5247 1124 5305 factum
1153 5253 1277 5319 est;
1321 5269 1455 5310 nam
1488 5258 1684 5315 statim
1715 5277 1815 5318 ac-

1918 5269 2243 5329 Antiochiae
2263 5283 2657 5350 remanserstg
2692 5282 2895 5342 videns
2914 5290 3207 5358 praeflxam
3228 5291 3298 5346 ad
3327 5290 3439 5348 iter
3465 5309 3573 5366 ag-

171 5330 487 5388 cendentes
517 5334 588 5390 ad
621 5336 846 5405 urbem,
871 5338 1113 5410 propius
1142 5341 1353 5400 castris
1382 5344 1813 5422 circumpositis
1916 5360 2302 5432 gradiendum
2322 5362 2627 5426 imminens
2656 5371 2824 5445 diem,
2846 5377 3153 5436 deminum
3176 5379 3569 5455 Letharingitn

171 5416 474 5477 obsidione
503 5421 869 5482 vallaverunt
900 5443 915 5482 ε
943 5433 1067 5483 tum
1111 5435 1172 5484 ut
1214 5428 1273 5485 id
1320 5434 1613 5493 tentarent
1658 5442 1811 5513 quod
1917 5448 2128 5507 ducem
2173 5452 2573 5553 chefridum,
2620 5461 2924 5523 dominum
2967 5485 3202 5544 quoque
3244 5469 3568 5528 Robertum

168 5504 256 5565 eis
310 5505 643 5570 intimatum
691 5515 916 5586 tuerat3
948 5520 1073 5574 tum
1116 5521 1181 5574 ut
1221 5518 1480 5593 reliquos
1518 5527 1811 5604 principes
