3784 6000
136 260 281 325 1077

1136 268 1508 331 EPISTOLAE
1542 270 1634 335 ET
1668 270 2120 335 PRIVILEGIA:
2145 303 2216 315 —-
2251 273 2368 331 AN.
2406 274 2574 336 1181.

3401 276 3540 343 1078

136 436 149 451 .
205 406 345 459 sem,
403 393 455 450 si
498 393 679 453 illata
715 395 1071 456 monasterio
1111 397 1530 470 sinatur-qemi
1571 400 1796 457 damna
1824 400 1873 457 A
1981 400 2225 466 Quoties
2252 416 2288 458 a
2320 401 2496 458 nobis
2531 402 2745 475 petitur
2773 402 2939 476 quod
2971 403 3242 479 religioni
3283 409 3340 465 et
3378 406 3561 465 hone·

202 497 324 539 non
350 492 802 556 compensasset,
827 488 1429 547 excommunicatione
1450 489 1739 559 afficeret.

663 575 985 646 (Laterani,
1011 580 1151 634 Nov.
1187 580 1260 649 l.)

480 663 852 734 [Laconum.
890 666 1185 734 Urltund„
1218 668 1259 733 l,
1292 665 1457 741 34¹]

204 750 406 807 Lucius
436 751 776 825 episcopus,
809 770 1017 811 servus
1048 771 1363 812 servorum
1394 756 1512 823 Dei,
1546 771 1793 813 venera-

141 836 250 895 bili
292 838 456 897 fratri
504 841 564 896 P.
621 842 1074 917 archiepiscopo
1111 850 1168 902 et
1191 845 1419 902 dilectis
1444 845 1596 910 filiis,
1630 846 1792 916 capi-

126 927 249 984 tulo
275 929 626 996 Coloniensi,
653 931 903 989 salutem
930 937 987 990 et
1010 934 1406 1006 apostolicam
1428 934 1789 991 henedictio-

125 1032 290 1075 nem.

198 1106 307 1162 Pro
351 1106 722 1179 quibusdam
755 1109 981 1182 injuriis
1024 1127 1180 1185 quas
1212 1112 1433 1168 nobilis
1463 1112 1552 1169 vir
1582 1126 1786 1168 comes

120 1193 201 1250 de
250 1194 427 1253 Seina
484 1196 801 1255 Siberiensi
846 1202 1213 1257 monasterio
1242 1201 1455 1266 intulit,
1492 1206 1549 1257 et
1586 1204 1784 1256 castro

121 1283 293 1355 quod
324 1285 379 1341 in
413 1284 630 1343 allodio
657 1304 770 1344 suo
796 1291 1144 1353 construxit,
1177 1290 1394 1347 dilecto
1426 1289 1547 1346 filio
1579 1294 1783 1347 nostro

124 1375 429 1431 Bonnensi
473 1378 799 1449 praeposito
849 1378 1128 1436 dedimus
1170 1382 1229 1435 in
1279 1379 1584 1437 mandatis
1617 1384 1698 1445 ut,
1734 1378 1783 1434 si

118 1463 445 1535 praedictus
472 1481 674 1521 comes
700 1469 1025 1525 commissa
1050 1468 1335 1540 praedicta
1360 1483 1480 1524 non
1502 1468 1783 1524 emenda·

116 1551 287 1608 verit,
320 1567 458 1609 eum
488 1559 545 1609 et
572 1559 836 1612 castrum
876 1556 1302 1618 inhabitantes.
1343 1557 1604 1629 exceptis
1651 1570 1781 1628 par-

120 1640 280 1696 vulis
304 1646 361 1697 et
393 1642 762 1710 mulieribus,
799 1660 920 1701 non
952 1645 1186 1702 differat
1214 1645 1782 1703 excommunicatio·

1905 490 2039 547 stati
2068 491 2387 547 convenire
2398 489 2790 563 dignoscitur,
2812 493 3021 551 animo
3044 510 3156 553 nos
3169 495 3562 554 decetlibenti

1903 580 2231 636 concedere
2242 581 2639 652 etpetentium
2651 581 2960 639 desideriis
2983 599 3317 655 congruum
3344 586 3558 658 imper·

1903 667 1995 724 tiri
2027 667 2404 739 suffragium.
2460 671 3008 743 Eapropter,dilecti
3041 673 3100 729 in
3138 673 3391 730 Domino
3429 674 3554 742 filii,

1901 758 2123 814 nostris
2149 758 2326 829 justis
2347 759 2854 831 postulationibus
2885 760 3209 818 clementer
3230 763 3556 819 annuimus

1900 852 1956 903 et
1984 847 2166 903 felicis
2208 847 2641 904 recordationis
2671 849 3129 922 praedecessoris
3170 853 3351 907 nostri
3385 853 3556 909 lnno·

1898 937 2074 992 centii
2106 952 2280 1009 papoe
2313 936 2576 1005 vestigiis
2595 937 2973 1004 inhaerentes,
3001 939 3312 1012 praefatum
3346 955 3558 997 mona·

1898 1024 2144 1081 sterium
2169 1026 2233 1081 S.
2274 1024 2571 1082 Michaelis
2593 1026 2933 1095 archangeli
2964 1028 3127 1099 quod
3159 1029 3217 1083 in
3247 1033 3446 1085 monte
3470 1028 3556 1095 Si,

1897 1112 2120 1183 geberg
2137 1114 2314 1170 situm
2347 1119 2455 1179 est,
2483 1114 2544 1169 in
2575 1130 2697 1187 quo
2711 1116 2915 1172 divino
2936 1116 3262 1187 mancipati
3279 1117 3420 1172 estis
3450 1115 3558 1173 ob-

1896 1201 2129 1272 sequio,
2159 1202 2270 1257 sub
2299 1203 2364 1258 Β.
2409 1202 2556 1257 Petri
2592 1207 2648 1258 et
2675 1208 2881 1260 nostra
2911 1205 3275 1274 protectione
3306 1204 3552 1274 suscipi·

1892 1307 2029 1346 mus
2076 1296 2132 1347 et
2160 1291 2470 1361 proesentis
2510 1292 2711 1362 scripti
2746 1292 3052 1364 privilegio
3079 1292 3551 1348 communimus.

1895 1379 2229 1437 Statuentes
2243 1386 2710 1451 utquascunque
2727 1381 3144 1451 possessiones
3156 1396 3554 1453 ,quascunque

1892 1468 2055 1525 bona
2084 1468 2242 1525 idem
2282 1469 2714 1525 monasterium
2741 1469 2799 1524 in
2834 1469 3287 1541 praesentiarum
3310 1469 3468 1540 juste
3497 1472 3554 1525 et

1891 1558 2180 1614 canonice
2207 1557 2489 1629 possidet,
2513 1563 2616 1614 aut
2637 1557 2978 1614 infuturum
3001 1558 3384 1614 concessione
3399 1573 3554 1630 pon-

1891 1646 2139 1710 titicum,
2169 1645 2482 1716 largitione
2511 1662 2722 1717 regum
2749 1648 2839 1703 vel
2871 1646 3554 1720 principum,oblatione

120 1730 219 1785 nis
250 1730 483 1787 vinculo
513 1732 821 1790 innodare.
848 1735 1136 1800 Quocirca
1192 1735 1542 1792 fraternitati
1570 1739 1781 1791 vestrm
1816 1747 1862 1805 Β
1890 1734 2159 1791 fidelium
2185 1750 2289 1791 sen
2318 1735 2447 1790 aliis
2463 1734 2643 1805 justis
2675 1734 2892 1801 modis,
2925 1740 3243 1806 praestante
3277 1735 3547 1797 Domino.

121 1834 232 1891 per
276 1820 607 1889 apostolica
653 1822 872 1893 scripta
903 1823 1287 1889 mandamus,
1317 1830 1614 1897 quatenus
1644 1837 1784 1879 cum

122 1907 476 1980 praepositus
506 1911 861 1967 sententiam
903 1912 960 1968 in
992 1915 1275 1969 comitem
1304 1917 1362 1970 et
1388 1912 1536 1969 alios
1566 1911 1783 1984 praedi-

130 2001 260 2052 ctos
300 2003 542 2068 propter
568 1997 681 2055 hoc
714 2000 927 2068 tulerit,
971 2017 1077 2072 per
1107 2007 1292 2059 totam
1323 2000 1633 2057 dioecesim
1682 2015 1783 2056 ve·

133 2091 319 2142 stram
359 2084 592 2143 faciatis
621 2087 1059 2157 inviolabiliter,
1093 2090 1287 2147 donec
1313 2106 1379 2147 se
1403 2089 1784 2155 correxerint,

127 2175 457 2231 observari.

203 2263 350 2321 Data
380 2265 649 2323 Laterani
690 2266 825 2324 idus
856 2267 1217 2325 Novembris.

937 2358 1003 2414 V.

128 2441 884 2515 Privileqium'proabbatia
896 2446 1781 2506 SanctaeMariaeSuessionemi.

631 2534 951 2603 (Laterani,
977 2535 1123 2590 Nov.
1165 2535 1272 2607 16.)

235 2618 327 2690 [D.
358 2622 628 2688 Genuam,
656 2624 795 2679 Hist.
820 2624 1091 2681 dem-D.
1124 2624 1196 2681 de
1217 2624 1494 2690 Soissom,
1522 2623 1673 2695 ua]

202 2711 403 2765 Ducius
433 2711 772 2783 episcopus,
806 2728 1016 2769 servus
1057 2730 1368 2770 servorum
1404 2713 1520 2778 Dei,
1552 2712 1781 2769 dilecloe

128 2797 192 2852 in
223 2797 453 2854 Christo
484 2800 617 2855 filioe
653 2799 967 2858 abbatissas
995 2805 1223 2861 Sanctae
1270 2803 1463 2860 Mariae
1518 2802 1783 2860 Suessio-

125 2886 352 2955 nensis,
381 2887 631 2945 salutem
671 2895 729 2946 et
755 2892 1147 2963 apostolicam
1176 2891 1670 2948 benedictionem.

196 2975 551 3046 Significasti
573 2977 747 3036 nobis
768 2980 927 3053 quod
950 2980 1238 3038 mathildis
1258 2979 1572 3053 quondam
1592 2980 1779 3038 abba·

1890 1824 2104 1895 poterit
2129 1823 2397 1894 adipisci,
2427 1824 2603 1879 firma
2640 1823 2812 1879 vobis
2836 1824 3166 1895 vestrisque
3191 1823 3554 1881 successori-

1890 1914 2008 1970 bus
2029 1916 2086 1969 et
2115 1911 2341 1969 illibata
2366 1916 2782 1984 permaneant.
2799 1913 2864 1967 ln
2890 1911 3116 1985 quibus
3139 1912 3268 1971 hoec
3289 1912 3551 1985 propriis

1893 2001 2176 2057 duximus
2202 2000 2599 2072 exprimenda
2626 2000 2960 2057 vocabulis.

1965 2090 2187 2147 Locum
2217 2090 2420 2162 ipsum
2451 2090 2510 2145 in
2531 2106 2655 2163 quo
2677 2089 2989 2162 praefatum
3013 2090 3439 2147 monasterium
3473 2090 3550 2147 si-

1896 2185 2021 2237 tum
2052 2183 2159 2245 est,
2180 2195 2318 2235 cum
2347 2178 2630 2236 omnibus
2657 2176 3024 2251 pertinentiis
3048 2178 3198 2233 suis.
3222 2178 3549 2236 Ecclesiam

1892 2269 1952 2326 in
1982 2269 2214 2326 Achata
2243 2273 2428 2325 totam
2454 2272 2508 2324 et
2532 2283 2669 2324 eam
2698 2283 2836 2341 quae
2859 2273 2949 2324 est
2977 2268 3040 2323 in
3069 2267 3290 2325 Hanefe
3322 2272 3546 2335 totam;

1893 2358 1954 2414 in
1976 2361 2185 2431 Pleysa
2213 2357 2482 2414 interiore
2512 2356 2823 2413 ecclesiam
2856 2361 2912 2414 et
2942 2356 3000 2412 in
3033 2356 3337 2429 superiore
3366 2356 3549 2414 eccle-

1893 2447 2048 2505 siam
2080 2463 2096 2514 ;
2125 2448 2183 2503 in
2216 2446 2518 2503 Bercheim
2546 2444 2880 2502 ecclesiam.
2923 2447 3066 2502 Item
3107 2444 3274 2516 quod
3313 2444 3548 2501 habetis

1890 2537 1954 2592 in
1976 2535 2227 2592 ecclesia
2239 2534 2769 2605 deGeisteinghen,
2794 2534 2853 2590 in
2876 2532 3128 2591 ecclesia
3139 2532 3213 2588 de
3237 2532 3545 2599 Mendene,

1890 2625 1951 2681 in
1983 2625 2231 2682 ecclesia
2250 2624 2325 2681 de
2348 2624 2518 2690 Hare,
2547 2624 2604 2679 in
2626 2622 2878 2679 ecclesia
2898 2622 2974 2678 de
2995 2622 3169 2680 Olma
3192 2627 3249 2678 et
3274 2622 3336 2677 in
3365 2621 3547 2679 eccie-

1891 2715 1980 2771 sia
2008 2713 2085 2771 de
2115 2713 2302 2771 Str-ala
2331 2712 2683 2779 ;ecclesiam
2717 2713 2778 2769 in
2807 2710 3287 2769 Wizenchirken.
3324 2713 3545 2783 Supra-

1889 2802 2080 2860 dictas
2126 2817 2265 2858 vero
2309 2800 2588 2858 ecclesias
2618 2800 2697 2857 ab
2741 2800 2904 2855 omni
2933 2815 3117 2855 censu
3146 2805 3202 2855 et
3231 2798 3546 2856 exactione

1888 2907 2029 2949 cum
2069 2890 2323 2947 decimis
2363 2889 2585 2946 liberas
2623 2889 2794 2945 vobis
2823 2889 3176 2960 auctoritate
3218 2887 3545 2959 apostolica

1886 2978 2858 3052 confirmamus,quemadmodum
2875 2977 2953 3034 ab
2966 2976 3418 3044 Annone,bonae
3432 2992 3545 3033 me-

122 3065 285 3133 tissa,
312 3065 459 3122 dum
492 3068 712 3125 viveret
752 3071 811 3124 in
842 3070 1098 3127 ecclesia
1126 3073 1281 3126 Beati
1312 3070 1487 3136 Petri,
1517 3074 1778 3141 quatuor
1814 3095 1855 3152 C
1886 3071 2094 3127 moriae
2126 3069 2464 3126 Coloniensi
2490 3068 2964 3142 archiepiscopo,
3007 3072 3063 3123 et
3093 3065 3542 3123 successoribus

122 3152 498 3225 praebendas,
513 3162 838 3229 antequam
854 3163 1150 3222 vacarent,
1167 3157 1531 3231 quibusdam
1551 3156 1776 3215 clericis
1885 3160 2016 3231 ejus
2040 3159 2409 3216 monasterio
2425 3163 2618 3215 vestro
2632 3157 2918 3214 canonice
2930 3171 3232 3212 concessas
3252 3160 3308 3210 et
3331 3170 3541 3211 eorum

120 3258 230 3314 pro
258 3259 369 3299 sua
400 3244 698 3302 voluntate
728 3247 1021 3316 promisit,
1052 3262 1310 3320 quarum
1362 3246 1557 3304 nullas
1587 3247 1775 3318 prius·

119 3347 307 3404 quam
324 3332 634 3391 decederet
655 3336 1246 3407 assignavit.Propter
1264 3335 1429 3404 quod
1450 3334 1532 3391 illi
1551 3336 1773 3408 quibus

119 3420 471 3491 hujusmodi
495 3422 653 3479 facta
674 3423 780 3480 fuit
795 3424 1131 3495 promissiO,
1155 3424 1583 3480 monasterium
1600 3430 1768 3482 tuum

117 3508 367 3579 fatigare
406 3511 891 3570 irrationabiliter
925 3529 1043 3569 non
1074 3513 1392 3568 desistunt.
1439 3512 1584 3578 Quia
1630 3527 1769 3569 vero

119 3597 265 3653 tales
296 3600 730 3670 promissiones
756 3618 993 3658 sacrum
1026 3603 1342 3658 concilium
1374 3603 1769 3658 Lateranense

116 3687 499 3755 condemnat,
535 3707 607 3746 ne
655 3692 792 3764 quis
838 3692 1178 3748 desiderare
1226 3697 1479 3748 mortem
1509 3689 1768 3763 proximi

117 3777 403 3848 videatur,
439 3786 621 3836 noste
653 3797 723 3836 ac
753 3781 1411 3852 monasteriumipsum
1431 3781 1511 3836 ab
1546 3778 1763 3851 hujus-

117 3866 280 3921 modi
302 3869 806 3938 promissionibus
834 3870 908 3926 'de
939 3870 1097 3926 sedis
1126 3869 1471 3941 apostolicas
1498 3868 1767 3939 benigni-

113 3957 232 4009 tate
248 3955 637 4024 absolvimus,
670 3959 989 4015 districtius
1016 3960 1352 4016 inhibentes
1380 3973 1453 4014 ne
1475 3958 1689 4031 aliquis
1717 3965 1768 4014 te

110 4049 215 4099 aut
244 4047 677 4104 monasterium
711 4053 876 4105 tuum
926 4064 1106 4120 super
1141 4048 1255 4104 hoc
1301 4047 1506 4119 aliqua
1537 4047 1768 4103 ratione

111 4132 403 4190 molestet.
438 4136 527 4191 Ad
559 4135 684 4192 haec
711 4136 974 4193 volentes
1006 4137 1110 4193 tibi
1134 4152 1273 4193 cum
1305 4136 1615 4192 sororibus
1650 4134 1768 4192 tuis

107 4222 328 4277 utiliter
359 4225 688 4295 providere,
717 4226 1066 4282 auctoritate
1108 4225 1499 4296 praesentium
1539 4222 1769 4283 inhibe.

106 4326 243 4365 mus
274 4328 346 4367 ne
380 4314 428 4367 is
460 4314 562 4385 qui
595 4313 656 4368 in
689 4314 899 4385 majori
939 4315 1189 4371 ecclesia
1220 4312 1611 4385 praebendam
1652 4312 1767 4370 ha·

102 4399 322 4463 buerit,
346 4401 405 4455 in
430 4406 625 4457 vestra
651 4401 726 4457 de
755 4410 966 4460 coetero
992 4403 1371 4476 aliquatenus
1390 4401 1764 4468 admittatur,
1802 4438 1845 4494 D

104 4502 217 4543 nec
269 4487 627 4558 praebendae,
658 4489 849 4547 donec
903 4492 1263 4558 vacaverint,
1292 4490 1472 4549 alicui
1521 4491 1767 4565 promit-

104 4580 322 4631 tantur.

179 4667 390 4722 Datum
418 4666 714 4735 Lateran.‚
755 4685 852 4727 xvi
893 4670 1017 4727 Kal.
1056 4668 1422 4726 Decembris.

886 4761 975 4815 Vl.

102 4852 531 4911 Monasterium
543 4855 678 4924 Sieq
688 4856 979 4927 burqense
995 4857 1281 4914 tuendum
1301 4854 1549 4926 suscipit
1564 4860 1620 4912 et
1632 4856 1762 4926 ejus

533 4927 687 4984 bona
699 4929 964 5001 juraque
995 4931 1330 4998 confirmat.

398 5025 624 5084 (Romae
656 5041 755 5099 ap.
784 5028 839 5083 S.
870 5026 1128 5091 Petrum,
1163 5029 1309 5082 Nov.
1342 5024 1457 5097 18.)

443 5114 813 5183 [hiemasse-r,
849 5116 1146 5182 Urkund„
1181 5115 1225 5179 l,
1256 5113 1413 5188 337]

180 5199 370 5255 Lucius
403 5202 745 5275 episcopus,
781 5221 989 5261 servus
1028 5219 1338 5261 servorum
1382 5201 1507 5273 Dei,
1529 5200 1759 5257 dilectis

100 5285 238 5342 filiis
265 5288 546 5356 Geniano,
567 5291 771 5349 abbati
799 5293 1140 5350 monasterii
1171 5291 1336 5365 quod
1359 5291 1421 5348 in
1444 5297 1645 5347 monte
1676 5288 1760 5348 Si-

102 5377 328 5449 geberg
348 5379 526 5435 situm
551 5387 638 5438 est
660 5384 910 5456 eJusque
922 5382 1203 5440 fratribus
1219 5389 1346 5439 tum
1363 5378 1762 5454 proesentibus

100 5480 290 5537 quam
320 5465 533 5523 futuris
558 5470 894 5542 regularem
931 5472 1112 5529 vitam
1143 5469 1430 5548 protessis
1458 5468 1520 5530 in
1550 5482 1762 5543 perpe-

111 5560 304 5613 tuum.

1885 3248 2115 3321 scriptis
2162 3247 2531 3304 confirmatas
2568 3251 2918 3302 noscuntur.
2952 3244 3244 3301 Proeterea
3275 3243 3455 3300 cellas
3486 3247 3544 3300 et

1883 3336 2115 3409 praedia
2141 3336 2219 3393 ad
2245 3337 2345 3408 jus
2373 3336 2547 3392 istius
2578 3335 2924 3391 monasterii
2959 3334 3335 3406 pertinentia,
3368 3333 3543 3390 vobis

1880 3423 2269 3481 nihilominus
2335 3422 2794 3479 confirmamus.
2875 3420 3099 3478 Cellam
3144 3422 3416 3478 videlicet
3477 3421 3539 3479 in

1879 3514 2109 3585 Pleysa,
2133 3512 2344 3570 cellam
2372 3511 2711 3580 Hirzenove,
2729 3509 3014 3567 cellamin
3030 3510 3298 3580 Rimage,
3320 3509 3538 3567 cellam

1878 3603 1939 3658 in
1969 3601 2283 3665 Thidrode,
2314 3599 2529 3656 cellam
2562 3600 2620 3654 in
2654 3598 2955 3670 zulpiaco,
2988 3597 3201 3654 cellam
3236 3598 3292 3653 in
3326 3596 3536 3663 Milton,

1877 3690 2091 3748 cellam
2111 3690 2172 3746 in
2190 3688 2605 3758 Furstinberge
2621 3688 2792 3759 juxta
2808 3689 3202 3743 xanctensem
3222 3683 3536 3743 ecclesiam

1877 3786 1936 3838 et
1959 3778 2173 3837 cellam
2205 3779 2267 3835 in
2293 3777 2600 3835 stokheim
2629 3791 2769 3834 cum
2798 3774 3083 3832 omnibus
3113 3789 3322 3830 earum
3361 3771 3536 3847 perti·

1874 3869 2111 3926 nentiis.
2141 3868 2304 3926 ldem
2335 3866 2630 3940 praedium
2659 3866 2720 3922 in
2751 3862 2995 3929 Hanel'a,
3025 3878 3166 3919 cum
3195 3861 3446 3919 decimis
3477 3869 3538 3920 et

1876 3958 2104 4016 caeteris
2133 3955 2508 4030 appendiciis
2538 3970 2674 4027 quas
2712 3970 2749 4010 a
2778 3952 3085 4010 canonicis
3113 3952 3534 4008 Bunuensibus

1875 4047 2020 4104 data
2048 4048 2107 4104 in
2147 4061 2355 4103 eorum
2406 4048 2464 4102 et
2505 4041 2768 4100 ecclesias
2797 4058 2939 4098 usus
2977 4041 3250 4097 custodia
3283 4042 3531 4110 Bunnae,

1877 4135 2129 4193 ecclesia
2177 4140 2376 4192 vestra
2419 4148 2527 4205 per
2558 4130 2983 4189 concambium
3027 4130 3282 4201 accepit.
3321 4129 3532 4186 Villam

1878 4224 2185 4290 Mandane,
2226 4238 2415 4297 quam
2455 4237 2492 4279 a
2531 4219 2855 4295 praeposito
2892 4225 2948 4275 et
2984 4219 3290 4276 canonicis
3323 4219 3533 4275 matris

1878 4313 2140 4371 ecclesiae
2169 4313 2314 4370 data
2343 4327 2451 4385 per
2474 4309 2901 4369 concambium
2925 4309 2987 4365 in
3023 4307 3344 4366 Badelecca
3373 4306 3531 4365 deci-

1879 4404 2143 4460 matione
2168 4401 2448 4473 suscepit.
2477 4403 2629 4457 Loca
2645 4399 2825 4456 etiam
2850 4397 3144 4464 vestra,id
3162 4403 3251 4454 est
3273 4397 3531 4460 Acheraz

1874 4492 2015 4548 item
2053 4492 2300 4556 Achera,
2344 4489 2554 4554 Strala,
2604 4490 2941 4559 Gestingen,
3001 4487 3169 4553 Lara,
3220 4485 3528 4552 mandene,

1873 4580 2252 4646 Aschemere,
2278 4577 2479 4646 Gulsa,
2512 4593 2652 4635 cum
2672 4576 2922 4633 decimis
2948 4580 3117 4631 terrm
3148 4572 3374 4638 Salicae,
3407 4572 3531 4629 sive

1869 4669 2078 4727 labore
2116 4674 2331 4735 vestro,
2364 4668 2490 4724 sive
2526 4682 2635 4739 per
2672 4665 2918 4723 colonos
2957 4668 3185 4720 vestros
3224 4662 3531 4721 elaborata

1869 4758 2065 4815 fuerit.
2101 4758 2258 4827 Leia,
2287 4755 2663 4827 Bettendorp,
2709 4753 2903 4819 Ulma,
2951 4751 3342 4824 Hoffendorp,
3385 4752 3531 4808 Flat-

1870 4852 2029 4914 tena‚
2052 4847 2246 4911 Pirna,
2277 4844 2576 4909 venheim,
2601 4842 2909 4911 Karchich,
2939 4840 3123 4905 Sulze,
3149 4839 3528 4910 Meimedorp,

1871 4935 2240 5005 Dorendorp‚
2269 4931 2622 5004 mulindorp,
2649 4929 3054 4997 irmindiroth,
3088 4928 3386 4995 Hofstede,
3416 4930 3530 4985 An-

1868 5022 2042 5088 rufle,
2066 5022 2406 5091 Lwesberg,
2437 5017 2883 5087 Quintinachin,
2909 5016 3394 5086 Edelenkirchen‚
3412 5016 3530 5073 Hu-

1870 5111 2024 5179 nese,
2065 5110 2267 5167 villam
2317 5108 2685 5166 Hirzenowin
2726 5121 2910 5180 quam
2953 5106 3238 5163 flenricus
3277 5110 3525 5178 quartus

1866 5215 1968 5257 rex
1984 5200 2180 5257 eidem
2193 5198 2468 5255 coenobio
2482 5196 2744 5254 tradidit.
2767 5195 2895 5252 Deci
2906 5212 3033 5252 mas
3056 5193 3326 5266 ejusdem
3343 5194 3524 5264 villoe3

1867 5288 2010 5346 item
2033 5287 2257 5359 proedia
2280 5288 2339 5344 in
2368 5286 2681 5358 Hanepha,
2706 5285 2767 5341 in
2782 5284 3094 5350 Wedowo,
3116 5283 3176 5340 in
3192 5282 3523 5352 Tevirnich,

1868 5378 1934 5435 in
1963 5380 2242 5441 Henaena,
2273 5376 2334 5433 in
2364 5375 2574 5444 Nistre,
2618 5374 2679 5431 in
2723 5372 3190 5446 Rupretherode,
3222 5371 3284 5429 in
3324 5372 3524 5441 Brath‚

1868 5467 1942 5526 in.
1957 5464 2281 5534 ocherode,
2316 5465 2375 5522 in
2399 5463 2816 5535 winkinberg,
2847 5463 2906 5519 in
2926 5461 3191 5535 Alpach3
3226 5459 3523 5520 decimam

1868 5556 1936 5618 in
1977 5554 2480 5616 Hei-terscorzzim
2514 5573 2530 5625 t
2573 5552 2875 5612 decimam
2919 5551 2984 5610 in
3021 5549 3475 5612 wizinkirchen
3501 5566 3525 5622 ,-
