3784 6000
1145 210 1515 272 EpisTOLAE
1554 188 1638 271 Ετ
1676 198 2120 272 parvarum.
2158 242 2227 253 —
2266 209 2385 269 AN.
2429 204 2586 268 uss.

3409 211 3553 272 1²³0

114 372 277 416 mus.
305 357 455 416 Nulli
470 374 612 431 ergo
635 359 886 418 omnino
906 355 1589 416 bominumliceathanc
1609 352 1777 430 pagi-
1812 340 1859 395 Α
1887 338 2019 392 tum
2073 334 2503 394 ffl0¹²¹²³¹0¹⁸5¹1m
2545 334 2607 391 5¹²
2650 348 2776 408 (1¹¹0
2818 333 3024 392 divino
3073 335 3217 393 ⁰³5⁸
3255 335 3549 411 0b⁸0q¹³30

112 461 258 505 nam
290 452 504 505 nostroe
531 449 1004 508 confirmationis
1034 446 1379 519 infringere,
1412 445 1507 503 vel
1537 444 1590 501 ei
1625 461 1780 502 ausu

111 539 426 594 temerario
466 539 783 597 contraire.
828 539 885 597 Si
922 539 1058 613 quis
1103 541 1305 594 autem
1344 536 1460 592 hoc
1491 538 1783 591 attentare

112 627 588 699 praesumpserit,
610 627 1092 700 indignationem
1116 622 1546 698 omnipotentis
1569 622 1697 689 Dei,
1729 626 1784 679 et

113 712 430 772 beatorum
462 716 612 774 Petri
640 722 698 773 et
726 716 894 774 Pauli
916 714 1328 788 apostolorum
1352 713 1483 784 eJus
1510 727 1572 768 se
1602 727 1786 768 nove-

107 804 184 860 rit
214 804 636 862 incursurum.
948 868 954 875 ,

187 875 399 932 Datum
430 877 738 948 Anagniae,
772 893 830 933 ιιι
866 876 1002 932 idus
1035 877 1260 933 Novem
1276 871 1424 930 bris.

855 963 1064 1023 cxxii.

113 1053 293 1110 Petro
317 1052 693 1110 cisterciensi
720 1060 774 1111 et
802 1054 982 1111 Petro
1007 1051 1458 1110 Claroevallensi
1473 1049 1787 1108 abbatibus

189 1124 395 1180 scribit
413 1125 581 1183 Petri
593 1126 894 1197 quondam
913 1123 1344 1193 archiepiscopi
1368 1122 1785 1179 Parenta-sien-

192 1198 271 1252 sis
288 1198 348 1253 in
364 1202 709 1254 sanctorum
738 1212 1050 1255 numerum
1068 1195 1370 1263 referendi
1384 1193 1648 1250 nondum
1668 1207 1789 1250 esse

193 1274 442 1337 tempus.
478 1268 733 1326 Mandat
779 1274 845 1324 ut
873 1269 947 1326 de
969 1267 1202 1327 actibus
1232 1266 1361 1337 ejus
1389 1273 1442 1322 et
1470 1279 1788 1322 conversa-

196 1341 353 1396 tione
377 1349 445 1397 ea¹
474 1355 606 1413 quae
635 1346 799 1398 certa
826 1338 941 1396 sint
967 1339 1032 1395 in
1056 1338 1284 1408 scripta
1309 1337 1502 1408 rediqt'
1523 1336 1783 1406 faciant.

629 1427 963 1501 (Anagniae,
991 1426 1131 1484 Dec.
1154 1424 1237 1497 9.)

201 1516 371 1591 [Vide
399 1519 550 1576 Acta
578 1517 942 1576 Sanctorum
968 1515 1280 1581 Botlcnd„
1312 1515 1440 1572 Maii
1473 1520 1614 1571 tom.
1645 1513 1713 1579 11,

834 1620 896 1678 p.
928 1602 1082 1678 322]

846 1693 1074 1750 Cxxm.

119 1786 429 1848 Iudicium
476 1785 539 1841 in
570 1790 865 1853 raptores,
912 1781 1018 1854 qm·
1058 1781 1314 1838 remedio
1364 1779 1786 1850 appellationis

285 1854 689 1916 abutebantur
713 1860 923 1912 contra
951 1857 1180 1910 statuta
1207 1852 1618 1910 ecelesiastica.

650 1951 937 2027 (Anagioe,
971 1950 1107 2007 Dec.
1152 1951 1265 2023 12.)

432 2041 752 2115 [Theodori
779 2040 1216 2109 Poenitentiale,
1247 2055 1306 2112 p.
1348 2037 1502 2114 562}

197 2136 393 2191 Luctus
427 2133 767 2204 episcopus,
805 2145 1014 2186 servus
1051 2144 1361 2185 servorum
1392 2127 1519 2191 Dei,
1555 2126 1784 2184 dilectis

125 2222 264 2280 filiis
293 2224 357 2279 G.
395 2220 625 2277 decano
659 2223 719 2275 et
747 2218 1011 2291 capitulo
1043 2218 1409 2284 carnotensi,
1449 2216 1700 2275 salutem
1732 2223 1789 2275 et

125 2308 518 2386 apostolicam
548 2307 1043 2364 benedictionem.

196 2402 344 2458 Cum
391 2396 815 2472 appellationis
861 2395 1191 2452 remedium
1245 2396 1305 2452 in
1355 2410 1788 2469 oppressorum

123 2489 408 2547 auxilium
441 2485 520 2544 ad
550 2486 961 2542 defensionem
991 2484 1147 2541 male
1165 2485 1470 2557 agentium
1489 2485 1563 2541 sit
1586 2484 1789 2541 inven-

121 2584 273 2651 tum,
302 2576 616 2651 providere
638 2574 915 2632 volumus
940 2578 994 2630 et
1024 2573 1321 2631 debemus
1352 2587 1425 2630 ne
1450 2572 1793 2631 malefacto·

122 2683 217 2726 res
234 2667 310 2723 ad
332 2666 491 2724 bona
509 2663 910 2722 ecclesiastica
926 2663 1041 2720 sub
1056 2662 1478 2737 appellationis
1503 2665 1790 2735 praetextu

123 2756 414 2815 violentas
443 2755 689 2826 impune
706 2769 845 2810 man
857 2769 924 2808 us
954 2751 1296 2809 extendant.
1323 2754 1439 2808 Hac
1466 2752 1670 2825 itaque
1700 2768 1791 2809 ra-

122 2846 281 2905 tione
298 2843 519 2901 inducti
545 2843 898 2901 auctoritate
918 2840 1252 2914 apostolica
1268 2842 1689 2899 constituimus
1704 2845 1787 2908 ut,

123 2934 172 2992 si
201 2935 529 3010 quisquam
559 2948 654 2990 res
686 2931 952 2989 ecclesioe
983 2938 1194 2989 vestroe
1226 2930 1489 3006 rapuerit
1510 2936 1569 2988 et
1593 2946 1792 2988 exces-

127 3042 232 3084 sus
257 3025 385 3098 ejus
416 3023 588 3081 fuerit
615 3020 984 3088 manifestus,
1019 3029 1121 3079 aut
1160 3038 1363 3079 coram
1388 3022 1672 3095 episcopo
1695 3020 1791 3077 vel
1822 3051 1864 3109 C

125 3112 568 3178 archidiacono.
607 3112 665 3168 in
705 3110 874 3184 cnjus
911 3109 1402 3168 archidiaconatu
1444 3110 1792 3168 malefactor

126 3202 427 3271 exstiterit,
452 3201 845 3260 assertionem
864 3203 1126 3257 vestram
1149 3199 1434 3256 canonice
1453 3198 1792 3273 probaveri-

126 3293 219 3359 tis,
256 3291 479 3366 raptori
507 3307 630 3348 non
660 3288 833 3346 liceat
863 3303 971 3362 per
999 3286 1421 3361 appellationis
1471 3287 1791 3360 diffugium

125 3380 509 3455 disciplinam
563 3378 1022 3438 ecclesiasticam
1079 3375 1400 3434 declinare.
1453 3376 1606 3434 Nulli
1650 3393 1793 3450 ergo

125 3471 373 3529 omnino
393 3469 710 3528 bominum
729 3467 903 3524 liceat
928 3466 1383 3539 hancpaginam
1412 3471 1632 3522 nostrae
1656 3480 1795 3523 con·

121 3559 443 3618 stitutionis
467 3558 810 3630 infringere,
828 3555 916 3612 vel
945 3555 997 3611 ei
1023 3569 1178 3611 ausu
1211 3554 1529 3611 temerario
1562 3562 1795 3612 contra·

123 3650 227 3707 ire.
262 3650 319 3707 Si
346 3648 480 3722 quis
509 3650 711 3704 autem
738 3645 852 3704 hoc
880 3648 1172 3703 attentare
1205 3644 1675 3718 proesumpserit‚
1709 3646 1795 3701 in-

123 3738 538 3810 dignationem
560 3733 987 3809 omnipotentis
1008 3733 1108 3789 Dei
1138 3736 1197 3790 et
1226 3736 1531 3790 beatorum
1563 3732 1713 3790 Petri
1740 3738 1795 3790 et

123 3826 290 3885 Pauli
317 3825 725 3900 apostolorum
759 3824 890 3897 ejus
922 3839 989 3881 se
1017 3823 1248 3881 noverit
1275 3822 1682 3879 incursurum.

194 3917 405 3974 Datum
436 3914 744 3988 Anagniae,
779 3929 818 3970 ιι
845 3911 986 3969 idus
1013 3909 1358 3970 Decembris
1390 3911 1550 3969 1183.

854 4001 1079 4059 cxxiv.

196 4093 581 4167 Privileqium
653 4107 766 4164 pro
827 4090 1199 4220 ἒιίιιὲἶιειῗῗξῗνίο
1251 4090 1318 4148 S.
1388 4090 1666 4149 Maethoei
1726 4090 1794 4149 de

640 4251 972 4325 (Anagniae,
1005 4251 1143 4309 Dec.
1176 4251 1297 4325 115.)

444 4341 912 4416 [GerrunA,Hisi.
949 4340 1178 4409 Oasin„
1210 4341 1280 4408 11,
1310 4338 1469 4414 boz]

1890 424 2239 497 mancipati,
2268 424 2381 482 sub
2406 425 2465 480 Β.
2495 424 2650 481 Petri
2675 429 2734 481 et
2757 428 2961 481 nostra
2982 426 3345 498 protectione
3367 427 3552 484 susci·

1890 513 2092 587 pimus
2107 517 2167 570 et
2188 516 2496 586 praesentis
2518 514 2724 585 scripti
2742 513 3051 586 privilegio
3067 517 3550 585 communimus:

1890 603 1951 658 tn
1982 603 2192 675 primis
2219 603 2515 677 siquidem
2545 608 2873 660 statuentes
2903 609 2965 660 ut
2989 603 3141 660 ordo
3158 606 3548 673 monasticus,

1892 691 2350 764 quisecundum
2381 695 2568 749 Deum
2599 697 2655 748 et
2689 692 2841 749 Beati
2862 692 3158 749 Benedicti
3177 692 3462 763 Regulam
3492 696 3552 752 in

1892 785 2092 837 vestro
2122 782 2485 838 monasterio
2510 781 2813 837 institutus
2843 796 2972 837 esse
3000 781 3390 852 dignoscitur,
3418 799 3554 856 per-

1893 870 2089 944 petuis
2107 871 2330 928 ibidem
2349 871 2721 944 temporibus
2737 871 2796 927 in
2820 870 3168 928 violabiliter
3183 872 3552 932 observetur.

1896 961 2181 1017 Praeterea
2230 976 2627 1034 quascunque
2675 963 3111 1033 possessiones,
3170 977 3550 1036 quascunque

1895 1047 2058 1105 bona
2093 1049 2252 1106 idem
2293 1049 2724 1107 monasterium
2763 1051 3282 1123 inpraesentiarum
3308 1051 3467 1122 J'uste
3497 1056 3555 1108 et

1896 1137 2183 1194 canonice
2237 1138 2524 1210 possidet,
2581 1142 2683 1194 aut
2735 1138 2795 1193 in
2844 1137 3111 1195 futurum
3160 1139 3549 1196 concessione

1896 1226 2272 1298 pontificum,
2304 1227 2614 1300 largitione
2644 1242 2853 1297 regum
2880 1227 2973 1283 vel
3002 1228 3361 1300 principum,
3389 1228 3554 1286 obla-

1898 1314 2055 1372 tione
2100 1315 2391 1383 fldelium‚
2435 1332 2542 1374 seu
2571 1316 2704 1373 aliis
2745 1317 2922 1387 J’ustis
2966 1317 3183 1384 modis,
3226 1322 3552 1391 praestante

1896 1404 2170 1471 Domino,
2221 1405 2434 1477 poterit
2464 1404 2740 1477 adipisci,
2786 1403 2963 1461 firma
3011 1404 3182 1462 vobis
3219 1407 3555 1479 vestrisque

1897 1493 2340 1550 successoribus
2386 1497 2443 1550 et
2471 1493 2701 1551 illibata
2744 1498 3175 1566 permaneant;
3223 1494 3284 1551 in
3331 1496 3553 1568 quibus

1895 1580 2024 1638 haec
2050 1582 2304 1655 propriis
2333 1582 2612 1639 duximus
2636 1583 3031 1655 exprimenda
3060 1583 3370 1641 vocabulis
3394 1601 3408 1641 :

1820 1694 1865 1753 B
1966 1671 2188 1727 Locum
2217 1672 2415 1744 ipsum
2434 1672 2494 1727 in
2525 1687 2647 1745 quo
2679 1673 3107 1729 monasterium
3138 1673 3555 1746 praescriptum

1897 1765 2300 1818 constructum
2346 1765 2451 1827 est,
2495 1777 2632 1817 cum
2672 1761 2956 1818 omnibus
2999 1762 3368 1832 pertinentiis
3402 1764 3555 1830 suis,

1896 1854 2082 1906 terras
2109 1853 2164 1905 et
2201 1849 2405 1905 vineas
2432 1865 2587 1922 quas
2616 1850 2849 1906 habetis
2881 1850 2940 1906 in
2969 1855 3125 1908 terra
3153 1852 3355 1908 Sancti
3381 1853 3559 1909 Bene-

1895 1938 2056 2009 dicti,
2080 1939 2203 1994 sive
2224 1940 2499 2010 terragio,
2523 1939 2812 2010 jtistitiam
2841 1939 3015 2011 panis
3035 1946 3091 1997 et
3121 1940 3242 1995 vini
3272 1956 3457 2013 quam
3481 1941 3557 1998 de

1895 2027 2075 2084 veteri
2104 2028 2494 2085 concessione
2518 2027 2809 2084 hactenus
2844 2027 3162 2086 observata
3187 2029 3403 2086 diebus
3440 2030 3566 2087 sin-

1895 2116 2053 2188 gulis
2084 2133 2120 2173 a
2149 2117 2459 2173 Casinensi
2486 2116 2869 2184 monasterio,
2902 2122 2958 2174 et
2976 2133 3112 2175 eam
3146 2134 3333 2191 quam
3364 2119 3440 2176 ab
3468 2134 3561 2177 ec-

1898 2204 2079 2263 clesia
2102 2205 2160 2260 S.
2192 2205 2385 2261 Μανία)
2415 2205 2490 2261 de
2521 2205 2829 2274 Albaneta,
2862 2210 2920 2262 et
2951 2208 3008 2266 S.
3047 2206 3274 2263 Nicolai
3301 2207 3373 2265 de
3402 2208 3561 2267 Sico-

1898 2295 1998 2351 nia
2022 2294 2301 2366 recipitis,
2337 2295 2487 2351 sicut
2527 2310 2629 2351 eas
2659 2295 2832 2351 vobis
2876 2295 3230 2367 proedictum
3262 2303 3560 2355 monaste-

1897 2384 2044 2440 rium
2057 2383 2376 2440 Casinense
2394 2383 2451 2440 in
2465 2388 2820 2455 perpetuum
2833 2384 3195 2441 obtinendas
3210 2385 3440 2457 pietatis
3451 2387 3558 2444 ob-

1902 2478 2064 2530 tentu
2075 2473 2369 2529 concessit
2396 2489 2411 2539 ;
2431 2471 2766 2529 libertatem
2787 2474 2966 2530 etiam
2990 2490 3025 2529 a
3042 2473 3229 2541 ssbonoe
3251 2476 3558 2532 memoriae

1902 2560 2190 2618 Rainaldo
2200 2560 2808 2628 Theodino‚etdilecto
2821 2561 2943 2618 filio
2956 2565 3120 2619 Petro
3135 2562 3559 2622 Casinensibus

1900 2650 2223 2709 abbatibus
2245 2666 2380 2706 cum
2399 2665 2650 2707 assensu
2673 2651 2915 2723 capituli
2937 2652 3088 2708 sicut
3108 2652 3167 2707 in
3189 2667 3398 2709 eorum
3422 2653 3563 2711 scri·

1900 2741 2016 2812 ptis
2029 2739 2386 2796 authenticis
2397 2740 3127 2807 continetur-,monasterio
3147 2741 3563 2800 vestroindul-

1901 2833 2044 2898 tam,
2077 2834 2133 2885 et
2161 2829 2352 2885 bonas
2382 2829 2847 2885 consuetudines
2868 2829 3159 2886 hactenus
3182 2830 3556 2899 observatas,

1899 2932 2136 2974 necnon
2150 2917 2463 2973 ecclesiam
2479 2917 2677 2974 Sancti
2692 2918 2914 2973 Martini
2928 2918 3002 2973 de
3017 2924 3219 2975 monte
3244 2920 3530 2978 Montano
3542 2963 3559 2990 ,

1901 3012 1960 3063 et
1990 3005 2305 3063 ecclesiam
2322 3008 2519 3063 Sancti
2534 3007 2824 3063 Leonardi
2834 3008 3002 3081 juxta
3017 3015 3264 3065 montem
3282 3010 3557 3067 Sambue·

1900 3094 2027 3153 lum
2046 3112 2184 3152 cum
2202 3096 2568 3168 pertinentiis
2589 3098 2713 3152 suis
2728 3097 2807 3153 ab
2835 3098 3105 3168 ejusdem
3123 3097 3449 3155 abbatibus
3463 3116 3560 3157 ra-

1903 3185 2265 3242 tionabiliter
2285 3185 2457 3242 vobis
2478 3201 2815 3258 concessas,
2832 3202 2968 3242 cum
2983 3186 3329 3243 hominibus
3340 3204 3496 3261 quos
3521 3204 3561 3246 a

1901 3275 2151 3348 praefato
2185 3274 2550 3331 monasterio
2579 3275 2884 3331 Casinensi
2909 3276 3137 3341 tenetis,
3166 3276 3558 3335 nihilominus

1902 3364 2075 3421 vobis
2104 3367 2163 3419 et
2194 3364 2557 3420 monasterio
2588 3369 2805 3431 vestre,
2845 3364 3195 3421 auctoritate
3226 3366 3560 3437 apostolica

1904 3451 2354 3510 confirmamus.
2380 3452 2578 3507 Liceat
2609 3467 2851 3525 quoque
2872 3451 3044 3508 vobis
3077 3452 3321 3509 clericos
3341 3453 3432 3511 vel
3454 3453 3562 3510 lai-

1902 3558 2005 3598 cos
2030 3555 2062 3596 e
2080 3539 2301 3596 saeculo
2322 3539 2641 3610 fugientes,
2661 3539 2881 3595 liberos
2904 3544 2962 3596 et
2991 3541 3301 3596 absolutos
3319 3542 3396 3596 ad
3419 3557 3558 3597 con-

1901 3629 2240 3687 versionem
2281 3628 2562 3700 recipere,
2597 3633 2651 3685 et
2683 3628 2746 3684 in
2785 3633 2982 3685 vestro
3024 3630 3391 3686 monasterio
3429 3629 3558 3687 sine

1901 3716 2375 3777 contradictione
2390 3715 2659 3790 qualibet
2679 3718 2947 3774 retinere.
2969 3718 3361 3775 prohibemus
3388 3719 3556 3777 insu-

1901 3823 2009 3883 per
2027 3814 2089 3864 ut
2116 3805 2264 3864 nulli
2283 3807 2533 3864 fratrum
2552 3813 2883 3865 vestrorum
2915 3813 3050 3880 post
3075 3807 3296 3865 factam
3329 3808 3389 3865 in
3418 3808 3558 3866 loco

1900 3902 2094 3954 vestro
2115 3896 2575 3971 professionem,
2601 3896 2690 3953 fas
2719 3897 2794 3953 sit
2817 3897 2892 3953 de
2921 3898 3132 3954 eodem
3164 3896 3297 3955 loco
3318 3898 3553 3971 absque

1900 3986 2140 4044 licentia
2179 3985 2419 4043 abbatis
2452 3986 2544 4042 sui
2576 3985 2928 4056 discedere;
2962 3986 3371 4044 discedentem
3413 4003 3555 4045 vero

1901 4076 2026 4132 sine
2066 4075 2481 4133 communium
2520 4076 2848 4132 litterarum
2893 4081 3230 4133 vestrarum
3274 4078 3555 4135 cautione

1900 4165 2100 4222 nullus
2120 4164 2341 4222 audeat
2361 4164 2635 4224 retinere.
2651 4165 3064 4222 Interdicimus
3084 4168 3263 4223 etiam
3285 4183 3360 4224 ne
3375 4167 3552 4224 alicui

1897 4255 2073 4312 liceat
2092 4254 2353 4327 aliquem
2375 4254 2745 4311 monachum
2765 4254 2824 4311 iu
2848 4256 3126 4311 eamdem
3143 4255 3398 4312 domum
3417 4272 3558 4314 con·

1900 4349 1992 4401 tra
2020 4348 2277 4400 vestram
2304 4342 2672 4401 voluntatem
2690 4343 2994 4411 inducere,
3014 4350 3116 4401 aut
3144 4361 3217 4402 ex
3247 4361 3317 4403 ea
3346 4362 3556 4419 quem-

195 4434 396 4491 Lucms
426 4432 765 4505 episcopus,
812 4446 1018 4487 servus
1071 4445 1380 4488 servorum
1411 4429 1539 4499 Dei,
1564 4429 1793 4487 dilectis
1824 4409 1870 4465 D
1902 4432 2047 4490 libet
2070 4432 2145 4489 de
2177 4433 2482 4500 fratribus,
2505 4434 2679 4490 vobis
2707 4433 3071 4500 nolentibus,
3106 4436 3232 4491 sine
3258 4451 3441 4493 causa
3458 4452 3559 4495 ra-

118 4522 260 4579 flliis
281 4524 471 4578 losum
504 4520 707 4577 abbati
732 4519 1079 4576 monasterii
1110 4520 1170 4576 S.
1196 4518 1447 4577 natthaei
1480 4533 1791 4577 servorum

122 4612 224 4669 Dei
254 4611 328 4667 de
351 4609 619 4677 Castello,
651 4609 902 4683 eiusque
918 4608 1201 4665 fratribus
1250 4614 1371 4665 tam
1400 4609 1795 4682 proesentibus

121 4716 310 4776 quam
341 4698 553 4756 futuris
573 4697 910 4769 regularem
934 4697 1120 4755 vitam
1145 4697 1454 4769 protessis,
1483 4699 1542 4754 in
1583 4712 1792 4771 perpe-

121 4796 330 4850 tuum.

197 4880 264 4936 In
310 4878 595 4936 eminenti
637 4875 980 4950 apostolica!
1016 4874 1177 4932 sedis
1210 4875 1479 4948 specula,
1505 4875 1796 4947 largiente

126 4969 398 5035 Domino,
426 4980 780 5041 quanquam
809 4964 1091 5022 immeriti
1123 4964 1427 5023 constituti
1464 4965 1544 5025 ad
1570 4966 1798 5023 univer·

128 5073 263 5114 sum
294 5072 514 5130 corpus
534 5054 810 5114 Ecclesia!
833 5054 1024 5111 aciem
1053 5062 1273 5113 nostroe
1299 5054 1797 5113 considerationis

130 5145 423 5203 debemus
467 5145 805 5211 extendere,
835 5148 893 5200 et
921 5158 1229 5200 servorum
1259 5143 1359 5200 Dei
1386 5144 1573 5216 quieti
1611 5149 1800 5201 atten-

132 5233 266 5292 tiori
326 5232 524 5289 studio
565 5232 902 5305 providere.
950 5234 1301 5305 Eapropter,
1344 5232 1543 5289 dilecti
1587 5234 1645 5289 in
1686 5235 1802 5291 Do-

134 5324 302 5382 mino
333 5320 458 5390 tilii,
482 5323 696 5378 vestris
734 5320 911 5393 justis
940 5321 1443 5395 postulationibus
1485 5322 1807 5380 clementer

135 5411 483 5478 annuimus,
516 5415 569 5467 et
598 5410 784 5468 felicis
813 5412 1239 5469 recordationis
1269 5410 1585 5468 Alexandri
1627 5427 1804 5485 papae

134 5500 598 5581 praedecessoris
635 5499 825 5558 nostri
863 5500 1128 5573 vestigiis
1163 5500 1541 5570 inhaerentes,
1589 5499 1806 5575 praefa·

1903 4521 2193 4588 tionabili,
2217 4538 2547 4579 removere.
2563 4525 2716 4580 Sane
2733 4525 3037 4579 novalium
3053 4529 3384 4580 vestrorum
3397 4565 3411 4589 ,
3426 4540 3555 4597 quae

1903 4612 2161 4686 propriis
2184 4613 2467 4668 manibus
2496 4617 2600 4670 aut
2619 4611 2959 4682 sumptibus
2972 4611 3160 4668 colitis
3200 4612 3321 4667 sive
3334 4612 3409 4668 de
3442 4628 3554 4669 nu-

1904 4702 2191 4761 trimentis
2218 4706 2556 4758 vestrorum
2589 4699 2963 4770 animalium,
2996 4699 3196 4757 nullus
3235 4702 3486 4757 omnino
3513 4716 3550 4758 a

1903 4790 2079 4849 vobis
2109 4790 2378 4846 decimas
2400 4794 2726 4862 praesumat
2747 4789 3004 4859 exigere.
3032 4789 3361 4847 Statuimus
3389 4789 3551 4846 insu-

1905 4895 2015 4954 per
2051 4882 2117 4936 ut
2151 4877 2299 4935 nulli
2328 4878 2568 4950 penitus
2606 4877 2778 4935 liceat
2823 4877 3018 4935 eidem
3049 4877 3416 4936 monasterio
3443 4894 3542 4935 ve·

1908 4974 2031 5026 stro
2056 4965 2354 5025 indebitas
2384 4968 2744 5035 exactiones,
2778 4972 2882 5024 aut
2903 4983 3093 5025 novos
3123 4984 3338 5025 census
3365 4968 3559 5041 impo-

1907 5073 2067 5126 nere,
2085 5073 2193 5116 seu
2213 5061 2438 5114 veteres
2458 5062 2665 5115 contra
2683 5061 2902 5115 statuta
2924 5073 3229 5114 sacrorum
3250 5072 3555 5115 canonum

1909 5148 2233 5219 adaugere.
2265 5146 2645 5219 sepulturam
2661 5163 2906 5221 quoque
2934 5145 3046 5203 loci
3089 5146 3276 5219 ipsius
3304 5145 3555 5204 liberam

1911 5254 2039 5295 esse
2068 5235 2471 5301 decernimus,
2502 5241 2565 5293 ut
2593 5252 2801 5293 eorum
2832 5234 3134 5293 devotioni
3188 5241 3243 5292 et
3274 5242 3555 5292 extremae

1912 5324 2221 5390 voluntati,
2261 5325 2365 5398 qui
2405 5341 2467 5382 se
2497 5325 2613 5382 illic
2644 5323 2876 5397 sepeliri
2912 5324 3395 5397 deliberaverint,
3444 5323 3560 5380 nisi

1914 5413 2418 5472 excommunicati
2450 5413 2541 5471 vel
2570 5413 2862 5471 interdicti
2893 5414 3029 5481 sint,
3060 5413 3257 5469 nullus
3284 5414 3560 5480 obsistat,

1917 5504 2085 5563 salva
2112 5509 2311 5562 tamen
2327 5504 2560 5576 justitia
2583 5501 2819 5560 illorum
2849 5503 3244 5561 ecclesiarum
3274 5501 3555 5576 aquibus
