3784 6000
111 219 267 300 ‚2273

1123 226 1492 286 EPISTOLAE
1529 225 1613 282 ET
1652 218 2090 281 PRIVILEGIA.
2128 253 2198 267 —
2234 223 2351 280 AN.
2393 223 2553 282 1184.

3411 224 3555 286 1274

115 348 195 404 ad
213 350 559 420 grangiam,
584 352 896 422 grangiam
921 353 1597 428 caviniaciwneviqny)
1626 367 1766 410 cum
1795 350 1845 406 A
1876 351 2063 407 sentis
2093 351 2300 425 scripti
2338 352 2652 426 privilegio
2692 357 3163 418 communimus,
3204 360 3537 414 statuentes

113 438 486 509 pertinentiis
505 440 652 506 suis,
682 441 995 512 grangiam
1008 444 1404 515 aqureductus
1424 461 1559 501 cum
1592 443 1763 516 perti·

114 527 333 583 nentiis
374 528 535 595 suis;
575 544 789 586 nemus
818 531 983 602 quod
1014 532 1178 589 dedit
1207 533 1376 590 vobis
1412 532 1662 590 domina
1689 531 1764 588 de

117 618 362 683 Grenat;
420 618 662 676 usuaria
703 619 764 675 in
810 635 1079 678 memore
1125 623 1393 679 Britan...
1447 621 1762 695 grangiam

113 705 567 776 Avantigiarum
590 722 726 763 cum
758 710 1129 781 pertinentiis
1158 712 1318 777 suis:
1352 727 1609 785 parvum
1633 710 1762 767 t'eu·

114 794 284 863 dum,
316 794 568 866 planum
589 796 768 853 etiam
803 813 1017 855 nemus
1038 801 1200 872 quod
1215 800 1434 859 dicitur
1457 799 1759 866 Noardes;

114 883 526 941 molendinum
539 886 613 941 de
627 889 904 954 pruvera,
917 894 974 944 et
988 888 1211 945 molam
1232 890 1507 962 ipsorum
1537 889 1764 945 molen·

113 972 393 1029 dinorum
418 992 432 1041 ;
466 977 685 1031 terram
712 991 849 1048 quas
879 976 1094 1035 dicitur
1116 981 1369 1036 caumes
1400 980 1759 1052 (Canama),

113 1078 299 1134 quam
320 1060 485 1119 vobis
496 1063 658 1121 dedit
680 1066 1007 1123 Everardus
1029 1069 1238 1135 Motet;
1268 1069 1581 1140 grangiam
1605 1071 1760 1126 Con-

111 1151 215 1208 cisi
252 1168 392 1208 cum
432 1153 801 1223 pertinentiis
839 1155 1004 1223 suis;
1045 1162 1235 1230 prata,
1280 1164 1463 1214 terras
1501 1157 1763 1215 dominas

113 1241 303 1297 Marias
332 1240 406 1296 de
446 1242 763 1299 Nauminia
803 1244 1190 1315 (Naumain);
1231 1246 1424 1304 rufam
1456 1246 1760 1314 forestam,

110 1330 362 1385 domum
394 1335 451 1384 et.
480 1330 686 1386 vineas
714 1334 1029 1400 warziaci3
1061 1335 1291 1392 domun
1318 1341 1376 1394 et
1401 1337 1605 1394 vineas
1638 1340 1765 1395 Ser·

111 1418 316 1485 benti;
361 1420 870 1491 montem-Agleuti
918 1423 1371 1497 (Momaiylaut)
1419 1431 1477 1482 et
1516 1427 1761 1494 vineas;

115 1507 604 1572 pontem-tilium,
638 1515 822 1566 terras
860 1512 935 1567 de
960 1513 1302 1571 constablei
1333 1515 1759 1586 (commotam

1873 445 1939 497 ut
1950 456 2346 515 quascunque
2360 442 3178 518 possessiones.quaecunque
3194 446 3359 502 bona
3371 446 3534 502 idem

1875 530 2308 588 monasterium
2321 532 2615 602 inpraesen
2626 532 2840 588 tiarum
2848 533 2869 604 j
2881 537 3004 590 uste
3022 539 3080 590 et
3096 537 3383 591 canonice
3396 550 3509 608 pos
3521 562 3534 574 ·

1872 618 2044 685 sidet,
2077 625 2181 678 aut
2210 620 2557 677 infuturum
2591 622 2978 678 concessione
3004 622 3381 693 pontificum,
3414 625 3533 682 lar·

1872 706 2096 777 gitione
2127 722 2335 779 regum
2368 709 2459 765 vel
2501 709 2860 783 principum,
2902 710 3208 769 oblatione
3240 711 3529 780 fidelium,

1872 813 1979 853 seu
2026 796 2160 854 aliis
2195 798 2373 870 justis
2412 798 2609 856 modis
2651 803 2969 872 praestante
3022 800 3278 856 Domino
3323 803 3535 873 poterit

1871 886 2150 960 adipisci,
2190 887 2367 945 firma
2394 888 2563 944 vobis
2602 890 2934 960 vestrisque
2968 890 3435 956 successoribus,
3477 896 3533 948 et

1871 975 2099 1032 illibata
2120 983 2532 1049 permaneant.
2568 980 2627 1033 ln
2649 977 2875 1050 quibus
2901 977 3027 1035 hoec
3059 978 3317 1051 propriis
3356 978 3533 1037 duxi-

1872 1080 2009 1121 mus
2036 1064 2428 1138 exprimenda
2460 1064 2765 1123 vocabulis
2800 1082 2812 1121 ε

1945 1154 2164 1211 Locum
2191 1155 2392 1227 ipsum
2415 1156 2473 1211 in
2499 1171 2621 1228 quo
2639 1154 2952 1227 praeiatum
2984 1155 3416 1212 monasterium
3445 1154 3525 1211 si·

1874 1248 1999 1301 tum
2053 1247 2159 1307 est,
2212 1260 2353 1300 cum
2400 1244 2685 1301 omnibus
2737 1244 3109 1317 pertinentiis
3156 1245 3299 1300 suis.
3354 1245 3529 1301 Dras-

1872 1332 2210 1398 selesriede,
2253 1333 2620 1405 ossenpach,
2664 1333 3179 1402 Leivannesriede,
3219 1332 3526 1391 calberes-

1871 1421 2051 1495 pach,
2081 1421 2520 1495 Haimesperge,
2537 1422 2792 1487 Aitinha,
2817 1421 3335 1495 Plassanesperch,
3357 1422 3529 1480 Adel·

1874 1510 2233 1578 hartesdorf,
2293 1513 2666 1583 Hagenperg,
2724 1511 2923 1577 lleich‚
2982 1510 3269 1584 melpach,
3326 1511 3530 1568 pirche

114 1600 353 1667 pratum
407 1596 717 1654 Galeraudi
763 1600 904 1671 (Ρνέ
948 1602 1296 1675 Galeraud),
1347 1608 1403 1660 et
1455 1602 1764 1661 exclusam
1874 1604 2222 1665 trescurtes,
2247 1600 2789 1670 Gocholdesgrube,
2810 1597 3309 1664 chroleinesdorf,
3337 1598 3534 1656 Hube-

115 1685 304 1757 ipsius
326 1686 497 1757 prati,
526 1689 934 1759 Noassegaudi
958 1691 1429 1766 (Noveseqaud);
1464 1698 1633 1765 prata
1652 1699 1762 1750 An·
1801 1705 1843 1760 B
1876 1704 2043 1759 nare,
2085 1694 2205 1745 tres
2243 1693 2438 1745 curtes
2479 1688 2826 1756 Borascelle,
2869 1692 2985 1745 tres
3023 1694 3240 1755 curtes,
3276 1689 3533 1746 'rovera-

114 1773 382 1845 gelorum
416 1776 560 1848 (Pre'
581 1776 682 1833 des
707 1778 926 1850 Anqes)
959 1795 1147 1852 usque
1177 1781 1250 1838 ad
1284 1781 1760 1857 lapidiscinium;

115 1869 288 1936 prata
319 1864 376 1921 S.
408 1865 640 1929 macuti,
665 1873 903 1937 pratum
927 1869 1072 1925 petri
1103 1870 1472 1939 constables,
1500 1876 1668 1944 prata
1690 1870 1765 1928 de

115 1953 413 2010 Linerolas
448 1954 858 2028 (Liqueroles).
904 1959 1057 2014 Sane
1109 1958 1388 2016 laborum
1428 1966 1763 2016 vestrorum

109 2058 265 2116 quos
294 2044 548 2116 propriis
581 2046 860 2102 manibus
901 2053 1005 2104 aut
1034 2048 1373 2122 sumptibus
1402 2048 1613 2116 colitis,
1641 2049 1764 2105 sive

109 2133 186 2188 de
246 2134 622 2189 nutrimentis
673 2141 1005 2193 vestrorum
1054 2138 1433 2204 animalium,
1473 2137 1674 2196 nullus
1728 2154 1765 2196 a

110 2220 283 2277 vobis
321 2220 587 2279 decimas
625 2224 860 2295 exigere
900 2226 992 2283 vel
1031 2233 1375 2302 extorquere
1415 2232 1760 2301 praesumat.

111 2310 306 2367 Liceat
342 2326 587 2384 quoque
615 2313 783 2370 vobis
813 2315 1058 2372 clericos
1101 2316 1198 2374 vel
1239 2317 1424 2375 laicos
1460 2334 1498 2375 a
1541 2318 1764 2375 saeculo

104 2396 396 2470 fugientes
422 2400 642 2459 liberos
672 2409 730 2459 et
759 2402 1068 2462 absolutos
1090 2406 1167 2462 ad
1190 2407 1644 2464 conversionem
1675 2422 1765 2464 re-

101 2489 319 2560 cipere,
341 2493 518 2545 eleos
535 2490 764 2563 absque
777 2494 1249 2552 contradictione
1262 2495 1467 2570 aliqua
1483 2497 1759 2553 retinere.

106 2576 497 2634 prohibemus
538 2579 784 2653 insuper
828 2586 888 2637 ut
937 2582 1076 2639 nulli
1130 2584 1382 2641 fratrum
1431 2590 1761 2642 vestrorum

109 2669 242 2737 post
279 2665 495 2723 factam
536 2667 593 2722 in
633 2668 847 2725 eodem
882 2669 1017 2728 loco
1059 2672 1518 2744 professionem,
1559 2672 1650 2730 fas
1687 2674 1761 2729 sit

110 2755 339 2827 absque
365 2755 602 2813 abbatis
626 2759 713 2813 sui
735 2758 973 2817 licentia
991 2760 1067 2817 de
1083 2761 1298 2820 eodem
1317 2762 1642 2829 discedere,
1674 2762 1761 2818 di-

109 2843 449 2900 scedentem
468 2861 604 2901 vero
617 2846 851 2920 absque
863 2850 1608 2908 communiumlitterarum
1622 2866 1761 2908 cau-

107 2932 268 2988 tione
285 2934 483 2989 nullus
516 2934 736 2992 audeat
760 2938 1029 2996 retinere.
1066 2940 1201 2997 Paci
1235 2956 1479 3015 quoque
1507 2944 1563 2997 et
1595 2944 1761 2997 tran·-

107 3022 386 3094 quillitati
404 3028 613 3080 vestras
632 3030 884 3095 paterna
903 3027 1298 3086 sollicitudine
1330 3030 1642 3103 providere
1667 3045 1763 3087 vo-
1801 3063 1842 3119 C

105 3109 317 3175 lentes,
347 3112 695 3169 auctoritate
723 3115 1054 3187 apostolica
1078 3118 1490 3191 prohibemus,
1521 3125 1587 3176 ut
1606 3120 1762 3176 inira

108 3200 422 3256 clausuras
442 3201 713 3259 locorum
733 3218 837 3259 seu
858 3207 1246 3277 grangiarum
1278 3214 1609 3266 vestrarum
1630 3208 1762 3264 nul·

107 3288 201 3344 lus
228 3289 591 3357 violentiam,
625 3292 719 3348 vel
754 3294 1051 3365 rapinam,
1092 3301 1197 3352 aut
1226 3295 1450 3355 furtum
1478 3299 1759 3355 commit-

110 3381 249 3444 tere,
273 3379 472 3449 ignem
505 3396 830 3454 apponere,
848 3382 1158 3440 hominem
1186 3400 1400 3457 capere
1419 3385 1513 3442 vel
1542 3385 1760 3444 interfl-

107 3483 238 3524 cere
264 3469 466 3542 aliqua
494 3471 819 3529 temeritate
835 3479 1180 3546 praesumat.
1202 3474 1587 3532 Decernimus
1619 3491 1760 3547 ergo

108 3557 249 3612 nulli
283 3559 532 3615 omnino
562 3559 877 3618 hominum
899 3561 993 3619 ras
1020 3562 1094 3618 sit
1123 3563 1441 3635 proeratum
1468 3569 1762 3622 monaste·

108 3646 263 3702 rium
290 3652 507 3705 temere
536 3650 903 3721 perturbare,
923 3648 1034 3709 etc.

100 3737 105 3742 '
188 3739 395 3792 Datum
422 3740 680 3804 Veronae,
697 3755 802 3812 per
815 3756 1063 3798 manum
1079 3742 1340 3813 Hugonis
1361 3747 1762 3802 sacrosanctoe

111 3825 396 3881 Romanas
423 3828 700 3886 Ecclesiae
719 3830 948 3895 notarii,
984 3847 1024 3887 11
1051 3831 1347 3889 Kalendas
1374 3833 1760 3905 Septembris,

112 3912 434 3970 indictione
464 3931 524 3979 u,
556 3917 987 3974 incarnationis
1015 3920 1333 3978 Dominicae
1376 3924 1531 3988 ¹184,
1565 3922 1763 3995 ponti-

113 4001 325 4059 ficatus
356 4019 495 4060 vero
534 4005 741 4062 domni
772 4007 931 4063 Lucii
963 4023 1136 4082 papas
1156 4009 1225 4066 111
1252 4025 1413 4067 anno
1443 4026 1524 4068 in.

841 4115 1039 4173 chn.

111 4198 539 4257 Monaseerium
568 4202 895 4262 AltaItense
917 4208 1191 4275 superius
1212 4207 1494 4265 tuendum
1516 4208 1764 4279 suscipit

410 4279 465 4328 et
496 4273 621 4344 ejus
644 4275 797 4333 bona
824 4279 1094 4350 ,suraque
1123 4278 1458 4348 confirmae.

639 4364 926 4436 (Veronae,
961 4366 1118 4438 Sept.
1147 4367 1227 4439 2.)

364 4450 772 4522 [Monumenea
797 4454 1004 4521 Boica,
1034 4459 1182 4513 tom.
1214 4459 1321 4522 xll,
1357 4458 1504 4531 1¹2]

185 4540 383 4596 Lucius
409 4540 750 4616 episcopus,
777 4559 982 4601 servus
1021 4561 1334 4603 servorum
1374 4547 1494 4614 Dei,
1527 4546 1762 4604 dilectis

109 4625 246 4684 filiis
283 4629 615 4690 woman
646 4632 851 4691 abbati
893 4636 1238 4692 monasterii
1279 4636 1482 4695 Sancti
1523 4637 1669 4694 petri
1701 4637 1763 4694 in

109 4718 265 4784 Alta,
298 4718 547 4791 ejusque
576 4720 860 4778 fratribus
890 4728 1009 4780 tam
1041 4725 1435 4796 proesentibus
1463 4742 1648 4800 quam
1677 4726 1764 4783 fu-

112 4809 259 4866 turis
288 4809 625 4880 regularem
654 4810 835 4868 vitam
869 4812 1158 4883 professis
1185 4814 1245 4871 in
1278 4819 1654 4887 perpetuum.

186 4899 429 4963 Quoties
457 4914 495 4956 a
533 4900 708 4956 nobis
739 4901 955 4973 petitur
990 4902 1155 4974 quod
1192 4903 1462 4975 religioni
1491 4907 1550 4962 et
1584 4905 1768 4963 hone·

111 4987 245 5042 stati
262 4988 579 5047 convenire
599 4988 990 5060 dignoscitur,
1021 4991 1228 5049 animo
1246 5008 1356 5049 nos
1374 4992 1543 5050 decet
1559 4993 1766 5051 libenti

113 5080 462 5144 concedere,
493 5083 551 5135 et
578 5079 902 5151 petentium
941 5080 1233 5137 desideris
1270 5096 1605 5151 congruum
1645 5082 1769 5139 sut-

112 5164 374 5237 fragium
405 5167 714 5240 impertiri.
734 5170 1079 5241 Eapropter,
1102 5169 1302 5228 dilecti
1326 5170 1388 5226 in
1420 5170 1674 5228 Domino
1701 5171 1768 5228 fl-

110 5254 196 5320 lii,
228 5255 438 5311 vestris
462 5256 638 5328 iustis
666 5259 1174 5331 postulationibus
1203 5258 1527 5317 elementer
1548 5260 1769 5317 annui-

116 5360 255 5400 mus
307 5348 367 5401 et
413 5345 731 5417 praefatum
780 5347 1213 5406 monasterium
1264 5349 1464 5407 Sancti
1506 5349 1653 5406 petri
1706 5350 1768 5406 in

113 5433 267 5500 Alta,
301 5433 359 5490 in
391 5450 515 5507 quo
543 5434 748 5494 divino
772 5438 1097 5511 mancipati
1127 5436 1268 5495 estis
1297 5437 1615 5512 obsequio,
1654 5437 1769 5495 sub

115 5522 277 5582 beati
299 5523 450 5582 petri
464 5526 522 5584 et
530 5527 739 5586 nostra
760 5527 1126 5601 protectione
1151 5526 1533 5603 suscipimus,
1546 5531 1768 5603 etproe·

1877 1777 2139 1844 nesdorl‚
2192 1778 2460 1844 Renften,
2510 1776 2665 1834 duas
2718 1784 2937 1842 curtes,
2991 1777 3529 1850 sikeleinesperge,

1874 1866 2187 1925 Mennaha.
2210 1866 2631 1931 Molendinum,
2656 1867 3036 1939 llicenperge,
3054 1866 3365 1938 praedium,
3388 1868 3534 1923 Gru-

1872 1955 1972 2028 be,
2002 1971 2188 2013 unum
2228 1955 2537 2029 praedium.
2577 1954 3123 2022 Ricemannesdorf,
3160 1959 3274 2011 tres
3312 1958 3533 2024 curtes,

1873 2045 2323 2112 Temanesdorf,
2356 2049 2473 2102 tres
2502 2046 2706 2102 vineas
2736 2050 2794 2102 et
2830 2043 3129 2117 quidquid
3167 2044 3246 2100 ibi
3279 2043 3531 2102 habetis.

1873 2135 2177 2206 velberch,
2210 2141 2459 2202 curtem,
2490 2134 2903 2199 Teusenbach,
2934 2134 3087 2191 duas
3117 2138 3336 2201 curtes,
3360 2133 3535 2205 juxta

1876 2239 2061 2281 unam
2107 2229 2358 2280 curtem.
2398 2226 2715 2289 Uertanne,
2759 2223 3121 2295 puchperge,
3166 2222 3536 2279 Radesman-

1817 2327 1821 2330 ·
1875 2327 2186 2385 nesperge‚
2229 2317 2435 2369 Henna
2471 2327 2652 2368 unam
2692 2317 2943 2378 curtem,
2987 2317 3046 2367 et
3089 2310 3529 2370 molendinum.

1792 4411 1840 4468 D

1875 2402 2288 2473 Haugencelle,
2313 2401 2635 2467 Freindorl,
2660 2407 2885 2458 curtem
2920 2401 3107 2469 Riute,
3130 2400 3283 2456 duas
3305 2405 3526 2457 curtes.

1875 2491 2087 2557 narde,
2118 2491 2584 2558 strazchirchen,
2606 2490 2891 2563 Vulpach,
2918 2505 3199 2547 mansum
3221 2504 3430 2546 unum.
3461 2489 3531 2547 ln

1876 2581 2270 2649 Buizchouen,
2311 2583 2465 2637 duas
2501 2585 2716 2646 curtes,
2759 2580 3064 2652 hlaetingen
3105 2585 3355 2634 curtem.
3399 2577 3534 2637 Sili-

1872 2670 2107 2740 chinge,
2164 2674 2279 2726 tres
2322 2675 2516 2726 curtes
2559 2669 2977 2735 Halterhouen,
3025 2683 3240 2724 novem
3280 2681 3530 2723 mansos

1870 2759 2385 2831 wintpozzingen,
2428 2763 2677 2815 curtem.
2729 2757 2940 2820 Harde,
2992 2754 3374 2813 llunderdort'
3414 2761 3529 2813 tres

1871 2855 2083 2919 curtes,
2114 2849 2425 2920 scorringe
2438 2847 2754 2903 dimidium
2784 2862 3063 2902 mansum
3086 2844 3388 2911 Berndorf,
3411 2849 3530 2902 tres

1872 2934 3194 3006 mansos.Dietrichesdort',curtem,Tatingem
3221 2950 3523 3002 mansum,

1870 3027 2174 3084 Hovedorf
2184 3028 2338 3084 duas
2368 3031 2581 3084 curtes.
2609 3027 2942 3098 pinningen
2964 3032 3191 3082 curtem
3212 3022 3533 3082 Hir-endor!

1871 3116 2075 3175 villam
2113 3117 2491 3173 wacenriede
2527 3116 2728 3172 villam
2766 3120 2823 3171 et
2868 3114 3222 3180 Laderaren,
3263 3116 3527 3187 quatuor

1870 3213 2085 3263 curtes.
2110 3207 2263 3264 Sane
2287 3206 2592 3264 novalium
2623 3211 2955 3262 vestrorum
2971 3220 3110 3278 quse
3129 3204 3386 3276 propriis
3405 3217 3529 3260 ma·

1870 3294 2052 3353 nibus
2067 3299 2170 3350 aut
2192 3293 2754 3367 sumptibuscolitis,
2777 3294 2902 3350 sive
2925 3292 3000 3350 de
3018 3292 3392 3350 nutrimentis
3406 3291 3531 3348 ani·

1873 3384 2122 3441 mallum
2154 3390 2484 3440 vestrorum
2512 3383 2712 3439 nullus
2744 3382 2961 3439 avobis
2990 3382 3258 3439 decimas
3292 3379 3530 3452 exigere

1871 3480 1974 3532 aut
2004 3479 2349 3546 extorquere
2372 3475 2715 3545 praesumat.

1945 3564 2137 3620 Liceat
2161 3576 2406 3635 quoque
2442 3560 2607 3616 vobis
2638 3559 2881 3616 clericos
2910 3560 2999 3615 vel
3030 3558 3216 3615 laicos
3247 3574 3280 3614 e
3308 3558 3532 3615 soeculo

1873 3653 2165 3723 fugientes
2184 3650 2403 3708 liberos
2434 3655 2490 3706 et
2521 3649 2831 3707 absolutos
2854 3649 2932 3705 ad
2953 3647 3411 3705 conversionem
3439 3660 3531 3703 re-

1872 3742 2090 3814 cipere,
2114 3746 2283 3797 eteos
2300 3740 2530 3814 absque
2552 3737 3018 3795 contradictione
3035 3737 3238 3810 aliqua
3255 3736 3529 3794 retinere.

1874 3829 2264 3887 prohibemus
2298 3832 2559 3901 insuper,
2622 3831 2687 3884 ut
2729 3826 2877 3884 nulli
2912 3827 3162 3883 fratrum
3192 3830 3529 3882 vestrorum

1876 3925 2013 3996 post
2049 3919 2270 3976 factam
2299 3919 2361 3975 in
2395 3918 2610 3974 eodem
2659 3917 2791 3973 loco
2835 3915 3275 3989 possessionem
3323 3913 3416 3971 fas
3456 3912 3533 3971 sit

1877 4009 2109 4083 absque
2138 4007 2377 4065 abbatis
2408 4007 2501 4063 sui
2528 4004 2764 4063 lieentia
2788 4005 2899 4060 nisi
2921 4004 3192 4061 arctioris
3223 4001 3532 4073 religionis

1874 4099 2125 4157 obtentu
2145 4098 2219 4155 de
2239 4097 2453 4154 eodem
2472 4096 2605 4152 loco
2615 4094 2944 4160 discedere,
2968 4092 3374 4149 discedentem
3393 4106 3531 4149 vero

1873 4190 2105 4261 absque
2131 4186 2545 4244 communium
2561 4184 2887 4242 litterarum
2913 4182 3189 4240 cautione
3205 4180 3406 4238 nullus
3426 4196 3533 4237 au-

1872 4279 2013 4338 deat
2022 4278 2291 4335 retinere.
2312 4274 2586 4333 Decimas
2606 4279 2887 4348 praeterea
2900 4290 3055 4347 quas
3077 4289 3113 4330 a
3126 4271 3530 4345 quadraginta

1872 4368 2048 4426 annis
2075 4368 2433 4423 inconcusse
2450 4365 2741 4434 tenuistis,
2768 4363 2942 4421 vobis
2973 4362 3366 4420 nihilominus
3390 4376 3532 4419 con-

1871 4457 2204 4515 firmamus.
2241 4456 2386 4513 Cum
2412 4460 2611 4512 autem
2639 4452 2915 4525 generale
2944 4451 3328 4509 interdictum
3360 4455 3530 4508 terras

1872 4545 2065 4612 fuerit,
2097 4544 2272 4602 liceat
2302 4544 2473 4601 vobis
2502 4542 2726 4600 clausis
2750 4541 2974 4610 januis,
3007 4540 3263 4597 exclusis
3292 4553 3534 4596 excom-

1875 4634 2194 4692 municatis
2236 4637 2296 4690 et
2331 4632 2682 4697 interdictis,
2728 4646 2850 4687 non
2894 4628 3144 4702 pulsatis
3188 4625 3529 4700 campanis,

1875 4738 2211 4797 suppressa
2249 4737 2390 4779 voce
2419 4721 2622 4778 divina
2660 4718 2861 4776 officia
2889 4717 3209 4775 celebrare.
3250 4718 3317 4773 In
3355 4729 3533 4788 paro-

1874 4812 2171 4871 chialibus
2211 4826 2351 4867 vero
2384 4808 2650 4866 eeclesiis
2678 4822 2835 4881 quas
2874 4806 3108 4864 habetis
3148 4805 3320 4862 liceat
3354 4802 3533 4861 vobis

1874 4899 2215 4960 sacerdotes
2240 4899 2475 4970 eligere,
2507 4903 2564 4955 et
2592 4896 2939 4954 dioecesano
2965 4895 3248 4970 episcopo
3279 4907 3536 4967 praesen·

1876 4996 2021 5058 tare,
2066 4988 2287 5063 quibus
2328 4988 2375 5044 si
2414 4986 2611 5044 idonei
2656 4985 2894 5050 fuerint,
2940 4984 3258 5055 episcopus
3303 4981 3535 5041 anima·

1875 5096 2012 5139 rum
2030 5094 2238 5137 curam
2260 5077 2617 5141 committat,
2644 5080 2707 5132 ut
2725 5075 2777 5131 ei
2798 5074 2873 5131 de
2897 5071 3328 5146 spiritualibus,
3358 5070 3532 5129 vobis

1877 5174 2080 5228 autem
2106 5168 2181 5225 de
2212 5164 2648 5239 temporalibus
2673 5163 2935 5220 debeant
2964 5160 3349 5234 respondere.

1949 5256 2310 5314 Auctoritate
2323 5268 2567 5328 quoque
2583 5251 2914 5325 apostolica
2935 5250 3325 5325 prohibemus
3333 5263 3412 5307 ne
3431 5249 3533 5307 ad·

1877 5350 2128 5405 vocatus
2179 5349 2392 5409 vester,
2422 5344 2526 5418 qui
2571 5357 2683 5416 pro
2720 5346 2989 5414 tempore
3019 5340 3212 5406 fuerit,
3261 5340 3534 5413 aliquam

1880 5434 2227 5493 violentiam
2242 5435 2303 5492 in
2321 5439 2521 5491 vestro
2537 5430 2905 5489 monasterio
2924 5444 3220 5496 exercere,
3244 5443 3350 5487 seu
3369 5427 3535 5487 bona

1879 5524 2069 5600 ipsius
2097 5523 2358 5583 alienare
2385 5522 2592 5597 aliqua
2612 5519 2929 5583 οοοαιίοιιο
2959 5523 3309 5593 presumat,
3327 5516 3435 5577 sed
3459 5530 3534 5576 eo
