3784 6000
800 366 1033 425 CAPUT
1063 366 1207 423 vm.

179 453 317 524 Quot
344 458 396 511 el
427 457 648 528 quantis
679 456 830 512 vitiis
865 471 965 528 per
980 455 1134 583 ἑὶάίυά
1162 462 1371 528 tempus
1399 455 1669 527 subjectus
1696 461 1827 514 esset

884 544 977 582 mu
1058 543 1138 583 us.

247 634 365 691 Nec
395 633 583 691 solum
618 634 676 690 in
707 632 941 690 Oriente
966 635 1048 692 ita
1077 635 1277 693 fideles
1307 636 1380 693 ab
1413 636 1610 709 impiis
1640 637 1830 710 oppri-

175 722 508 793 mebantur,
526 738 729 778 verum
753 721 814 778 in
836 723 1148 781 Occidente
1169 729 1228 781 et
1248 725 1307 783 in
1329 727 1487 783 omni
1524 742 1672 798 pene
1693 727 1828 784 orbe

173 815 486 879 terrarum,
539 813 792 868 maxime
832 813 985 870 inter
1012 830 1112 871 eos
1143 815 1242 887 qui
1282 816 1430 872 sides
1459 815 1824 880 dicebantur,

171 900 318 956 fides
347 899 654 970 defecerat,
685 904 743 957 et
771 902 1001 960 Domini
1036 903 1211 961 timor
1229 909 1352 962 erat
1371 906 1440 962 de
1472 906 1661 963 medio
1684 906 1826 963 sub-

171 985 365 1045 latus:
398 990 641 1061 perierat
672 991 743 1048 de
774 992 951 1049 robus
972 992 1224 1064 justitia,
1258 999 1317 1052 et
1360 995 1625 1068 aequitate
1681 996 1825 1054 sub-

42 1154 51 1159 ·
172 1080 323 1145 acta,
366 1078 640 1136 violentia
670 1081 1083 1140 dominabatur
1110 1083 1174 1141 in
1208 1084 1459 1158 populis.
1498 1087 1698 1156 Fraus,
1724 1087 1826 1143 do·

175 1164 270 1223 lus
300 1170 358 1222 et
388 1167 804 1227 circumventio
833 1171 950 1229 late
980 1172 1346 1231 involverant
1375 1175 1668 1232 universa.
1694 1177 1822 1233 Vir-

176 1260 271 1309 tus
299 1255 490 1312 omnis
519 1255 714 1315 locum
746 1260 984 1318 dederat
1011 1265 1070 1318 et
1095 1268 1347 1319 cesserat
1371 1263 1536 1334 quasi
1577 1263 1821 1332 inutilis,

176 1342 398 1400 malitia
446 1346 830 1406 subintrante.
884 1350 1192 1408 Videbatur
1232 1369 1374 1409 sane
1414 1355 1671 1410 mundus
1719 1355 1820 1411 de·

174 1431 423 1491 clinasse
469 1436 540 1492 ad
590 1454 927 1510 vesperam;
961 1446 1020 1497 et
1077 1440 1207 1498 Filii
1244 1442 1502 1500 hominis
1541 1443 1820 1501 adventus

176 1525 470 1581 secundus
500 1525 621 1582 sore
670 1528 931 1586 vicinior.
962 1530 1109 1587 Nam
1158 1531 1474 1588 multorum
1523 1533 1820 1590 refrixerat

174 1611 454 1680 charitas,
494 1618 552 1671 et
585 1616 731 1673 ssdes
760 1634 876 1677 non
919 1619 1321 1680 inveniebatur
1350 1638 1526 1696 anper
1556 1626 1766 1681 terram
1799 1641 1816 1683 ε

174 1703 437 1761 confusis
469 1706 774 1766 ordinibus
821 1715 1032 1768 cuncta
1080 1712 1434 1782 ferebantur,
1465 1718 1523 1771 ct
1549 1712 1610 1768 in
1640 1713 1818 1772 chaos
1849 1748 1898 1814 B

175 1790 486 1864 pristinum
517 1799 777 1855 mundus
805 1798 1108 1857 videbatur
1155 1803 1342 1859 redire
1372 1803 1535 1860 velle.
1571 1805 1821 1875 Maiores

172 1879 329 1937 enim
352 1884 668 1957 principes,
692 1888 796 1960 qui
821 1889 1122 1962 subjectos
1145 1891 1215 1948 ad
1247 1909 1446 1964 pacem
1473 1894 1823 1952 tenebantur

173 1968 446 2044 dirigere,
476 1975 739 2047 neglecto
768 1979 928 2047 pacis
959 1981 1193 2049 foedere,
1235 1999 1337 2054 pro
1368 1984 1563 2040 causis
1592 1982 1820 2042 levibus

174 2061 593 2120 contendentes
638 2065 707 2121 ad
756 2065 1026 2138 invicem,
1075 2071 1337 2142 regiones
1381 2073 1688 2131 trudebant
1730 2074 1818 2130 in—

174 2149 422 2218 cendiis,
454 2153 677 2224 praedas
694 2157 917 2226 passim
938 2161 1300 2226 exercebant,
1326 2176 1646 2234 pauperum
1668 2164 1823 2219 bona

173 2235 372 2309 impiis
419 2243 768 2300 satellitibus
816 2248 943 2303 suis
987 2251 1354 2322 exponebant
1398 2252 1470 2306 ad
1512 2252 1819 2324 rapinam3

175 2342 295 2383 non
313 2333 481 2384 erant
498 2334 640 2386 tutae
660 2332 911 2405 alicujus
936 2337 1239 2395 Facultates
1261 2340 1412 2396 inter
1432 2345 1517 2398 tot
1539 2342 1779 2401 insidias
1799 2362 1816 2413 ς

175 2432 354 2474 causa
381 2420 682 2478 sufficiens
713 2425 1051 2494 putabatur,
1076 2432 1139 2484 ut
1168 2430 1240 2485 ad
1272 2446 1531 2488 carceres
1561 2434 1695 2505 quis
1716 2442 1823 2492 tra-

176 2503 433 2575 het-etur,
461 2515 561 2564 aut
588 2510 839 2582 vincula,
861 2523 913 2570 et
936 2513 995 2570 in
1028 2517 1263 2588 proprio
1289 2534 1524 2592 corpore
1546 2520 1821 2595 indignos

173 2593 497 2652 sustineret
540 2598 853 2668 cruciatus,
900 2604 1057 2675 quod
1102 2605 1326 2679 aliquid
1371 2608 1584 2669 habere
1620 2613 1818 2671 erede·

176 2687 356 2741 retur.
407 2688 792 2747 Ecclesiarum
838 2695 899 2748 et
945 2696 1433 2754 monasteriorum
1464 2716 1580 2756 non
1619 2717 1816 2773 parce-

173 2772 344 2831 batur
374 2776 623 2847 prodiis,
656 2795 760 2836 nec
806 2787 1138 2841 sanctorum
1186 2787 1652 2858 possessionibus
1679 2808 1818 2850 con-

170 2862 434 2921 serebant
461 2865 681 2938 aliquid
713 2884 748 2924 a
776 2871 890 2941 piis
928 2872 1295 2946 principibus
1326 2877 1553 2935 indulta
1585 2881 1818 2953 privile-

169 2951 301 3028 gia;
352 2956 454 3013 sed
506 2972 611 3015 neo
648 2958 1086 3020 immunitatem
1136 2965 1392 3039 solitam,
1423 2978 1478 3027 et
1509 2970 1818 3043 pristinam

168 3041 283 3100 sibi
338 3044 716 3106 vindicabant
778 3051 1136 3123 dignitatem.
1195 3057 1615 3130 Effringebatur
1676 3078 1818 3120 sane

170 3134 592 3205 sanctuarium,
641 3142 698 3196 et
728 3141 933 3198 usibus
972 3144 1234 3202 dedicata
1272 3147 1604 3207 coelestibus
1631 3152 1688 3207 vi
1716 3169 1818 3210 ra-
1845 3121 1890 3189 C

177 3222 490 3295 piebantur
528 3228 821 3286 utensilia.
868 3228 994 3288 Non
1055 3234 1448 3309 distinguebat
1503 3256 1737 3298 sacrum
1788 3258 1823 3299 a

174 3315 416 3385 profano
450 3331 660 3375 manus
689 3318 1001 3394 sacrilega3
1046 3325 1145 3380 sed
1197 3326 1426 3386 sublata
1472 3330 1817 3403 differentia,

166 3403 379 3476 -proedss
410 3407 685 3477 patebant
713 3408 984 3469 altarium
1014 3422 1221 3486 vestes,
1255 3418 1504 3475 amictus
1545 3422 1817 3479 sacerdo-

173 3496 304 3549 tum
334 3499 392 3552 et
414 3511 553 3553 vasa
581 3497 833 3558 Domini.
864 3501 945 3558 De
988 3506 1213 3576 gremio
1250 3506 1455 3565 divinas
1484 3510 1716 3579 domus,
1749 3513 1820 3569 de

172 3582 358 3656 adytis
388 3585 795 3657 penitioribus,
829 3591 902 3647 de
947 3592 1327 3654 basilicarum
1365 3597 1551 3666 atriis,
1596 3599 1698 3672 qui
1748 3601 1817 3657 ad

172 3686 275 3772 eas
304 3675 703 3748 confugerant,
748 3680 819 3735 ad
866 3687 1111 3741 mortem
1162 3685 1547 3745 trahebantur
1590 3690 1645 3747 et
1682 3707 1822 3763 sup-

174 3758 374 3831 plicia.
395 3761 533 3820 Vias
553 3780 786 3839 quoque
816 3769 1081 3840 publicas
1102 3774 1344 3832 accincti
1374 3776 1563 3848 gladio
1593 3793 1822 3851 grassa·

174 3852 333 3907 tores
379 3850 629 3926 improbi
668 3857 1031 3928 obsidebant,
1070 3861 1179 3920 iter
1217 3866 1523 3937 agentibus
1567 3872 1825 3941 praeten-

176 3937 381 3997 dentes
412 3941 679 4016 insidias,
718 3946 819 4003 ubi
849 3965 958 4007 nec
1004 3952 1343 4026 peregrinis,
1390 3970 1462 4012 ne
1506 3956 1648 4013 viris
1696 3974 1824 4030 par·

172 4029 416 4087 sebatur
443 4031 749 4103 religiosis.
783 4036 895 4093 Sed
923 4055 1024 4096 nec
1060 4042 1236 4100 urbes
1265 4058 1370 4101 nec
1407 4046 1622 4118 oppida
1647 4046 1720 4103 ab
1746 4046 1822 4103 iis

175 4119 723 4192 importunitatibus
750 4127 1053 4199 vacabant,
1102 4130 1164 4187 in
1193 4133 1408 4204 quibus
1440 4136 1632 4193 sicarii
1666 4136 1820 4194 vicos

174 4222 380 4265 omnes
402 4215 455 4266 et
479 4208 700 4282 plateas
721 4220 1024 4286 suspectas
1047 4221 1365 4279 reddebant
1383 4224 1817 4284 innocentibus.

172 4297 294 4361 Quo
332 4297 465 4369 quis
494 4304 616 4355 erat
642 4300 949 4370 insontior,
981 4321 1048 4363 eo
1072 4307 1339 4379 pluribus
1360 4315 1700 4386 subjacebat
1727 4317 1818 4372 in-

1240 232 1678 298 GUILLELMI
1719 232 2116 298 TYRENSIS
2160 230 2518 295 ARGfflEP.

1861 367 1919 437 Α
1947 367 2265 435 cientibus,
2276 362 2758 424 mercenariorum
2772 378 2952 431 more,
2965 362 3327 420 deserebant.
3351 362 3419 418 Et
3435 361 3597 421 illius

3477 229 3597 292 224

1940 456 2092 514 verbi
2129 457 2500 513 immemores
2534 451 2838 520 Dominici,
2873 468 2989 523 quo
3011 450 3261 508 dicitur:
3300 451 3597 527 Accepistis

1935 549 2127 620 qratia,
2168 547 2339 616 pratis
2376 544 2499 600 dote
2526 541 2739 614 (Maura.
2788 558 2847 609 x,
2892 540 2990 615 8),
3038 540 3430 598 Simoniacam
3468 559 3587 599 non

1937 635 2313 693 declinabant
2343 633 2627 702 baeresim,
2661 631 2815 689 Giezi
2845 629 3115 687 sordibus
3143 635 3199 688 et
3227 631 3456 688 macula
3486 631 3585 688 ἰω-

1936 725 2077 781 dati.
2110 724 2259 789 Quid
2292 721 2506 795 plura?
2540 724 2605 778 ut
2650 721 2713 777 in
2743 735 2979 776 summa
3017 719 3279 776 dicatur:
3322 719 3497 777 Omne
3527 723 3585 777 in

1934 815 2216 887 praecipiti
2271 814 2465 867 vitium
2512 809 2664 866 stelit
2702 812 2790 865 et:
2848 809 3036 866 Omnis
3090 824 3215 866 caro
3263 814 3597 881 corruperat

1937 907 2089 961 viam
2135 918 2291 959 suam
2325 899 2481 972 (Gen.
2528 898 2749 971 vt,1‘2).
2808 897 2924 955 Neo
2981 913 3197 970 pronos
3242 897 3318 954 ad
3363 897 3586 955 malum

1934 1010 2203 1052 revocare
2248 994 2515 1064 poterant
2569 987 2800 1047 Domini
2861 988 3273 1045 comminantis
3308 988 3591 1061 jprodigia

1932 1085 1994 1143 in
2023 1084 2168 1143 coslo
2194 1099 2450 1151 sursum,
2481 1086 2539 1138 et
2568 1081 2741 1153 signa
2782 1080 2843 1137 in
2872 1084 3026 1136 terra
3069 1080 3362 1136 deorsum.
3411 1081 3589 1137 Erant

1932 1173 2088 1230 enim
2123 1173 2465 1245 pestilentias
2494 1175 2552 1227 et
2602 1171 2806 1237 sames,
2838 1173 3204 1241 terroresque
3228 1168 3302 1226 de
3329 1168 3496 1239 coelt),
3527 1174 3587 1224 et

1933 1266 2290 1320 terraemotus
2324 1260 2520 1333 magni
2545 1274 2646 1332 per
2665 1259 2790 1315 loca
2820 1256 3041 1330 (nauh.
3063 1274 3216 1326 xxiv,
3244 1258 3342 1329 7);
3381 1261 3438 1314 et
3469 1274 3585 1314 οω-

1931 1355 2056 1408 tera
2084 1367 2207 1423 quas
2241 1349 2521 1407 Dominus
2552 1348 2609 1404 in
2643 1344 2951 1419 Evangelio
2998 1345 3310 1419 diligenter
3336 1362 3581 1403 enume-

1930 1444 2042 1498 rat.
2075 1440 2188 1496 Sed
2228 1437 2506 1496 obstinati
2553 1437 2613 1493 in
2652 1436 2919 1507 operibus
2973 1434 3240 1502 mortuis,
3288 1439 3446 1509 quasi
3486 1453 3579 1493 sur

1928 1532 1989 1586 in
2011 1531 2291 1587 volutabro
2314 1529 2379 1596 (ΙΙ
2404 1533 2550 1586 Petr.
2575 1544 2640 1595 11,
2664 1526 2793 1597 22);
2824 1530 2881 1580 et
2902 1526 3070 1596 quasi
3095 1525 3363 1594 iumenta
3386 1534 3577 1597 putre·

1927 1619 2238 1677 scebantin
2252 1621 2646 1683 stercoresuO,
2663 1616 2759 1688 pia
2774 1612 3008 1670 Domini
3022 1612 3459 1685 longanimitate
3480 1612 3573 1669 ab·

1927 1712 2191 1776 utentes;
2243 1708 2413 1780 quasi
2459 1705 2672 1778 quibus
2729 1721 2763 1760 a
2799 1703 3041 1760 Domino
3078 1702 3403 1759 diceretur:
3439 1703 3570 1758 Per·

1930 1801 2202 1865 catrices,
2233 1805 2288 1854 et
2335 1812 2446 1853 non
2472 1794 2805 1855 doluerunt:
2860 1792 3053 1849 curavi
3089 1806 3197 1859 cos,
3234 1795 3424 1849 elnon
3454 1795 3589 1847 sunt

1932 1889 2120 1947 sanati
2147 1888 2278 1960 (Jer.
2301 1904 2357 1956 v,
2389 1888 2465 1956 3).

2584 1972 2817 2030 CAPUT
2847 1971 2936 2028 IX.

1934 2066 2205 2138 Quomodo
2249 2067 2480 2139 peccatis
2523 2062 2886 2135 exigentibus,
2923 2062 3109 2118 Persoe
3141 2074 3312 2132 usque
3348 2057 3419 2114 od
3452 2055 3584 2114 Hel·

2076 2158 2379 2229 cespontum
2410 2157 2696 2211 universas
2731 2158 3134 2224 occupaverunt
3168 2150 3437 2220 reqiones.

2004 2247 2106 2305 His
2133 2247 2314 2319 igitur
2341 2248 2399 2302 et
2439 2241 2776 2316 hujusmodi
2808 2241 2878 2297 ad
2909 2237 3272 2296 iracundiam
3301 2254 3583 2310 provoca-

1934 2340 2028 2394 tus
2058 2336 2366 2403 Dominus,
2418 2349 2534 2391 non
2561 2331 2749 2389 solum
2781 2346 2879 2387 eos
2918 2329 3018 2401 qui
3057 2329 3117 2384 in
3146 2332 3301 2385 terra
3330 2326 3579 2399 promis·

1931 2424 2109 2483 sionis
2137 2427 2302 2482 erant
2331 2423 2550 2492 fideles,
2586 2419 2870 2494 praedictas
2904 2419 3116 2490 Jugum
3147 2417 3444 2474 servitutis
3474 2433 3581 2488 pa-

1929 2516 2182 2573 tiebatur
2231 2517 2481 2585 portare,
2523 2516 2582 2567 et
2627 2527 2807 2585 supra
2836 2509 2986 2566 vires
3035 2505 3315 2564 molestiis
3345 2506 3580 2579 fatigari

1930 2603 2391 2677 multiplicibus;
2439 2616 2642 2658 verum
2672 2607 2727 2657 et
2755 2598 2891 2656 aliis
2920 2598 3022 2670 qui
3052 2596 3242 2655 adbuc
3284 2611 3392 2653 sua
3418 2595 3581 2652 vide-

1928 2698 2142 2755 bantur
2186 2693 2458 2751 libertate
2496 2692 2771 2764 gaudere,
2822 2692 2880 2745 et
2924 2687 3143 2760 quibus
3188 2693 3413 2743 certum
3459 2693 3585 2742 erat

1926 2785 2124 2844 omnia
2153 2800 2258 2858 pro
2285 2781 2436 2840 votis
2462 2780 2795 2844 succedere,
2825 2776 3127 2835 suscitavit
3154 2772 3581 2835 adversarium.

1928 2873 2226 2947 flagellum
2249 2871 2619 2945 populorum,
2636 2867 2934 2934 malleum,
2957 2865 3240 2923 universas
3258 2868 3448 2922 terrae.
3473 2863 3581 2920 Re·

1926 2969 2144 3040 guanto
2172 2965 2331 3022 enim
2353 2963 2506 3037 apud
2526 2962 2757 3021 Graeoos
2776 2958 3055 3027 Romano,
3079 2956 3182 3029 qui
3202 2955 3579 3030 cognomina·

1926 3064 2025 3113 tus
2051 3059 2143 3113 est
2186 3055 2490 3127 Diogenes,
2529 3055 2589 3109 et
2630 3067 2767 3109 cum
2798 3049 2955 3107 omni
3010 3046 3391 3122 prosperitate
3430 3048 3582 3102 Con·

1927 3144 2513 3217 stantinopolitanum
2541 3141 2985 3200 administrante
3010 3137 3350 3212 imperium,
3381 3151 3581 3208 egres·

1926 3251 2028 3293 sus
2056 3243 2141 3292 est
2182 3236 2255 3291 de
2298 3232 2526 3290 intimis
2567 3231 2784 3288 fluibus
2832 3228 3108 3298 Orientis,
3165 3227 3477 3284 Persarum
3527 3233 3582 3281 et

1923 3325 2302 3400 Assyriorum
2350 3332 2583 3396 satrapa
2631 3321 3094 3393 potentissimus,
3148 3316 3430 3390 Belpbeth
3472 3333 3579 3373 no·

1926 3415 2104 3484 mine,
2147 3413 2439 3472 infinitam
2463 3411 2897 3470 incredularum
2920 3409 3222 3466 nationum
3238 3422 3437 3464 secum
3457 3409 3579 3461 tra-

1924 3505 2072 3563 hens
2104 3502 2570 3569 multitudinem,
2602 3516 2732 3574 ques
2762 3513 3075 3557 numerum
3099 3496 3398 3554 diceretur
3421 3510 3584 3552 exce-

1926 3594 2082 3661 dere,
2127 3598 2187 3651 et
2233 3593 2570 3650 universam
2639 3595 2806 3648 terras
2865 3586 3238 3660 superficiem
3307 3584 3579 3658 operiret.

1926 3685 2264 3742 Ascendens
2283 3698 2422 3756 ergo
2452 3682 2513 3738 in
2542 3679 2814 3737 curribus
2830 3681 2887 3735 et
2914 3676 3105 3749 equis,
3134 3677 3194 3733 in
3222 3673 3502 3748 gregibus
3522 3675 3582 3730 et

1926 3773 2229 3842 armentis,
2261 3775 2318 3829 et
2350 3769 2654 3843 magnifico
2686 3766 2862 3824 nimis
2884 3768 3161 3838 apparatu
3187 3763 3582 3835 finesingres-

1927 3879 2032 3920 sus
2061 3869 2145 3919 est
2184 3860 2439 3934 imperii,
2462 3861 2671 3917 cuncta
2691 3853 3193 3926 sibisubjiciensa
3221 3850 3582 3911 suburbanis

1926 3952 2373 4027 campestribus,
2423 3964 2613 4022 usque
2655 3948 2726 4006 ad
2775 3947 2953 4004 urbes
2983 3949 3247 4002 muratas
3286 3948 3341 4001 et
3366 3942 3584 4016 oppida

1929 4043 2348 4103 munitissima.
2381 4042 2507 4099 Non
2541 4044 2663 4097 erat
2692 4038 2793 4111 qui
2823 4037 3157 4106 resisteret;
3184 4052 3300 4093 non
3324 4037 3449 4091 erat
3483 4038 3585 4104 qui

1936 4152 2041 4209 pro
2069 4134 2275 4204 salute,
2311 4149 2411 4203 pro
2433 4131 2635 4188 liberis
2664 4138 2717 4186 et
2748 4127 3118 4200 conjugibuS,
3146 4135 3202 4182 et
3227 4124 3406 4198 (quod
3445 4138 3587 4198 gra-

1927 4224 2054 4280 vius
2101 4222 2214 4295 est)
2263 4237 2365 4294 pro
2408 4218 2678 4276 libertate
2727 4215 3109 4283 contendens,
3146 4230 3210 4271 se
3238 4214 3577 4286 opponeret.

1927 4314 2155 4370 Interea
2191 4311 2496 4368 nuntiatur
2543 4306 2879 4381 imperatori
2925 4304 3152 4377 gladius
3201 4301 3575 4369 incumbens,

173 4384 355 4442 cidiis.
387 4386 857 4450 Fornicationum
885 4394 1063 4452 etiam
1092 4413 1279 4471 genus
1298 4405 1618 4474 quodlibet,
1650 4405 1818 4478 quasi
1924 4404 2011 4460 vis
2049 4403 2254 4473 major,
2298 4403 2358 4457 et
2384 4398 2617 4456 hostilis
2647 4395 2935 4453 exercitus
2972 4393 3369 4453 Christianum
3402 4389 3584 4447 deva·

175 4491 267 4533 res
312 4475 492 4549 licita,
542 4481 761 4550 passim
806 4488 866 4540 et
910 4485 1036 4543 sine
1069 4489 1275 4547 rubore
1302 4495 1671 4551 exercebatur
1710 4495 1817 4552 im·
1850 4469 1900 4535 υ
1927 4496 2090 4549 stans
2111 4489 2421 4562 imperium
2446 4486 2600 4559 ;qui,
2626 4502 2728 4557 pro
2746 4483 3044 4557 republica
3061 4481 3372 4549 sollicitus,
3399 4496 3583 4552 expe-

176 4582 350 4639 pune.
382 4568 489 4624 Sed
539 4585 645 4627 neo
689 4572 842 4629 inter
884 4575 1091 4635 afflues
1135 4585 1237 4637 aut
1283 4585 1660 4656 propinquos,
1693 4589 1819 4642 tuta

174 4662 342 4715 erant
371 4659 878 4721 matrimoniorum
912 4666 1142 4725 ioedera.
1175 4672 1375 4728 Amica
1400 4672 1731 4730 coelestibus
1760 4678 1819 4731 et

176 4747 291 4806 Deo
338 4749 597 4823 placens,
642 4753 812 4824 quasi
870 4771 960 4813 res
994 4756 1149 4821 vilis,
1189 4761 1364 4832 Jussa
1411 4763 1657 4833 migrare
1693 4768 1818 4820 erat

173 4840 551 4897 continentia.
604 4840 719 4900 Nee
760 4845 1132 4915 parcimoniae
1171 4856 1273 4907 aut
1314 4851 1614 4909 sobrietati
1653 4852 1817 4912 locus

170 4932 317 4996 erat,
348 4929 449 4985 ubi
478 4929 673 5005 luxus,
702 4938 760 4990 et
786 4935 1057 5010 ebrietas,
1090 4942 1147 4995 et
1184 4957 1399 5012 pernox
1447 4940 1575 4999 alea
1605 4959 1816 5013 preoc-

172 5023 526 5088 cupaverant
552 5020 743 5080 aditus
770 5030 946 5098 atque
966 5028 1114 5084 atria
1145 5030 1540 5101 possidebant.
1569 5032 1685 5090 Nec
1706 5033 1819 5091 cle·

174 5121 272 5164 rus
302 5123 337 5164 a
366 5107 577 5180 populo
615 5111 732 5168 vita
760 5115 1042 5173 nobiliore
1085 5119 1402 5193 differebat,
1435 5123 1535 5179 sed
1567 5124 1723 5180 sicut
1754 5124 1814 5180 in

174 5197 455 5271 propbeta
498 5198 749 5270 legitur:
803 5203 955 5259 Sicut
1010 5209 1268 5280 populus,
1328 5211 1414 5267 ila
1476 5216 1525 5267 et
1569 5212 1815 5269 sacerdos

54 5333 67 5346 ,
171 5289 334 5357 (Osee
360 5305 438 5362 1v,
466 5289 541 5362 ⁹3
573 5292 685 5348 lm.
719 5308 867 5361 xxxv,
898 5293 978 5366 2).
1009 5295 1157 5353 Nam
1179 5300 1434 5374 episcopi
1459 5302 1814 5376 negligentes

172 5379 310 5435 faeti
347 5384 539 5450 erant,
585 5396 749 5439 conos
786 5385 947 5451 muti,
997 5401 1109 5443 non
1154 5390 1392 5448 valentes
1439 5392 1645 5449 latrare
1687 5392 1813 5465 (Iso.

173 5481 284 5536 xm,
316 5469 444 5542 10);
490 5486 872 5543 personarum
923 5479 1281 5551 acceptores,
1328 5479 1452 5537 oleo
1500 5482 1816 5556 peccatoris

168 5556 603 5633 impinguentes
631 5560 817 5635 capita
844 5579 973 5638 sua,
1004 5568 1319 5627 commissa
1344 5570 1518 5629 ovilia
1536 5570 1691 5645 lupis
1718 5586 1815 5629 ve·

1927 4582 2176 4639 ditiones
2203 4580 2480 4636 convocat
2507 4577 2797 4648 equitum,
2845 4579 2905 4630 et
2935 4574 3197 4646 peditum
3227 4570 3449 4640 colligit
3478 4585 3580 4626 co-

1927 4671 2077 4746 pias,
2104 4673 2357 4743 quantas
2385 4666 2703 4725 imminens
2733 4662 3123 4737 compellebat
3151 4660 3490 4729 necessitas,
3521 4662 3581 4715 et

1926 4766 2179 4837 quantas
2228 4760 2569 4817 universum
2611 4755 2923 4829 imperium
2971 4757 3198 4827 poterat
3225 4751 3580 4808 ministrare.

1925 4853 2074 4920 Quid
2107 4852 2274 4924 plura
2292 4851 2320 4906 ⁴?
2347 4847 2719 4921 congregatis
2749 4843 3081 4918 legionibus
3111 4847 3169 4901 et
3187 4840 3454 4915 equitatu
3483 4855 3584 4896 co-

1929 4942 2112 5015 pioso,
2144 4939 2419 4996 hostibus
2448 4935 2706 5010 procedit
2734 4935 2965 4991 obviam
2993 4949 3009 4990 ε
3059 4935 3118 4989 et
3146 4929 3379 5003 imperii
3414 4943 3585 5000 pene-

1927 5029 2098 5086 tralia
2117 5029 2244 5101 jam
2276 5025 2512 5093 tenenti,
2534 5031 2593 5081 et
2620 5023 2692 5080 ad
2713 5022 2993 5080 interiora
3018 5021 3144 5092 jam
3166 5032 3497 5090 progress0,
3522 5016 3583 5072 in

1928 5137 2107 5179 manu
2141 5120 2293 5187 forti,
2326 5117 2427 5175 sed
2473 5118 2665 5173 favore
2715 5113 2912 5171 divino
2944 5113 3263 5169 destitutus
3300 5105 3583 5166 occurrit·

1924 5214 2191 5272 Certatur
2219 5209 2496 5281 utrinque
2517 5205 2815 5272 acerrime,
2848 5209 2905 5261 et
2926 5203 3111 5275 copiis
3143 5216 3288 5273 pene
3318 5198 3578 5273 paribus,

1925 5302 2029 5360 sed
2056 5301 2209 5358 odiis
2248 5296 2588 5370 maJoribus,
2620 5292 2818 5366 qualia
2843 5291 3135 5365 sacrilegii
3157 5290 3321 5348 dolor
3349 5290 3406 5345 et
3423 5287 3585 5343 aelus

1925 5391 2067 5448 fldet
2086 5389 2235 5447 solet
2251 5399 2583 5461 suggerere.
2605 5381 2755 5451 Quid
2779 5380 3006 5438 multa?
3039 5382 3188 5438 Perit
3214 5376 3577 5436 Christianus

1925 5480 2231 5551 exercitus,
2290 5476 2554 5535 fidelium
2618 5470 3008 5546 prosternitur
3081 5468 3278 5528 acies:
3337 5465 3584 5538 sanguis

1924 5569 2141 5631 certat
2169 5569 2511 5642 redemptus
2561 5561 2844 5637 sanguine
2889 5561 2966 5620 ab
2993 5559 3195 5635 impiis
3225 5556 3579 5624 effunditur;
