3784 6000
168 278 286 351 1'19

1215 263 1567 329 ARNULFI
1608 259 2123 325 LEXOVIENSIS
2164 258 2523 323 Eptscopt

3463 255 3581 319 180

166 409 407 476 veniret,
438 412 497 466 et
512 407 674 466 velut
710 404 996 464 exercitus
1025 400 1119 458 sui
1158 399 1434 458 facultate
1475 399 1807 470 conspecta,
1839 400 1886 466 Α
1927 390 3581 466 sum,perpetuadamnaretobscuritas.Susceptisitaque

167 498 366 573 ipsam
397 512 461 555 se
491 495 720 570 plenius
741 491 998 550 Ecclesia
1014 495 1196 547 mater
1212 491 1604 560 cognosceret,
1639 492 1700 542 ut
1719 486 1817 542 ad-

165 603 398 655 versum
427 587 565 643 vitia
577 584 833 642 severius
854 581 1230 652 insurgendo,
1252 577 1604 635 instantium
1637 572 1819 632 bello-

170 692 306 735 rum
345 674 673 746 triumphos
718 674 912 744 posset
957 669 1350 726 confidentius
1390 664 1703 738 auspicari.
1733 664 1816 720 Te

170 784 306 826 vero
337 767 409 823 ad
440 766 548 822 hoc
577 781 646 822 ea
687 777 1037 820 convocasse
1067 760 1202 834 quis
1233 758 1479 828 dubitat,
1511 760 1576 814 ut
1605 754 1815 828 cupido

172 856 372 914 animo
394 860 515 922 tuo,
548 857 605 911 et
633 851 865 909 libidini
911 849 1252 913 dominandi
1286 862 1510 906 morem
1549 861 1817 920 gereres;

171 948 392 1003 etcum
440 942 768 1001 satietatem
812 940 1059 998 discrete
1091 937 1458 1010 singularum
1509 950 1816 993 causarum

172 1032 335 1090 lucra
365 1048 481 1088 non
514 1034 808 1104 premant,
832 1029 1025 1100 ipsam
1056 1027 1316 1100 plurium
1346 1023 1660 1082 multitudo
1683 1040 1818 1082 con-

169 1125 408 1195 gregata
435 1121 708 1178 conflaret
726 1119 754 1175 Ἰ
774 1118 922 1175 Proh
942 1116 1124 1185 dolor,
1156 1120 1215 1175 et
1244 1113 1572 1173 miserabile
1601 1113 1817 1170 caden-

173 1211 255 1268 tis
281 1210 547 1267 Ecclesiae
581 1206 1033 1267 detrimentum!
1068 1206 1271 1266 Videre
1326 1203 1473 1261 mihi
1522 1202 1742 1273 videor,
1766 1208 1820 1259 te

172 1299 345 1372 quasi
363 1302 599 1356 taurum
622 1296 897 1370 pinguem
918 1295 980 1353 in
1001 1292 1594 1367 sublimisynodalem
1617 1291 1818 1350 cathe-

173 1389 345 1446 dram
376 1386 688 1455 insedisse,
718 1384 1152 1458 dispositosque
1208 1380 1453 1439 inferius
1489 1379 1818 1439 catholicos

172 1493 241 1534 ex
256 1477 463 1535 ordine
483 1480 683 1533 Patres
702 1473 991 1547 quidquid
1015 1472 1077 1530 in
1098 1471 1292 1530 causis
1311 1469 1544 1531 conscia
1559 1468 1820 1527 veritatis

176 1566 501 1639 protendat
530 1563 735 1630 oratio,
755 1562 880 1636 pari
898 1561 1307 1634 desperatione
1318 1559 1686 1632 languentes,
1706 1558 1819 1616 sub

173 1655 398 1713 incerto
453 1653 681 1711 ruentis
738 1651 1037 1710 sententiaa
1095 1651 1402 1707 fluctuare.
1450 1648 1633 1706 Malos
1685 1664 1819 1705 vero

172 1747 394 1814 quanto
424 1740 824 1812 impudentius
878 1740 1139 1811 quidem,
1172 1741 1337 1796 tanto
1370 1735 1704 1795 animosius
1733 1733 1821 1792 in·
1849 1767 1898 1835 B

171 1833 448 1889 sistentes
476 1830 689 1898 efferri,
729 1846 874 1902 quos
923 1827 1166 1901 polliciti
1205 1827 1296 1885 vel
1327 1826 1525 1885 collati
1556 1823 1819 1884 muneris

173 1919 530 1977 confidentia
557 1917 804 1976 suscitat
821 1922 879 1975 et
899 1917 1147 1974 inducit.
1177 1916 1343 1982 Quod
1376 1932 1492 1973 non
1514 1915 1641 1973 sine
1667 1930 1820 1987 quo-

172 2009 307 2067 dam
323 2007 747 2083 indignationis
778 2010 939 2065 motu
970 2006 1116 2063 mihi
1139 2009 1336 2064 mente
1355 2006 1645 2074 reform03
1676 2005 1818 2062 dum

173 2095 635 2170 intemperantia
685 2102 797 2153 tuae
853 2093 1122 2152 recordor
1171 2094 1527 2165 impensum,
1559 2092 1714 2165 quod
1744 2090 1817 2148 ad

172 2184 438 2245 decorem
469 2184 739 2243 Ecclesia
769 2183 1406 2242 nosciturinstitutum.
1439 2180 1818 2252 Pervulgatus

173 2278 267 2333 est
293 2275 676 2334 conciliorum
688 2273 897 2341 bonas,
928 2277 986 2330 et
1003 2271 1260 2343 dignitos
1280 2272 1579 2345 abrogata,
1602 2269 1820 2344 quibus

170 2368 229 2422 te
268 2364 605 2436 praesedisse
651 2365 904 2432 constat,
951 2364 1010 2419 et
1056 2376 1205 2417 nova
1249 2358 1525 2432 gentibus
1557 2359 1817 2417 Romano

175 2456 362 2510 morte
391 2453 623 2509 decreta
680 2451 985 2508 formasse.
1015 2450 1202 2522 Super
1248 2465 1364 2521 quo
1393 2446 1645 2522 graviter
1663 2447 1820 2504 indi·

172 2544 411 2614 gnatus,
444 2539 647 2598 festive
666 2539 848 2597 simul
895 2544 955 2596 et
990 2538 1231 2596 honeste
1269 2554 1449 2596 senex
1473 2536 1819 2595 Venetensis

174 2628 385 2689 illuait.
416 2631 473 2687 Is
494 2644 630 2687 cum
659 2629 732 2686 ad
763 2629 1060 2701 quoddam
1105 2627 1419 2687 concilium
1469 2631 1636 2684 tuum
1669 2627 1820 2684 inter

168 2719 548 2793 coepiscopos
585 2722 830 2776 vocatus
889 2718 1141 2789 adesset,
1186 2715 1540 2790 pastoralem
1568 2714 1817 2789 virgam,

169 2808 376 2866 rudem
393 2812 451 2866 et
468 2807 921 2881 incompositam
967 2804 1241 2878 praetulit,
1258 2806 1600 2864 indumento
1614 2803 1820 2877 veteri,

168 2897 326 2971 quod
346 2897 535 2956 multa
546 2898 675 2970 jam
705 2897 967 2956 scissura
993 2895 1269 2968 rupisset,
1286 2894 1558 2953 amictus.
1574 2896 1822 2952 Interro-

167 2992 337 3064 gatur
362 2987 540 3061 igitur
568 2987 750 3046 curin
783 2990 902 3045 tam
934 2985 1035 3046 vili
1073 2990 1132 3046 et
1158 2984 1420 3044 irrisorio
1451 2982 1656 3043 habitu
1687 3000 1820 3055 pro·

168 3079 463 3147 cessisset,
510 3078 781 3136 libertate
836 3077 1212 3138 conscientiae
1265 3075 1523 3134 munitus
1558 3088 1574 3131 τ
1611 3095 1634 3125 ι
1678 3073 1820 3132 Tale

167 3167 385 3241 inquit,
406 3166 717 3225 concilium
739 3166 876 3225 talis
905 3166 1069 3224 decet
1098 3172 1359 3223 ornatus.
1393 3186 1424 3215 ι»

240 3255 443 3325 Qualis
475 3256 548 3313 ab
581 3255 751 3313 initio
776 3255 1154 3329 pontificatus
1178 3253 1261 3310 tui
1283 3252 1596 3323 exstiteris,
1619 3252 1817 3311 minus

170 3342 363 3417 pleno,
397 3344 499 3402 sed
531 3344 723 3404 veraci
761 3358 1030 3402 sermone
1051 3342 1345 3415 digestum
1357 3345 1476 3405 est;
1507 3358 1665 3399 nunc
1683 3358 1816 3400 vero

168 3434 310 3507 quid
323 3433 513 3507 egeris
534 3435 679 3491 dum
693 3434 975 3491 adversus
995 3431 1317 3491 Ecclesiam
1330 3431 1584 3505 procella
1603 3435 1817 3506 tempe-

169 3523 337 3581 statis
358 3524 707 3597 insurgeret,
730 3525 1155 3596 consequenter
1173 3522 1605 3581 adnectendum
1634 3524 1744 3580 est.

815 3664 1047 3724 CAPUT
1076 3665 1176 3725 111.

238 3795 387 3851 Cum
416 3791 687 3852 sublatus
714 3807 747 3850 e
784 3790 977 3850 medic
1007 3791 1177 3849 bonae
1197 3790 1492 3849 memorias
1533 3806 1684 3865 papa
1701 3789 1817 3847 Ho-

171 3886 395 3955 norius,
418 3891 582 3943 terrm
631 3900 865 3957 corpus,
897 3882 1044 3941 coelo
1092 3881 1393 3955 spiritum,
1424 3898 1534 3940 sua
1563 3880 1817 3955 singulis

166 3972 363 4029 debita
407 3973 789 4045 resignasset,
810 3971 985 4044 eique
1039 3971 1408 4029 successione
1455 3970 1700 4045 dignum
1721 3987 1819 4028 ca-

170 4063 385 4122 nonica
413 4063 794 4137 subrogasset
803 4063 1030 4135 electio,
1044 4062 1367 4121 Ecclesiam
1380 4063 1482 4121 Dei
1500 4062 1704 4121 Petrus
1720 4060 1819 4119 ille

169 4152 559 4210 Petri-Leonis
587 4152 815 4209 invasit.
850 4151 1047 4211 Placet
1065 4151 1318 4209 hocloco
1339 4151 1487 4210 mihi
1511 4152 1821 4224 utriusque

168 4256 433 4315 personas
479 4240 816 4299 describere
874 4241 1243 4313 qualitatem.
1277 4246 1345 4298 ut
1363 4241 1436 4297 de
1473 4241 1704 4298 duobus
1734 4241 1821 4297 si-

171 4327 375 4386 milem
396 4329 607 4387 similis
627 4329 874 4402 elegisse
895 4329 1174 4402 proberis,
1191 4333 1250 4387 et
1268 4329 1546 4401 cupidum
1568 4329 1818 4403 cupidus

167 4417 466 4478 adorasse.
499 4419 870 4477 Parcendum
901 4422 1097 4478 tamen
1128 4422 1218 4477 est
1256 4418 1600 4477 obscenitati
1620 4419 1820 4477 verbo·

1927 481 2062 539 fidei
2095 480 2507 549 sacramentis,
2533 480 2634 538 ubi
2658 496 2842 539 novus
2863 480 3004 539 civis
3033 480 3372 552 insitusest,
3396 479 3583 537 factus

1927 571 2211 646 dignitate
2238 576 2563 629 Romanus.
2595 569 2861 645 Cumque
2907 570 3015 642 ipsi
3054 585 3429 628 numerosam
3452 586 3585 643 pro·

1924 662 2152 737 geniem
2185 660 2366 719 series
2395 658 2789 718 successionis
2810 660 3062 730 afferret,
3086 659 3227 717 dum
3259 681 3288 710 «
3321 673 3507 733 genus
3528 663 3588 717 et

1923 752 2173 810 formam
2204 750 2402 824 regina
2431 750 2679 824 pecunia
2710 751 2891 810 donat
2920 774 2974 822 κ,
3006 752 3245 811 alternis
3276 751 3585 809 matrimo-

1927 843 2043 902 niis
2063 859 2268 901 omnes
2297 840 2411 900 sibi
2443 840 2671 900 nobiles
2692 843 2939 902 civitatis
2959 842 3183 907 ascivit,
3207 842 3584 901 machinante

1919 933 2046 1007 jam
2078 931 2320 989 humani
2350 932 2580 1005 generIs
2609 930 2780 991 hoste
2811 936 2876 990 nt
2912 932 3084 1007 quasi
3114 934 3370 1008 quodam
3402 933 3582 990 veteri

1924 1023 2231 1091 fermento,
2263 1024 2387 1077 tota
2415 1021 2689 1078 Romanae
2708 1020 3063 1079 sinceritatis
3083 1021 3422 1095 conspersio
3444 1038 3582 1080 cor-

1927 1115 2315 1184 rumperetur.
2347 1113 2427 1167 Ex
2473 1109 2583 1167 hac
2625 1109 2828 1182 itaque
2882 1111 3249 1169 diversorum
3290 1127 3579 1185 generum

1927 1199 2198 1270 mistura,
2228 1199 2487 1271 Girarde,
2519 1199 2723 1256 Petrus
2761 1199 2873 1257 iste
2910 1203 3049 1258 tuus
3066 1204 3305 1260 exortus
3346 1204 3459 1269 est,
3480 1201 3581 1275 qui

1927 1294 1987 1349 et
2008 1288 2302 1361 iudaicam
2337 1287 2483 1345 facie
2510 1291 2882 1360 repraesentet
2933 1288 3278 1363 imaginem,
3308 1296 3363 1349 et
3404 1288 3583 1363 perfi-

1928 1378 2087 1439 diam
2115 1382 2248 1436 votc
2278 1378 2492 1436 referat
2513 1380 2573 1435 et
2592 1379 2830 1437 affectu.

1996 1471 2176 1526 Porro
2205 1466 2404 1540 ipsum
2431 1484 2466 1524 a
2494 1466 2803 1537 cunabilis,
2832 1468 2905 1526 ab
2938 1467 3126 1541 ipsius
3164 1467 3413 1527 nutricis
3443 1467 3583 1527 ube-

1927 1558 2113 1628 ribus,
2135 1556 2489 1632 apostolatui
2511 1573 2768 1631 praesaga
2784 1561 3102 1631 parentum
3121 1557 3441 1616 destinavit
3460 1575 3580 1616 am·

1928 1648 2110 1720 bitin,
2139 1653 2310 1722 atque
2358 1651 2491 1721 post
2545 1647 2726 1722 prima
2747 1647 3079 1709 litterarum
3110 1647 3445 1713 rudimenta
3474 1649 3580 1706 do·

1926 1739 2180 1797 cendum
2201 1736 2488 1811 delegavit
2516 1736 2577 1793 in
2625 1735 2899 1809 Galliam,
2925 1741 2997 1797 ut
3025 1737 3189 1797 illius
3212 1737 3377 1812 regni
3406 1738 3581 1796 benc·

1928 1828 2242 1889 volentiam
2270 1828 2386 1901 ipsi
2406 1843 2659 1899 morum,
2687 1825 3024 1901 linguisque
3044 1827 3434 1887 conformatio
3454 1827 3582 1886 viu·

1930 1917 2172 1975 dicaret.
2209 1916 2401 1976 Totius
2434 1915 2616 1991 igitur
2644 1915 2816 1975 annis
2846 1916 3110 1990 pueritiae
3130 1934 3273 1988 suae,
3303 1920 3372 1975 ut
3398 1916 3581 1975 bone·

1930 2006 2076 2065 stius
2123 2006 2434 2065 inhonesta
2477 2005 2772 2074 dicantur,
2799 2006 2873 2065 ad
2910 2021 3085 2065 omne
3128 2022 3192 2066 se
3224 2007 3382 2081 quod
3409 2006 3584 2066 alteri

1930 2095 2293 2155 collibuisset
2312 2094 2605 2168 exposuit,
2621 2100 2900 2169 metuque
2921 2094 3169 2155 Romani
3191 2094 3451 2154 nominis
3473 2096 3582 2154 im·

1931 2187 2217 2260 portunus
2273 2187 2527 2252 exactor,
2558 2183 2766 2242 alienis
2813 2183 3142 2243 adolescere
3194 2200 3312 2242 non
3360 2184 3582 2257 refugit

1929 2273 2219 2348 expensis.
2233 2273 2304 2331 Et
2325 2277 2521 2330 tamen
2543 2273 2666 2330 haic
2676 2272 3112 2346 aliquantulum
3126 2273 3453 2331 modestius
3473 2290 3579 2331 ex-

1928 2368 2056 2422 acta
2075 2367 2234 2432 sunt,
2256 2363 2396 2421 dum
2426 2363 2624 2436 ipsum
2663 2362 2972 2436 disciplina
3019 2363 3305 2423 scholaris
3324 2363 3575 2436 inhibet,

1929 2460 1983 2511 et
2012 2452 2363 2526 quotidiana
2394 2452 2675 2527 propedit
2702 2452 2983 2513 instantia
3020 2452 3310 2520 lectionis,
3339 2461 3396 2512 et
3416 2472 3576 2528 que·

1928 2542 2064 2599 dam
2086 2541 2336 2600 crimina
2355 2542 2641 2601 naturalis
2662 2542 3001 2615 impotentia
3017 2546 3271 2602 removet
3289 2544 3363 2601 ab
3382 2547 3572 2602 aetate.

1927 2632 2001 2689 At
2028 2646 2159 2689 vero
2217 2634 2529 2704 postquam
2560 2630 2950 2689 adolescentia
2976 2635 3032 2690 et
3062 2633 3342 2706 peccandi
3379 2633 3573 2692 facul-

1931 2723 2131 2786 tatem.
2157 2723 2215 2777 et
2243 2717 2540 2779 licentiam
2582 2720 2716 2778 fecit
2769 2719 3010 2779 liberius
3047 2721 3351 2795 evagandi,
3384 2722 3432 2780 si
3463 2739 3574 2796 qua

1929 2809 2221 2883 superbia,
2248 2810 2301 2867 si
2341 2826 2457 2882 qua
2500 2808 2822 2884 petulantia
2868 2815 2975 2881 est,
3007 2814 3134 2868 tum
3163 2828 3293 2871 vere
3321 2812 3446 2884 ipsc
3475 2830 3570 2870 su-

1931 2900 2144 2970 perbus
2175 2903 2235 2956 et
2277 2898 2545 2971 petulans
2581 2899 2743 2955 omni
2771 2898 3237 2973 intemperantia
3267 2917 3394 2959 sese
3425 2902 3571 2960 satis

1930 2986 2301 3060 impudenter
2341 2984 2581 3044 addixit.
2606 2986 2867 3047 Profecto
2908 3004 3046 3045 cum
3081 2987 3141 3046 in
3183 2987 3276 3048 his
3296 2990 3575 3064 operibus

1930 3092 2035 3136 nec
2064 3076 2250 3135 Deum
2278 3076 2550 3150 dignatur
2569 3076 2837 3146 revereri,
2861 3093 2967 3135 nec
3000 3078 3319 3148 hominem,
3348 3084 3572 3137 tantam

1928 3166 2040 3224 sibi
2071 3166 2378 3227 suscitavit
2413 3165 2738 3237 infamiam,
2771 3172 2837 3225 ut
2882 3167 3009 3240 ejtis
3048 3169 3571 3239 ortu,ambitione,

1920 3256 2157 3331 vitaque
2185 3256 2578 3331 praecognitis,
2599 3256 2798 3330 ipsum
2823 3273 2952 3315 essc
2979 3258 3413 3318 Antichristum
3441 3261 3572 3318 nni-

1921 3346 2166 3404 versitas
2196 3346 2461 3420 gentium
2491 3345 2713 3419 passim
2745 3348 3021 3416 crederet,
3052 3352 3112 3405 et
3140 3348 3375 3421 publice
3397 3353 3573 3407 testa-

1921 3440 2101 3496 retur.
2135 3436 2400 3510 Augebat
2430 3434 2630 3502 iidem,
2653 3437 2806 3509 quod
2837 3452 2908 3494 ex
2923 3436 2956 3494 J
2965 3436 3145 3495 udaeis
3176 3442 3383 3508 ortus;
3415 3439 3573 3512 quod

1920 3527 2100 3585 totius
2130 3527 2336 3583 mundi
2357 3525 2682 3585 dominium
2702 3526 2979 3584 Romanae
2989 3528 3144 3585 sedis
3162 3529 3575 3601 auspicabatur

1921 3616 2163 3675 obtentu
2179 3633 2195 3685 ς
2209 3616 2367 3689 quod
2388 3615 2546 3674 vitiis
2566 3615 2825 3688 deditus,
2849 3617 3154 3675 infamiam
3177 3616 3339 3676 nulla
3356 3619 3573 3677 virtute

1927 3704 2260 3773 redimeret,
2285 3709 2343 3762 et
2370 3705 2523 3777 quod
2547 3704 2838 3763 infinitam
2857 3704 3041 3780 patris
3061 3709 3120 3764 ct
3144 3709 3236 3766 avi
3266 3708 3574 3780 pecuniam

1922 3794 2194 3866 deinceps
2223 3809 2602 3867 possessurus
2628 3798 2799 3854 esset.
2827 3798 2955 3869 lpse
2988 3800 3186 3854 autem
3217 3795 3362 3855 adeo
3394 3797 3576 3869 huius

1921 3882 2179 3941 nominis
2199 3882 2561 3958 gloriabatur
2580 3884 2911 3957 opprobrio,
2928 3893 2990 3942 ut
3009 3886 3190 3943 etiam
3219 3886 3392 3944 ruina
3412 3887 3575 3944 orbis

1922 3989 2038 4031 non
2068 3971 2437 4032 erubesceret
2476 3973 2785 4049 appellari.
2814 3973 3005 4033 Testis
3034 3977 3127 4033 est
3155 3973 3575 4035 vizeliacensis

1922 4061 2202 4131 Ecclesia,
2220 4062 2375 4135 apud
2412 4078 2592 4135 quam
2624 4064 2768 4122 dum
2804 4066 3029 4124 veteres
3058 4065 3131 4121 ad
3164 4064 3571 4124 innovandum

1923 4152 2052 4226 ipso
2080 4150 2355 4210 audiente
2375 4151 2965 4226 diruerentpfflcinas,
2990 4155 3061 4213 ad
3082 4154 3571 4229 contemplandas

1923 4242 2210 4315 parietum
2230 4242 2430 4300 ruinas
2449 4256 2574 4299 sese
2590 4241 2727 4300 duci
2757 4243 3109 4317 propensius
3128 4243 3410 4317 exigebat.
3438 4245 3572 4305 Per-

1924 4336 2347 4406 cunctatusque
2376 4348 2483 4392 cur
2511 4332 2568 4390 id
2610 4333 2806 4392 videre
2833 4337 2957 4393 tam
2998 4334 3234 4394 sedulus
3263 4341 3530 4395 exoraret
3557 4362 3574 4407 ς

1926 4422 2203 4495 quoniam
2235 4437 2581 4495 magnarum
2601 4437 2714 4493 me,
2741 4422 2957 4496 inquit,
2987 4440 3181 4483 rerum
3202 4424 3377 4485 ruina
3406 4426 3567 4486 dele-

168 4523 325 4580 rum,
356 4509 497 4567 dum
523 4508 678 4567 Petri
706 4508 823 4567 vita
839 4513 1134 4578 narratur,
1164 4512 1223 4566 et
1249 4524 1444 4567 rerum
1465 4509 1676 4567 veritas
1696 4524 1821 4566 ser-
1850 4495 1898 4562 D
1929 4516 2067 4584 ctat,
2098 4528 2167 4570 eo
2213 4513 2369 4585 quod
2416 4513 2576 4571 orbis
2631 4512 2799 4571 ruina
2837 4513 3071 4572 futurus
3099 4530 3229 4573 esse
3254 4515 3564 4589 predicar.

170 4615 413 4658 monum
469 4598 770 4673 pallianda
813 4600 1039 4670 decore,
1065 4604 1132 4658 ut
1169 4599 1355 4657 honos
1384 4598 1617 4656 habitus
1644 4598 1822 4657 hone·

168 4689 306 4747 stati
354 4688 673 4762 legentium
732 4687 1014 4747 videatur.
1057 4687 1220 4748 Libet
1289 4687 1469 4761 igitur
1525 4690 1816 4761 praeterire

166 4778 475 4852 antiquam
522 4778 841 4837 nativitatis
889 4779 1021 4851 eJus
1076 4778 1461 4852 originem,et
1493 4775 1809 4851 ignobilem

169 4867 424 4926 similem
446 4869 796 4942 prosapiam,
829 4884 934 4927 nec
967 4867 1279 4942 judaicum
1318 4884 1532 4926 nomen
1562 4867 1813 4924 arbitror

170 4958 607 5031 opponendum,
638 4959 711 5016 de
732 4959 948 5032 quihus
977 4959 1106 5034 ipse
1136 4975 1255 5018 non
1291 4958 1486 5017 solum
1507 4957 1813 5017 materiam

171 5046 391 5116 carnis,
421 5047 521 5104 sed
552 5048 730 5107 ctiam
758 5049 1048 5122 quasdam
1071 5048 1361 5122 primitias
1396 5047 1641 5123 ingeniti
1672 5064 1817 5106 con-

172 5137 352 5195 traxit
381 5136 614 5196 erroris.
657 5138 782 5209 Ipse
837 5140 995 5197 enim
1046 5139 1347 5198 sufficiens
1379 5142 1467 5197 est
1495 5142 1553 5197 et
1580 5138 1815 5212 copiosa

171 5225 440 5297 materia,
472 5241 661 5300 neque
688 5226 1017 5300 quidquam
1053 5226 1251 5286 domui
1291 5227 1419 5299 ejus
1434 5227 1564 5301 ipso
1585 5225 1813 5299 turpius

170 5314 260 5372 vel
284 5331 416 5375 esse
433 5314 524 5374 vel
545 5315 726 5375 fuisse
756 5317 1042 5390 conJecto.
1073 5318 1251 5390 Cujus
1270 5334 1413 5378 avus
1432 5331 1570 5376 cum
1590 5314 1815 5375 intesti-

68 5439 73 5446 -
172 5404 450 5464 mabilem
494 5407 808 5480 pecuniam
860 5405 1171 5481 multiplici
1218 5410 1580 5481 corrogasset
1607 5423 1810 5477 usura,

172 5498 511 5567 susceptam
557 5495 1081 5557 circumcisionem
1116 5495 1489 5571 baptismatis
1522 5496 1681 5556 unda
1708 5496 1817 5556 da·

174 5582 412 5642 mnavit.
445 5584 711 5646 Pudebat
735 5602 872 5646 eum
900 5586 1251 5660 impotentia
1263 5602 1389 5648 suo
1416 5587 1611 5661 potius
1631 5601 1813 5660 quam

173 5673 502 5746 moriame
528 5690 718 5749 genua
736 5678 869 5751 ejus
882 5675 1243 5738 infidelitatis
1270 5676 1579 5751 opprobrio
1608 5675 1813 5738 confu-

1929 4601 2067 4659 Post
2094 4600 2217 4659 haec
2246 4599 2515 4659 habitum
2545 4617 2771 4675 quoque
2808 4605 3196 4662 monachatus
3224 4606 3473 4679 excepit,
3505 4611 3569 4665 ut

1926 4691 2063 4750 vitia
2094 4690 2307 4750 mentis
2358 4691 2527 4751 ovino
2585 4690 2800 4752 velaret
2827 4693 3067 4763 amictu,
3097 4695 3407 4768 opprobria
3431 4695 3565 4754 vitai

1924 4780 2226 4855 preterito
2245 4780 2625 4840 cluniacense
2643 4797 2860 4841 nomen
2888 4783 3234 4855 obnuberet,
3253 4788 3313 4843 et
3330 4785 3569 4844 virtutis

1925 4870 2416 4932 existimationem
2446 4870 2728 4931 bonorum
2756 4872 2998 4931 societas
3027 4874 3268 4947 quesita
3293 4875 3564 4936 referret.

1925 4964 1991 5020 In
2020 4977 2132 5033 quo
2162 4960 2338 5019 etiam
2366 4960 2438 5018 ad
2467 4960 2590 5020 hnc
2619 4978 2751 5035 quas
2779 4962 2841 5020 in
2862 4963 3058 5023 futuro
3078 4962 3189 5022 sibi
3220 4979 3388 5023 mens
3420 4983 3576 5039 prae-

1922 5067 2065 5125 saga
2106 5052 2450 5125 spondebat,
2481 5051 2879 5113 cluniacensis
2922 5053 3193 5113 Ecclesiae
3238 5055 3569 5116 venabatur

1923 5139 2226 5209 auxilium,
2256 5156 2323 5200 eo
2342 5142 2500 5214 quod
2530 5141 2684 5200 inter
2711 5141 2995 5201 Ecclesias
3040 5142 3374 5203 Gallicanas
3401 5145 3576 5204 nulla

1922 5229 1999 5287 sit
2021 5230 2257 5289 nomine
2275 5230 2577 5305 religionis
2598 5229 2904 5300 illustrior,
2917 5232 3083 5292 nulla
3100 5233 3334 5293 consilii
3350 5233 3572 5294 discre-

1920 5318 2078 5378 tione
2108 5320 2472 5395 prudentior,
2489 5318 2655 5378 nulla
2683 5320 3008 5395 promptior
3027 5322 3099 5381 ad
3119 5321 3404 5396 obsequia
3424 5324 3572 5384 cha-

1921 5408 2134 5479 ritatis,
2183 5408 2405 5467 nullius
2454 5409 2515 5467 in
2572 5411 2844 5484 gerendis
2901 5410 3077 5470 rebus
3130 5411 3413 5474 auxilium
3472 5416 3569 5474 vel

1919 5498 2271 5584 promptius,
2300 5497 2391 5557 vel
2420 5498 2717 5558 efficacius
2745 5517 2877 5559 esse
2918 5505 3128 5576 potest.
3158 5502 3447 5562 Reversus
3469 5505 3573 5563 de-

1920 5587 2101 5661 nique
2132 5588 2399 5657 Romam,
2430 5589 2520 5648 illi
2553 5587 2974 5650 venerabilium
3006 5592 3304 5651 seniorum
3363 5610 3572 5653 sacro·

1919 5682 2124 5744 sancto
2182 5680 2516 5755 conventui,
2562 5680 2864 5752 annitente
2927 5685 3093 5757 patre
3139 5684 3571 5762 fratribusque,
