3784 6000
238 224 356 285 623

237 449 374 506 boni
404 451 512 506 viri
567 453 846 507 arbitratu
878 451 1042 507 fieret
1089 451 1141 507 ei
1174 451 1664 523 recompensati03
1716 460 1886 524 turpe

235 539 394 601 enim
425 541 717 595 videretur
743 545 801 595 et
829 539 1121 609 indecens,
1154 546 1218 595 ut
1246 542 1334 596 vir
1392 541 1607 596 nobilis
1654 546 1712 597 et
1763 550 1882 598 tam

236 627 471 685 famosae
507 629 666 684 urbis
697 629 993 697 dominus,
1028 631 1262 702 propria
1285 630 1487 701 pulsus
1518 630 1878 698 haereditate,

233 718 568 772 mendicare
625 718 1094 788 compelleretur.
1151 721 1441 774 Ainardus
1489 735 1640 786 vero,
1677 720 1882 775 videns

228 805 440 861 nobilis
471 810 573 860 viri
604 807 1082 878 petitionemjuri
1105 809 1245 862 satis
1264 809 1594 871 convenire,
1617 815 1674 863 et
1695 810 1884 880 aequi-

228 893 354 961 tati,
378 899 616 966 totaque
642 899 856 952 mentis
888 913 1205 968 properans
1236 898 1559 952 intentione
1582 904 1645 952 ut
1676 899 1882 954 civitas

223 979 283 1035 in
318 989 584 1038 nostram
619 985 837 1039 veniret
864 990 1232 1054 potestatem,
1259 987 1426 1054 juxta
1457 986 1690 1040 illorum
1723 987 1884 1041 desi-

228 1071 454 1126 derium
474 1087 534 1126 se
555 1073 806 1144 obligat:
832 1074 984 1144 quod
1014 1090 1200 1145 usque
1222 1075 1292 1129 ad
1319 1080 1539 1129 certam
1564 1091 1880 1140 summam,

227 1175 358 1230 quia
382 1160 535 1215 inter
562 1177 662 1216 eos
691 1163 960 1217 convenit
990 1162 1050 1217 in
1084 1163 1309 1218 balneis
1359 1166 1417 1218 et
1488 1164 1796 1234 promeriis
1828 1165 1881 1219 ei

228 1247 494 1303 redditus
526 1250 832 1305 annuatim
864 1250 1177 1306 solvendos
1200 1251 1548 1323 assignaret,
1579 1257 1635 1306 et
1668 1252 1879 1323 populo

227 1336 383 1392 exire
414 1337 698 1408 cupienti,
734 1338 983 1395 liberum
1016 1356 1151 1395 cum
1205 1341 1481 1396 omnibus
1526 1343 1701 1397 rebus
1749 1343 1876 1399 suis

227 1425 448 1480 exitum
493 1432 847 1497 procuraret.
898 1426 976 1483 Iis
1008 1444 1137 1484 vero
1168 1429 1267 1500 qui
1319 1431 1516 1484 urbem
1556 1435 1611 1484 et
1662 1431 1880 1500 praedia

223 1529 334 1569 sua
360 1519 484 1570 tam
510 1516 732 1571 urbana
763 1533 936 1588 quam
963 1517 1480 1583 rusticaincolere,
1501 1523 1558 1574 et
1580 1536 1874 1590 nusquam

223 1604 388 1660 abire
417 1605 648 1674 vellent,
683 1606 769 1661 vel
802 1609 869 1662 ad
930 1612 1181 1679 ternpus,
1235 1609 1319 1664 vel
1381 1611 1438 1664 in
1497 1616 1870 1680 perpetuum,

224 1693 393 1751 bonis
423 1696 858 1752 conditionibus
893 1697 1298 1768 tranquillam,
1349 1699 1464 1754 nde
1503 1701 1866 1770 interposita,

227 1798 449 1839 moram
484 1784 811 1855 pollicetur.
845 1787 1005 1853 Quod
1040 1787 1280 1843 verbum
1314 1792 1430 1842 tarn
1465 1789 1740 1844 dommus
1774 1806 1870 1845 rex

225 1886 402 1942 quam
434 1873 657 1944 reliqua
686 1875 882 1947 populi
908 1893 1057 1946 pars,
1092 1877 1299 1949 placite
1320 1879 1731 1951 suscipientes,
1767 1897 1866 1934 ur·

221 1957 357 2015 bem
386 1960 515 2017 sine
547 1979 709 2019 mora
741 1965 923 2034 parati
946 1971 1082 2021 sunt
1098 1966 1341 2023 tradere.
1365 1968 1652 2023 Ainardus
1678 1971 1868 2038 itaque

223 2047 426 2105 videns
457 2051 863 2108 conver-tiones
894 2055 965 2109 ad
989 2059 1247 2127 optatam
1285 2057 1614 2127 pervenisse
1654 2074 1864 2112 conso-

224 2137 509 2208 nantiam,
534 2142 722 2212 etjam
745 2141 804 2196 in
830 2143 990 2199 nullo
1011 2144 1285 2201 vacillare
1307 2163 1658 2213 sermonem,
1685 2148 1866 2202 domi·

218 2241 358 2283 num
392 2244 610 2301 regem,
670 2231 1079 2300 patriarcham,
1113 2233 1433 2305 principem
1492 2239 1549 2290 et
1587 2237 1861 2291 comitem

216 2315 569 2371 familiarius
600 2318 891 2387 convenit,
921 2325 978 2375 et
1009 2321 1088 2375 rei
1111 2322 1318 2376 seriem
1340 2323 1619 2378 secretius
1644 2334 1864 2395 pertra-

212 2409 409 2470 otatoe,
441 2405 752 2476 diligenter
796 2409 1001 2478 aperit,
1044 2414 1100 2464 et
1147 2410 1218 2465 ad
1269 2426 1617 2467 consensum
1669 2414 1859 2469 modis

213 2491 436 2562 quibus
467 2498 657 2563 potest
688 2494 988 2564 hortatur3
1026 2497 1110 2552 illi
1139 2514 1309 2568 porro
1340 2499 1447 2554 viri
1481 2503 1855 2572 prudentiam

208 2584 267 2635 et
298 2580 427 2635 lidei
470 2583 868 2639 sinceritatem
922 2586 1316 2657 attendentes,
1354 2590 1716 2645 conditiones
1747 2608 1858 2662 ap-

206 2669 478 2741 probant,
531 2678 584 2725 et
642 2687 1012 2729 comsensum
1046 2675 1448 2745 impartientes
1507 2678 1852 2747 gratuitum,

208 2758 410 2813 omnia
431 2773 494 2814 se
525 2759 778 2815 facturos
799 2762 968 2831 juxta
1001 2763 1159 2818 illius
1180 2764 1608 2820 ordinationem
1640 2768 1858 2824 firmis·-

219 2848 368 2903 sime
391 2850 893 2920 compromittunt.
926 2851 1018 2907 Sic
1050 2868 1184 2925 ergo
1217 2854 1448 2910 civitate
1466 2856 1679 2912 tradita
1703 2859 1855 2914 cives

211 2951 344 2992 cum
377 2939 537 2993 omni
556 2938 918 3011 supellectile
940 2959 1060 3010 sua,
1082 2959 1216 2998 cum
1243 2945 1521 3000 uxoribus
1543 2950 1601 3000 et
1630 2945 1850 3006 liberis.

205 3027 454 3084 liberum
489 3029 772 3088 habentes
802 3034 1047 3104 exitum,
1076 3036 1143 3089 ad
1180 3033 1304 3091 loca
1328 3043 1528 3107 optata
1557 3055 1619 3094 se
1646 3046 1850 3094 contu-

1305 226 1736 293 GUILLELMI
1779 229 2162 293 TYRENSIS
2205 232 2560 295 ARCHlEP.

158 390 162 395 -
236 361 552 431 deditione,
582 361 778 418 habita
807 362 1292 430 consideratione,
1329 377 1400 416 ne
1440 366 1654 434 egeret,
1682 362 1882 435 aliqua
1915 369 1970 432 Α

3531 230 3657 292 62⁸

2622 364 2850 422 CAPUT
2899 365 3019 422 xli.

1990 474 2258 543 Princeps
2315 472 2701 528 Antiocheam
2742 488 2868 528 cum
2927 471 3261 527 adversariis
3319 469 3658 525 antiocheni

2069 545 2411 614 patriarchae
2450 547 2725 614 conspirat
2736 562 2757 607 ,·
2787 543 3110 612 patriarcha
3135 543 3360 598 Romam
3389 542 3659 612 proficis-

2061 618 2224 670 citur.
2258 616 2484 685 Capitur
2512 634 2551 668 a
2590 615 2724 669 duce
2745 616 2961 685 Aputiae
2992 613 3260 684 naqerio:
3282 613 3377 670 sed
3424 613 3654 670 tandem

2060 703 2182 742 cum
2214 702 2272 741 eo
2298 687 2638 758 pacificatus,
2672 687 2898 742 Romam
2927 686 3196 758 pervenit.

2060 792 2307 848 Domino
2330 794 2509 865 igitur
2544 792 2894 859 Raimundo,
2929 793 3189 864 primum
3246 792 3646 858 Antiochiam,

1989 888 2055 936 ut
2089 883 2473 953 primisimus,
2508 889 2836 951 accedente,
2869 891 3186 952 antequam
3248 898 3490 938 uxorem
3545 884 3648 937 de-

1989 973 2263 1026 stinatam
2302 972 2562 1039 haberet,
2596 973 2834 1028 domino
2867 971 3200 1043 Rudulpho‚
3234 972 3334 1044 qui
3369 981 3515 1027 tunc
3545 973 3647 1026 Ec-

1986 1059 2172 1115 clesiae
2198 1066 2438 1131 praeerat
2464 1062 2860 1130 Antiocheam,
2894 1067 2954 1115 ut
2989 1061 3216 1116 facilius
3259 1061 3332 1115 ad
3357 1066 3637 1132 optatum

1987 1150 2334 1220 perveniret,
2365 1150 2707 1206 fidelitatem
2740 1152 3087 1206 manualiter
3132 1151 3426 1219 exhibuit,
3459 1166 3640 1223 spon-

1985 1238 2129 1293 dens
2161 1239 2274 1295 side
2297 1239 2659 1312 interposita,
2692 1240 2845 1311 quod
2879 1240 2946 1295 ab
2974 1257 3043 1295 ea
3072 1239 3159 1294 die
3198 1241 3261 1294 in
3290 1245 3483 1306 antea,
3524 1256 3642 1294 non

1984 1337 2119 1382 esset
2145 1329 2205 1382 in
2234 1330 2485 1394 consitio,
2540 1328 2625 1384 vel
2653 1331 2715 1383 in
2731 1333 2895 1398 sacto,
2949 1328 3093 1398 quod
3123 1327 3405 1396 honorem,
3440 1330 3636 1396 vitam,

1981 1422 2079 1472 aut
2109 1418 2412 1472 membrum
2440 1417 2715 1486 perderet,
2746 1423 2846 1472 aut
2866 1417 3325 1495 caperetur-mata
3347 1420 3637 1487 captione,-

1980 1504 2135 1560 sicut
2166 1505 2225 1560 in
2249 1506 2437 1561 forma
2457 1506 2797 1561 exhibendae
2814 1504 3114 1560 fidelitatis
3141 1505 3635 1561 continentur.1n

1979 1608 2097 1664 qua
2130 1594 2404 1650 fidelitate
2441 1610 2545 1650 nec
2571 1594 3048 1666 modicoquidem
3070 1597 3329 1664 tempore
3368 1609 3637 1665 perseve-

1980 1687 2161 1751 ravit;
2194 1685 2389 1739 statim
2423 1687 2579 1740 enim
2614 1700 2789 1739 uxore
2823 1684 3000 1739 ducta
3028 1690 3086 1740 et
3116 1688 3233 1739 tota
3265 1685 3507 1755 regione
3537 1700 3633 1740 re-

1977 1781 2165 1844 cepta,
2203 1790 2300 1843 per
2330 1777 2457 1844 ejus
2490 1776 2749 1830 studium
2783 1778 2841 1829 et
2891 1788 3153 1845 operam,
3185 1773 3510 1843 adjunctus
3539 1779 3630 1830 est

1978 1866 2103 1933 ejus
2161 1866 2527 1931 adversariis,
2586 1881 2756 1936 opem
2782 1864 3110 1932 conferens,
3141 1871 3196 1919 et
3217 1879 3389 1919 omne
3419 1866 3623 1921 consi-

1979 1952 2145 2013 lium.
2178 1959 2377 2010 contra
2408 1954 2702 2009 fidelitatis
2730 1954 3012 2021 debitum,
3047 1953 3103 2008 in
3127 1954 3260 2022 ejus
3291 1951 3617 2010 laesionem.

1974 2043 2263 2098 Habentes
2292 2044 2469 2109 igitur
2498 2044 2624 2113 ejus
2650 2042 2848 2098 aemuli
2872 2047 3099 2097 tantum
3119 2045 3444 2098 studiorum
3480 2061 3616 2099 suo·

1975 2147 2103 2185 rum
2121 2141 2572 2201 cooperatorem,
2594 2131 3618 2203 onimosiusejusimpugnationibus

1974 2219 2335 2287 insistentes,
2380 2220 2623 2276 Romam
2686 2220 3157 2291 proficiscuntur.
3209 2221 3390 2277 Erant
3422 2227 3617 2277 autem

1971 2309 2102 2377 ejus
2136 2310 2470 2377 adversarii,
2532 2311 2874 2365 Lambertus
2928 2310 3191 2382 quidam,
3224 2310 3482 2380 ejusdem
3516 2327 3617 2366 ec-

1970 2395 2159 2453 clesiae
2191 2399 2655 2465 archidiaconuS,
2681 2400 2765 2454 vir
2791 2400 3021 2470 quidem
3043 2400 3354 2461 litteratus.
3387 2406 3446 2456 et
3474 2417 3617 2456 con-

1968 2489 2315 2544 versationis
2344 2489 2620 2557 honestae,
2652 2489 2751 2544 sed
2770 2489 3141 2545 saecularium
3170 2490 3488 2560 modicam,
3512 2495 3616 2546 aut

1968 2575 2192 2631 nullam
2228 2578 2451 2632 habens
2473 2579 2923 2650 experientiam3
2956 2585 3012 2633 et
3028 2577 3311 2634 Arnulfus
3341 2578 3613 2650 quidam,

1965 2664 2210 2722 Calaber
2238 2669 2496 2736 natione,
2556 2668 2770 2723 nobilis
2808 2684 3039 2740 genere,
3095 2669 3390 2725 litteratus
3438 2674 3494 2725 et
3553 2669 3613 2724 in

1964 2753 2338 2811 secularibus
2368 2759 2847 2828 circumspectus.
2881 2757 2973 2824 Hi,
2995 2757 3362 2830 interpositis
3405 2760 3613 2830 appel-

1963 2841 2200 2900 lationis
2247 2845 2509 2914 vocibus,
2587 2846 2989 2902 consentiente
3033 2852 3090 2903 et
3109 2848 3333 2904 favente
3370 2848 3614 2904 domino

1962 2932 2246 3005 principe,
2281 2932 2520 2989 Romam
2583 2935 2847 3008 profecti,
2912 2952 3047 2992 eum
3096 2937 3271 2992 etiam
3331 2936 3614 3009 invitum,

1960 3026 2060 3080 sed
2090 3042 2188 3097 per
2221 3025 2483 3096 principe
2534 3026 2586 3079 vi
2622 3027 3015 3097 compulsum,
3046 3028 3313 3083 eamdem
3348 3030 3612 3099 arripere

201 3119 420 3175 lerunt.
444 3119 636 3176 Nostri
658 3138 793 3177 vero
815 3123 1045 3178 civitate
1069 3126 1573 3192 recepta,domino
1612 3130 1847 3197 patriar-
1880 3106 1925 3173 C
1964 3115 2112 3169 Viam
2148 3120 2479 3185 coegerunt·
2514 3116 2750 3171 Factum
2786 3123 2875 3172 0⁸²
2905 3117 3099 3187 itaque
3130 3118 3284 3188 ‘1⁰⁰⁶
3320 3118 3611 3174 AP⁰⁰¹f¹¹⁸

201 3205 312 3261 cha
344 3207 402 3263 id
435 3215 799 3279 procurante,
846 3210 1199 3283 dominoque
1261 3212 1540 3269 Fulchcro
1601 3215 1841 3287 Tyrensi

199 3296 650 3370 archiepiscopo,
674 3301 746 3355 ad
779 3302 1432 3372 cujusjurisdictionem
1456 3307 1850 3366 Paneadensis

204 3386 462 3442 Ecclesia
484 3389 619 3457 jure
650 3392 1065 3458 metropolitico
1122 3404 1342 3448 certum
1376 3400 1500 3449 erat
1530 3396 1842 3465 pertinere,

206 3474 263 3530 id
296 3476 645 3532 concedente
676 3482 735 3532 et
756 3477 1094 3535 electionem
1120 3483 1502 3553 approbante,
1537 3486 1843 3543 dominum

194 3564 402 3634 Adam,
436 3565 906 3623 archidiaconum
938 3572 1350 3636 Acconensem,
1395 3573 1451 3627 in
1501 3575 1841 3645 episcopum

192 3653 463 3720 eJ'usdem
486 3653 594 3710 loci
620 3656 874 3726 eligunt;
907 3662 963 3712 et
993 3674 1194 3714 curam
1229 3660 1489 3716 fidelium
1529 3660 1650 3718 illic
1680 3678 1840 3718 com·

197 3740 408 3795 morari
434 3741 773 3807 volentium,
798 3746 1172 3800 committunt
1195 3747 1594 3817 spiritualem;
1620 3756 1842 3821 tempo-

197 3829 377 3885 ralem
410 3846 540 3886 vero
565 3831 1038 3902 jurisdictionem
1066 3836 1303 3892 domino
1326 3836 1593 3894 Rninerio
1613 3856 1837 3910 cogno-

196 3921 355 3976 mine
387 3922 554 3987 Brus,
593 3923 683 3977 cui
707 3925 908 3995 paucis
937 3936 1069 3980 anie
1100 3928 1272 3981 annis
1324 3927 1598 3983 violenter
1642 3939 1838 4000 erepta

195 4010 398 4078 fuerat,
433 4012 729 4067 restitunt.
787 4011 929 4068 Inde
983 4015 1093 4069 Deo
1124 4016 1340 4086 gratias
1379 4021 1437 4071 et
1496 4017 1712 4072 hostias
1743 4035 1837 4074 so-

193 4096 418 4153 lemnes
438 4099 750 4154 exhibituri
769 4100 1251 4174 Hierosolymam,
1274 4104 1547 4161 dominus
1565 4123 1681 4173 rex,
1701 4124 1832 4163 cum

193 4186 433 4241 domino
458 4188 715 4258 principe
741 4191 1116 4254 Antiocheno,
1149 4208 1279 4246 curn
1313 4192 1550 4248 domino
1583 4198 1835 4267 patriar-

189 4273 300 4330 cha
330 4281 387 4329 et
413 4276 652 4332 domino
686 4276 875 4348 legato
905 4281 1285 4336 contendunt.
1320 4280 1834 4354 Completisigitur

188 4363 262 4418 de
294 4379 450 4419 more
479 4365 847 4420 orationihus
864 4372 920 4420 et
943 4383 1104 4423 mora
1129 4385 1227 4440 per
1243 4369 1366 4423 dies
1390 4372 1614 4441 aliquot
1641 4371 1833 4429 Hiero-

1964 3209 2363 3275 praecesserat,
2397 3208 2454 3258 et
2493 3204 2551 3260 in
2609 3204 2868 3260 Siciliam
2926 3206 3344 3275 compendioso
3398 3207 3611 3263 itinere

1958 3293 2274 3363 profectus,
2307 3294 2634 3362 conjunctis
2657 3295 2769 3349 sibi
2802 3295 2874 3349 de
2903 3296 3109 3350 amicis
3140 3300 3199 3350 et
3257 3300 3612 3368 consangui-

1959 3382 2104 3447 neis,
2141 3381 2280 3452 quia
2310 3382 2380 3436 de
2411 3382 2676 3437 Calabria
2705 3392 2824 3439 erat
2869 3383 3181 3453 oriundus,
3213 3384 3309 3439 ubi
3346 3394 3609 3457 postmo-

1956 3471 2096 3525 dum
2130 3470 2241 3526 suit
2290 3472 2682 3527 consentinus
2731 3473 3204 3544 archiepiscopus
3263 3473 3413 3546 (erat
3441 3478 3601 3531 enim

1956 3558 2168 3616 nobilis
2200 3560 2385 3627 valde,
2419 3561 2775 3631 utdiximus)
2797 3562 3096 3618 dominum
3122 3561 3417 3634 Rogerum
3449 3568 3604 3637 Apu·

1953 3649 2043 3703 liae
2075 3649 2306 3714 ducem,
2340 3652 2433 3704 cui
2494 3655 2668 3705 notus
2725 3656 2869 3721 erat,
2928 3661 3299 3719 convenerat,
3351 3655 3557 3709 dicens
3584 3669 3598 3711 ε

1953 3739 2103 3804 Ecce,
2127 3738 2382 3808 princeps
2412 3742 2651 3810 cyr-eyia,
2703 3740 2758 3795 id
2787 3758 2985 3796 manus
3016 3742 3141 3806 tibi,
3190 3747 3398 3812 optato,
3426 3742 3521 3799 sed
3551 3751 3602 3798 et

1949 3827 2147 3897 pratis,
2205 3828 2372 3882 datar
2400 3828 2638 3884 hostium
2670 3839 2886 3884 morum
2918 3833 3383 3900 immanissimus,
3415 3833 3600 3888 Antio·

1947 3918 2245 3972 rhenorum
2298 3919 2643 3989 patriarcha,
2677 3920 2773 3990 qui
2820 3920 2921 3975 tibi
2950 3925 3001 3974 et
3048 3920 3359 3978 haeredibus
3397 3923 3505 3977 tuis
3535 3922 3597 3977 in

1947 4013 2272 4077 perpetuum
2302 4008 2647 4063 Antiochiam
2678 4008 2928 4074 abstulit,
2958 4010 3260 4065 sublimato
3289 4012 3351 4064 in
3371 4026 3457 4076 ea,
3477 4014 3596 4067 viro

1947 4100 2148 4167 ignoto,
2181 4103 2373 4154 contra
2402 4098 2552 4169 juris
2582 4098 2849 4154 ordinem.
2896 4100 3028 4154 Ecce
3056 4099 3156 4154 tibi
3209 4116 3337 4155 eum
3388 4102 3594 4157 obtulit

1946 4188 2228 4251 Dominus,
2252 4196 2302 4242 et
2322 4195 2702 4243 consummata
2721 4191 2839 4260 ejus
2866 4198 3083 4259 peccata
3129 4188 3392 4245 dederunt
3432 4207 3595 4260 proe-

1944 4286 2171 4332 sentem.
2207 4277 2308 4330 Eia
2355 4280 2748 4349 experqiscere,
2808 4284 2986 4333 tracta
3016 4279 3289 4350 quomodo
3314 4294 3443 4334 eam
3491 4280 3592 4335 ha·

1943 4366 2104 4425 beas:
2134 4372 2318 4420 certus
2343 4366 2477 4436 quia
2508 4383 2611 4438 per
2637 4383 2759 4422 eam
2790 4367 2858 4422 ad
2907 4368 3292 4425 haereditatem
3315 4370 3443 4433 iure
3493 4371 3597 4426 tibi

186 4452 432 4524 solymis
489 4452 708 4521 habita,
768 4455 1044 4511 dominus
1128 4458 1421 4528 princeps,
1497 4465 1833 4530 praetentata
1865 4476 1911 4540 D
1944 4454 2206 4525 lepitimae
2235 4458 2560 4511 succesionis
2597 4456 2857 4520 debitam,
2883 4460 3083 4513 iterum
3115 4458 3224 4513 tibi
3269 4470 3466 4529 patere
3491 4476 3590 4531 po-

188 4543 335 4597 mini
367 4542 540 4613 legati
568 4550 780 4608 mente,
802 4544 939 4615 quid
964 4546 1246 4618 propositi
1282 4547 1560 4603 adversus
1592 4550 1832 4621 patriar-

184 4631 352 4687 cham
387 4647 558 4688 suum
591 4633 856 4698 haberet,
887 4634 1217 4691 etinvitans
1234 4651 1394 4701 eum,
1419 4642 1615 4694 utnon
1652 4640 1833 4712 pigri-

188 4726 412 4777 taretur
443 4722 656 4788 venire,
690 4726 789 4779 sed
824 4724 988 4780 fortis
1018 4729 1075 4779 et
1104 4725 1174 4780 de
1204 4726 1329 4796 ejus
1362 4726 1581 4783 auxilio
1635 4736 1830 4786 certus

184 4811 426 4878 veniret,
448 4812 816 4868 Antiochiam
840 4830 1103 4871 reversus
1134 4820 1241 4871 est.
1267 4814 1484 4872 Missus
1501 4817 1654 4873 enim
1683 4824 1824 4885 erat,

186 4905 247 4950 ut
282 4900 674 4968 proediximus;
711 4903 863 4958 idem
896 4902 1146 4974 legatus,
1180 4910 1240 4959 ut
1268 4921 1446 4976 snper
1474 4907 1824 4977 quibusdam

181 4986 551 5059 criminibus,
583 4992 771 5047 eidem
808 4993 1171 5064 patriarchae,
1205 5011 1238 5049 a
1260 4996 1615 5067 quibusdam
1648 5013 1823 5052 cano-

181 5075 332 5132 nicis
361 5075 627 5133 ecclesiae
660 5096 780 5136 suaa
813 5082 1058 5151 objectis
1085 5088 1476 5155 cognosceret,
1499 5090 1558 5142 et
1586 5102 1825 5144 causam

176 5164 294 5220 ssne
326 5166 522 5222 debito
555 5170 917 5225 terminaret.
948 5171 1117 5227 Nunc
1154 5176 1390 5244 tempus
1429 5178 1539 5242 est,
1573 5179 1637 5230 ut
1663 5178 1821 5247 quod

173 5257 444 5326 superius
460 5258 529 5312 de
550 5258 829 5328 praedicta
859 5262 1187 5329 patriarcha
1211 5261 1621 5331 praemisimus,
1645 5264 1823 5319 exsol-

173 5359 416 5412 vamus3
451 5348 603 5415 quod
630 5352 693 5403 tu
720 5348 949 5404 facilius
970 5350 1352 5421 intelligatur,
1378 5370 1409 5407 a
1433 5354 1825 5422 superioribus

173 5430 594 5502 aliquantulum
626 5439 939 5509 repetenda
967 5445 1060 5496 est
1093 5440 1354 5499 historia.

1942 4547 2071 4599 terit
2101 4544 2384 4608 introitus,
2407 4546 2502 4616 qui
2532 4544 2638 4599 tibi
2664 4560 2762 4615 per
2781 4547 3030 4602 eumdem
3059 4553 3290 4615 nequius
3335 4555 3418 4604 est
3444 4549 3595 4605 inde·

1945 4633 2073 4690 bite.
2108 4634 2208 4690 His
2261 4634 2454 4689 verbis
2487 4635 2659 4689 motis
2694 4635 2912 4706 Apuliae
2958 4638 3094 4705 dux,
3128 4638 3282 4693 sieut
3336 4638 3427 4693 vir
3464 4644 3593 4696 erat

1941 4722 2419 4790 solertisssimus,
2445 4724 2501 4779 in
2524 4723 2772 4794 singulis
2800 4726 3107 4782 maritimis
3139 4726 3384 4783 urbibus
3404 4727 3590 4785 locari

1938 4811 2201 4883 praecipit
2231 4812 2495 4880 insidias,
2530 4817 2596 4868 ut
2653 4814 2966 4870 adveniens
3026 4815 3227 4871 statim
3259 4820 3471 4887 captus
3531 4821 3591 4874 et

1936 4898 2188 4956 vinculis
2215 4902 2601 4970 mancipatus,
2626 4903 2685 4958 in
2711 4903 2966 4959 Siciliam
2984 4906 3252 4976 protinus
3271 4906 3586 4976 dirigatur.

1939 4989 2040 5046 Ille
2071 5006 2205 5045 vero
2221 5006 2494 5062 prospera
2516 5008 2659 5048 usus
2682 4992 3073 5064 navigatione,
3098 4993 3242 5049 nihil
3275 4994 3393 5050 tale
3433 4995 3586 5051 veri·

1938 5083 2061 5149 tus,
2082 5080 2479 5137 Brundusium
2504 5081 3007 5153 applicans,juxta
3031 5083 3583 5152 ducismandatum,

1935 5169 2186 5226 sublatis
2207 5170 2482 5226 omnibus
2504 5187 2630 5242 quie
2655 5187 2851 5227 secum
2875 5175 3156 5244 tanquam
3182 5172 3454 5244 princeps
3479 5189 3584 5246 po-

1934 5259 2304 5316 tentissimus
2337 5259 2652 5328 detulerat,
2684 5262 2783 5315 sed
2837 5266 2893 5315 et
2923 5262 3193 5333 dispersa
3248 5267 3464 5317 cuncta
3497 5264 3581 5317 t'a-

1935 5349 2119 5416 milia,
2151 5352 2379 5405 vinctus
2413 5351 2665 5405 traditur
2711 5351 2901 5406 eidem
2935 5351 3203 5418 Arnult'o,
3230 5351 3289 5406 in
3320 5351 3579 5408 Siciliam

1938 5445 2073 5493 anto
2102 5440 2305 5495 ducem
2351 5439 2793 5510 pertrahendus.
2854 5439 2958 5494 Hic
3018 5441 3274 5509 primum
3331 5441 3580 5497 Aruull'o

1925 5526 2100 5598 juxta
2129 5529 2424 5586 desideria
2472 5530 2674 5587 datum
2721 5534 2813 5587 est
2854 5530 2915 5587 in
2947 5531 3173 5589 bostem
3213 5537 3269 5588 et
3317 5528 3576 5604 impium
