3784 6000
178 270 296 334 503

1243 264 1668 328 GUILLELMI
1711 260 2098 324 TYRENSIS
2140 262 2507 325 ARCHIEP.

3465 257 3588 318 504

181 405 445 472 tinuans‚
468 402 654 459 multa
675 400 930 474 pessima
952 399 1135 472 gessit
1160 416 1352 472 opera.
1372 402 1514 456 Nam
1538 400 1691 455 inter
1711 415 1822 455 σω·
1858 399 1911 464 Α
1941 397 2302 453 Tancredum
2329 398 2561 455 incaute
2590 401 2799 454 etcum
2828 396 3050 469 impetu
3099 398 3485 469 provocarent
3513 398 3586 450 ad

182 497 307 551 tera
329 496 558 564 neptem
583 491 941 564 suam,apud
961 490 1266 546 dominum
1287 489 1663 546 Eustachium
1687 488 1822 545 Gre-

184 599 307 650 ner,
334 598 513 638 unum
531 582 602 637 de
618 580 936 651 majoribus
953 580 1113 652 regni
1130 579 1513 651 principibus,
1536 577 1821 634 nobilium

182 673 428 729 duarum
465 671 689 727 urbium
722 669 1052 738 dominum,
1075 668 1307 726 Sidonis
1324 668 1585 725 videlicet
1615 672 1672 724 et
1701 667 1817 723 Cae-

181 773 378 818 sareae.
411 756 617 828 nuptui
650 755 968 812 collocavit.
1007 772 1143 811 cum
1174 771 1242 812 ea
1289 754 1594 811 conserens
1641 754 1819 810 eccle-

178 846 397 904 siastici
431 844 768 916 patrimonii
790 845 1043 916 optimas
1066 846 1380 917 portiones,
1400 843 1630 900 Jericho
1659 842 1821 899 vide-

175 935 331 1002 licet,
362 950 498 991 cum
527 935 804 991 omnibus
837 932 1203 1005 pertinentiis
1242 933 1384 1002 suis,
1429 932 1596 1002 cujus
1650 931 1822 987 hodie

174 1024 437 1081 redditus
466 1022 739 1080 annualis
769 1022 1028 1094 quinque
1050 1021 1298 1077 millium
1326 1019 1540 1076 dieitur
1569 1036 1695 1076 esse
1725 1037 1823 1076 au-

174 1129 426 1172 reorum.
457 1113 589 1169 Fuit
617 1117 811 1169 autem
841 1113 978 1169 etin
1009 1128 1117 1167 suo
1155 1111 1495 1182 pontificatu
1527 1126 1824 1166 conversa-

176 1202 707 1270 tionisimmundae‚
727 1204 808 1259 ita
822 1207 887 1257 ut
905 1202 1031 1271 ejus
1049 1199 1223 1271 vulgo
1246 1204 1463 1270 pateret
1480 1198 1819 1270 ignominia.

177 1291 284 1348 Cui
333 1292 415 1348 rei
472 1291 722 1348 colorem
781 1306 1067 1362 quaerens,
1113 1289 1373 1345 ordinem
1424 1304 1598 1361 quein
1647 1289 1823 1360 primi

178 1381 469 1455 principes
525 1381 785 1438 studiose
854 1385 913 1436 et
967 1397 1102 1437 cum
1162 1380 1345 1437 multa
1401 1380 1821 1436 deliberatione

177 1471 238 1528 in
268 1470 525 1528 Ecclesia
556 1471 1077 1544 Hierosolymitana
1099 1470 1492 1537 instituerant,
1525 1470 1820 1542 regulares

177 1560 490 1617 canonicos
510 1560 932 1618 introducendo
966 1559 1368 1617 commutavit.
1401 1559 1614 1631 Regem
1641 1558 1818 1615 etiam

179 1649 249 1706 ad
273 1649 378 1707 hoc
400 1648 656 1722 impulit,
672 1650 971 1706 utvivcnte
992 1649 1184 1705 adbuc
1206 1664 1378 1705 uxore
1392 1665 1499 1705 sua
1519 1647 1691 1704 aliam
1714 1649 1818 1703 du-

176 1742 352 1808 ceret,
385 1740 535 1796 sicut
567 1739 625 1795 in
655 1739 1037 1811 sequentibus
1079 1739 1324 1795 dicetur.

799 1860 1032 1917 CAPUT
1063 1860 1203 1918 XVI.

177 1950 260 2005 Ab
289 1950 508 2008 Oriente
539 1951 829 2005 ‘turcorum
851 1952 1042 2018 inqens
1065 1966 1283 2018 manus,
1315 1957 1367 2006 et
1387 1950 1818 2007 &inumerabiles

246 2025 419 2093 copim
452 2022 654 2092 finibus
694 2036 752 2078 sc
798 2021 1105 2090 infundunt
1149 2021 1491 2077 Antiochenis
1510 2038 1532 2087 ,·
1555 2022 1650 2078 sed
1685 2024 1819 2077 Tam-

245 2093 438 2149 credus
466 2110 583 2148 una
640 2109 760 2149 cum
809 2093 1148 2166 Tripolitanae
1179 2096 1371 2150 comite
1393 2096 1696 2161 Bet-treme,
1729 2110 1822 2149 re-

244 2166 392 2222 sistit
423 2163 687 2221 viriliter.

247 2273 363 2329 Nec
395 2288 557 2328 mora
585 2270 927 2340 interposita
964 2269 1346 2336 diuturniore,
1380 2275 1511 2340 post
1542 2271 1817 2328 Sidonem

177 2367 428 2433 captam,
456 2360 701 2418 collecta
730 2364 813 2415 est
843 2360 903 2414 in
935 2359 1168 2415 Perside
1200 2360 1459 2430 equitum
1489 2377 1696 2416 manus
1727 2361 1818 2415 in-

178 2452 344 2508 {inita
374 2469 389 2518 ;
422 2451 522 2522 qui
547 2454 611 2505 ut
638 2450 901 2520 proprias
922 2449 1324 2521 experirentur
1347 2452 1517 2519 vires,
1552 2456 1615 2507 ut
1643 2467 1822 2521 super

175 2557 242 2598 eo
274 2539 588 2613 aliquando
634 2543 870 2611 possent
916 2538 1169 2608 gloriari,
1204 2539 1261 2594 in
1305 2540 1562 2607 regiones
1593 2548 1819 2596 nostras

174 2627 584 2686 ascenderunt.
636 2630 676 2679 A
709 2627 897 2698 primo
949 2626 1105 2680 enim
1165 2627 1502 2683 Latinorum
1551 2627 1817 2696 introitu,

176 2718 440 2790 usquead
466 2732 686 2772 annum
710 2715 1082 2785 regnisorum
1101 2714 1265 2786 quasi
1281 2716 1816 2789 quadragesimum,

174 2822 293 2862 non
314 2804 495 2862 defuit
514 2804 730 2859 nostris
754 2803 926 2873 pestis
951 2801 1071 2870 illa,
1096 2801 1297 2859 saevior
1313 2803 1519 2875 hydra,
1543 2820 1743 2862 recens
1763 2811 1823 2863 et

174 2894 390 2951 damno
408 2893 666 2965 capitum
690 2893 840 2948 facta
855 2891 1212 2964 locupletior.
1238 2893 1421 2949 Annis
1438 2895 1652 2966 quippe
1674 2911 1818 2965 pene

171 2983 418 3058 singulis
444 2985 514 3040 de
543 2980 644 3040 illo
674 2982 805 3039 sinu
839 2980 1067 3039 Persico
1096 2985 1260 3039 tanta
1289 2984 1628 3055 erumpebat
1657 2984 1816 3042 illius

174 3072 372 3146 populi
412 3072 767 3130 detestabilis
808 3071 1142 3140 multitudo,
1195 3078 1256 3129 ut
1306 3089 1452 3145 pene
1481 3074 1812 3131 universam

173 3166 343 3219 terrm
373 3162 737 3233 superficiem
768 3177 874 3217 sua
909 3162 1326 3217 numerositate
1356 3162 1668 3235 operirent.
1703 3165 1812 3220 Sed
1844 3146 1888 3214 C

177 3251 487 3309 miserante
518 3255 751 3308 nostros
782 3250 1008 3307 labores
1039 3249 1230 3306 divina
1268 3250 1602 3319 clementia,
1633 3254 1822 3311 susci-

173 3342 319 3398 tavit
363 3341 669 3398 Persarum
711 3338 1033 3396 insolentioe
1081 3346 1135 3396 et
1185 3356 1358 3411 regno
1418 3340 1594 3397 nimis
1647 3342 1718 3398 de
1756 3358 1820 3399 se

171 3431 545 3503 proesumenti
575 3428 853 3486 aemulum
877 3428 1190 3500 imperium
1214 3428 1404 3501 gentis
1434 3430 1816 3489 Hiberorum:

171 3536 287 3593 quo
317 3535 421 3592 per
449 3520 694 3590 gratiam
725 3518 827 3574 Dei
878 3518 1305 3575 incrementum
1355 3520 1732 3592 suscipiente,
1763 3526 1820 3578 et

169 3609 321 3665 vires
351 3609 710 3681 acquirente,
742 3624 845 3679 per
872 3622 1180 3664 successus
1222 3608 1529 3666 continuos
1567 3610 1820 3668 contrita

170 3702 260 3755 est
288 3698 599 3753 Persarum
630 3695 906 3767 superbia
940 3716 955 3763 ;
987 3700 1044 3752 et
1083 3696 1181 3766 qui
1216 3696 1380 3769 prius
1411 3697 1681 3767 praedieto
1715 3714 1820 3770 po-

173 3788 309 3860 pulo
341 3787 597 3859 suspecti
625 3789 788 3842 erant
808 3789 863 3841 et
885 3784 1304 3855 formidabiles,
1321 3786 1454 3842 facti
1477 3791 1639 3857 sunt,
1655 3804 1821 3844 versa

171 3878 314 3949 viee,
336 3879 421 3936 eis
450 3883 507 3935 et
524 3878 748 3935 viribus
769 3885 823 3933 et
841 3893 1135 3934 armorum
1155 3878 1507 3949 experientia
1537 3877 1707 3950 longe
1729 3880 1821 3935 in-

172 3968 407 4024 teriores
432 3986 446 4036 3
480 3969 697 4040 quique
715 3968 911 4038 reguis
938 3967 1146 4023 exteris
1168 3984 1182 4035 ;
1209 3967 1382 4022 etiam
1408 3968 1818 4024 remotioribus

170 4055 812 4113 consueverantinserre
830 4054 1310 4122 sollicitudinem,
1336 4072 1489 4112 nune
1519 4058 1631 4113 sibi
1653 4058 1820 4113 suffi-

171 4164 298 4205 cere
329 4156 616 4220 reputant,
668 4148 717 4203 si
757 4148 908 4203 intra
970 4147 1115 4203 sines
1148 4165 1286 4204 suos
1336 4150 1818 4219 tranquillitatem

171 4237 469 4307 reperiunt
496 4235 583 4291 vel
613 4235 688 4289 ad
718 4238 974 4304 tempus.
995 4236 1300 4291 Estautem
1333 4236 1567 4294 Hiberia
1586 4239 1821 4310 regioin

171 4322 344 4394 plaga
388 4320 829 4393 septentrionali
876 4323 1222 4394 constituta,
1275 4340 1404 4396 quae
1437 4325 1547 4382 alio
1584 4326 1821 4383 nomine

170 4409 382 4467 dicitur
407 4408 713 4481 Avesguia,
746 4410 936 4466 Persis
966 4410 1354 4476 contermina,
1405 4413 1672 4472 homines
1710 4416 1819 4473 ba-

1935 487 2216 558 praelium.
2250 488 2532 545 Dominus
2562 493 2756 544 autem
2777 487 3132 552 Tancredus,
3158 487 3309 542 sicut
3337 486 3426 542 vir
3451 501 3588 559 pru·

1932 575 2075 631 dens
2103 585 2224 632 erat
2252 582 2313 633 et
2342 579 2400 633 in
2446 577 2684 645 agendis
2737 578 3219 649 circumspectus,
3269 574 3582 631 dominum

1933 681 2127 737 regern
2160 665 2365 722 litteris
2386 670 2649 723 evocatet
2663 665 3583 732 nuntiis,utmaturesubsidium

1931 754 2208 810 conferat.
2242 756 2348 821 Qui
2389 757 2517 811 sine
2547 772 2709 812 mora
2741 760 3060 811 convocata
3079 754 3302 827 ingenti
3347 752 3587 818 militia,

1932 848 2242 915 assumpto
2270 844 2384 901 sibi
2414 845 2709 901 Bertramo
2741 844 2958 901 comite
3003 843 3393 916 Tripolitano,
3444 859 3584 899 eum

1934 930 2280 987 suisiterum
2306 931 2578 1004 copiisad
2618 937 2814 1004 partes
2864 931 2993 988 illas
3040 947 3100 988 se
3141 929 3409 987 contulit.
3466 929 3580 995 Qui

1932 1021 2563 1093 cumfpervenissentlad
2579 1021 2862 1093 oppidum
2877 1021 3152 1093 Rugiam,
3173 1019 3254 1076 ibi
3268 1017 3585 1076 dominum

1931 1110 2295 1166 Tancredum
2319 1126 2453 1166 cum
2480 1110 2602 1167 suis
2644 1109 3121 1183 expeditionibus
3179 1109 3536 1166 invenerunt
3568 1124 3584 1163 :

1934 1199 2088 1255 unde
2126 1199 2185 1254 in
2220 1200 2413 1256 hostes
2451 1199 2763 1273 progressi,
2812 1203 2948 1256 ante
3002 1200 3203 1255 urbem
3234 1199 3586 1267 Caesaream,

1932 1302 2060 1358 quas
2090 1287 2260 1357 vulgo
2285 1287 2611 1358 appellatur
2639 1287 3022 1357 Caesarea‚ubi
3046 1286 3246 1342 hostes
3265 1289 3584 1342 castrame-

1932 1375 2035 1430 tati
2067 1375 2320 1442 fuerant,
2351 1375 2636 1432 ordinatis
2656 1375 2990 1448 agminibus
3021 1377 3426 1446 pervenerunt.
3475 1372 3585 1430 Ubi

1927 1479 2060 1520 cum
2082 1480 2145 1520 se
2177 1468 2377 1520 mutuo
2411 1469 2654 1538 uterque
2682 1467 3080 1538 conspexisset
3100 1464 3411 1531 exercitus,
3430 1464 3586 1518 Tur-

1931 1552 2016 1608 cis
2047 1554 2478 1611 declinantibus
2506 1553 2795 1626 praelium,
2828 1571 2861 1612 a
2890 1553 3123 1625 regione
3154 1553 3584 1620 discesserunt,

1933 1643 2170 1712 nostris,
2203 1643 2274 1701 ab
2306 1643 2550 1699 invicem
2582 1648 2818 1715 sumpta
2856 1643 3110 1713 licentia,
3139 1644 3212 1699 ad
3236 1642 3464 1714 proprio
3495 1657 3583 1697 re-

1853 1770 1901 1835 Β
1930 1733 2134 1789 versis.

2540 1841 2765 1898 CAPUT
2806 1841 2969 1897 xvu.

1933 1933 2108 2003 Tyrus
2137 1931 2411 1987 obsidetur
2430 1949 2451 1995 ,·
2479 1931 2594 2000 sed,
2617 1933 2994 1988 resistentibus
3035 1938 3294 2001 potenter
3349 1931 3585 1996 civibus,

2246 2004 2617 2059 obsidentium
2654 2004 2935 2059 deluditur
2965 2005 3229 2059 intentio.

2001 2093 2432 2164 consequenter
2449 2098 2647 2149 autem
2666 2094 2868 2149 eodem
2891 2109 3068 2161 anno,
3091 2108 3226 2148 cum
3241 2093 3436 2164 Tyrus
3462 2090 3590 2147 sola

1935 2181 2005 2237 de
2028 2183 2272 2238 urbibus
2298 2182 2631 2246 maritimis,
2656 2199 2780 2254 quaa
2803 2190 2941 2238 sunt
2981 2199 3014 2239 a
3072 2182 3351 2239 Laodicia
3406 2181 3585 2253 Syriae

1936 2287 2119 2342 usque
2149 2273 2220 2326 ad
2255 2271 2624 2341 Ascalonam,
2649 2288 2774 2342 quas
2796 2277 2887 2328 est
2915 2272 3239 2328 novissima
3271 2269 3438 2342 regni
3458 2270 3586 2326 civi·

1931 2362 2042 2427 tas,
2074 2359 2661 2432 infidelitalisjugum
2696 2364 2991 2432 pateretur
3013 2378 3028 2428 ;
3052 2361 3266 2431 adjecit
3294 2360 3579 2416 dominus

1928 2464 2045 2515 rex,
2080 2449 2177 2520 qui
2209 2449 2357 2505 alias
2388 2455 2623 2505 auctore
2653 2450 2899 2506 Domino
2922 2450 3277 2522 expedierat,
3300 2448 3469 2505 illam
3488 2464 3581 2504 re-

1928 2553 2039 2604 gno
2070 2539 2380 2594 vindicare.
2414 2539 2792 2611 Congregatis
2830 2556 2966 2611 ergo
3026 2555 3094 2595 cx
3135 2538 3408 2595 universa
3463 2538 3580 2609 lora

1933 2626 2225 2682 maritima
2249 2629 2495 2683 navibus
2510 2634 2796 2700 quotquot
2817 2628 3075 2685 invenire
3096 2627 3575 2699 potuit‚classem

1927 2716 2155 2771 ordinat
2183 2716 2681 2789 qualemqualem;
2717 2717 2811 2773 cui
2845 2717 3122 2790 praecipit,
3171 2721 3234 2772 ut
3264 2716 3404 2773 illuc
3462 2719 3574 2773 sub

1927 2805 2087 2861 omni
2109 2805 2402 2863 celeritate
2442 2811 2806 2864 maturarent
2837 2824 2851 2862 z
2883 2810 2941 2863 et
2971 2807 3097 2877 ipse
3118 2808 3453 2864 convocatis
3484 2823 3572 2863 re·

1927 2893 2027 2965 gni
2057 2894 2274 2950 viribus
2290 2901 2346 2951 et
2368 2896 2575 2966 populo
2608 2897 2868 2968 undique
2896 2896 3080 2952 accito
3105 2896 3396 2964 universo,
3434 2912 3567 2968 prae·

1927 2983 2141 3040 dietam
2175 2985 2397 3047 urbem.
2430 2983 2633 3042 locatis
2670 2985 2729 3042 in
2760 3003 2966 3058 gyrum
3025 2985 3229 3058 copiis,
3262 2984 3572 3043 obsidione

1929 3074 2121 3131 vallat.
2155 3076 2250 3131 Est
2273 3080 2468 3132 autem
2494 3076 2681 3146 Tyrus
2711 3077 2993 3133 civitasin
3026 3077 3199 3133 corde
3229 3076 3413 3132 maris
3442 3076 3577 3144 sita,

1928 3167 1990 3222 in
2021 3166 2261 3221 modum
2292 3165 2498 3221 insulas
2530 3166 2919 3236 circumsepta
2941 3166 3164 3238 pelago,
3187 3169 3363 3237 caput
3395 3170 3584 3223 etme-

1929 3255 2171 3326 tropolis
2195 3253 2494 3324 provincis.-
2510 3254 2822 3324 Pboenieis;
2849 3272 2976 3327 quae
3007 3271 3040 3310 a
3070 3254 3191 3311 rivo
3214 3254 3572 3325 Valeniensi,

1927 3358 2112 3413 usque
2142 3343 2211 3397 ad
2230 3342 2454 3398 Petram
2474 3342 2740 3411 incisam,
2767 3342 2928 3400 Dorae
2953 3343 3406 3414 conterminam,
3453 3360 3578 3414 pro·

1926 3434 2219 3501 tenditur,
2251 3434 2402 3489 infra
2458 3433 2548 3489 sui
2595 3433 2902 3502 ambitum,
2962 3434 3134 3490 urbes
3179 3434 3582 3506 suffraganeas

1926 3521 2230 3580 continens
2254 3522 2714 3595 quatuordecim.
2739 3522 2819 3578 De
2832 3522 2948 3578 situ
2977 3527 3035 3578 et
3055 3523 3577 3579 commoditatibus

1927 3612 2106 3683 huJus
2128 3612 2394 3677 civitatiS,
2413 3612 2473 3667 in
2506 3612 2879 3669 inferioribus
2902 3612 3129 3668 dicetur
3159 3612 3358 3680 latius,
3383 3612 3481 3668 ubi
3505 3613 3578 3667 de

1925 3703 2054 3772 ejus
2086 3701 2391 3756 obsidione
2425 3701 2743 3757 novissima
2773 3706 2831 3757 et
2850 3702 3115 3773 captione
3138 3717 3411 3757 concessa
3443 3702 3578 3756 divi·

1927 3792 2081 3847 nitus
2110 3797 2342 3847 auctore
2374 3791 2620 3846 Domino
2667 3793 3032 3847 tractabitur.
3069 3790 3326 3847 Obsessa
3378 3791 3580 3864 itaque

1926 3879 2154 3936 civitate
2185 3879 2457 3951 praedicta
2475 3880 2628 3936 sicut
2680 3879 2952 3951 princeps
3001 3884 3126 3937 erat
3171 3880 3339 3937 valde
3359 3880 3580 3938 sollici·

1927 3973 2048 4039 tus,
2068 3985 2300 4026 omnem
2317 3970 2494 4025 dabat
2520 3970 2967 4040 operam,!omne
2988 3970 3248 4026 studium
3267 3970 3347 4026 im
3360 3972 3580 4042 pende·

1930 4060 2357 4131 bat‚quomodo
2390 4058 2791 4129 multipliciter
2823 4058 3076 4132 gravatis
3107 4058 3333 4116 civibus
3351 4077 3452 4117 eos
3481 4062 3586 4117 ad·

1928 4149 2283 4205 deditionem
2306 4148 2708 4219 compelleret3
2744 4163 3204 4221 percurrensque
3226 4155 3584 4220 argumenta

1929 4237 2183 4309 singula,
2216 4237 2435 4309 quibus
2496 4236 2749 4293 obsessis
2802 4237 3044 4293 urbibus
3100 4236 3290 4293 solent
3333 4238 3586 4312 irrogari

1931 4325 2211 4381 molestiae
2236 4325 2431 4381 omnia
2446 4326 2755 4398 diligenter
2774 4326 3173 4398 impendebat,
3206 4330 3271 4383 ut
3299 4327 3502 4385 civitas
3528 4329 3590 4385 in

1930 4429 2097 4469 suam
2131 4416 2395 4471 transiret
2456 4414 2761 4471 ditionem.
2791 4420 2938 4471 Nam
2985 4415 3208 4471 crebris
3254 4416 3589 4474 assultibus

172 4500 316 4556 bens
360 4514 596 4571 corpore
645 4514 936 4572 proceros,
995 4499 1265 4557 robustos
1324 4501 1572 4568 viribus,
1635 4503 1822 4562 multa
1853 4524 1899 4589 D
1929 4504 2227 4562 continuis
2259 4520 2400 4574 pene
2420 4504 2958 4576 congressionibus,
3013 4520 3315 4562 murorum
3373 4511 3433 4563 et
3481 4510 3584 4563 tur

171 4589 516 4648 strenuitate
547 4589 1063 4649 commendabiles.
1105 4589 1176 4647 Hi
1220 4590 1624 4663 frequentibus
1656 4593 1825 4650 bellis

169 4683 227 4737 et
256 4677 770 4752 congressionibus
800 4680 1056 4737 assiduis
1097 4682 1408 4737 Persarum
1454 4684 1595 4738 adeo
1627 4683 1825 4755 copias

170 4769 555 4835 attiriverunt,
609 4772 675 4824 ut
697 4768 823 4839 jam
870 4784 933 4827 se
965 4787 1069 4827 nec
1102 4786 1269 4843 pares
1302 4775 1597 4842 reputent,
1637 4776 1695 4828 et
1724 4789 1824 4845 pro

168 4877 270 4918 suo
299 4864 460 4917 statu
489 4858 725 4918 solliciti
755 4858 1005 4917 aliorum
1035 4860 1358 4934 proviacias
1401 4878 1608 4918 vexare
1639 4863 1826 4919 desti-

167 4949 364 5007 terint.
421 4949 700 5007 Praedicta
756 4966 889 5020 ergo
948 4951 1283 5019 multitudo,
1346 4969 1380 5008 a
1428 4953 1642 5010 fluibus
1704 4953 1825 5009 illis

166 5054 425 5112 egressa,
480 5040 960 5111 Mesopotamiam
999 5044 1428 5111 transcurrens,
1474 5043 1825 5100 transmisso

167 5126 465 5200 Euphrate
493 5126 667 5185 fluvio
697 5144 931 5201 magno,
959 5130 1251 5203 regionem
1273 5132 1427 5188 eirca
1455 5131 1692 5188 fluvium
1718 5149 1823 5204 pro

169 5217 407 5274 arbitrio
444 5220 782 5286 tractantes,
832 5219 1124 5291 optimum
1174 5220 1427 5294 regionis
1476 5221 1822 5290 praesidium

166 5306 784 5377 Turbesselobsident3
807 5324 1058 5380 cumque
1072 5325 1173 5381 per
1187 5325 1449 5366 mensem
1468 5311 1820 5368 continuum

169 5395 386 5452 ibidem
416 5411 653 5468 operam
684 5398 1205 5470 consumpsissent,
1238 5399 1496 5456 videntes
1528 5401 1680 5472 quod
1698 5416 1818 5456 non

172 5485 545 5554 proficerent,
593 5485 664 5541 ad
698 5492 891 5557 partes
922 5486 1306 5559 Halnpienses
1335 5505 1400 5545 se
1429 5489 1831 5554 contulerunt,

1934 4594 2086 4651 rium
2117 4593 2524 4667 flagellatione,
2547 4593 2881 4650 etviolcntis
2901 4594 3134 4663 ictibus,
3152 4594 3409 4652 telorum
3431 4613 3582 4669 quo-

1934 4700 2049 4755 que
2078 4688 2135 4739 et
2165 4684 2511 4756 sagittarum
2546 4683 2913 4739 immissione
2962 4689 3239 4757 perpetua
3277 4685 3586 4758 affligebat

1934 4774 2234 4829 obsessos.
2264 4772 2644 4844 Tandemque
2676 4773 2746 4828 ad
2782 4772 3067 4829 malorum
3100 4773 3409 4831 cumulum
3435 4776 3585 4832 duas

1936 4862 2103 4932 praeci
2113 4860 2194 4933 pit
2223 4860 2367 4932 erigi
2405 4876 2473 4916 ex
2519 4860 2710 4933 lignea
2766 4861 3012 4918 materia
3062 4865 3276 4931 turres,
3327 4862 3582 4935 lapideis

1939 4950 2202 5008 oedificiis
2231 4949 2415 5006 multo
2446 4950 2850 5019 sublimiores;
2875 4952 3028 5008 unde
3065 4959 3123 5008 et
3169 4952 3376 5010 urbem
3428 4960 3586 5011 esset

1935 5041 2105 5114 quasi
2136 5040 2458 5112 subjectam
2483 5041 2800 5113 inspicer03
2822 5046 2879 5098 et
2901 5041 3120 5099 bellum
3153 5042 3380 5099 civibus
3413 5044 3585 5117 quasi

1935 5134 2008 5187 de
2037 5131 2434 5203 superioribus
2462 5131 2868 5189 inevitabiliter
2923 5132 3158 5189 inferre.
3189 5133 3357 5190 Cives
3382 5138 3583 5191 autem

1937 5237 1968 5277 e
1997 5236 2272 5277 converso
2305 5221 2408 5275 viri
2442 5221 2753 5292 prudentes
2783 5226 2840 5277 et
2869 5222 3114 5289 strenui,
3146 5225 3204 5278 et
3232 5221 3588 5293 hujusmodi

1938 5310 2330 5365 versutiarum
2364 5324 2478 5365 non
2499 5307 2760 5364 omnimo
2782 5313 3045 5380 expertes
3065 5311 3429 5382 argumentis
3451 5312 3592 5383 obji-

1942 5400 2105 5456 ciunt
2124 5403 2491 5472 argumenta;
2508 5398 2766 5454 etmonis
2780 5398 3018 5470 paribus
3037 5400 3256 5473 quibus
3275 5401 3362 5457 eis
3382 5399 3597 5459 intere-

1944 5489 2157 5546 bantur
2176 5489 2424 5560 injuriae,
2445 5488 2720 5560 repellere
2741 5490 3101 5560 satagebant.
3125 5491 3275 5546 Duas
3294 5490 3590 5562 siquidem

175 5574 247 5631 de
260 5587 370 5630 sua
388 5573 768 5632 multitudine
787 5575 1016 5645 confisi,
1034 5576 1443 5636 machinantes
1457 5579 1837 5637 utdominum
1945 5582 2158 5648 turres,
2173 5577 2545 5650 comportatis
2569 5575 2940 5650 lapidibuset
2959 5585 3232 5652 congesto
3246 5581 3316 5638 ad
3335 5580 3588 5641 multam
