3784 6000
19 5427 67 5703 i

94 224 201 287 ¹37

1586 215 2014 280 EPISTOLAE.

3385 229 3501 291 138

92 356 338 413 lentiam
361 354 624 412 detinere
644 349 1437 427 praesumeret,divinaetiam
1459 348 1749 407 celebrare
1778 358 1831 423 Α
1862 351 1988 407 freti
2023 352 2366 409 auctoritate
2414 356 2834 424 conferremus,
2869 363 2933 415 ut
2989 366 3045 416 et
3094 364 3502 434 promissionis

95 448 377 520 praente
409 450 470 500 et
508 441 889 500 conveniente
926 443 1164 510 decano,
1204 438 1414 497 iterum
1459 438 1749 497 sententia

92 535 494 594 anathematis
526 533 843 591 innodatus
873 537 963 590 eet
998 549 1012 587 :
1062 547 1235 605 quem
1280 530 1653 604 postmodum
1688 529 1745 584 in

96 627 297 685 eadem
332 624 583 683 ecclesia
613 624 870 681 decanus
918 622 1197 692 instituit,
1228 629 1282 678 et
1328 620 1387 676 in
1434 618 1749 693 parochiali

97 716 280 783 altari,
306 731 407 772 me
425 729 661 789 semper
671 713 1034 788 prohibente,
1050 712 1258 769 iacitiu
1282 709 1746 767 maledictionem

99 807 306 881 populo
344 805 663 877 deservire,
687 804 837 862 etde
860 819 1035 860 manu
1068 802 1195 874 ejus
1218 801 1460 868 reditus,
1484 814 1631 873 quos
1654 797 1749 853 ilie

98 898 158 954 de
200 894 629 953 maledictione
679 894 954 967 percepit,
1016 891 1271 965 recipere
1318 908 1432 948 uon
1476 886 1750 946 formidat

101 987 473 1059 Suspensum
498 983 673 1057 igitur
696 1000 730 1040 a
754 999 846 1041 me
868 981 1002 1038 facit
1021 980 1404 1038 nihilominus
1426 977 1749 1054 spiritualia

101 1074 764 1146 ministrare,quoniam
787 1072 898 1145 ipsi
933 1070 1332 1129 defensionem
1366 1070 1426 1125 in
1458 1068 1621 1126 omni
1646 1084 1745 1123 ne·

103 1163 370 1223 cessitate
403 1162 713 1235 promittit.
752 1160 1026 1218 Schisma
1043 1164 1131 1216 est
1151 1164 1208 1215 et
1238 1158 1511 1232 quaelibet
1540 1156 1748 1213 haeresi

102 1255 271 1327 major
291 1251 618 1324 iniquitas,
642 1249 743 1306 ubi
784 1254 841 1307 et
881 1254 1242 1306 sacramenta
1273 1246 1567 1321 profanari
1598 1262 1745 1303 con-

102 1350 215 1410 stat,
236 1348 293 1398 el
328 1340 626 1415 populum
651 1338 1107 1412 quingentarum
1130 1338 1457 1394 animarum
1490 1334 1746 1409 periculo

105 1435 387 1505 perpetum
418 1428 849 1487 maledictionis
869 1426 1107 1485 involvi.
1140 1428 1217 1484 Ad
1251 1426 1357 1485 hoc
1379 1425 1748 1500 improbastis

108 1520 440 1595 aliquando,
463 1519 624 1593 quod
649 1534 756 1592 ego
786 1518 1134 1575 decanatum
1166 1525 1220 1574 et
1251 1517 1531 1589 majorem
1563 1513 1747 1572 archi·

112 1614 481 1670 diaconatum
504 1608 606 1667 uni
628 1610 851 1667 decano
874 1609 1110 1682 profusa
1126 1607 1473 1666 liberalitate
1494 1607 1752 1666 contule-

114 1717 239 1770 ram,
271 1716 419 1757 cnm
456 1700 518 1756 id
540 1699 945 1756 ecclesiasticoe
976 1697 1334 1756 institutioni
1365 1701 1590 1755 constet
1618 1714 1750 1755 esse
1778 1719 1826 1787 B

116 1790 485 1856 centrarium,
516 1792 694 1862 atque
714 1786 1086 1847 Baiocetelet
1100 1788 1434 1845 Ebroicensi
1464 1788 1750 1860 episcopis

118 1880 448 1953 injunxistis
472 1879 534 1935 in
557 1879 818 1937 diversas
846 1893 1126 1951 personas
1146 1877 1401 1936 dividere
1414 1877 1749 1951 dignitates,

121 1975 171 2025 ut
194 1985 294 2026 nec
320 1969 507 2025 etiam
538 1968 848 2026 obsisteret
880 1968 1231 2040 rescriptum
1272 1973 1551 2033 vestrum,
1599 1966 1750 2039 quod

124 2076 273 2133 super
300 2059 421 2117 hue
442 2058 766 2133 aliquando
793 2062 1020 2116 constat
1038 2056 1201 2116 vobis
1216 2073 1345 2115 esse
1383 2057 1746 2129 subreptum.

26 2164 33 2207 i
124 2149 311 2208 Verum
332 2148 591 2206 decessit
606 2147 1490 2222 alterjudicum,nequeduplex
1512 2148 1753 2205 manda·

28 2260 35 2305 ;
126 2246 221 2296 tum
252 2240 441 2297 unius
464 2240 657 2312 potuit
677 2237 1037 2312 delegatione
1059 2237 1354 2310 compleri.
1388 2237 1753 2295 Necesse'est

30 2372 35 2397 ,
130 2331 279 2404 igitur
307 2333 379 2386 ut
398 2330 687 2387 sanctitas
717 2334 909 2386 vestra
939 2326 1252 2401 adimpleat
1297 2329 1450 2401 quod
1490 2326 1751 2400 incoepit,

28 2410 39 2481 ²,
128 2420 345 2493 aliisque
352 2418 668 2492 judicibus
687 2418 770 2477 rei
797 2417 1173 2476 efficientiam
1198 2418 1485 2490 delegare,
1501 2433 1600 2490 per
1613 2432 1756 2489 quos

131 2508 375 2567 Ecclesiae
408 2508 768 2583 dignitatum
802 2523 1039 2566 suarum
1073 2508 1420 2565 restituatur
1440 2506 1754 2578 aequalitaS,

32 2586 41 2639 ἓ
131 2614 207 2655 aec
229 2599 424 2656 altera
436 2596 688 2656 alteram
720 2597 821 2654 teli
844 2598 990 2655 forte
1009 2597 1346 2655 confusione
1368 2599 1677 2654 consumat
1698 2602 1753 2652 et

36 2756 41 2779 Ι
128 2686 360 2746 huminis
391 2687 615 2763 ingrati
644 2691 702 2745 et
730 2686 1037 2761 degeneris
1066 2686 1310 2744 ambitio
1331 2689 1755 2760 compescatur.

856 2794 1041 2855 CXIV.

405 2886 483 2927 ΑΒ
525 2884 793 2926 euxinum
832 2882 1024 2924 aaran
1063 2882 1454 2924 aasumensi.

174 2959 473 3036 Delegavit
497 2959 924 3019 venerabilibus
938 2956 1215 3015 fratribus
1230 2959 1374 3015 meis
1389 2956 1683 3015 Baiocensi
1705 2959 1763 3013 et

126 3051 449 3110 Abrinceusi
512 3048 824 3123 episcopis,
867 3054 918 3105 et
958 3047 1323 3105 thesaurario
1400 3046 1761 3113 Lexoviensi,

36 3157 47 3196 .·
126 3141 449 3198 sublimitas
470 3144 670 3197 vestre
698 3138 1167 3209 controversiam,
1206 3153 1333 3210 quoe
1381 3136 1537 3194 inter
1576 3154 1667 3194 me
1706 3140 1764 3193 et

36 3265 45 3293 ,.
122 3227 409 3289 Nicolaum
434 3229 513 3286 de
541 3231 701 3288 Cuet.
735 3227 1008 3285 clericum
1030 3228 1377 3292 vertebatur,
1409 3243 1585 3299 super
1615 3243 1761 3301 prae-

124 3320 283 3378 bende
309 3319 584 3394 quedam
609 3334 789 3393 quam
810 3316 964 3374 idem
978 3315 1251 3374 Nicolaus
1280 3316 1339 3373 in
1364 3333 1537 3374 mauu
1563 3320 1762 3374 nostra

124 3412 513 3487 resignaverat
532 3408 822 3468 Gileberto
845 3407 1256 3466 archidiacono
1283 3407 1675 3479 tribuendam,
1698 3425 1764 3465 ea

126 3502 393 3559 nimirum
422 3499 765 3557 conditione
786 3501 851 3555 ut
881 3497 1073 3572 prima
1102 3514 1277 3572 quam
1301 3514 1506 3556 vacare
1532 3499 1727 3555 contin
1748 3526 1762 3541 ·

126 3601 277 3662 geret,
312 3587 569 3646 Nicolao
591 3587 1151 3661 recompensationis
1163 3587 1397 3645 nomine
1418 3587 1760 3656 solveretur,

124 3685 327 3740 retenta
383 3683 593 3736 tamen
650 3677 884 3735 interim
940 3677 1216 3734 canonice
1264 3676 1571 3750 dignitate,
1605 3684 1662 3734 ut
1708 3680 1766 3734 et

122 3769 341 3828 stallum
365 3768 431 3826 in
464 3766 670 3840 choro,
702 3774 757 3824 et
776 3766 969 3824 locum
1002 3766 1061 3823 in
1090 3765 1346 3840 capitulo
1377 3770 1435 3824 et
1478 3765 1766 3825 serviendi

118 3861 163 3916 in
184 3857 401 3932 maiori
432 3857 616 3914 altari
647 3855 1017 3932 dignitatem,
1049 3872 1180 3913 cum
1222 3856 1444 3914 coeteris
1482 3861 1765 3930 tanquam

116 3951 431 4009 eanonicus
503 3948 814 4007 obtineret.
858 3948 1055 4018 Porro,
1103 3953 1343 4010 vacante
1389 3951 1765 4022 postmodum

20 4099 23 4112 ,
122 4039 449 4113 prebende,
474 4054 609 4096 eam
642 4035 767 4109 alii,
797 4036 1010 4095 Joauni
1031 4036 1255 4095 scilicet
1285 4039 1354 4094 de
1376 4036 1595 4107 Alenc„
1636 4055 1771 4096 con·

118 4131 213 4190 tuli
241 4133 381 4190 sine
410 4127 641 4188 Nicolai
672 4128 1029 4186 conscientia
1057 4133 1114 4186 et
1134 4130 1770 4197 consensu,aestimans

124 4237 268 4290 eum,
300 4220 594 4294 quoniam
630 4218 939 4276 familiaris
969 4234 1135 4275 meus
1165 4223 1223 4275 et
1244 4219 1602 4277 domesticus
1624 4228 1769 4289 erat,

118 4311 524 4384 equanimiter
550 4307 703 4366 ferre
732 4308 889 4382 quod
911 4308 1158 4366 facerem
1190 4313 1246 4366 et
1283 4309 1410 4366 sine
1439 4307 1660 4366 offensa
1701 4311 1773 4365 de

122 4399 301 4472 gretia
330 4414 471 4456 mea
492 4395 842 4454 beneficium
862 4396 1019 4454 eliud
1038 4405 1385 4469 exspectare.
1408 4398 1553 4454 Cum
1577 4403 1771 4456 autem

1858 442 2075 497 veritas
2115 440 2459 515 impleretur
2507 452 2563 500 et
2611 463 2719 503 sua
2765 447 2999 507 Nicolao
3055 453 3347 511 restitutio
3383 471 3499 512 uon

1857 532 2101 587 deesset.
2121 533 2441 590 Proebenda
2462 539 2656 592 autem
2681 536 2922 595 minime
2941 541 3200 611 vocabat,
3224 542 3361 615 quid
3379 558 3502 615 jam

1860 619 2089 691 Hugoni
2120 621 2188 677 de
2223 622 2454 679 Nunaut
2484 624 2814 683 Lexoviensi
2859 629 3267 689 archidiacono
3295 633 3502 690 vestris

1860 710 2067 767 litteris
2099 727 2132 767 a
2162 726 2254 768 me
2280 712 2470 769 fuerat
2497 719 2799 788 vestraque
2831 716 3245 778 intercessione
3266 721 3500 792 donate,

1859 815 2047 871 neque
2073 801 2413 858 mandatum
2458 807 2718 861 vestrum
2770 806 2883 862 nisi
2931 808 3241 867 collatione
3291 811 3501 883 prioris

1858 888 2179 958 praebendoe
2214 896 2440 961 poterat
2471 892 2816 965 {adimpleti
2851 896 2968 968 Ego
3024 898 3202 970 igitur
3244 898 3503 957 mandati

1859 979 2036 1033 vestri
2073 979 2426 1035 continentia
2478 981 2787 1053 diligenter
2833 985 3112 1056 inspecta,
3163 991 3221 1045 et
3276 989 3503 1046 domini

1858 1067 2183 1123 Baiocensis
2213 1069 2464 1142 delegati
2495 1088 2528 1126 a
2567 1072 2962 1144 vobisjudicis
2984 1076 3380 1134 admonitione
3411 1078 3500 1134 in-

1859 1157 2096 1225 ductus,
2149 1158 2514 1228 praebendam
2555 1177 2681 1233 quae
2723 1162 2910 1234 primo
2958 1166 3247 1236 promissa
3295 1167 3502 1245 fuerat,

1859 1246 2084 1303 contuli
2112 1247 2369 1316 Nicolao,
2393 1250 2549 1307 sicut
2594 1252 2651 1307 in
2676 1253 2948 1310 mandato
2979 1259 3191 1322 vestro,
3226 1256 3383 1328 quod
3405 1257 3507 1313 ad·

1862 1335 1975 1391 huc
1996 1340 2201 1405 exstat,
2238 1339 2546 1396 manifeste
2567 1342 2895 1398 continetur
2915 1359 3278 1416 expressum,
3303 1360 3375 1403 ue
3399 1344 3506 1403 boe

1861 1427 2254 1496 proetermisso
2286 1428 2481 1485 minus
2501 1429 2781 1488 obediens
2801 1432 3087 1489 exstitisse
3108 1434 3504 1502 convincerer,

1861 1521 1918 1571 et
1947 1515 2145 1573 minus
2167 1522 2371 1574 vestrae
2415 1520 2747 1577 reverentia
2796 1520 3098 1581 detulisse.
3133 1522 3330 1595 Porro,
3364 1523 3505 1598 quia

1862 1606 2124 1678 praedicti
2145 1606 2480 1667 Baiocensis
2512 1610 2740 1684 collegae
2786 1616 3022 1686 propter
3065 1613 3252 1674 varias
3298 1632 3507 1675 causes

1860 1698 2113 1755 excusati
2133 1716 2244 1756 non
2270 1706 2563 1772 venerant,
2592 1703 2695 1759 sed
2716 1720 2853 1762 suas
2873 1704 2926 1762 ei
2948 1706 3100 1764 vices
3123 1704 3508 1779 [perJIitteres

1859 1789 2301 1859 commiserant,
2333 1791 2346 1844 i
2355 1807 2458 1863 pse
2490 1791 2997 1852 factum-nostrum
3018 1804 3206 1854 vestra
3233 1812 3350 1869 qua
3379 1796 3508 1855 fun·

1859 1876 2104 1949 gebatur
2134 1880 2480 1937 auctoritate
2511 1880 2903 1941 nihilominus
2961 1890 3327 1957 prosecutus,
3351 1887 3507 1956 capi-

1863 1966 1984 2024 tulo
2016 1967 2273 2040 scripsit,
2306 1970 2458 2041 quo]
2493 1987 2528 2025 a
2557 1971 2721 2027 vobis
2749 1973 3095 2030 mandatum
3129 1974 3332 2042 suerat,
3373 1979 3432 2030 et
3472 1990 3508 2031 a

1861 2057 2030 2114 nobis
2060 2057 2350 2125 effectum,
2386 2058 2586 2131 ipsum
2619 2059 2922 2118 Nicolaum
2954 2061 3014 2119 in
3042 2063 3386 2121 canonicum
3420 2079 3503 2121 re-

1862 2147 1975 2219 cipi
1992 2147 2282 2219 praecepit,
2305 2151 2361 2203 et
2377 2146 2434 2203 in
2449 2149 2648 2204 omnia
2668 2149 2741 2205 ad
2761 2150 3135 2223 proebendem
3157 2152 3510 2224 pertinentia

1860 2235 2128 2293 conferri.
2166 2235 2525 2307 Significavit
2544 2237 2719 2295 etiam
2740 2237 2821 2295 eis
2852 2241 3006 2310 quod
3035 2240 3373 2299 mandatum
3395 2242 3508 2299 hoc

1865 2329 2124 2383 vestrum
2151 2324 2309 2381 nulla
2339 2325 2746 2398 appellatione,
2783 2328 2945 2385 nulla
2969 2332 3192 2401 poterat
3214 2331 3508 2389 contradi·

1863 2414 2055 2471 ctione
2084 2414 2390 2486 suspendi,
2424 2417 2575 2472 sicut
2605 2418 2784 2473 etiam
2816 2418 2900 2475 eis
2922 2435 2991 2474 ex
3016 2418 3297 2492 rescripto
3320 2426 3509 2478 vestro

1864 2504 2063 2559 datum
2087 2508 2176 2560 est
2201 2505 2434 2560 intueri.
2471 2504 2534 2561 ln
2566 2521 2682 2577 quo
2713 2522 2849 2563 cum
2880 2508 3358 2566 canonieiminus
3378 2510 3512 2569 obe·

1864 2594 2089 2651 dientes
2103 2594 2454 2663 exstiterint,
2472 2604 2722 2653 vestrum
2736 2597 2843 2654 erit
2855 2598 3161 2656 decernere
3174 2602 3330 2673 quod
3342 2601 3515 2659 debe·

1866 2684 1980 2751 tis3
2013 2687 2266 2741 «Ioannes
2296 2688 2488 2741 tamen
2522 2687 2884 2756 praebendam
2927 2687 3205 2746 violenter
3251 2689 3514 2749 detinere

1869 2774 2267 2847 pra-sumpsit,
2301 2776 2666 2849 quaesitoque
2699 2776 2968 2849 praesidio
3000 2777 3157 2834 laicae
3186 2780 3511 2850 potestatis,

1868 2864 2247 2935 saepedictum
2282 2864 2582 2920 Nicolaum
2615 2866 2687 2922 de
2715 2866 2887 2924 bonis
2913 2869 3232 2938 probanda
3264 2885 3384 2925 sue
3412 2885 3514 2942 per

1870 2952 2061 3026 regios
2092 2958 2387 3010 exactores
2421 2969 2535 3011 non
2567 2958 2654 3011 est
2673 2957 2889 3013 veritus
2926 2972 3212 3026 annovere,
3252 2957 3515 3030 appella·

1878 3042 2033 3099 tione
2065 3043 2299 3114 quidem
2321 3043 2665 3117 interposita
2684 3046 2825 3101 dum
2849 3044 3118 3117 Vespere
3138 3050 3518 3105 cantarentur

1879 3138 2042 3189 extra
2097 3133 2425 3199 ecclesiam,
2479 3150 2583 3190 nec
2614 3134 2946 3192 adversario
2984 3140 3377 3208 comparente,
3410 3150 3518 3193 nee

1871 3222 2081 3279 vestris
2113 3239 2346 3295 quoque
2372 3223 2696 3294 judicibus,
2718 3240 2852 3282 cum
2871 3224 3045 3281 etiam
3076 3242 3109 3281 a
3137 3225 3299 3282 vobis
3321 3224 3517 3282 omnis

1870 3312 2202 3385 appellandi
2228 3313 2513 3370 sententia
2542 3314 2858 3373 tolleretur.
2881 3315 3069 3389 Super
3088 3333 3203 3389 quo
3217 3332 3288 3374 ne
3319 3315 3518 3374 miuus

1871 3403 2094 3474 impleti
2129 3403 2383 3460 mandati
2415 3403 2589 3462 vestri
2619 3411 2813 3476 posset
2842 3404 2898 3461 in
2925 3421 3017 3463 me
3060 3404 3234 3478 culpa
3263 3404 3516 3473 refundi,

1871 3491 2242 3550 scribentium
2268 3491 2427 3549 vobis
2445 3496 2648 3551 censui
2668 3494 2806 3566 quid
2845 3494 3180 3552 obsistatne
3199 3495 3304 3552 hoc
3324 3511 3519 3553 exem·

1872 3583 1966 3656 plo
1990 3584 2268 3641 adversus
2291 3585 2653 3657 majestatem
2670 3593 2914 3642 vestram
2935 3585 3517 3658 soecularissspotentiae

1875 3673 2149 3746 praesidia
2181 3674 2624 3745 conquirantur,
2657 3675 2754 3732 sed
2781 3674 2920 3745 quia
2948 3692 2982 3730 a
3010 3674 3170 3731 vobis
3203 3680 3314 3730 tam
3356 3675 3519 3746 juste

1874 3767 1932 3818 et
1956 3768 2152 3820 sancte
2183 3767 2468 3819 statutum
2492 3768 2603 3829 est,
2638 3764 2694 3819 in
2745 3763 2957 3820 virtute
3015 3763 3236 3819 faciatis
3283 3764 3514 3820 effectui

1878 3852 2220 3924 mancipari.
2254 3853 2369 3925 Ego
2401 3870 2532 3909 vero
2566 3869 2666 3925 pro
2707 3852 2980 3908 violentia
3007 3852 3165 3908 laicae
3187 3853 3514 3924 potestatis,

1877 3958 2052 4013 quam
2077 3942 2197 4012 ipse
2222 3959 2335 3998 non
2360 3942 2555 3997 timuit
2583 3957 2846 3998 exercere
2871 3943 3140 3998 adversus
3170 3942 3517 3999 sententiam

1881 4047 2005 4100 quae
2037 4031 2106 4086 de
2139 4037 2325 4086 vestra
2354 4029 2690 4086 auctoritate
2721 4037 3098 4102 processerat,
3131 4047 3165 4088 a
3194 4047 3284 4088 me
3330 4032 3521 4090 debito

1883 4120 2279 4177 anathematis
2313 4119 2538 4177 vinculo
2577 4120 2914 4177 solemniter
2962 4126 3050 4178 eet
3100 4120 3393 4192 astrictus,
3428 4123 3523 4196 ip-

1883 4208 2395 4282 soqueinnodatus
2450 4215 2641 4266 vestro
2687 4225 2747 4266 se
2796 4210 3130 4283 conspectui
3180 4215 3526 4283 praesentare

1880 4300 2201 4372 praesumit.
2234 4299 2335 4356 Cui
2367 4302 2538 4356 ctiam
2579 4300 3051 4374 archiepiscopus
3099 4305 3296 4356 noster
3325 4303 3523 4357 aucto-

1885 4390 2111 4447 ritatem
2146 4405 2311 4446 suam
2335 4406 2545 4463 negare
2565 4407 2680 4446 non
2711 4391 2921 4462 potuit,
2955 4390 3089 4447 licet
3126 4389 3224 4446 ille
3271 4389 3524 4448 favorem

124 4489 221 4548 hoc
260 4488 639 4564 recognitum
668 4485 906 4546 Nicolao
934 4487 1173 4545 minime
1203 4487 1540 4561 placuisset,
1567 4489 1637 4545 ad
1670 4505 1776 4547 au·
1805 4482 1849 4548 D
1881 4477 2069 4551 ipsius
2094 4479 2364 4546 habebat,
2398 4479 2599 4552 etipse
2630 4481 2798 4537 nobis
2831 4480 2945 4537 fere
2991 4481 3051 4536 in
3099 4479 3373 4535 omnibus
3421 4479 3528 4536 ad-

122 4597 205 4638 res
237 4577 665 4638 misericordia>
692 4581 898 4634 vestro
930 4578 1205 4636 adversus
1228 4593 1320 4635 me
1342 4577 1771 4650 querimoniam

120 4668 351 4740 detulit,
382 4672 443 4726 et
474 4683 577 4725 vos
608 4666 873 4725 eamdem
889 4667 1259 4740 praebendam
1292 4667 1345 4723 ei
1377 4666 1601 4724 restitui
1631 4684 1772 4739 apo·

118 4758 321 4818 stolice
340 4754 695 4815 auctoritate
720 4755 1067 4827 mandastis,
1083 4757 1238 4829 quod
1271 4757 1446 4814 etiam
1466 4756 1593 4815 sine
1614 4757 1773 4815 omni

120 4845 517 4922 appellatione
558 4848 617 4902 et
665 4844 1126 4904 contradictione
1175 4845 1496 4919 mancipari
1543 4845 1772 4903 effectui

122 4937 447 5010 praeceptis,
470 4939 532 4992 et
573 4937 639 4992 ut
664 4950 793 4992 eam
826 4934 1076 4992 facerem
1117 4939 1319 4992 contra
1356 4951 1590 4992 omnem
1645 4938 1770 4993 vio-

120 5023 365 5083 lentiam
394 5039 433 5079 ι
454 5022 733 5096 praedicto
760 5021 1000 5079 Nicolao
1023 5021 1260 5094 pacifice
1278 5021 1583 5094 possideri.
1619 5023 1772 5091 Quas

122 5113 339 5172 litteras
378 5127 515 5171 cum
542 5111 813 5169 Nicotaus
841 5108 1182 5184 aliquandiu
1216 5115 1448 5184 propter
1477 5112 1633 5168 varia
1665 5113 1769 5169 ob-

124 5203 337 5262 stacula
350 5201 691 5260 distulisset
710 5201 941 5270 offerre,
954 5201 1022 5258 ad
1046 5201 1598 5274 praedictosjudiees
1615 5219 1771 5259 man·

127 5293 317 5352 datum
348 5311 383 5350 e
408 5291 579 5350 vobis
601 5292 761 5368 aliud
795 5291 1112 5360 emanavit,
1147 5295 1213 5349 ut
1232 5291 1283 5349 si
1314 5291 1534 5363 omnia,
1557 5309 1679 5363 quae
1702 5293 1772 5349 de

129 5381 500 5442 restitutione
526 5379 749 5440 Nicolei
779 5381 997 5440 avobis
1040 5384 1315 5440 mandata
1363 5380 1615 5450 fueraut,
1651 5397 1769 5439 non

130 5471 495 5546 implessem,
519 5469 635 5546 ipsi
664 5471 942 5545 praedicto
994 5471 1230 5530 Nicoleo
1278 5469 1652 5545 praebendam
1701 5472 1774 5529 de

132 5561 392 5639 cappella
420 5579 557 5638 quo
584 5561 648 5622 iu
686 5562 933 5623 eeclesia
971 5579 1173 5625 vacere
1230 5561 1549 5636 dicebatur,
1580 5566 1775 5623 vestra

444 5663 713 5729 Pas-sor..
756 5661 906 5729 ccl.

1887 4573 2178 4626 versetur.
2211 4568 2513 4626 Vindicate
2560 4568 2737 4640 igitur
2785 4569 2844 4625 in
2884 4569 3303 4636 adversarium,
3363 4571 3420 4623 et
3465 4566 3525 4622 in

1883 4659 2264 4715 temerarium
2297 4668 2353 4714 et
2382 4664 2836 4731 contemptorem
2867 4663 2924 4714 et
2951 4659 3078 4729 ejus
3101 4656 3412 4729 complices
3432 4671 3531 4714 se·

1884 4748 2075 4805 verior
2106 4748 2430 4820 majestatis
2462 4747 2786 4819 apostolicas
2818 4746 3123 4818 disciplina
3145 4745 3434 4818 procedat,
3458 4762 3531 4805 ne

1886 4838 2111 4895 crateris
2145 4839 2315 4894 faciat
2337 4838 2516 4893 simili
2551 4836 2792 4895 audacia
2815 4839 3262 4907 contemptores.
3298 4834 3531 4894 Nullam

1884 4929 2103 5001 quippe
2133 4928 2462 4983 auctoritati
2497 4925 2818 4999 pontificali
2850 4926 3232 4981 reverentiam
3274 4931 3527 4997 servant,

1883 5021 1985 5075 sed
2009 5018 2277 5088 injurias,
2311 5034 2455 5089 quas
2489 5018 2766 5087 irrogant,
2801 5015 3533 5088 frustratoriaeappellatio-

1882 5110 1972 5167 nis
2001 5107 2285 5166 velamine
2307 5107 2635 5179 palliantes,
2669 5107 2895 5178 adjecta
2926 5106 3310 5164 nihilominus
3341 5112 3535 5179 poten·

1884 5202 1965 5258 tia
1996 5197 2265 5256 saeculari
2298 5214 2475 5269 quam
2501 5195 2820 5269 redimunt,
2852 5213 3025 5254 omne
3055 5198 3227 5254 robur
3256 5196 3527 5253 ecclesia·

1881 5286 2444 5348 sticaeinstitutionis
2481 5286 2806 5357 infirmant,
2833 5293 2890 5344 et
2919 5303 3044 5360 quae
3086 5286 3337 5358 rigorem
3388 5301 3532 5343 vera

1880 5379 2116 5438 virtutis
2146 5378 2360 5435 habere
2390 5377 2733 5435 videbantur
2759 5381 3057 5435 enervant.
3091 5375 3263 5434 Porro
3296 5375 3403 5432 hoc
3448 5376 3509 5433 in

1884 5470 2146 5544 partibus
2178 5465 2391 5525 nostris
2419 5465 2740 5538 plurimum
2761 5466 3009 5527 exerceri
3030 5475 3218 5527 vestra
3234 5465 3523 5540 sapientia

1886 5578 2001 5619 non
2034 5557 2287 5634 ignorat,
2315 5556 2417 5616 sed
2448 5557 2555 5616 sub
2589 5559 3040 5620 mansuetudine
3085 5561 3144 5617 et
3189 5554 3523 5616 dissimula·

3186 5662 3223 5720 5
