<?xml version="1.0" encoding="UTF-8"?>
<!DOCTYPE html PUBLIC "-//W3C//DTD XHTML 1.0 Transitional//EN"
    "http://www.w3.org/TR/xhtml1/DTD/xhtml1-transitional.dtd">
<html xmlns="http://www.w3.org/1999/xhtml" xml:lang="en" lang="en">
 <head>
  <title>
</title>
<meta http-equiv="Content-Type" content="text/html;charset=utf-8" />
  <meta name='ocr-system' content='tesseract 3.04.00' />
  <meta name='ocr-capabilities' content='ocr_page ocr_carea ocr_par ocr_line ocrx_word'/>
</head>
<body>
  <div class='ocr_page' id='page_1' title='image "./patrologiaecurs32goog_0009.png"; bbox 0 0 3784 6000; ppageno 0'>
   <div class='ocr_carea' id='block_1_1' title="bbox 162 168 3609 249">
    <p class='ocr_par' dir='ltr' id='par_1_1' title="bbox 162 168 3609 249">
     <span class='ocr_line' id='line_1_1' title="bbox 162 168 3609 249; baseline 0 5751"><span class='ocrx_word' id='word_1_1' title='bbox 162 168 3609 249; x_wconf 95' lang='lat' dir='ltr'><strong> </strong></span> 
     </span>
    </p>
   </div>
   <div class='ocr_carea' id='block_1_2' title="bbox 1538 456 2255 514">
    <p class='ocr_par' dir='ltr' id='par_1_2' title="bbox 1538 456 2255 514">
     <span class='ocr_line' id='line_1_2' title="bbox 1538 456 2255 514; baseline -0.003 -3"><span class='ocrx_word' id='word_1_2' title='bbox 1538 471 1691 513; x_wconf 65' lang='lat' dir='ltr'><strong>Anao</strong></span> <span class='ocrx_word' id='word_1_3' title='bbox 1729 456 1932 514; x_wconf 71' lang='lat' dir='ltr'><strong>oomni</strong></span> <span class='ocrx_word' id='word_1_4' title='bbox 1973 470 2255 513; x_wconf 69' lang='lat' dir='ltr'><strong>ucmxiv</strong></span> 
     </span>
    </p>
   </div>
   <div class='ocr_carea' id='block_1_3' title="bbox 666 688 3151 1216">
    <p class='ocr_par' dir='ltr' id='par_1_3' title="bbox 666 688 3151 1216">
     <span class='ocr_line' id='line_1_3' title="bbox 1267 688 2533 892; baseline -0.001 -2"><span class='ocrx_word' id='word_1_5' title='bbox 1267 688 2218 892; x_wconf 85' lang='lat' dir='ltr'><strong>ARNULF</strong></span> <span class='ocrx_word' id='word_1_6' title='bbox 2250 688 2387 890; x_wconf 87' lang='lat' dir='ltr'>U</span> <span class='ocrx_word' id='word_1_7' title='bbox 2403 688 2533 888; x_wconf 87' lang='lat' dir='ltr'><strong>S</strong></span> 
     </span>
     <span class='ocr_line' id='line_1_4' title="bbox 666 1046 3151 1216; baseline 0.003 -9"><span class='ocrx_word' id='word_1_8' title='bbox 666 1046 1958 1215; x_wconf 66' lang='lat' dir='ltr'><strong>Lexovfflnsls</strong></span> <span class='ocrx_word' id='word_1_9' title='bbox 2075 1048 3151 1216; x_wconf 84' lang='lat' dir='ltr'><strong>EPlSCOPUS</strong></span> 
     </span>
    </p>
   </div>
   <div class='ocr_carea' id='block_1_4' title="bbox 1559 1533 2244 1670">
    <p class='ocr_par' dir='ltr' id='par_1_4' title="bbox 1559 1533 2244 1670">
     <span class='ocr_line' id='line_1_5' title="bbox 1559 1533 2244 1670; baseline 0.004 -3"><span class='ocrx_word' id='word_1_10' title='bbox 1559 1533 2244 1670; x_wconf 78' lang='lat' dir='ltr'>NOTITIA</span> 
     </span>
    </p>
   </div>
   <div class='ocr_carea' id='block_1_5' title="bbox 1325 1814 2547 1889">
    <p class='ocr_par' dir='ltr' id='par_1_5' title="bbox 1325 1814 2547 1889">
     <span class='ocr_line' id='line_1_6' title="bbox 1325 1814 2547 1889; baseline 0 -20"><span class='ocrx_word' id='word_1_11' title='bbox 1325 1814 1525 1887; x_wconf 74' lang='lat' dir='ltr'><strong>(Gallia</strong></span> <span class='ocrx_word' id='word_1_12' title='bbox 1564 1814 1882 1872; x_wconf 66' lang='lat' dir='ltr'><strong>Chrislz&#39;ana</strong></span> <span class='ocrx_word' id='word_1_13' title='bbox 1912 1832 2080 1887; x_wconf 86' lang='lat' dir='ltr'><strong>nova,</strong></span> <span class='ocrx_word' id='word_1_14' title='bbox 2113 1819 2255 1876; x_wconf 80' lang='lat' dir='ltr'><strong>tom.</strong></span> <span class='ocrx_word' id='word_1_15' title='bbox 2288 1816 2390 1889; x_wconf 82' lang='lat' dir='ltr'><strong>xl,</strong></span> <span class='ocrx_word' id='word_1_16' title='bbox 2417 1815 2547 1887; x_wconf 76' lang='lat'>774)</span> 
     </span>
    </p>
   </div>
   <div class='ocr_carea' id='block_1_6' title="bbox 1698 2002 2123 2020">
    <p class='ocr_par' dir='ltr' id='par_1_6' title="bbox 1698 2002 2123 2020">
     <span class='ocr_line' id='line_1_7' title="bbox 1698 2002 2123 2020; baseline 0 0"><span class='ocrx_word' id='word_1_17' title='bbox 1698 2002 2123 2020; x_wconf 95' lang='lat' dir='ltr'><strong> </strong></span> 
     </span>
    </p>
   </div>
   <div class='ocr_carea' id='block_1_7' title="bbox 270 2178 3614 2259">
    <p class='ocr_par' dir='ltr' id='par_1_7' title="bbox 270 2178 3614 2259">
     <span class='ocr_line' id='line_1_8' title="bbox 270 2178 3614 2259; baseline 0.001 -23"><span class='ocrx_word' id='word_1_18' title='bbox 270 2182 461 2237; x_wconf 81' lang='lat' dir='ltr'><strong>Patria</strong></span> <span class='ocrx_word' id='word_1_19' title='bbox 491 2183 902 2238; x_wconf 86' lang='lat' dir='ltr'><strong>Nortmannus</strong></span> <span class='ocrx_word' id='word_1_20' title='bbox 946 2182 1225 2237; x_wconf 75' lang='lat' dir='ltr'><strong>Arnull&#39;us</strong></span> <span class='ocrx_word' id='word_1_21' title='bbox 1269 2181 1511 2240; x_wconf 88' lang='lat' dir='ltr'><strong>Joannis</strong></span> <span class='ocrx_word' id='word_1_22' title='bbox 1542 2183 1586 2251; x_wconf 90' lang='lat'><strong>1,</strong></span> <span class='ocrx_word' id='word_1_23' title='bbox 1625 2187 1851 2259; x_wconf 68' lang='lat' dir='ltr'><strong>praede·</strong></span> <span class='ocrx_word' id='word_1_24' title='bbox 1877 2192 1938 2257; x_wconf 81' lang='grc' dir='ltr'>Α</span> <span class='ocrx_word' id='word_1_25' title='bbox 1969 2202 2126 2259; x_wconf 79' lang='lat' dir='ltr'><strong>papae</strong></span> <span class='ocrx_word' id='word_1_26' title='bbox 2156 2201 2273 2241; x_wconf 85' lang='lat' dir='ltr'><strong>xvn</strong></span> <span class='ocrx_word' id='word_1_27' title='bbox 2305 2199 2532 2240; x_wconf 82' lang='lat' dir='ltr'><strong>marcas</strong></span> <span class='ocrx_word' id='word_1_28' title='bbox 2578 2182 2648 2238; x_wconf 87' lang='lat' dir='ltr'><strong>de</strong></span> <span class='ocrx_word' id='word_1_29' title='bbox 2677 2179 2949 2237; x_wconf 88' lang='lat' dir='ltr'><strong>thesauro</strong></span> <span class='ocrx_word' id='word_1_30' title='bbox 2996 2178 3252 2237; x_wconf 67' lang='lat' dir='ltr'><strong>ecclesia</strong></span> <span class='ocrx_word' id='word_1_31' title='bbox 3310 2195 3614 2240; x_wconf 73' lang='lat' dir='ltr'><strong>assumere</strong></span> 
     </span>
    </p>
   </div>
   <div class='ocr_carea' id='block_1_8' title="bbox 192 2272 1852 3596">
    <p class='ocr_par' dir='ltr' id='par_1_8' title="bbox 192 2272 1852 3596">
     <span class='ocr_line' id='line_1_9' title="bbox 194 2272 1851 2343; baseline 0.002 -14"><span class='ocrx_word' id='word_1_32' title='bbox 194 2272 459 2330; x_wconf 79' lang='lat' dir='ltr'><strong>cessoris</strong></span> <span class='ocrx_word' id='word_1_33' title='bbox 499 2287 704 2343; x_wconf 87' lang='lat' dir='ltr'><strong>nepos,</strong></span> <span class='ocrx_word' id='word_1_34' title='bbox 736 2272 1029 2343; x_wconf 81' lang='lat' dir='ltr'><strong>fraterque</strong></span> <span class='ocrx_word' id='word_1_35' title='bbox 1077 2274 1219 2329; x_wconf 91' lang='lat' dir='ltr'><strong>natu</strong></span> <span class='ocrx_word' id='word_1_36' title='bbox 1254 2274 1444 2328; x_wconf 87' lang='lat' dir='ltr'><strong>minor</strong></span> <span class='ocrx_word' id='word_1_37' title='bbox 1479 2272 1723 2334; x_wconf 86' lang='lat' dir='ltr'><strong>Joannis</strong></span> <span class='ocrx_word' id='word_1_38' title='bbox 1752 2277 1851 2333; x_wconf 89' lang='lat' dir='ltr'><strong>Sa-</strong></span> 
     </span>
     <span class='ocr_line' id='line_1_10' title="bbox 194 2360 1852 2438; baseline 0.003 -21"><span class='ocrx_word' id='word_1_39' title='bbox 194 2362 425 2434; x_wconf 81' lang='lat' dir='ltr'><strong>giensis</strong></span> <span class='ocrx_word' id='word_1_40' title='bbox 482 2360 762 2434; x_wconf 77' lang='lat' dir='ltr'>episcopi,</span> <span class='ocrx_word' id='word_1_41' title='bbox 797 2363 972 2433; x_wconf 84' lang='lat' dir='ltr'><strong>cujus</strong></span> <span class='ocrx_word' id='word_1_42' title='bbox 1002 2362 1198 2419; x_wconf 87' lang='lat' dir='ltr'><strong>studio</strong></span> <span class='ocrx_word' id='word_1_43' title='bbox 1230 2361 1288 2418; x_wconf 92' lang='lat' dir='ltr'><strong>in</strong></span> <span class='ocrx_word' id='word_1_44' title='bbox 1319 2364 1592 2438; x_wconf 85' lang='lat' dir='ltr'><strong>Sagiensi</strong></span> <span class='ocrx_word' id='word_1_45' title='bbox 1648 2365 1852 2423; x_wconf 87' lang='lat' dir='ltr'><strong>schola</strong></span> 
     </span>
     <span class='ocr_line' id='line_1_11' title="bbox 193 2450 1849 2527; baseline 0.004 -20"><span class='ocrx_word' id='word_1_46' title='bbox 193 2469 227 2507; x_wconf 88' lang='lat' dir='ltr'><strong>a</strong></span> <span class='ocrx_word' id='word_1_47' title='bbox 260 2466 444 2524; x_wconf 90' lang='lat' dir='ltr'><strong>puero</strong></span> <span class='ocrx_word' id='word_1_48' title='bbox 475 2450 536 2505; x_wconf 90' lang='lat' dir='ltr'><strong>in</strong></span> <span class='ocrx_word' id='word_1_49' title='bbox 580 2451 821 2524; x_wconf 86' lang='lat' dir='ltr'><strong>optimis</strong></span> <span class='ocrx_word' id='word_1_50' title='bbox 851 2450 1181 2525; x_wconf 86' lang='lat' dir='ltr'><strong>disciplinis</strong></span> <span class='ocrx_word' id='word_1_51' title='bbox 1211 2454 1497 2527; x_wconf 88' lang='lat' dir='ltr'><strong>eruditus,</strong></span> <span class='ocrx_word' id='word_1_52' title='bbox 1528 2472 1596 2512; x_wconf 92' lang='lat' dir='ltr'><strong>ac</strong></span> <span class='ocrx_word' id='word_1_53' title='bbox 1624 2472 1849 2513; x_wconf 86' lang='lat' dir='ltr'><strong>morum</strong></span> 
     </span>
     <span class='ocr_line' id='line_1_12' title="bbox 192 2539 1849 2617; baseline 0.003 -21"><span class='ocrx_word' id='word_1_54' title='bbox 192 2539 538 2612; x_wconf 60' lang='lat' dir='ltr'><strong>integritate</strong></span> <span class='ocrx_word' id='word_1_55' title='bbox 568 2540 745 2595; x_wconf 87' lang='lat' dir='ltr'><strong>etiam</strong></span> <span class='ocrx_word' id='word_1_56' title='bbox 795 2539 1167 2610; x_wconf 73' lang='lat' dir='ltr'><strong>informatus,</strong></span> <span class='ocrx_word' id='word_1_57' title='bbox 1198 2544 1362 2599; x_wconf 83' lang='lat' dir='ltr'><strong>tanta</strong></span> <span class='ocrx_word' id='word_1_58' title='bbox 1389 2543 1641 2617; x_wconf 74' lang='lat' dir='ltr'><strong>probatae</strong></span> <span class='ocrx_word' id='word_1_59' title='bbox 1673 2544 1849 2601; x_wconf 86' lang='lat' dir='ltr'><strong>indo-</strong></span> 
     </span>
     <span class='ocr_line' id='line_1_13' title="bbox 192 2628 1852 2702; baseline 0.005 -20"><span class='ocrx_word' id='word_1_60' title='bbox 192 2629 272 2683; x_wconf 73' lang='lat' dir='ltr'><strong>l³s</strong></span> <span class='ocrx_word' id='word_1_61' title='bbox 304 2628 636 2700; x_wconf 80' lang='lat' dir='ltr'><strong>specimina</strong></span> <span class='ocrx_word' id='word_1_62' title='bbox 690 2628 924 2698; x_wconf 84' lang='lat' dir='ltr'><strong>indidit,</strong></span> <span class='ocrx_word' id='word_1_63' title='bbox 956 2638 1017 2686; x_wconf 86' lang='lat' dir='ltr'><strong>ut</strong></span> <span class='ocrx_word' id='word_1_64' title='bbox 1063 2631 1324 2702; x_wconf 88' lang='lat' dir='ltr'><strong>ejusdem</strong></span> <span class='ocrx_word' id='word_1_65' title='bbox 1357 2632 1613 2690; x_wconf 69' lang='lat' dir='ltr'><strong>ecclesio</strong></span> <span class='ocrx_word' id='word_1_66' title='bbox 1662 2634 1852 2691; x_wconf 77' lang='lat' dir='ltr'><strong>factus</strong></span> 
     </span>
     <span class='ocr_line' id='line_1_14' title="bbox 202 2716 1849 2794; baseline 0.005 -22"><span class='ocrx_word' id='word_1_67' title='bbox 202 2718 278 2772; x_wconf 83' lang='lat' dir='ltr'><strong>sit</strong></span> <span class='ocrx_word' id='word_1_68' title='bbox 310 2716 760 2773; x_wconf 87' lang='lat' dir='ltr'><strong>archidiaconus</strong></span> <span class='ocrx_word' id='word_1_69' title='bbox 812 2717 1118 2790; x_wconf 85' lang='lat' dir='ltr'><strong>regularis,</strong></span> <span class='ocrx_word' id='word_1_70' title='bbox 1152 2736 1269 2792; x_wconf 92' lang='lat' dir='ltr'><strong>quo</strong></span> <span class='ocrx_word' id='word_1_71' title='bbox 1308 2725 1566 2794; x_wconf 89' lang='lat' dir='ltr'><strong>tempore</strong></span> <span class='ocrx_word' id='word_1_72' title='bbox 1604 2727 1849 2781; x_wconf 80' lang='lat' dir='ltr'>Romam</span> 
     </span>
     <span class='ocr_line' id='line_1_15' title="bbox 205 2807 1852 2883; baseline 0.005 -22"><span class='ocrx_word' id='word_1_73' title='bbox 205 2808 529 2878; x_wconf 75' lang='lat' dir='ltr'><strong>profectus,</strong></span> <span class='ocrx_word' id='word_1_74' title='bbox 556 2807 826 2864; x_wconf 89' lang='lat' dir='ltr'><strong>canonici</strong></span> <span class='ocrx_word' id='word_1_75' title='bbox 841 2808 996 2879; x_wconf 74' lang='lat' dir='ltr'><strong>Juris</strong></span> <span class='ocrx_word' id='word_1_76' title='bbox 1026 2810 1320 2867; x_wconf 80' lang='lat' dir='ltr'><strong>ediscendi</strong></span> <span class='ocrx_word' id='word_1_77' title='bbox 1344 2812 1552 2883; x_wconf 82' lang='lat' dir='ltr'><strong>gratia,</strong></span> <span class='ocrx_word' id='word_1_78' title='bbox 1584 2813 1720 2869; x_wconf 90' lang='lat' dir='ltr'><strong>inde</strong></span> <span class='ocrx_word' id='word_1_79' title='bbox 1747 2818 1852 2870; x_wconf 85' lang='lat' dir='ltr'><strong>tra·</strong></span> 
     </span>
     <span class='ocr_line' id='line_1_16' title="bbox 198 2896 1850 2975; baseline 0.005 -24"><span class='ocrx_word' id='word_1_80' title='bbox 198 2903 431 2952; x_wconf 78' lang='lat' dir='ltr'><strong>etatum</strong></span> <span class='ocrx_word' id='word_1_81' title='bbox 465 2896 536 2951; x_wconf 90' lang='lat' dir='ltr'><strong>de</strong></span> <span class='ocrx_word' id='word_1_82' title='bbox 566 2897 884 2955; x_wconf 78' lang='lat' dir='ltr'><strong>schismate</strong></span> <span class='ocrx_word' id='word_1_83' title='bbox 904 2903 1031 2957; x_wconf 90' lang='lat' dir='ltr'><strong>orto</strong></span> <span class='ocrx_word' id='word_1_84' title='bbox 1062 2906 1191 2971; x_wconf 90' lang='lat' dir='ltr'><strong>post</strong></span> <span class='ocrx_word' id='word_1_85' title='bbox 1217 2901 1453 2958; x_wconf 84' lang='lat' dir='ltr'><strong>Honorii</strong></span> <span class='ocrx_word' id='word_1_86' title='bbox 1487 2902 1534 2959; x_wconf 88' lang='lat'><strong>11</strong></span> <span class='ocrx_word' id='word_1_87' title='bbox 1571 2919 1732 2975; x_wconf 70' lang='lat' dir='ltr'><strong>papae</strong></span> <span class='ocrx_word' id='word_1_88' title='bbox 1755 2905 1850 2960; x_wconf 86' lang='lat' dir='ltr'><strong>de-</strong></span> 
     </span>
     <span class='ocr_line' id='line_1_17' title="bbox 198 2986 1848 3064; baseline 0.005 -23"><span class='ocrx_word' id='word_1_89' title='bbox 198 3003 439 3042; x_wconf 78' lang='lat' dir='ltr'><strong>cessum</strong></span> <span class='ocrx_word' id='word_1_90' title='bbox 500 2986 571 3042; x_wconf 90' lang='lat' dir='ltr'><strong>ad</strong></span> <span class='ocrx_word' id='word_1_91' title='bbox 631 2986 980 3045; x_wconf 82' lang='lat' dir='ltr'><strong>Gaut&#39;ridum</strong></span> <span class='ocrx_word' id='word_1_92' title='bbox 1047 2989 1380 3064; x_wconf 87' lang='lat' dir='ltr'><strong>episcopum</strong></span> <span class='ocrx_word' id='word_1_93' title='bbox 1437 2994 1848 3050; x_wconf 86' lang='lat' dir='ltr'><strong>Carnotensem</strong></span> 
     </span>
     <span class='ocr_line' id='line_1_18' title="bbox 201 3075 1851 3147; baseline 0.005 -17"><span class='ocrx_word' id='word_1_94' title='bbox 201 3076 441 3139; x_wconf 85' lang='lat' dir='ltr'><strong>direxit,</strong></span> <span class='ocrx_word' id='word_1_95' title='bbox 501 3075 562 3130; x_wconf 93' lang='lat' dir='ltr'><strong>in</strong></span> <span class='ocrx_word' id='word_1_96' title='bbox 621 3092 733 3147; x_wconf 89' lang='lat' dir='ltr'><strong>quo</strong></span> <span class='ocrx_word' id='word_1_97' title='bbox 764 3079 1046 3136; x_wconf 88' lang='lat' dir='ltr'><strong>acerrime</strong></span> <span class='ocrx_word' id='word_1_98' title='bbox 1098 3080 1390 3136; x_wconf 84' lang='lat' dir='ltr'><strong>invehitur</strong></span> <span class='ocrx_word' id='word_1_99' title='bbox 1422 3080 1479 3136; x_wconf 90' lang='lat' dir='ltr'><strong>in</strong></span> <span class='ocrx_word' id='word_1_100' title='bbox 1540 3080 1851 3138; x_wconf 87' lang='lat' dir='ltr'><strong>Girardum</strong></span> 
     </span>
     <span class='ocr_line' id='line_1_19' title="bbox 202 3164 1850 3239; baseline 0.004 -21"><span class='ocrx_word' id='word_1_101' title='bbox 202 3164 706 3220; x_wconf 84' lang='lat' dir='ltr'><strong>Encolismensem</strong></span> <span class='ocrx_word' id='word_1_102' title='bbox 731 3166 1091 3239; x_wconf 88' lang='lat' dir='ltr'><strong>episcopum,</strong></span> <span class='ocrx_word' id='word_1_103' title='bbox 1111 3167 1264 3224; x_wconf 90' lang='lat' dir='ltr'><strong>Petri</strong></span> <span class='ocrx_word' id='word_1_104' title='bbox 1288 3169 1494 3226; x_wconf 86' lang='lat' dir='ltr'><strong>Leonis</strong></span> <span class='ocrx_word' id='word_1_105' title='bbox 1513 3171 1741 3226; x_wconf 83' lang='lat' dir='ltr'><strong>factioni</strong></span> <span class='ocrx_word' id='word_1_106' title='bbox 1759 3171 1850 3225; x_wconf 89' lang='lat' dir='ltr'><strong>ad·</strong></span> 
     </span>
     <span class='ocr_line' id='line_1_20' title="bbox 203 3252 1848 3330; baseline 0.006 -24"><span class='ocrx_word' id='word_1_107' title='bbox 203 3252 550 3321; x_wconf 77' lang='lat' dir='ltr'><strong>haerentem,</strong></span> <span class='ocrx_word' id='word_1_108' title='bbox 587 3254 665 3308; x_wconf 88' lang='lat' dir='ltr'><strong>ita</strong></span> <span class='ocrx_word' id='word_1_109' title='bbox 705 3261 770 3310; x_wconf 88' lang='lat' dir='ltr'><strong>ut</strong></span> <span class='ocrx_word' id='word_1_110' title='bbox 799 3272 1032 3313; x_wconf 90' lang='lat' dir='ltr'><strong>omnem</strong></span> <span class='ocrx_word' id='word_1_111' title='bbox 1065 3262 1197 3313; x_wconf 86' lang='lat' dir='ltr'><strong>ante</strong></span> <span class='ocrx_word' id='word_1_112' title='bbox 1229 3263 1417 3315; x_wconf 87' lang='lat' dir='ltr'><strong>actam</strong></span> <span class='ocrx_word' id='word_1_113' title='bbox 1451 3258 1638 3330; x_wconf 91' lang='lat' dir='ltr'><strong>ipsius</strong></span> <span class='ocrx_word' id='word_1_114' title='bbox 1667 3261 1848 3316; x_wconf 87' lang='lat' dir='ltr'><strong>vitam</strong></span> 
     </span>
     <span class='ocr_line' id='line_1_21' title="bbox 199 3342 1850 3418; baseline 0.005 -20"><span class='ocrx_word' id='word_1_115' title='bbox 199 3358 264 3398; x_wconf 84' lang='lat' dir='ltr'><strong>ac</strong></span> <span class='ocrx_word' id='word_1_116' title='bbox 286 3344 473 3399; x_wconf 87' lang='lat' dir='ltr'><strong>etiam</strong></span> <span class='ocrx_word' id='word_1_117' title='bbox 499 3342 946 3412; x_wconf 69' lang='lat' dir='ltr'><strong>praeclarissima</strong></span> <span class='ocrx_word' id='word_1_118' title='bbox 978 3362 1225 3418; x_wconf 69' lang='lat' dir='ltr'><strong>qumque</strong></span> <span class='ocrx_word' id='word_1_119' title='bbox 1246 3346 1502 3405; x_wconf 77' lang='lat' dir='ltr'><strong>facinora</strong></span> <span class='ocrx_word' id='word_1_120' title='bbox 1539 3348 1850 3406; x_wconf 88' lang='lat' dir='ltr'><strong>vehemen-</strong></span> 
     </span>
     <span class='ocr_line' id='line_1_22' title="bbox 202 3431 1847 3510; baseline 0.006 -25"><span class='ocrx_word' id='word_1_121' title='bbox 202 3431 342 3498; x_wconf 76' lang='lat' dir='ltr'><strong>tius,</strong></span> <span class='ocrx_word' id='word_1_122' title='bbox 378 3436 445 3486; x_wconf 87' lang='lat' dir='ltr'><strong>ut</strong></span> <span class='ocrx_word' id='word_1_123' title='bbox 492 3432 744 3502; x_wconf 86' lang='lat' dir='ltr'><strong>videtur,</strong></span> <span class='ocrx_word' id='word_1_124' title='bbox 775 3450 951 3505; x_wconf 86' lang='lat' dir='ltr'><strong>qnam</strong></span> <span class='ocrx_word' id='word_1_125' title='bbox 983 3436 1172 3493; x_wconf 81' lang='lat' dir='ltr'><strong>verius</strong></span> <span class='ocrx_word' id='word_1_126' title='bbox 1221 3441 1440 3510; x_wconf 81' lang='lat' dir='ltr'><strong>carpat.</strong></span> <span class='ocrx_word' id='word_1_127' title='bbox 1492 3442 1623 3493; x_wconf 79' lang='lat' dir='ltr'><strong>Haec</strong></span> <span class='ocrx_word' id='word_1_128' title='bbox 1653 3443 1847 3496; x_wconf 89' lang='lat' dir='ltr'><strong>autem</strong></span> 
     </span>
     <span class='ocr_line' id='line_1_23' title="bbox 201 3522 1847 3596; baseline 0.006 -21"><span class='ocrx_word' id='word_1_129' title='bbox 201 3522 499 3577; x_wconf 83' lang='lat' dir='ltr'><strong>scribebat</strong></span> <span class='ocrx_word' id='word_1_130' title='bbox 526 3522 679 3579; x_wconf 84' lang='lat' dir='ltr'><strong>circa</strong></span> <span class='ocrx_word' id='word_1_131' title='bbox 722 3539 817 3580; x_wconf 86' lang='lat' dir='ltr'><strong>an.</strong></span> <span class='ocrx_word' id='word_1_132' title='bbox 878 3524 1040 3593; x_wconf 92' lang='grc'><strong>1134,</strong></span> <span class='ocrx_word' id='word_1_133' title='bbox 1069 3540 1174 3582; x_wconf 85' lang='lat' dir='ltr'><strong>seu</strong></span> <span class='ocrx_word' id='word_1_134' title='bbox 1223 3531 1353 3596; x_wconf 86' lang='lat' dir='ltr'><strong>post</strong></span> <span class='ocrx_word' id='word_1_135' title='bbox 1407 3534 1743 3585; x_wconf 89' lang='lat' dir='ltr'><strong>coronatum</strong></span> <span class='ocrx_word' id='word_1_136' title='bbox 1775 3529 1847 3585; x_wconf 91' lang='lat' dir='ltr'><strong>ab</strong></span> 
     </span>
    </p>
   </div>
   <div class='ocr_carea' id='block_1_9' title="bbox 208 3577 1928 3685">
    <p class='ocr_par' dir='ltr' id='par_1_9' title="bbox 208 3577 1928 3685">
     <span class='ocr_line' id='line_1_24' title="bbox 208 3577 1928 3685; baseline 0.006 -23"><span class='ocrx_word' id='word_1_137' title='bbox 208 3610 545 3665; x_wconf 87' lang='lat' dir='ltr'><strong>innocentio</strong></span> <span class='ocrx_word' id='word_1_138' title='bbox 573 3610 627 3665; x_wconf 84' lang='lat'><strong>11</strong></span> <span class='ocrx_word' id='word_1_139' title='bbox 655 3610 980 3669; x_wconf 86' lang='lat' dir='ltr'><strong>Letharium</strong></span> <span class='ocrx_word' id='word_1_140' title='bbox 1011 3613 1442 3685; x_wconf 89' lang='lat' dir='ltr'><strong>imperatorem,</strong></span> <span class='ocrx_word' id='word_1_141' title='bbox 1465 3620 1523 3672; x_wconf 91' lang='lat' dir='ltr'><strong>et</strong></span> <span class='ocrx_word' id='word_1_142' title='bbox 1552 3625 1689 3673; x_wconf 89' lang='lat' dir='ltr'><strong>ante</strong></span> <span class='ocrx_word' id='word_1_143' title='bbox 1718 3617 1849 3673; x_wconf 90' lang='lat' dir='ltr'><strong>red·</strong></span> <span class='ocrx_word' id='word_1_144' title='bbox 1878 3577 1928 3643; x_wconf 79' lang='lat' dir='ltr'>B</span> 
     </span>
    </p>
   </div>
   <div class='ocr_carea' id='block_1_10' title="bbox 198 3697 1856 4941">
    <p class='ocr_par' dir='ltr' id='par_1_10' title="bbox 198 3697 1856 4941">
     <span class='ocr_line' id='line_1_25' title="bbox 198 3697 1847 3769; baseline 0.007 -18"><span class='ocrx_word' id='word_1_145' title='bbox 198 3697 565 3769; x_wconf 82' lang='lat' dir='ltr'><strong>integratum</strong></span> <span class='ocrx_word' id='word_1_146' title='bbox 615 3698 673 3753; x_wconf 91' lang='lat' dir='ltr'><strong>in</strong></span> <span class='ocrx_word' id='word_1_147' title='bbox 729 3701 1008 3758; x_wconf 88' lang='lat' dir='ltr'><strong>cathedra</strong></span> <span class='ocrx_word' id='word_1_148' title='bbox 1078 3704 1424 3761; x_wconf 82' lang='lat' dir='ltr'><strong>Pictaviensi</strong></span> <span class='ocrx_word' id='word_1_149' title='bbox 1479 3703 1847 3763; x_wconf 82' lang='lat' dir='ltr'><strong>willelmum</strong></span> 
     </span>
     <span class='ocr_line' id='line_1_26' title="bbox 201 3788 1848 3866; baseline 0.006 -25"><span class='ocrx_word' id='word_1_150' title='bbox 201 3788 571 3857; x_wconf 86' lang='lat' dir='ltr'><strong>episcopum,</strong></span> <span class='ocrx_word' id='word_1_151' title='bbox 603 3804 852 3858; x_wconf 88' lang='lat' dir='ltr'><strong>quorum</strong></span> <span class='ocrx_word' id='word_1_152' title='bbox 900 3791 1147 3848; x_wconf 88' lang='lat' dir='ltr'><strong>alterum</strong></span> <span class='ocrx_word' id='word_1_153' title='bbox 1204 3809 1358 3850; x_wconf 88' lang='lat' dir='ltr'><strong>anno</strong></span> <span class='ocrx_word' id='word_1_154' title='bbox 1410 3795 1567 3866; x_wconf 83' lang='grc'><strong>1133,</strong></span> <span class='ocrx_word' id='word_1_155' title='bbox 1598 3793 1848 3852; x_wconf 89' lang='lat' dir='ltr'><strong>alterum</strong></span> 
     </span>
     <span class='ocr_line' id='line_1_27' title="bbox 200 3877 1853 3951; baseline 0.007 -20"><span class='ocrx_word' id='word_1_156' title='bbox 200 3893 336 3932; x_wconf 72' lang='lat' dir='ltr'><strong>vero</strong></span> <span class='ocrx_word' id='word_1_157' title='bbox 374 3877 517 3931; x_wconf 82' lang='lat'>1135</span> <span class='ocrx_word' id='word_1_158' title='bbox 544 3877 807 3951; x_wconf 82' lang='lat' dir='ltr'><strong>contigit.</strong></span> <span class='ocrx_word' id='word_1_159' title='bbox 842 3880 1120 3939; x_wconf 74' lang='lat' dir='ltr'><strong>Defuncto</strong></span> <span class='ocrx_word' id='word_1_160' title='bbox 1146 3882 1177 3939; x_wconf 85' lang='lat' dir='ltr'><strong>J</strong></span> <span class='ocrx_word' id='word_1_161' title='bbox 1185 3882 1361 3940; x_wconf 92' lang='lat' dir='ltr'><strong>oanni</strong></span> <span class='ocrx_word' id='word_1_162' title='bbox 1381 3900 1533 3941; x_wconf 88' lang='lat' dir='ltr'><strong>anno</strong></span> <span class='ocrx_word' id='word_1_163' title='bbox 1558 3884 1690 3940; x_wconf 73' lang='lat'>1141</span> <span class='ocrx_word' id='word_1_164' title='bbox 1716 3901 1853 3941; x_wconf 90' lang='lat' dir='ltr'><strong>suc-</strong></span> 
     </span>
     <span class='ocr_line' id='line_1_28' title="bbox 201 3966 1850 4045; baseline 0.007 -25"><span class='ocrx_word' id='word_1_165' title='bbox 201 3966 386 4022; x_wconf 83' lang='lat' dir='ltr'><strong>cessit</strong></span> <span class='ocrx_word' id='word_1_166' title='bbox 410 3967 498 4021; x_wconf 79' lang='lat' dir='ltr'><strong>vir</strong></span> <span class='ocrx_word' id='word_1_167' title='bbox 519 3969 834 4026; x_wconf 75' lang='lat' dir='ltr'><strong>admodum</strong></span> <span class='ocrx_word' id='word_1_168' title='bbox 856 3969 1126 4035; x_wconf 86' lang='lat' dir='ltr'><strong>callidus.</strong></span> <span class='ocrx_word' id='word_1_169' title='bbox 1149 3972 1430 4045; x_wconf 91' lang='lat' dir='ltr'><strong>eloquens</strong></span> <span class='ocrx_word' id='word_1_170' title='bbox 1450 3978 1508 4030; x_wconf 90' lang='lat' dir='ltr'><strong>et</strong></span> <span class='ocrx_word' id='word_1_171' title='bbox 1535 3974 1850 4043; x_wconf 87' lang='lat' dir='ltr'><strong>litteratus,</strong></span> 
     </span>
     <span class='ocr_line' id='line_1_29' title="bbox 202 4055 1851 4135; baseline 0.004 -24"><span class='ocrx_word' id='word_1_172' title='bbox 202 4056 430 4111; x_wconf 87' lang='lat' dir='ltr'><strong>electus</strong></span> <span class='ocrx_word' id='word_1_173' title='bbox 463 4072 497 4110; x_wconf 88' lang='lat' dir='ltr'><strong>a</strong></span> <span class='ocrx_word' id='word_1_174' title='bbox 525 4055 679 4114; x_wconf 88' lang='lat' dir='ltr'><strong>clero</strong></span> <span class='ocrx_word' id='word_1_175' title='bbox 712 4062 767 4114; x_wconf 88' lang='lat' dir='ltr'><strong>et</strong></span> <span class='ocrx_word' id='word_1_176' title='bbox 798 4062 1015 4133; x_wconf 90' lang='lat' dir='ltr'><strong>populo</strong></span> <span class='ocrx_word' id='word_1_177' title='bbox 1052 4061 1356 4132; x_wconf 83' lang='lat' dir='ltr'><strong>Arnull&#39;us,</strong></span> <span class='ocrx_word' id='word_1_178' title='bbox 1385 4064 1557 4135; x_wconf 86' lang='lat' dir='ltr'><strong>cujus</strong></span> <span class='ocrx_word' id='word_1_179' title='bbox 1586 4062 1851 4119; x_wconf 91' lang='lat' dir='ltr'><strong>electioni</strong></span> 
     </span>
     <span class='ocr_line' id='line_1_30' title="bbox 203 4145 1852 4224; baseline 0.003 -22"><span class='ocrx_word' id='word_1_180' title='bbox 203 4162 341 4202; x_wconf 89' lang='lat' dir='ltr'><strong>cum</strong></span> <span class='ocrx_word' id='word_1_181' title='bbox 360 4145 613 4202; x_wconf 77' lang='lat' dir='ltr'><strong>obsistet</strong></span> <span class='ocrx_word' id='word_1_182' title='bbox 633 4153 690 4203; x_wconf 87' lang='lat' dir='ltr'><strong>et</strong></span> <span class='ocrx_word' id='word_1_183' title='bbox 707 4147 1021 4206; x_wconf 78' lang='lat' dir='ltr'><strong>Gausridus</strong></span> <span class='ocrx_word' id='word_1_184' title='bbox 1041 4151 1484 4224; x_wconf 83' lang='lat' dir='ltr'><strong>Andegavorum</strong></span> <span class='ocrx_word' id='word_1_185' title='bbox 1508 4168 1726 4218; x_wconf 88' lang='lat' dir='ltr'><strong>comes,</strong></span> <span class='ocrx_word' id='word_1_186' title='bbox 1750 4168 1852 4223; x_wconf 91' lang='lat' dir='ltr'><strong>pro</strong></span> 
     </span>
     <span class='ocr_line' id='line_1_31' title="bbox 205 4235 1854 4312; baseline 0.003 -23"><span class='ocrx_word' id='word_1_187' title='bbox 205 4235 391 4290; x_wconf 88' lang='lat' dir='ltr'><strong>electo</strong></span> <span class='ocrx_word' id='word_1_188' title='bbox 416 4250 551 4291; x_wconf 90' lang='lat' dir='ltr'><strong>cum</strong></span> <span class='ocrx_word' id='word_1_189' title='bbox 582 4236 804 4309; x_wconf 83' lang='lat' dir='ltr'><strong>insigni</strong></span> <span class='ocrx_word' id='word_1_190' title='bbox 837 4237 1025 4311; x_wconf 81' lang='lat' dir='ltr'><strong>elogio</strong></span> <span class='ocrx_word' id='word_1_191' title='bbox 1056 4241 1288 4312; x_wconf 81' lang='lat' dir='ltr'><strong>scripsit</strong></span> <span class='ocrx_word' id='word_1_192' title='bbox 1319 4240 1525 4297; x_wconf 89' lang='lat' dir='ltr'><strong>Petrus</strong></span> <span class='ocrx_word' id='word_1_193' title='bbox 1554 4238 1854 4297; x_wconf 86' lang='lat' dir='ltr'><strong>venerabi-</strong></span> 
     </span>
     <span class='ocr_line' id='line_1_32' title="bbox 212 4327 1851 4402; baseline 0.004 -23"><span class='ocrx_word' id='word_1_194' title='bbox 212 4328 287 4379; x_wconf 73' lang='lat' dir='ltr'><strong>t·.s</strong></span> <span class='ocrx_word' id='word_1_195' title='bbox 315 4327 387 4380; x_wconf 75' lang='lat' dir='ltr'><strong>ad</strong></span> <span class='ocrx_word' id='word_1_196' title='bbox 416 4327 829 4384; x_wconf 81' lang='lat' dir='ltr'><strong>innocentium</strong></span> <span class='ocrx_word' id='word_1_197' title='bbox 862 4345 1071 4401; x_wconf 89' lang='lat' dir='ltr'><strong>papam</strong></span> <span class='ocrx_word' id='word_1_198' title='bbox 1103 4339 1164 4385; x_wconf 88' lang='lat' dir='ltr'><strong>ut</strong></span> <span class='ocrx_word' id='word_1_199' title='bbox 1211 4333 1339 4402; x_wconf 87' lang='lat' dir='ltr'><strong>ejus</strong></span> <span class='ocrx_word' id='word_1_200' title='bbox 1379 4329 1720 4386; x_wconf 76' lang='lat' dir='ltr'><strong>electionem</strong></span> <span class='ocrx_word' id='word_1_201' title='bbox 1753 4347 1851 4401; x_wconf 90' lang='lat' dir='ltr'><strong>ap-</strong></span> 
     </span>
     <span class='ocr_line' id='line_1_33' title="bbox 220 4412 1852 4490; baseline 0.006 -26"><span class='ocrx_word' id='word_1_202' title='bbox 220 4412 500 4482; x_wconf 73' lang='lat' dir='ltr'><strong>probaret,</strong></span> <span class='ocrx_word' id='word_1_203' title='bbox 533 4429 724 4485; x_wconf 88' lang='lat' dir='ltr'><strong>neque</strong></span> <span class='ocrx_word' id='word_1_204' title='bbox 753 4417 982 4472; x_wconf 89' lang='lat' dir='ltr'><strong>comitis</strong></span> <span class='ocrx_word' id='word_1_205' title='bbox 1018 4418 1451 4490; x_wconf 81' lang='lat' dir='ltr'><strong>Andegavensis</strong></span> <span class='ocrx_word' id='word_1_206' title='bbox 1481 4419 1852 4475; x_wconf 86' lang='lat' dir='ltr'><strong>intercessio-</strong></span> 
     </span>
     <span class='ocr_line' id='line_1_34' title="bbox 208 4502 1856 4579; baseline 0.006 -25"><span class='ocrx_word' id='word_1_207' title='bbox 208 4517 341 4555; x_wconf 85' lang='lat' dir='ltr'><strong>nem</strong></span> <span class='ocrx_word' id='word_1_208' title='bbox 375 4502 731 4572; x_wconf 86' lang='lat' dir='ltr'><strong>admitteret,</strong></span> <span class='ocrx_word' id='word_1_209' title='bbox 761 4506 974 4577; x_wconf 86' lang='lat' dir='ltr'><strong>quippe</strong></span> <span class='ocrx_word' id='word_1_210' title='bbox 1023 4505 1123 4579; x_wconf 85' lang='lat' dir='ltr'><strong>qui</strong></span> <span class='ocrx_word' id='word_1_211' title='bbox 1175 4509 1412 4565; x_wconf 90' lang='lat' dir='ltr'><strong>nomine</strong></span> <span class='ocrx_word' id='word_1_212' title='bbox 1450 4507 1856 4579; x_wconf 76' lang='lat' dir='ltr'><strong>appellationis</strong></span> 
     </span>
     <span class='ocr_line' id='line_1_35' title="bbox 202 4590 1854 4670; baseline 0.007 -27"><span class='ocrx_word' id='word_1_213' title='bbox 202 4590 381 4644; x_wconf 80' lang='lat' dir='ltr'><strong>vellet</strong></span> <span class='ocrx_word' id='word_1_214' title='bbox 410 4591 684 4660; x_wconf 66' lang='lat' dir='ltr'><strong>nequitia</strong></span> <span class='ocrx_word' id='word_1_215' title='bbox 716 4609 838 4649; x_wconf 77' lang='lat' dir='ltr'><strong>suae</strong></span> <span class='ocrx_word' id='word_1_216' title='bbox 866 4609 1059 4651; x_wconf 84' lang='lat' dir='ltr'><strong>moras</strong></span> <span class='ocrx_word' id='word_1_217' title='bbox 1098 4594 1336 4667; x_wconf 88' lang='lat' dir='ltr'><strong>lucrari,</strong></span> <span class='ocrx_word' id='word_1_218' title='bbox 1369 4602 1432 4652; x_wconf 92' lang='lat' dir='ltr'><strong>ut</strong></span> <span class='ocrx_word' id='word_1_219' title='bbox 1477 4602 1706 4670; x_wconf 79' lang='lat' dir='ltr'><strong>pastore</strong></span> <span class='ocrx_word' id='word_1_220' title='bbox 1751 4597 1854 4655; x_wconf 83' lang='lat' dir='ltr'><strong>ab·</strong></span> 
     </span>
     <span class='ocr_line' id='line_1_36' title="bbox 200 4683 1856 4761; baseline 0.007 -25"><span class='ocrx_word' id='word_1_221' title='bbox 200 4691 527 4747; x_wconf 67' lang='lat' dir='ltr'><strong>sente-,non</strong></span> <span class='ocrx_word' id='word_1_222' title='bbox 557 4687 715 4738; x_wconf 88' lang='lat' dir='ltr'><strong>esset</strong></span> <span class='ocrx_word' id='word_1_223' title='bbox 742 4683 840 4754; x_wconf 90' lang='lat' dir='ltr'><strong>qui</strong></span> <span class='ocrx_word' id='word_1_224' title='bbox 872 4683 1009 4756; x_wconf 90' lang='lat' dir='ltr'><strong>lupo</strong></span> <span class='ocrx_word' id='word_1_225' title='bbox 1040 4686 1354 4743; x_wconf 83' lang='lat' dir='ltr'><strong>resisteret.</strong></span> <span class='ocrx_word' id='word_1_226' title='bbox 1387 4687 1630 4746; x_wconf 91' lang='lat' dir='ltr'><strong>Summo</strong></span> <span class='ocrx_word' id='word_1_227' title='bbox 1661 4691 1856 4761; x_wconf 90' lang='lat' dir='ltr'><strong>ponti·</strong></span> 
     </span>
     <span class='ocr_line' id='line_1_37' title="bbox 201 4769 1851 4851; baseline 0.008 -29"><span class='ocrx_word' id='word_1_228' title='bbox 201 4771 293 4826; x_wconf 77' lang='lat' dir='ltr'><strong>lici</strong></span> <span class='ocrx_word' id='word_1_229' title='bbox 330 4786 437 4840; x_wconf 89' lang='lat' dir='ltr'><strong>pro</strong></span> <span class='ocrx_word' id='word_1_230' title='bbox 467 4769 669 4827; x_wconf 88' lang='lat' dir='ltr'><strong>eodem</strong></span> <span class='ocrx_word' id='word_1_231' title='bbox 703 4770 883 4829; x_wconf 89' lang='lat' dir='ltr'><strong>electo</strong></span> <span class='ocrx_word' id='word_1_232' title='bbox 934 4773 1210 4832; x_wconf 82' lang='lat' dir='ltr'><strong>adversus</strong></span> <span class='ocrx_word' id='word_1_233' title='bbox 1239 4775 1582 4833; x_wconf 78' lang='lat' dir='ltr'><strong>Gaufridum</strong></span> <span class='ocrx_word' id='word_1_234' title='bbox 1615 4779 1851 4851; x_wconf 88' lang='lat' dir='ltr'><strong>scripsit</strong></span> 
     </span>
     <span class='ocr_line' id='line_1_38' title="bbox 198 4860 1855 4941; baseline 0.008 -27"><span class='ocrx_word' id='word_1_235' title='bbox 198 4875 445 4930; x_wconf 88' lang='lat' dir='ltr'><strong>quoque</strong></span> <span class='ocrx_word' id='word_1_236' title='bbox 474 4863 532 4913; x_wconf 90' lang='lat' dir='ltr'><strong>S.</strong></span> <span class='ocrx_word' id='word_1_237' title='bbox 565 4860 861 4918; x_wconf 79' lang='lat' dir='ltr'><strong>Bernadus</strong></span> <span class='ocrx_word' id='word_1_238' title='bbox 889 4863 1197 4935; x_wconf 82' lang='lat' dir='ltr'><strong>epistolam</strong></span> <span class='ocrx_word' id='word_1_239' title='bbox 1218 4865 1346 4921; x_wconf 90' lang='grc'><strong>348.</strong></span> <span class='ocrx_word' id='word_1_240' title='bbox 1378 4865 1597 4924; x_wconf 85' lang='lat' dir='ltr'><strong>Horum</strong></span> <span class='ocrx_word' id='word_1_241' title='bbox 1619 4870 1855 4941; x_wconf 88' lang='lat' dir='ltr'><strong>quidem</strong></span> 
     </span>
    </p>
   </div>
   <div class='ocr_carea' id='block_1_11' title="bbox 1955 2276 3625 4947">
    <p class='ocr_par' dir='ltr' id='par_1_11' title="bbox 1960 2276 2335 2332">
     <span class='ocr_line' id='line_1_39' title="bbox 1960 2276 2335 2332; baseline -0.005 0"><span class='ocrx_word' id='word_1_242' title='bbox 1960 2278 2197 2332; x_wconf 85' lang='lat' dir='ltr'><strong>coactus</strong></span> <span class='ocrx_word' id='word_1_243' title='bbox 2227 2276 2335 2330; x_wconf 89' lang='lat' dir='ltr'><strong>est.</strong></span> 
     </span>
    </p>

    <p class='ocr_par' dir='ltr' id='par_1_12' title="bbox 1955 2356 3625 4947">
     <span class='ocr_line' id='line_1_40' title="bbox 2028 2356 3613 2436; baseline -0.002 -17"><span class='ocrx_word' id='word_1_244' title='bbox 2028 2366 2196 2420; x_wconf 82' lang='lat' dir='ltr'><strong>Anno</strong></span> <span class='ocrx_word' id='word_1_245' title='bbox 2232 2364 2368 2420; x_wconf 80' lang='grc'><strong>1142</strong></span> <span class='ocrx_word' id='word_1_246' title='bbox 2400 2362 2774 2436; x_wconf 74' lang='lat' dir='ltr'><strong>pontificatus</strong></span> <span class='ocrx_word' id='word_1_247' title='bbox 2804 2360 3086 2432; x_wconf 87' lang='lat' dir='ltr'><strong>secundo,</strong></span> <span class='ocrx_word' id='word_1_248' title='bbox 3108 2357 3435 2417; x_wconf 86' lang='lat' dir='ltr'><strong>conciliavit</strong></span> <span class='ocrx_word' id='word_1_249' title='bbox 3462 2356 3613 2416; x_wconf 83' lang='lat' dir='ltr'><strong>Hen-</strong></span> 
     </span>
     <span class='ocr_line' id='line_1_41' title="bbox 1960 2446 3609 2510; baseline -0.002 -1"><span class='ocrx_word' id='word_1_250' title='bbox 1960 2453 2144 2510; x_wconf 88' lang='lat' dir='ltr'><strong>ricum</strong></span> <span class='ocrx_word' id='word_1_251' title='bbox 2173 2452 2446 2509; x_wconf 87' lang='lat' dir='ltr'><strong>abbatem</strong></span> <span class='ocrx_word' id='word_1_252' title='bbox 2477 2450 2745 2508; x_wconf 86' lang='lat' dir='ltr'><strong>Fiscanni</strong></span> <span class='ocrx_word' id='word_1_253' title='bbox 2780 2467 2915 2506; x_wconf 90' lang='lat' dir='ltr'><strong>cum</strong></span> <span class='ocrx_word' id='word_1_254' title='bbox 2947 2449 3193 2506; x_wconf 86' lang='lat' dir='ltr'><strong>Ricardo</strong></span> <span class='ocrx_word' id='word_1_255' title='bbox 3231 2448 3440 2505; x_wconf 77' lang='lat' dir='ltr'><strong>abbate</strong></span> <span class='ocrx_word' id='word_1_256' title='bbox 3469 2446 3609 2506; x_wconf 83' lang='lat' dir='ltr'><strong>Ber-</strong></span> 
     </span>
     <span class='ocr_line' id='line_1_42' title="bbox 1959 2536 3610 2614; baseline -0.002 -17"><span class='ocrx_word' id='word_1_257' title='bbox 1959 2542 2101 2610; x_wconf 89' lang='lat' dir='ltr'><strong>naii,</strong></span> <span class='ocrx_word' id='word_1_258' title='bbox 2134 2542 2234 2614; x_wconf 91' lang='lat' dir='ltr'><strong>qui</strong></span> <span class='ocrx_word' id='word_1_259' title='bbox 2275 2541 2449 2614; x_wconf 88' lang='lat' dir='ltr'><strong>priori</strong></span> <span class='ocrx_word' id='word_1_260' title='bbox 2483 2539 2832 2613; x_wconf 83' lang='lat' dir='ltr'><strong>obsequium</strong></span> <span class='ocrx_word' id='word_1_261' title='bbox 2882 2539 3224 2612; x_wconf 76' lang='lat' dir='ltr'><strong>denegabat.</strong></span> <span class='ocrx_word' id='word_1_262' title='bbox 3265 2536 3459 2595; x_wconf 84' lang='lat' dir='ltr'><strong>Testis</strong></span> <span class='ocrx_word' id='word_1_263' title='bbox 3499 2536 3610 2594; x_wconf 79' lang='lat' dir='ltr'><strong>ruit</strong></span> 
     </span>
     <span class='ocr_line' id='line_1_43' title="bbox 1958 2625 3609 2687; baseline -0.002 -1"><span class='ocrx_word' id='word_1_264' title='bbox 1958 2648 2060 2687; x_wconf 81' lang='lat' dir='ltr'><strong>xm</strong></span> <span class='ocrx_word' id='word_1_265' title='bbox 2090 2632 2248 2687; x_wconf 87' lang='lat' dir='ltr'><strong>Karl.</strong></span> <span class='ocrx_word' id='word_1_266' title='bbox 2283 2631 2547 2687; x_wconf 89' lang='lat' dir='ltr'><strong>Octobris</strong></span> <span class='ocrx_word' id='word_1_267' title='bbox 2597 2630 2733 2685; x_wconf 83' lang='grc'><strong>1143</strong></span> <span class='ocrx_word' id='word_1_268' title='bbox 2764 2629 2979 2685; x_wconf 82' lang='lat' dir='ltr'><strong>chartae</strong></span> <span class='ocrx_word' id='word_1_269' title='bbox 3030 2625 3326 2684; x_wconf 88' lang='lat' dir='ltr'><strong>Guillelmi</strong></span> <span class='ocrx_word' id='word_1_270' title='bbox 3374 2625 3609 2683; x_wconf 87' lang='lat' dir='ltr'><strong>comitis</strong></span> 
     </span>
     <span class='ocr_line' id='line_1_44' title="bbox 1961 2715 3607 2792; baseline -0.002 -17"><span class='ocrx_word' id='word_1_271' title='bbox 1961 2720 2183 2776; x_wconf 87' lang='lat' dir='ltr'><strong>Pontivi</strong></span> <span class='ocrx_word' id='word_1_272' title='bbox 2214 2720 2362 2776; x_wconf 78' lang='lat' dir='ltr'><strong>datae</strong></span> <span class='ocrx_word' id='word_1_273' title='bbox 2395 2720 2452 2776; x_wconf 90' lang='lat' dir='ltr'><strong>in</strong></span> <span class='ocrx_word' id='word_1_274' title='bbox 2480 2719 2728 2792; x_wconf 73' lang='lat' dir='ltr'><strong>gratiam</strong></span> <span class='ocrx_word' id='word_1_275' title='bbox 2765 2716 2994 2773; x_wconf 78' lang='lat' dir='ltr'><strong>Radulfi</strong></span> <span class='ocrx_word' id='word_1_276' title='bbox 3027 2715 3252 2773; x_wconf 85' lang='lat' dir='ltr'><strong>abbatis</strong></span> <span class='ocrx_word' id='word_1_277' title='bbox 3278 2715 3337 2773; x_wconf 90' lang='lat' dir='ltr'><strong>S.</strong></span> <span class='ocrx_word' id='word_1_278' title='bbox 3373 2716 3607 2771; x_wconf 68' lang='lat' dir='ltr'><strong>Andreae</strong></span> 
     </span>
     <span class='ocr_line' id='line_1_45' title="bbox 1959 2804 3609 2883; baseline -0.004 -18"><span class='ocrx_word' id='word_1_279' title='bbox 1959 2808 2018 2866; x_wconf 92' lang='lat' dir='ltr'><strong>in</strong></span> <span class='ocrx_word' id='word_1_280' title='bbox 2050 2809 2299 2875; x_wconf 75' lang='lat' dir='ltr'><strong>Gouss&#39;er,</strong></span> <span class='ocrx_word' id='word_1_281' title='bbox 2334 2826 2590 2883; x_wconf 70' lang='lat' dir='ltr'><strong>praesens</strong></span> <span class='ocrx_word' id='word_1_282' title='bbox 2643 2809 2908 2881; x_wconf 79' lang='lat' dir='ltr'><strong>eJusdem</strong></span> <span class='ocrx_word' id='word_1_283' title='bbox 2959 2805 3213 2863; x_wconf 76' lang='lat' dir='ltr'><strong>ecclesiae</strong></span> <span class='ocrx_word' id='word_1_284' title='bbox 3255 2804 3609 2863; x_wconf 82' lang='lat' dir='ltr'><strong>dedicationi</strong></span> 
     </span>
     <span class='ocr_line' id='line_1_46' title="bbox 1958 2891 3611 2970; baseline -0.004 -15"><span class='ocrx_word' id='word_1_285' title='bbox 1958 2913 2092 2956; x_wconf 90' lang='lat' dir='ltr'><strong>cum</strong></span> <span class='ocrx_word' id='word_1_286' title='bbox 2121 2899 2339 2954; x_wconf 83' lang='lat' dir='ltr'><strong>Joanne</strong></span> <span class='ocrx_word' id='word_1_287' title='bbox 2367 2913 2649 2970; x_wconf 84' lang='lat' dir='ltr'><strong>germano</strong></span> <span class='ocrx_word' id='word_1_288' title='bbox 2703 2895 2965 2969; x_wconf 73' lang='lat' dir='ltr'><strong>Bagiensi</strong></span> <span class='ocrx_word' id='word_1_289' title='bbox 3014 2896 3308 2967; x_wconf 87' lang='lat' dir='ltr'><strong>episcope.</strong></span> <span class='ocrx_word' id='word_1_290' title='bbox 3344 2891 3611 2949; x_wconf 78' lang='lat' dir='ltr'><strong>Interfuit</strong></span> 
     </span>
     <span class='ocr_line' id='line_1_47' title="bbox 1958 2976 3609 3058; baseline -0.003 -15"><span class='ocrx_word' id='word_1_291' title='bbox 1958 3006 2112 3045; x_wconf 89' lang='lat' dir='ltr'><strong>anno</strong></span> <span class='ocrx_word' id='word_1_292' title='bbox 2161 2988 2363 3045; x_wconf 86' lang='lat' dir='ltr'><strong>eodem</strong></span> <span class='ocrx_word' id='word_1_293' title='bbox 2399 2986 2767 3044; x_wconf 84' lang='lat' dir='ltr'><strong>translationi</strong></span> <span class='ocrx_word' id='word_1_294' title='bbox 2816 2985 3029 3058; x_wconf 82' lang='lat' dir='ltr'><strong>capitis</strong></span> <span class='ocrx_word' id='word_1_295' title='bbox 3061 2983 3122 3041; x_wconf 92' lang='lat' dir='ltr'><strong>S.</strong></span> <span class='ocrx_word' id='word_1_296' title='bbox 3173 2980 3392 3039; x_wconf 83' lang='lat' dir='ltr'><strong>Juliani</strong></span> <span class='ocrx_word' id='word_1_297' title='bbox 3450 2976 3609 3055; x_wconf 81' lang='lat' dir='ltr'><strong>apud</strong></span> 
     </span>
     <span class='ocr_line' id='line_1_48' title="bbox 1956 3069 3607 3143; baseline -0.007 -6"><span class='ocrx_word' id='word_1_298' title='bbox 1956 3084 2386 3137; x_wconf 85' lang='lat' dir='ltr'><strong>Cenomannos.</strong></span> <span class='ocrx_word' id='word_1_299' title='bbox 2419 3079 2582 3143; x_wconf 89' lang='lat' dir='ltr'><strong>Quod</strong></span> <span class='ocrx_word' id='word_1_300' title='bbox 2633 3078 2691 3132; x_wconf 90' lang='lat' dir='ltr'><strong>in</strong></span> <span class='ocrx_word' id='word_1_301' title='bbox 2723 3076 3030 3133; x_wconf 83' lang='lat' dir='ltr'><strong>asserenda</strong></span> <span class='ocrx_word' id='word_1_302' title='bbox 3079 3074 3190 3130; x_wconf 89' lang='lat' dir='ltr'><strong>sibi</strong></span> <span class='ocrx_word' id='word_1_303' title='bbox 3223 3071 3440 3129; x_wconf 88' lang='lat' dir='ltr'><strong>recenti</strong></span> <span class='ocrx_word' id='word_1_304' title='bbox 3472 3069 3607 3128; x_wconf 82' lang='lat' dir='ltr'><strong>novi</strong></span> 
     </span>
     <span class='ocr_line' id='line_1_49' title="bbox 1958 3163 3606 3242; baseline -0.004 -17"><span class='ocrx_word' id='word_1_305' title='bbox 1958 3171 2244 3242; x_wconf 86' lang='lat' dir='ltr'><strong>principis</strong></span> <span class='ocrx_word' id='word_1_306' title='bbox 2266 3170 2473 3242; x_wconf 81' lang='lat' dir='ltr'><strong>gratia,</strong></span> <span class='ocrx_word' id='word_1_307' title='bbox 2499 3167 2878 3226; x_wconf 83' lang='lat' dir='ltr'><strong>resarciendis</strong></span> <span class='ocrx_word' id='word_1_308' title='bbox 2899 3165 3155 3223; x_wconf 71' lang='lat' dir='ltr'><strong>ecclesiae</strong></span> <span class='ocrx_word' id='word_1_309' title='bbox 3180 3169 3238 3219; x_wconf 85' lang='lat' dir='ltr'><strong>et</strong></span> <span class='ocrx_word' id='word_1_310' title='bbox 3258 3163 3468 3219; x_wconf 84' lang='lat' dir='ltr'><strong>domus</strong></span> <span class='ocrx_word' id='word_1_311' title='bbox 3485 3176 3606 3219; x_wconf 71' lang='lat' dir='ltr'><strong>suo</strong></span> 
     </span>
     <span class='ocr_line' id='line_1_50' title="bbox 1956 3249 3608 3330; baseline -0.004 -16"><span class='ocrx_word' id='word_1_312' title='bbox 1956 3259 2165 3328; x_wconf 87' lang='lat' dir='ltr'><strong>ruinis,</strong></span> <span class='ocrx_word' id='word_1_313' title='bbox 2216 3275 2441 3315; x_wconf 86' lang='lat' dir='ltr'><strong>necnon</strong></span> <span class='ocrx_word' id='word_1_314' title='bbox 2501 3257 2776 3313; x_wconf 89' lang='lat' dir='ltr'><strong>curandis</strong></span> <span class='ocrx_word' id='word_1_315' title='bbox 2838 3267 3244 3330; x_wconf 88' lang='lat' dir='ltr'><strong>germanorum</strong></span> <span class='ocrx_word' id='word_1_316' title='bbox 3302 3249 3608 3308; x_wconf 75' lang='lat' dir='ltr'><strong>funeribus</strong></span> 
     </span>
     <span class='ocr_line' id='line_1_51' title="bbox 1957 3339 3606 3422; baseline -0.003 -19"><span class='ocrx_word' id='word_1_317' title='bbox 1957 3347 2189 3422; x_wconf 80' lang='lat' dir='ltr'><strong>gravius</strong></span> <span class='ocrx_word' id='word_1_318' title='bbox 2209 3365 2347 3404; x_wconf 91' lang='lat' dir='ltr'><strong>occu</strong></span> <span class='ocrx_word' id='word_1_319' title='bbox 2357 3353 2549 3420; x_wconf 89' lang='lat' dir='ltr'><strong>patus.</strong></span> <span class='ocrx_word' id='word_1_320' title='bbox 2565 3363 2668 3419; x_wconf 92' lang='lat' dir='ltr'><strong>per</strong></span> <span class='ocrx_word' id='word_1_321' title='bbox 2689 3346 2893 3418; x_wconf 86' lang='lat' dir='ltr'><strong>seipse</strong></span> <span class='ocrx_word' id='word_1_322' title='bbox 2909 3361 3024 3399; x_wconf 91' lang='lat' dir='ltr'><strong>non</strong></span> <span class='ocrx_word' id='word_1_323' title='bbox 3049 3342 3375 3415; x_wconf 89' lang='lat' dir='ltr'><strong>potuit‚per</strong></span> <span class='ocrx_word' id='word_1_324' title='bbox 3391 3339 3606 3413; x_wconf 82' lang='lat' dir='ltr'><strong>episto·</strong></span> 
     </span>
     <span class='ocr_line' id='line_1_52' title="bbox 1955 3431 3602 3508; baseline -0.003 -16"><span class='ocrx_word' id='word_1_325' title='bbox 1955 3436 2071 3494; x_wconf 90' lang='lat' dir='ltr'><strong>lam</strong></span> <span class='ocrx_word' id='word_1_326' title='bbox 2093 3436 2463 3493; x_wconf 87' lang='lat' dir='ltr'><strong>Coelestinum</strong></span> <span class='ocrx_word' id='word_1_327' title='bbox 2486 3436 2537 3493; x_wconf 88' lang='lat'><strong>11</strong></span> <span class='ocrx_word' id='word_1_328' title='bbox 2560 3439 2691 3508; x_wconf 89' lang='lat' dir='ltr'><strong>post</strong></span> <span class='ocrx_word' id='word_1_329' title='bbox 2713 3434 3118 3491; x_wconf 89' lang='lat' dir='ltr'><strong>Innocentium</strong></span> <span class='ocrx_word' id='word_1_330' title='bbox 3169 3431 3415 3488; x_wconf 89' lang='lat' dir='ltr'><strong>electum</strong></span> <span class='ocrx_word' id='word_1_331' title='bbox 3440 3443 3602 3487; x_wconf 88' lang='lat' dir='ltr'><strong>sum·</strong></span> 
     </span>
     <span class='ocr_line' id='line_1_53' title="bbox 1957 3519 3604 3600; baseline -0.004 -17"><span class='ocrx_word' id='word_1_332' title='bbox 1957 3542 2123 3583; x_wconf 92' lang='lat' dir='ltr'><strong>mum</strong></span> <span class='ocrx_word' id='word_1_333' title='bbox 2157 3526 2489 3600; x_wconf 82' lang='lat' dir='ltr'><strong>pontificem</strong></span> <span class='ocrx_word' id='word_1_334' title='bbox 2519 3524 2811 3583; x_wconf 90' lang='lat' dir='ltr'><strong>convenit.</strong></span> <span class='ocrx_word' id='word_1_335' title='bbox 2838 3521 3083 3596; x_wconf 88' lang='lat' dir='ltr'><strong>Scripsit</strong></span> <span class='ocrx_word' id='word_1_336' title='bbox 3114 3535 3345 3596; x_wconf 89' lang='lat' dir='ltr'><strong>quoque</strong></span> <span class='ocrx_word' id='word_1_337' title='bbox 3374 3519 3427 3578; x_wconf 86' lang='lat' dir='ltr'><strong>ei</strong></span> <span class='ocrx_word' id='word_1_338' title='bbox 3448 3535 3604 3578; x_wconf 90' lang='lat' dir='ltr'><strong>anno</strong></span> 
     </span>
     <span class='ocr_line' id='line_1_54' title="bbox 1963 3608 3615 3690; baseline -0.002 -17"><span class='ocrx_word' id='word_1_339' title='bbox 1963 3618 2101 3674; x_wconf 79' lang='grc'><strong>1143</strong></span> <span class='ocrx_word' id='word_1_340' title='bbox 2131 3634 2231 3689; x_wconf 86' lang='lat' dir='ltr'><strong>pro</strong></span> <span class='ocrx_word' id='word_1_341' title='bbox 2262 3617 2560 3675; x_wconf 89' lang='lat' dir='ltr'><strong>canonicis</strong></span> <span class='ocrx_word' id='word_1_342' title='bbox 2606 3615 2977 3690; x_wconf 85' lang='lat' dir='ltr'><strong>regularibus</strong></span> <span class='ocrx_word' id='word_1_343' title='bbox 3024 3612 3279 3671; x_wconf 81' lang='lat' dir='ltr'><strong>ecclesiae</strong></span> <span class='ocrx_word' id='word_1_344' title='bbox 3309 3608 3615 3684; x_wconf 79' lang='lat' dir='ltr'><strong>Sagiensis</strong></span> 
     </span>
     <span class='ocr_line' id='line_1_55' title="bbox 1963 3700 3616 3779; baseline -0.004 -16"><span class='ocrx_word' id='word_1_345' title='bbox 1963 3725 1998 3763; x_wconf 88' lang='lat' dir='ltr'><strong>a</strong></span> <span class='ocrx_word' id='word_1_346' title='bbox 2028 3707 2203 3763; x_wconf 78' lang='lat' dir='ltr'><strong>fratre</strong></span> <span class='ocrx_word' id='word_1_347' title='bbox 2252 3725 2358 3764; x_wconf 89' lang='lat' dir='ltr'><strong>suo</strong></span> <span class='ocrx_word' id='word_1_348' title='bbox 2409 3706 2710 3776; x_wconf 84' lang='lat' dir='ltr'><strong>institutis,</strong></span> <span class='ocrx_word' id='word_1_349' title='bbox 2746 3720 2893 3779; x_wconf 85' lang='lat' dir='ltr'><strong>quos</strong></span> <span class='ocrx_word' id='word_1_350' title='bbox 2923 3721 2958 3760; x_wconf 87' lang='lat' dir='ltr'><strong>a</strong></span> <span class='ocrx_word' id='word_1_351' title='bbox 2986 3716 3325 3759; x_wconf 85' lang='lat' dir='ltr'><strong>successore</strong></span> <span class='ocrx_word' id='word_1_352' title='bbox 3375 3700 3616 3772; x_wconf 88' lang='lat' dir='ltr'><strong>impune</strong></span> 
     </span>
     <span class='ocr_line' id='line_1_56' title="bbox 1965 3793 3619 3868; baseline -0.005 -14"><span class='ocrx_word' id='word_1_353' title='bbox 1965 3802 2202 3855; x_wconf 84' lang='lat' dir='ltr'><strong>vexatos</strong></span> <span class='ocrx_word' id='word_1_354' title='bbox 2233 3797 2448 3855; x_wconf 90' lang='lat' dir='ltr'><strong>ibidem</strong></span> <span class='ocrx_word' id='word_1_355' title='bbox 2495 3798 2745 3854; x_wconf 86' lang='lat' dir='ltr'><strong>retinere</strong></span> <span class='ocrx_word' id='word_1_356' title='bbox 2779 3812 2880 3868; x_wconf 92' lang='lat' dir='ltr'><strong>per</strong></span> <span class='ocrx_word' id='word_1_357' title='bbox 2911 3810 3099 3849; x_wconf 86' lang='lat' dir='ltr'><strong>annos</strong></span> <span class='ocrx_word' id='word_1_358' title='bbox 3128 3795 3199 3848; x_wconf 85' lang='lat'><strong>20</strong></span> <span class='ocrx_word' id='word_1_359' title='bbox 3251 3793 3497 3848; x_wconf 79' lang='lat' dir='ltr'><strong>conatus</strong></span> <span class='ocrx_word' id='word_1_360' title='bbox 3528 3793 3619 3847; x_wconf 86' lang='lat' dir='ltr'><strong>est</strong></span> 
     </span>
     <span class='ocr_line' id='line_1_57' title="bbox 1962 3877 3614 3960; baseline -0.003 -19"><span class='ocrx_word' id='word_1_361' title='bbox 1962 3886 2269 3956; x_wconf 68' lang='lat' dir='ltr'><strong>Amulius,</strong></span> <span class='ocrx_word' id='word_1_362' title='bbox 2304 3903 2418 3960; x_wconf 90' lang='lat' dir='ltr'><strong>qua</strong></span> <span class='ocrx_word' id='word_1_363' title='bbox 2447 3887 2518 3942; x_wconf 89' lang='lat' dir='ltr'><strong>de</strong></span> <span class='ocrx_word' id='word_1_364' title='bbox 2557 3902 2732 3942; x_wconf 86' lang='lat' dir='ltr'><strong>causa</strong></span> <span class='ocrx_word' id='word_1_365' title='bbox 2764 3885 3015 3938; x_wconf 82' lang='lat' dir='ltr'><strong>Romum</strong></span> <span class='ocrx_word' id='word_1_366' title='bbox 3049 3879 3215 3950; x_wconf 89' lang='lat' dir='ltr'><strong>petiit</strong></span> <span class='ocrx_word' id='word_1_367' title='bbox 3245 3893 3398 3935; x_wconf 92' lang='lat' dir='ltr'><strong>anno</strong></span> <span class='ocrx_word' id='word_1_368' title='bbox 3448 3877 3614 3936; x_wconf 74' lang='lat'>11⁴5.</span> 
     </span>
     <span class='ocr_line' id='line_1_58' title="bbox 1961 3965 3618 4047; baseline -0.004 -15"><span class='ocrx_word' id='word_1_369' title='bbox 1961 3976 2122 4033; x_wconf 86' lang='lat' dir='ltr'><strong>Circa</strong></span> <span class='ocrx_word' id='word_1_370' title='bbox 2144 3976 2200 4031; x_wconf 90' lang='lat' dir='ltr'><strong>id</strong></span> <span class='ocrx_word' id='word_1_371' title='bbox 2230 3982 2455 4047; x_wconf 80' lang='lat' dir='ltr'><strong>tempus</strong></span> <span class='ocrx_word' id='word_1_372' title='bbox 2477 3972 2827 4045; x_wconf 82' lang='lat' dir='ltr'><strong>subscripsit</strong></span> <span class='ocrx_word' id='word_1_373' title='bbox 2848 3972 3061 4027; x_wconf 82' lang='lat' dir='ltr'><strong>chartae</strong></span> <span class='ocrx_word' id='word_1_374' title='bbox 3081 3967 3346 4042; x_wconf 81' lang='lat' dir='ltr'><strong>liugonis</strong></span> <span class='ocrx_word' id='word_1_375' title='bbox 3362 3968 3434 4025; x_wconf 92' lang='lat' dir='ltr'><strong>de</strong></span> <span class='ocrx_word' id='word_1_376' title='bbox 3449 3965 3618 4025; x_wconf 77' lang='lat' dir='ltr'><strong>Mon-</strong></span> 
     </span>
     <span class='ocr_line' id='line_1_59' title="bbox 1962 4056 3619 4121; baseline -0.003 0"><span class='ocrx_word' id='word_1_377' title='bbox 1962 4066 2155 4121; x_wconf 83' lang='lat' dir='ltr'><strong>tet&#39;orti</strong></span> <span class='ocrx_word' id='word_1_378' title='bbox 2169 4064 2475 4119; x_wconf 73' lang='lat' dir='ltr'><strong>ecclesiam</strong></span> <span class='ocrx_word' id='word_1_379' title='bbox 2496 4062 2692 4118; x_wconf 83' lang='lat' dir='ltr'><strong>Sancti</strong></span> <span class='ocrx_word' id='word_1_380' title='bbox 2715 4061 2899 4117; x_wconf 81' lang='lat' dir='ltr'><strong>imerii</strong></span> <span class='ocrx_word' id='word_1_381' title='bbox 2913 4059 3189 4116; x_wconf 89' lang='lat' dir='ltr'><strong>donantis</strong></span> <span class='ocrx_word' id='word_1_382' title='bbox 3206 4056 3461 4115; x_wconf 62' lang='lat' dir='ltr'><strong>ecclesiae</strong></span> <span class='ocrx_word' id='word_1_383' title='bbox 3477 4056 3619 4116; x_wconf 90' lang='lat' dir='ltr'><strong>Bec-</strong></span> 
     </span>
     <span class='ocr_line' id='line_1_60' title="bbox 1962 4147 3617 4223; baseline -0.002 -15"><span class='ocrx_word' id='word_1_384' title='bbox 1962 4152 2144 4208; x_wconf 88' lang='lat' dir='ltr'><strong>censi.</strong></span> <span class='ocrx_word' id='word_1_385' title='bbox 2175 4151 2314 4207; x_wconf 90' lang='lat' dir='ltr'><strong>Auri</strong></span> <span class='ocrx_word' id='word_1_386' title='bbox 2347 4157 2404 4209; x_wconf 87' lang='lat' dir='ltr'><strong>et</strong></span> <span class='ocrx_word' id='word_1_387' title='bbox 2451 4150 2676 4222; x_wconf 79' lang='lat' dir='ltr'><strong>argenti</strong></span> <span class='ocrx_word' id='word_1_388' title='bbox 2726 4155 3016 4222; x_wconf 86' lang='lat' dir='ltr'><strong>quantum</strong></span> <span class='ocrx_word' id='word_1_389' title='bbox 3067 4147 3263 4223; x_wconf 90' lang='lat' dir='ltr'><strong>potuit</strong></span> <span class='ocrx_word' id='word_1_390' title='bbox 3316 4163 3529 4220; x_wconf 82' lang='lat' dir='ltr'><strong>magna</strong></span> <span class='ocrx_word' id='word_1_391' title='bbox 3557 4147 3617 4204; x_wconf 84' lang='lat' dir='ltr'><strong>ln</strong></span> 
     </span>
     <span class='ocr_line' id='line_1_61' title="bbox 1964 4234 3619 4313; baseline -0.003 -16"><span class='ocrx_word' id='word_1_392' title='bbox 1964 4242 2307 4299; x_wconf 84' lang='lat' dir='ltr'><strong>necessitate</strong></span> <span class='ocrx_word' id='word_1_393' title='bbox 2347 4240 2609 4313; x_wconf 80' lang='lat' dir='ltr'><strong>praestitit</strong></span> <span class='ocrx_word' id='word_1_394' title='bbox 2657 4239 2946 4296; x_wconf 89' lang='lat' dir='ltr'><strong>Ludovico</strong></span> <span class='ocrx_word' id='word_1_395' title='bbox 3000 4240 3143 4312; x_wconf 78' lang='lat' dir='ltr'><strong>regi,</strong></span> <span class='ocrx_word' id='word_1_396' title='bbox 3178 4240 3248 4294; x_wconf 89' lang='lat' dir='ltr'><strong>de</strong></span> <span class='ocrx_word' id='word_1_397' title='bbox 3278 4253 3397 4310; x_wconf 87' lang='lat' dir='ltr'><strong>quo</strong></span> <span class='ocrx_word' id='word_1_398' title='bbox 3427 4241 3493 4293; x_wconf 90' lang='lat' dir='ltr'><strong>ut</strong></span> <span class='ocrx_word' id='word_1_399' title='bbox 3533 4234 3619 4293; x_wconf 88' lang='lat' dir='ltr'><strong>illi</strong></span> 
     </span>
     <span class='ocr_line' id='line_1_62' title="bbox 1964 4327 3622 4403; baseline -0.002 -17"><span class='ocrx_word' id='word_1_400' title='bbox 1964 4331 2117 4386; x_wconf 87' lang='lat' dir='ltr'><strong>infra</strong></span> <span class='ocrx_word' id='word_1_401' title='bbox 2138 4347 2396 4387; x_wconf 86' lang='lat' dir='ltr'><strong>mensem</strong></span> <span class='ocrx_word' id='word_1_402' title='bbox 2421 4329 2657 4403; x_wconf 63' lang='lat' dir='ltr'><strong>reliquae</strong></span> <span class='ocrx_word' id='word_1_403' title='bbox 2686 4331 2790 4385; x_wconf 76' lang='lat'><strong>104</strong></span> <span class='ocrx_word' id='word_1_404' title='bbox 2817 4345 3026 4385; x_wconf 83' lang='lat' dir='ltr'><strong>marcae</strong></span> <span class='ocrx_word' id='word_1_405' title='bbox 3053 4328 3278 4401; x_wconf 87' lang='lat' dir='ltr'><strong>argenti</strong></span> <span class='ocrx_word' id='word_1_406' title='bbox 3300 4327 3622 4384; x_wconf 87' lang='lat' dir='ltr'><strong>reddantur</strong></span> 
     </span>
     <span class='ocr_line' id='line_1_63' title="bbox 1962 4413 3622 4494; baseline -0.002 -17"><span class='ocrx_word' id='word_1_407' title='bbox 1962 4422 2199 4494; x_wconf 81' lang='lat' dir='ltr'><strong>Sugerio</strong></span> <span class='ocrx_word' id='word_1_408' title='bbox 2229 4421 2422 4477; x_wconf 82' lang='lat' dir='ltr'><strong>abbati</strong></span> <span class='ocrx_word' id='word_1_409' title='bbox 2475 4419 2737 4493; x_wconf 71' lang='lat' dir='ltr'><strong>praecipit</strong></span> <span class='ocrx_word' id='word_1_410' title='bbox 2771 4437 2868 4476; x_wconf 82' lang='lat' dir='ltr'><strong>rex</strong></span> <span class='ocrx_word' id='word_1_411' title='bbox 2904 4420 3075 4491; x_wconf 89' lang='lat' dir='ltr'><strong>epist.</strong></span> <span class='ocrx_word' id='word_1_412' title='bbox 3108 4417 3200 4484; x_wconf 81' lang='lat'><strong>52,</strong></span> <span class='ocrx_word' id='word_1_413' title='bbox 3227 4418 3330 4489; x_wconf 85' lang='lat' dir='ltr'><strong>qui</strong></span> <span class='ocrx_word' id='word_1_414' title='bbox 3376 4413 3622 4489; x_wconf 79' lang='lat' dir='ltr'><strong>epistola</strong></span> 
     </span>
     <span class='ocr_line' id='line_1_64' title="bbox 1963 4507 3621 4582; baseline -0.003 -13"><span class='ocrx_word' id='word_1_415' title='bbox 1963 4513 2035 4569; x_wconf 88' lang='lat'><strong>55</strong></span> <span class='ocrx_word' id='word_1_416' title='bbox 2061 4513 2247 4569; x_wconf 89' lang='lat' dir='ltr'><strong>eidem</strong></span> <span class='ocrx_word' id='word_1_417' title='bbox 2274 4512 2468 4568; x_wconf 87' lang='lat' dir='ltr'><strong>abbati</strong></span> <span class='ocrx_word' id='word_1_418' title='bbox 2493 4512 2736 4568; x_wconf 87' lang='lat' dir='ltr'><strong>mandat</strong></span> <span class='ocrx_word' id='word_1_419' title='bbox 2760 4514 2820 4567; x_wconf 89' lang='lat' dir='ltr'><strong>ut</strong></span> <span class='ocrx_word' id='word_1_420' title='bbox 2842 4512 2917 4569; x_wconf 80' lang='lat' dir='ltr'><strong>A.</strong></span> <span class='ocrx_word' id='word_1_421' title='bbox 2934 4507 3295 4582; x_wconf 58' lang='lat' dir='ltr'><strong>praecordiali</strong></span> <span class='ocrx_word' id='word_1_422' title='bbox 3316 4507 3621 4564; x_wconf 82' lang='lat' dir='ltr'><strong>amicosne</strong></span> 
     </span>
     <span class='ocr_line' id='line_1_65' title="bbox 1967 4597 3621 4675; baseline -0.002 -16"><span class='ocrx_word' id='word_1_423' title='bbox 1967 4621 2035 4659; x_wconf 72' lang='lat' dir='ltr'><strong>nx</strong></span> <span class='ocrx_word' id='word_1_424' title='bbox 2058 4602 2282 4659; x_wconf 84' lang='lat' dir='ltr'><strong>modios</strong></span> <span class='ocrx_word' id='word_1_425' title='bbox 2300 4601 2370 4657; x_wconf 85' lang='lat' dir='ltr'><strong>de</strong></span> <span class='ocrx_word' id='word_1_426' title='bbox 2393 4601 2614 4675; x_wconf 89' lang='lat' dir='ltr'><strong>optimo</strong></span> <span class='ocrx_word' id='word_1_427' title='bbox 2635 4602 2768 4657; x_wconf 77' lang='lat' dir='ltr'><strong>vino</strong></span> <span class='ocrx_word' id='word_1_428' title='bbox 2791 4617 2899 4657; x_wconf 89' lang='lat' dir='ltr'><strong>suo</strong></span> <span class='ocrx_word' id='word_1_429' title='bbox 2920 4597 3321 4656; x_wconf 85' lang='lat' dir='ltr'><strong>Aurelianensi</strong></span> <span class='ocrx_word' id='word_1_430' title='bbox 3344 4597 3484 4653; x_wconf 88' lang='lat' dir='ltr'><strong>dare</strong></span> <span class='ocrx_word' id='word_1_431' title='bbox 3504 4611 3621 4655; x_wconf 84' lang='lat' dir='ltr'><strong>non</strong></span> 
     </span>
     <span class='ocr_line' id='line_1_66' title="bbox 1967 4684 3625 4750; baseline -0.004 -1"><span class='ocrx_word' id='word_1_432' title='bbox 1967 4696 2190 4750; x_wconf 87' lang='lat' dir='ltr'><strong>renuat.</strong></span> <span class='ocrx_word' id='word_1_433' title='bbox 2243 4690 2529 4747; x_wconf 84' lang='lat' dir='ltr'><strong>Ecclesias</strong></span> <span class='ocrx_word' id='word_1_434' title='bbox 2581 4692 2648 4746; x_wconf 89' lang='lat' dir='ltr'><strong>de</strong></span> <span class='ocrx_word' id='word_1_435' title='bbox 2694 4687 2939 4748; x_wconf 87' lang='lat' dir='ltr'><strong>Frevilla</strong></span> <span class='ocrx_word' id='word_1_436' title='bbox 2986 4695 3041 4744; x_wconf 93' lang='lat' dir='ltr'><strong>et</strong></span> <span class='ocrx_word' id='word_1_437' title='bbox 3104 4685 3424 4743; x_wconf 85' lang='lat' dir='ltr'><strong>Descaville</strong></span> <span class='ocrx_word' id='word_1_438' title='bbox 3469 4684 3625 4742; x_wconf 84' lang='lat' dir='ltr'><strong>iuter</strong></span> 
     </span>
     <span class='ocr_line' id='line_1_67' title="bbox 1966 4773 3625 4855; baseline -0.003 -18"><span class='ocrx_word' id='word_1_439' title='bbox 1966 4782 2286 4855; x_wconf 84' lang='lat' dir='ltr'><strong>capitulum</strong></span> <span class='ocrx_word' id='word_1_440' title='bbox 2316 4780 2668 4838; x_wconf 83' lang='lat' dir='ltr'><strong>Lexovicnse</strong></span> <span class='ocrx_word' id='word_1_441' title='bbox 2692 4783 2751 4836; x_wconf 90' lang='lat' dir='ltr'><strong>et</strong></span> <span class='ocrx_word' id='word_1_442' title='bbox 2780 4777 3199 4836; x_wconf 87' lang='lat' dir='ltr'><strong>monasterium</strong></span> <span class='ocrx_word' id='word_1_443' title='bbox 3233 4776 3289 4831; x_wconf 93' lang='lat' dir='ltr'><strong>S.</strong></span> <span class='ocrx_word' id='word_1_444' title='bbox 3312 4773 3625 4832; x_wconf 77' lang='lat' dir='ltr'><strong>Salvateris</strong></span> 
     </span>
     <span class='ocr_line' id='line_1_68' title="bbox 1968 4865 3622 4947; baseline -0.005 -16"><span class='ocrx_word' id='word_1_445' title='bbox 1968 4874 2264 4947; x_wconf 84' lang='lat' dir='ltr'><strong>oequaliter</strong></span> <span class='ocrx_word' id='word_1_446' title='bbox 2296 4874 2500 4930; x_wconf 79' lang='lat' dir='ltr'><strong>dividit</strong></span> <span class='ocrx_word' id='word_1_447' title='bbox 2521 4889 2674 4929; x_wconf 88' lang='lat' dir='ltr'><strong>anno</strong></span> <span class='ocrx_word' id='word_1_448' title='bbox 2703 4871 2858 4927; x_wconf 81' lang='lat'>1147.</span> <span class='ocrx_word' id='word_1_449' title='bbox 2878 4871 3051 4926; x_wconf 86' lang='lat' dir='ltr'><strong>Stans</strong></span> <span class='ocrx_word' id='word_1_450' title='bbox 3079 4867 3235 4940; x_wconf 85' lang='lat' dir='ltr'><strong>apud</strong></span> <span class='ocrx_word' id='word_1_451' title='bbox 3255 4865 3622 4922; x_wconf 82' lang='lat' dir='ltr'><strong>Novumbur·</strong></span> 
     </span>
    </p>
   </div>
   <div class='ocr_carea' id='block_1_12' title="bbox 198 4948 3623 5038">
    <p class='ocr_par' dir='ltr' id='par_1_13' title="bbox 198 4948 3623 5038">
     <span class='ocr_line' id='line_1_69' title="bbox 198 4948 3623 5038; baseline 0.002 -34"><span class='ocrx_word' id='word_1_452' title='bbox 198 4966 406 5020; x_wconf 85' lang='lat' dir='ltr'><strong>preces</strong></span> <span class='ocrx_word' id='word_1_453' title='bbox 428 4948 672 5005; x_wconf 88' lang='lat' dir='ltr'><strong>admisit</strong></span> <span class='ocrx_word' id='word_1_454' title='bbox 694 4952 1044 5022; x_wconf 80' lang='lat' dir='ltr'><strong>pontisex‚et</strong></span> <span class='ocrx_word' id='word_1_455' title='bbox 1069 4953 1290 5011; x_wconf 83' lang='lat' dir='ltr'><strong>Arnulfl</strong></span> <span class='ocrx_word' id='word_1_456' title='bbox 1334 4956 1689 5013; x_wconf 83' lang='lat' dir='ltr'><strong>meritissimi</strong></span> <span class='ocrx_word' id='word_1_457' title='bbox 1716 4977 1857 5030; x_wconf 80' lang='lat' dir='ltr'><strong>prae·</strong></span> <span class='ocrx_word' id='word_1_458' title='bbox 1887 4949 1930 5016; x_wconf 92' lang='lat' dir='ltr'>C</span> <span class='ocrx_word' id='word_1_459' title='bbox 1969 4981 2102 5038; x_wconf 81' lang='lat' dir='ltr'><strong>gum</strong></span> <span class='ocrx_word' id='word_1_460' title='bbox 2129 4981 2280 5019; x_wconf 88' lang='lat' dir='ltr'><strong>anno</strong></span> <span class='ocrx_word' id='word_1_461' title='bbox 2306 4964 2509 5020; x_wconf 91' lang='lat' dir='ltr'><strong>eodem</strong></span> <span class='ocrx_word' id='word_1_462' title='bbox 2533 4961 2816 5017; x_wconf 81' lang='lat' dir='ltr'><strong>Arnulsus</strong></span> <span class='ocrx_word' id='word_1_463' title='bbox 2849 4975 2905 5014; x_wconf 82' lang='grc' dir='ltr'><strong>ιν</strong></span> <span class='ocrx_word' id='word_1_464' title='bbox 2926 4955 3200 5014; x_wconf 81' lang='lat' dir='ltr'><strong>ecclesias</strong></span> <span class='ocrx_word' id='word_1_465' title='bbox 3223 4957 3376 5029; x_wconf 88' lang='lat' dir='ltr'><strong>apud</strong></span> <span class='ocrx_word' id='word_1_466' title='bbox 3409 4955 3469 5012; x_wconf 93' lang='lat' dir='ltr'><strong>S.</strong></span> <span class='ocrx_word' id='word_1_467' title='bbox 3487 4954 3623 5011; x_wconf 89' lang='lat' dir='ltr'><strong>Phi·</strong></span> 
     </span>
    </p>
   </div>
   <div class='ocr_carea' id='block_1_13' title="bbox 200 5036 1862 5575">
    <p class='ocr_par' dir='ltr' id='par_1_14' title="bbox 200 5036 1862 5575">
     <span class='ocr_line' id='line_1_70' title="bbox 203 5036 1862 5118; baseline 0.008 -26"><span class='ocrx_word' id='word_1_468' title='bbox 203 5038 356 5093; x_wconf 79' lang='lat' dir='ltr'><strong>aulis</strong></span> <span class='ocrx_word' id='word_1_469' title='bbox 385 5036 728 5095; x_wconf 88' lang='lat' dir='ltr'><strong>electionem</strong></span> <span class='ocrx_word' id='word_1_470' title='bbox 760 5041 1130 5098; x_wconf 84' lang='lat' dir='ltr'><strong>confirmavit</strong></span> <span class='ocrx_word' id='word_1_471' title='bbox 1154 5060 1168 5108; x_wconf 87' lang='lat'>;</span> <span class='ocrx_word' id='word_1_472' title='bbox 1194 5043 1297 5100; x_wconf 86' lang='lat' dir='ltr'><strong>sed</strong></span> <span class='ocrx_word' id='word_1_473' title='bbox 1327 5044 1463 5116; x_wconf 87' lang='lat' dir='ltr'><strong>quia</strong></span> <span class='ocrx_word' id='word_1_474' title='bbox 1492 5046 1711 5118; x_wconf 89' lang='lat' dir='ltr'><strong>absque</strong></span> <span class='ocrx_word' id='word_1_475' title='bbox 1741 5046 1862 5104; x_wconf 88' lang='lat' dir='ltr'><strong>dis·</strong></span> 
     </span>
     <span class='ocr_line' id='line_1_71' title="bbox 200 5127 1860 5208; baseline 0.007 -27"><span class='ocrx_word' id='word_1_476' title='bbox 200 5127 499 5199; x_wconf 89' lang='lat' dir='ltr'><strong>positione</strong></span> <span class='ocrx_word' id='word_1_477' title='bbox 526 5128 759 5185; x_wconf 88' lang='lat' dir='ltr'><strong>comitis</strong></span> <span class='ocrx_word' id='word_1_478' title='bbox 789 5131 862 5186; x_wconf 87' lang='lat' dir='ltr'><strong>ab</strong></span> <span class='ocrx_word' id='word_1_479' title='bbox 890 5130 1131 5204; x_wconf 83' lang='lat' dir='ltr'><strong>Bugone</strong></span> <span class='ocrx_word' id='word_1_480' title='bbox 1172 5133 1610 5208; x_wconf 86' lang='lat' dir='ltr'><strong>archiepiscopo</strong></span> <span class='ocrx_word' id='word_1_481' title='bbox 1648 5151 1860 5192; x_wconf 88' lang='lat' dir='ltr'><strong>conse-</strong></span> 
     </span>
     <span class='ocr_line' id='line_1_72' title="bbox 202 5221 1862 5301; baseline 0.005 -26"><span class='ocrx_word' id='word_1_482' title='bbox 202 5226 411 5276; x_wconf 86' lang='lat' dir='ltr'><strong>cratus</strong></span> <span class='ocrx_word' id='word_1_483' title='bbox 446 5221 632 5277; x_wconf 77' lang='lat' dir='ltr'><strong>fuerat</strong></span> <span class='ocrx_word' id='word_1_484' title='bbox 657 5221 964 5294; x_wconf 83' lang='lat' dir='ltr'><strong>Arnult&#39;us,</strong></span> <span class='ocrx_word' id='word_1_485' title='bbox 996 5225 1148 5282; x_wconf 89' lang='lat' dir='ltr'><strong>bona</strong></span> <span class='ocrx_word' id='word_1_486' title='bbox 1169 5226 1363 5283; x_wconf 90' lang='lat' dir='ltr'><strong>omnia</strong></span> <span class='ocrx_word' id='word_1_487' title='bbox 1385 5226 1739 5300; x_wconf 84' lang='lat' dir='ltr'><strong>episcopalia</strong></span> <span class='ocrx_word' id='word_1_488' title='bbox 1759 5243 1862 5301; x_wconf 90' lang='lat' dir='ltr'><strong>per</strong></span> 
     </span>
     <span class='ocr_line' id='line_1_73' title="bbox 204 5313 1860 5392; baseline 0.005 -25"><span class='ocrx_word' id='word_1_489' title='bbox 204 5313 363 5367; x_wconf 88' lang='lat' dir='ltr'><strong>duos</strong></span> <span class='ocrx_word' id='word_1_490' title='bbox 387 5328 575 5369; x_wconf 83' lang='lat' dir='ltr'><strong>annos</strong></span> <span class='ocrx_word' id='word_1_491' title='bbox 603 5315 660 5369; x_wconf 91' lang='lat' dir='ltr'><strong>et</strong></span> <span class='ocrx_word' id='word_1_492' title='bbox 678 5316 798 5370; x_wconf 89' lang='lat' dir='ltr'><strong>tres</strong></span> <span class='ocrx_word' id='word_1_493' title='bbox 820 5329 1054 5371; x_wconf 88' lang='lat' dir='ltr'><strong>menses</strong></span> <span class='ocrx_word' id='word_1_494' title='bbox 1074 5317 1380 5389; x_wconf 79' lang='lat' dir='ltr'><strong>occupavit</strong></span> <span class='ocrx_word' id='word_1_495' title='bbox 1398 5317 1639 5375; x_wconf 70' lang='lat' dir='ltr'><strong>Gauii-id</strong></span> <span class='ocrx_word' id='word_1_496' title='bbox 1651 5335 1735 5384; x_wconf 90' lang='lat' dir='ltr'><strong>us,</strong></span> <span class='ocrx_word' id='word_1_497' title='bbox 1756 5336 1860 5392; x_wconf 90' lang='lat' dir='ltr'><strong>pro</strong></span> 
     </span>
     <span class='ocr_line' id='line_1_74' title="bbox 204 5403 1862 5482; baseline 0.005 -25"><span class='ocrx_word' id='word_1_498' title='bbox 204 5403 432 5474; x_wconf 85' lang='lat' dir='ltr'><strong>quibus</strong></span> <span class='ocrx_word' id='word_1_499' title='bbox 465 5403 826 5462; x_wconf 83' lang='lat' dir='ltr'><strong>redimendis</strong></span> <span class='ocrx_word' id='word_1_500' title='bbox 856 5419 989 5463; x_wconf 88' lang='lat' dir='ltr'><strong>cum</strong></span> <span class='ocrx_word' id='word_1_501' title='bbox 1018 5407 1089 5463; x_wconf 93' lang='lat' dir='ltr'><strong>de</strong></span> <span class='ocrx_word' id='word_1_502' title='bbox 1134 5421 1239 5464; x_wconf 86' lang='lat' dir='ltr'><strong>suo</strong></span> <span class='ocrx_word' id='word_1_503' title='bbox 1271 5417 1597 5481; x_wconf 84' lang='lat' dir='ltr'><strong>nongentas</strong></span> <span class='ocrx_word' id='word_1_504' title='bbox 1630 5411 1755 5482; x_wconf 79' lang='lat' dir='ltr'><strong>jam</strong></span> <span class='ocrx_word' id='word_1_505' title='bbox 1785 5409 1862 5465; x_wconf 89' lang='lat' dir='ltr'><strong>li-</strong></span> 
     </span>
     <span class='ocr_line' id='line_1_75' title="bbox 206 5495 1862 5575; baseline 0.005 -24"><span class='ocrx_word' id='word_1_506' title='bbox 206 5495 349 5554; x_wconf 83' lang='lat' dir='ltr'><strong>bras</strong></span> <span class='ocrx_word' id='word_1_507' title='bbox 381 5495 751 5569; x_wconf 78' lang='lat' dir='ltr'><strong>expendisset</strong></span> <span class='ocrx_word' id='word_1_508' title='bbox 778 5498 1115 5575; x_wconf 86' lang='lat' dir='ltr'><strong>episcopus,</strong></span> <span class='ocrx_word' id='word_1_509' title='bbox 1145 5499 1216 5559; x_wconf 90' lang='lat' dir='ltr'><strong>de</strong></span> <span class='ocrx_word' id='word_1_510' title='bbox 1257 5500 1492 5562; x_wconf 87' lang='lat' dir='ltr'><strong>licentia</strong></span> <span class='ocrx_word' id='word_1_511' title='bbox 1542 5502 1862 5562; x_wconf 84' lang='lat' dir='ltr'><strong>innocentii</strong></span> 
     </span>
    </p>
   </div>
   <div class='ocr_carea' id='block_1_14' title="bbox 374 5599 831 5667">
    <p class='ocr_par' dir='ltr' id='par_1_15' title="bbox 374 5599 831 5667">
     <span class='ocr_line' id='line_1_76' title="bbox 374 5599 831 5667; baseline 0.011 -6"><span class='ocrx_word' id='word_1_512' title='bbox 374 5599 641 5667; x_wconf 67' lang='lat' dir='ltr'><strong>Parnoi..</strong></span> <span class='ocrx_word' id='word_1_513' title='bbox 687 5600 831 5667; x_wconf 77' lang='lat' dir='ltr'><strong>ccl.</strong></span> 
     </span>
    </p>
   </div>
   <div class='ocr_carea' id='block_1_15' title="bbox 130 5818 341 5972">
    <p class='ocr_par' dir='ltr' id='par_1_16' title="bbox 130 5818 341 5972">
     <span class='ocr_line' id='line_1_77' title="bbox 130 5818 341 5972; baseline -0.009 0"><span class='ocrx_word' id='word_1_514' title='bbox 130 5818 341 5972; x_wconf 39' lang='lat' dir='ltr'><strong>A«</strong></span> 
     </span>
    </p>
   </div>
   <div class='ocr_carea' id='block_1_16' title="bbox 1970 5041 3628 5576">
    <p class='ocr_par' dir='ltr' id='par_1_17' title="bbox 1970 5041 3628 5576">
     <span class='ocr_line' id='line_1_78' title="bbox 1973 5041 3628 5116; baseline -0.005 -7"><span class='ocrx_word' id='word_1_515' title='bbox 1973 5054 2249 5111; x_wconf 88' lang='lat' dir='ltr'><strong>libertum</strong></span> <span class='ocrx_word' id='word_1_516' title='bbox 2305 5051 2612 5108; x_wconf 87' lang='lat' dir='ltr'><strong>monachis</strong></span> <span class='ocrx_word' id='word_1_517' title='bbox 2667 5049 3056 5106; x_wconf 87' lang='lat' dir='ltr'><strong>Beccensibus</strong></span> <span class='ocrx_word' id='word_1_518' title='bbox 3086 5046 3341 5105; x_wconf 86' lang='lat' dir='ltr'><strong>donavit.</strong></span> <span class='ocrx_word' id='word_1_519' title='bbox 3383 5041 3628 5116; x_wconf 84' lang='lat' dir='ltr'><strong>Scripsit</strong></span> 
     </span>
     <span class='ocr_line' id='line_1_79' title="bbox 1971 5136 3626 5216; baseline -0.008 -15"><span class='ocrx_word' id='word_1_520' title='bbox 1971 5144 2021 5201; x_wconf 92' lang='lat' dir='ltr'><strong>ei</strong></span> <span class='ocrx_word' id='word_1_521' title='bbox 2055 5142 2355 5216; x_wconf 82' lang='lat' dir='ltr'><strong>Eugenius</strong></span> <span class='ocrx_word' id='word_1_522' title='bbox 2388 5141 2471 5198; x_wconf 89' lang='lat'><strong>111</strong></span> <span class='ocrx_word' id='word_1_523' title='bbox 2506 5156 2608 5196; x_wconf 85' lang='lat' dir='ltr'><strong>vm</strong></span> <span class='ocrx_word' id='word_1_524' title='bbox 2642 5140 2781 5195; x_wconf 86' lang='lat' dir='ltr'><strong>ldus</strong></span> <span class='ocrx_word' id='word_1_525' title='bbox 2813 5138 2950 5195; x_wconf 88' lang='lat' dir='ltr'><strong>Maii</strong></span> <span class='ocrx_word' id='word_1_526' title='bbox 2983 5141 3049 5193; x_wconf 92' lang='lat' dir='ltr'><strong>ut</strong></span> <span class='ocrx_word' id='word_1_527' title='bbox 3095 5136 3384 5193; x_wconf 88' lang='lat' dir='ltr'><strong>Beccense</strong></span> <span class='ocrx_word' id='word_1_528' title='bbox 3414 5147 3626 5189; x_wconf 92' lang='lat' dir='ltr'><strong>mona-</strong></span> 
     </span>
     <span class='ocr_line' id='line_1_80' title="bbox 1971 5222 3625 5306; baseline -0.006 -16"><span class='ocrx_word' id='word_1_529' title='bbox 1971 5233 2218 5290; x_wconf 85' lang='lat' dir='ltr'><strong>sterium</strong></span> <span class='ocrx_word' id='word_1_530' title='bbox 2247 5233 2307 5288; x_wconf 92' lang='lat' dir='ltr'><strong>in</strong></span> <span class='ocrx_word' id='word_1_531' title='bbox 2338 5231 2432 5288; x_wconf 87' lang='lat' dir='ltr'><strong>his</strong></span> <span class='ocrx_word' id='word_1_532' title='bbox 2463 5249 2592 5306; x_wconf 77' lang='lat' dir='ltr'><strong>quae</strong></span> <span class='ocrx_word' id='word_1_533' title='bbox 2623 5230 2680 5287; x_wconf 91' lang='lat' dir='ltr'><strong>in</strong></span> <span class='ocrx_word' id='word_1_534' title='bbox 2704 5229 2936 5287; x_wconf 82' lang='lat' dir='ltr'><strong>dioecesi</strong></span> <span class='ocrx_word' id='word_1_535' title='bbox 2963 5227 3219 5301; x_wconf 89' lang='lat' dir='ltr'><strong>possidet</strong></span> <span class='ocrx_word' id='word_1_536' title='bbox 3248 5241 3363 5281; x_wconf 91' lang='lat' dir='ltr'><strong>non</strong></span> <span class='ocrx_word' id='word_1_537' title='bbox 3394 5222 3625 5297; x_wconf 81' lang='lat' dir='ltr'><strong>inquie-</strong></span> 
     </span>
     <span class='ocr_line' id='line_1_81' title="bbox 1971 5311 3625 5391; baseline -0.008 -11"><span class='ocrx_word' id='word_1_538' title='bbox 1971 5327 2135 5380; x_wconf 88' lang='lat' dir='ltr'><strong>taret.</strong></span> <span class='ocrx_word' id='word_1_539' title='bbox 2172 5324 2235 5379; x_wconf 92' lang='lat' dir='ltr'><strong>In</strong></span> <span class='ocrx_word' id='word_1_540' title='bbox 2270 5321 2669 5378; x_wconf 87' lang='lat' dir='ltr'><strong>transmarina</strong></span> <span class='ocrx_word' id='word_1_541' title='bbox 2701 5318 3093 5391; x_wconf 83' lang='lat' dir='ltr'><strong>expeditione,</strong></span> <span class='ocrx_word' id='word_1_542' title='bbox 3119 5331 3223 5389; x_wconf 87' lang='lat' dir='ltr'><strong>pro</strong></span> <span class='ocrx_word' id='word_1_543' title='bbox 3256 5329 3371 5388; x_wconf 91' lang='lat' dir='ltr'><strong>qua</strong></span> <span class='ocrx_word' id='word_1_544' title='bbox 3398 5311 3459 5368; x_wconf 91' lang='lat' dir='ltr'><strong>in</strong></span> <span class='ocrx_word' id='word_1_545' title='bbox 3485 5327 3625 5369; x_wconf 89' lang='lat' dir='ltr'><strong>con·</strong></span> 
     </span>
     <span class='ocr_line' id='line_1_82' title="bbox 1970 5401 3626 5479; baseline -0.008 -9"><span class='ocrx_word' id='word_1_546' title='bbox 1970 5422 2144 5471; x_wconf 90' lang='lat' dir='ltr'><strong>ventu</strong></span> <span class='ocrx_word' id='word_1_547' title='bbox 2193 5411 2579 5470; x_wconf 78' lang='lat' dir='ltr'><strong>vizeliacensi</strong></span> <span class='ocrx_word' id='word_1_548' title='bbox 2620 5424 2854 5468; x_wconf 89' lang='lat' dir='ltr'><strong>crucem</strong></span> <span class='ocrx_word' id='word_1_549' title='bbox 2904 5410 3202 5479; x_wconf 86' lang='lat' dir='ltr'><strong>acceperat</strong></span> <span class='ocrx_word' id='word_1_550' title='bbox 3249 5418 3403 5460; x_wconf 91' lang='lat' dir='ltr'><strong>anno</strong></span> <span class='ocrx_word' id='word_1_551' title='bbox 3468 5401 3626 5471; x_wconf 82' lang='grc'><strong>1146,</strong></span> 
     </span>
     <span class='ocr_line' id='line_1_83' title="bbox 1974 5491 3627 5576; baseline -0.007 -16"><span class='ocrx_word' id='word_1_552' title='bbox 1974 5519 2144 5562; x_wconf 89' lang='lat' dir='ltr'><strong>cruce</strong></span> <span class='ocrx_word' id='word_1_553' title='bbox 2201 5502 2460 5576; x_wconf 81' lang='lat' dir='ltr'><strong>signatos</strong></span> <span class='ocrx_word' id='word_1_554' title='bbox 2517 5501 2824 5562; x_wconf 87' lang='lat' dir='ltr'><strong>comitatus</strong></span> <span class='ocrx_word' id='word_1_555' title='bbox 2871 5501 2960 5557; x_wconf 85' lang='lat' dir='ltr'><strong>est</strong></span> <span class='ocrx_word' id='word_1_556' title='bbox 3006 5511 3158 5555; x_wconf 88' lang='lat' dir='ltr'><strong>anno</strong></span> <span class='ocrx_word' id='word_1_557' title='bbox 3193 5492 3357 5560; x_wconf 87' lang='grc'><strong>1147,</strong></span> <span class='ocrx_word' id='word_1_558' title='bbox 3407 5491 3627 5550; x_wconf 87' lang='lat' dir='ltr'><strong>invitus</strong></span> 
     </span>
    </p>
   </div>
  </div>
 </body>
</html>
