3784 6000
200 286 319 349 '157

744 283 946 350 1118'1‘.
991 285 1267 350 RERUM
1308 283 1856 350 TRANSMARIN.
1900 318 1978 333 —
2021 286 2171 351 ΗΒ.
2211 291 2369 355 XlX.
2412 295 2852 363 AMALRIGUS
2894 302 3076 366 REX.

3493 311 3616 376 758

196 418 421 478 tionem
453 435 604 492 pene
632 418 888 490 afflictis,
920 435 1053 477 cum
1096 436 1286 492 neque
1313 420 1519 479 saltem
1550 423 1676 496 spei
1706 420 1857 480 resi·
1878 429 1928 491 Α
1962 421 2120 481 tione
2148 441 2278 484 cum
2308 430 2555 500 quodam
2588 435 2888 493 sacerdote
2928 436 3173 512 Rogerio
3216 443 3478 514 nomine,
3509 449 3612 521 qui

195 509 386 566 duum
412 512 766 582 superesset,
775 508 899 581 jam
920 509 1113 566 animo
1130 512 1509 578 consternati,
1532 528 1636 585 per
1655 512 1854 583 singu·

194 598 285 657 los
316 599 448 656 dies
479 597 764 656 deteriora
793 598 1169 655 formidarent
1196 600 1466 667 universi,
1499 615 1630 657 ecee
1658 615 1852 658 eomes

195 687 577 747 Flandrensis
624 689 1045 759 Theodericus,
1091 688 1316 746 domini
1366 690 1519 763 regis
1570 691 1849 757 sororius,

195 794 329 836 cum
354 794 535 837 uxore
556 776 831 851 religiosa
861 782 919 834 et
946 778 1129 835 Deum
1155 778 1395 835 timente
1416 781 1654 849 seinina,
1675 784 1733 836 et
1752 779 1853 836 ali-

194 872 424 942 quanta
445 865 695 924 militum
729 883 907 924 manu
924 868 1240 939 applicuit,
1263 870 1434 940 cujus
1455 872 1620 925 tanta
1649 869 1850 925 laetitia

194 957 468 1030 suscepit
496 957 810 1014 adventum
850 955 1041 1013 omnis
1091 956 1360 1030 populus,
1404 962 1466 1014 ut
1519 958 1682 1028 quasi
1718 962 1850 1029 post

192 1045 656 1103 immoderatum
684 1045 826 1102 solis
848 1045 1137 1115 ardorem,
1159 1062 1357 1102 auram
1381 1046 1777 1119 gratissimam
1794 1055 1850 1103 et

192 1149 463 1208 praesens
492 1132 815 1191 remedium
840 1134 1132 1190 videretur
1147 1134 1472 1207 suscepisse
1496 1153 1511 1204 ;
1535 1137 1849 1206 sperabant

190 1224 387 1295 enim,
415 1223 571 1295 quod
591 1224 721 1294 ejus
744 1222 874 1280 freti
895 1222 1134 1289 auxilio,
1160 1222 1382 1279 domini
1408 1225 1559 1297 regis
1589 1229 1647 1280 et
1675 1224 1848 1280 Chri-

192 1314 377 1371 stiani
406 1313 696 1371 exereitus
727 1317 968 1386 possent
995 1313 1311 1370 adventum
1356 1315 1701 1387 praestolari.
1733 1315 1845 1371 Sed

189 1405 303 1462 hoc
332 1402 684 1477 qualequale
713 1420 1010 1469 serenum,
1050 1407 1177 1460 orta
1206 1404 1400 1460 subito
1433 1405 1618 1462 nubes
1642 1404 1845 1476 caligi-

186 1510 363 1562 nosa,
396 1491 684 1549 mutilavit
733 1490 1162 1560 miserabiliter,
1192 1499 1245 1548 et
1276 1493 1562 1548 convertit
1589 1494 1649 1549 in
1678 1497 1843 1549 tene·

186 1582 347 1639 hraa.
372 1581 706 1638 Noradinua
720 1581 876 1638 enim
901 1581 1076 1637 rebus
1094 1581 1371 1637 secundis
1388 1585 1445 1637 et
1461 1597 1593 1637 casu
1615 1597 1844 1652 prospe-

186 1671 348 1728 riore
378 1671 565 1726 faetus
597 1668 921 1737 sublimior,
953 1668 1156 1725 videns
1177 1685 1416 1742 regnum
1441 1669 1628 1726 solitis
1649 1686 1843 1726 carere

184 1759 418 1818 solatiis
449 1763 506 1816 et
546 1758 864 1831 majoribus
895 1758 1057 1830 regni
1091 1757 1473 1831 principibus,
1533 1775 1674 1831 quos
1716 1759 1843 1832 ipse

183 1849 451 1923 captivos
480 1848 734 1916 tenebat,
768 1848 1153 1915 destitutum3
1196 1848 1268 1903 ad
1302 1847 1407 1904 hoc
1444 1851 1501 1903 et
1528 1847 1834 1903 dominum

181 1953 390 2011 regem
411 1940 469 1994 et
488 1936 709 1993 militiai
728 1936 907 1993 robur
927 1935 1132 1991 abesse
1149 1937 1486 1991 universum
1510 1940 1748 2009 sumpta
1767 1950 1837 1990 ex

181 2029 457 2097 tempore
483 2024 785 2083 occasIone
823 2032 1172 2096 opportuna,
1227 2024 1500 2096 apposuit
1530 2028 1594 2080 ut
1622 2024 1831 2080 Panea-

179 2116 433 2172 densem
455 2114 750 2172 obsideret
770 2113 1082 2170 civitatem.
1106 2111 1208 2169 Est
1228 2117 1420 2169 autem
1443 2114 1666 2168 Paneas
1695 2113 1836 2168 urbs

180 2204 627 2277 antiquissima,
669 2202 741 2259 ad
773 2202 1026 2259 radicem
1070 2201 1273 2256 Libani
1304 2201 1676 2259 famosissimi
1711 2217 1837 2272 pro-

186 2293 464 2351 montorii
491 2293 626 2361 sita,
658 2290 1082 2364 antiquissimis
1113 2291 1478 2363 temporibus
1507 2295 1565 2346 et
1607 2289 1834 2347 Israeli-

181 2383 288 2440 tici
319 2381 521 2456 populi
562 2382 791 2447 diebus,
824 2387 942 2438 Dan
975 2381 1165 2447 dicta;
1217 2379 1504 2437 terminus
1542 2400 1575 2436 a
1604 2384 1836 2453 septen·

183 2472 423 2528 trionali
447 2468 616 2543 plaga
639 2469 1032 2542 possessionis
1055 2485 1282 2534 eorum,
1305 2470 1459 2525 sicut
1477 2473 1535 2525 et
1556 2469 1838 2526 Bersabee

188 2562 267 2619 ab
299 2566 519 2618 austro.
543 2559 708 2618 Unde
728 2559 958 2633 quoties
979 2559 1280 2631 longitudo
1301 2564 1467 2615 terrae
1493 2559 1839 2630 promissio-

189 2650 291 2707 nis
321 2648 694 2718 describitur,
748 2648 985 2705 ducitur
1020 2665 1058 2705 a
1097 2648 1218 2704 Dan
1264 2665 1434 2720 usque
1477 2648 1547 2704 ad
1575 2646 1840 2706 Bersabee

186 2741 237 2812 (l
287 2739 413 2809 Rev.
457 2754 539 2802 m,
570 2738 679 2809 20).
726 2738 937 2794 Diebus
1003 2744 1197 2793 autem
1255 2737 1530 2810 Philippi,
1595 2737 1842 2793 senioris

189 2827 433 2885 Herodis
460 2827 590 2897 filii,
640 2827 741 2899 qui
788 2831 914 2884 erat
953 2826 1265 2882 Tetrarcha
1310 2826 1511 2883 ltureae
1542 2830 1601 2882 et
1629 2826 1841 2881 Trace-

184 2917 395 2975 nitidia
426 2918 703 2991 regionis,
736 2917 887 2974 sicut
916 2917 977 2973 in
1012 2917 1161 2972 Luca
1184 2915 1562 2987 legiturl(oap.
1597 2916 1708 2988 in,)
1742 2914 1842 2986 qui

181 3024 314 3067 eam
360 3007 661 3079 ampliavit
707 3007 767 3063 in
801 3008 1083 3064 honorem
1135 3005 1351 3062 Tiberii
1398 3005 1664 3072 Caesaris,
1693 3011 1750 3060 et
1779 3006 1838 3059 in

193 3099 545 3170 perpetuam
562 3097 654 3153 sui
675 3095 928 3152 nominis
942 3095 1308 3163 memoriam,
1322 3092 1841 3166 Caesareal’hilippi

1960 513 2279 571 canonicus
2298 524 2416 573 erat
2449 517 2608 576 illius
2631 521 2909 594 ecclesiae,
2933 531 3173 601 sumpta
3199 534 3467 603 pecunia,
3490 550 3615 591 ma-

1957 599 2153 658 litiose
2178 610 2474 663 versatum
2497 628 2514 678 ς
2553 612 2704 667 unde
2733 616 2790 668 et
2819 613 2876 669 in
2910 616 3099 672 reditu
3123 619 3346 679 domini
3368 624 3521 697 regis
3546 641 3618 684 ex

1960 690 2218 764 AEgypto,
2250 694 2566 754 timuerunt
2585 700 2920 771 admodum,
2950 712 3216 765 verentes
3248 725 3320 767 ne
3351 713 3608 786 imputa-

1960 784 2117 836 retur
2146 781 2231 838 eis
2258 786 2331 839 ad
2375 791 2641 843 mortem.
2690 791 2803 846 Nos
2831 797 3025 850 autem
3079 795 3287 853 horum
3321 799 3467 858 nihil
3500 818 3609 874 pro

1959 872 2113 925 certo
2142 878 2504 945 compertum
2554 876 2864 948 habemus,
2896 882 3008 938 nisi
3040 883 3168 953 hoc,
3202 889 3356 958 quod
3399 889 3605 949 civitas

1958 958 2060 1015 illa
2089 960 2356 1019 hostibus
2388 966 2603 1022 tradita
2639 973 2747 1025 est.

2598 1056 2831 1114 CAPUT
2866 1060 2962 1118 XI.

1959 1159 2073 1215 Rex
2103 1162 2175 1240 ab
2223 1162 2457 1233 AEaypto
2508 1164 2749 1235 rediens,
2813 1169 3162 1226 Antiochiam
3224 1174 3602 1245 proficiscitur.

2027 1231 2288 1300 Princeps
2320 1232 2449 1287 daia
2483 1249 2583 1303 pro
2612 1251 2670 1292 se
2696 1241 2933 1308 pecunia
2978 1241 3303 1300 restituitur
3332 1245 3601 1305 libertati.

2028 1301 2299 1372 Spelunca
2327 1305 2671 1362 Statoniensi}
2707 1307 2955 1366 hostibus
2982 1313 3247 1369 traditur.
3278 1317 3414 1372 Item
3447 1325 3604 1376 trans

2025 1373 2315 1429 Iordanem
2334 1376 2508 1432 aliam
2535 1380 2846 1450 speluncam
2867 1381 3051 1439 hostes
3069 1387 3367 1458 accipiant.

2026 1478 2129 1536 His
2161 1480 2379 1537 interea
2411 1481 2495 1538 sic
2522 1484 2701 1556 gestis
2722 1485 2781 1542 in
2799 1485 2983 1560 Syria,
3002 1489 3277 1549 dominus
3298 1509 3417 1562 rex,
3439 1493 3601 1552 Sira-

1954 1586 2099 1628 eono
2129 1572 2197 1627 de
2227 1571 2452 1645 AEgypti
2483 1573 2703 1631 fluibus
2733 1577 2988 1645 excluso,
3012 1579 3188 1636 Saver
3211 1597 3343 1640 vero
3363 1583 3602 1642 soldano

1953 1660 2012 1716 in
2041 1660 2547 1719 administratione
2564 1680 2673 1720 sua
2698 1666 3061 1735 confirmato,
3096 1671 3164 1725 ad
3198 1671 3429 1743 propria
3463 1689 3600 1731 eum

1876 1792 1922 1858 B
1953 1749 2138 1821 gloria
2160 1750 2505 1807 victoriosus
2546 1754 2811 1810 remeavit
2837 1772 2851 1809 τ
2884 1756 3005 1824 ubi,
3047 1759 3150 1814 etsi
3183 1759 3266 1815 ita
3297 1761 3459 1833 prius
3489 1777 3593 1820 ao-

1950 1841 2156 1908 dierat,
2188 1840 2497 1911 compertis
2519 1858 2647 1914 quas
2672 1842 2729 1898 in
2753 1859 2931 1917 regno
2954 1847 3282 1905 acciderant
3302 1850 3589 1921 tristibus,

1944 1933 2003 1987 et
2030 1927 2461 1985 calamitatibus
2480 1947 2548 1986 ex
2571 1931 2796 2004 integro
2818 1935 3085 2006 cognitis,
3111 1940 3345 1995 vocatus
3374 1939 3446 1996 ab
3471 1940 3590 1996 An-

1945 2017 2227 2074 tiochenis
2257 2021 2321 2073 ut
2349 2019 2524 2075 rebus
2552 2035 2753 2076 eorum
2786 2036 2932 2093 pene
2970 2023 3288 2095 desperatis
3314 2026 3588 2084 subveni·

1946 2109 2054 2174 ret,
2076 2106 2419 2164 vocantibus
2441 2108 2523 2164 eis
2541 2109 2794 2167 fraterna
2810 2110 3187 2170 miseratione
3204 2115 3586 2188 compatiens,

1947 2201 2252 2265 assumpto
2282 2211 2481 2253 secum
2513 2198 2720 2256 comite
2751 2199 3126 2272 Flandrense,
3159 2204 3467 2262 maturatis
3496 2203 3592 2262 iti-

1951 2285 2188 2341 neribus
2239 2285 2642 2357 Antiochiam:
2683 2294 2972 2362 properat,
3040 2308 3241 2349 eorum
3290 2293 3596 2351 afflictioni

1949 2378 2145 2447 optata
2194 2375 2402 2431 solatia
2455 2377 2843 2448 praestiturus.
2903 2380 3232 2439 Adveniens
3261 2397 3417 2454 ergo,
3448 2400 3595 2454 prn-

1951 2479 2205 2534 sensque
2236 2465 2440 2531 sactus,
2476 2466 2706 2537 negotia
2727 2467 2952 2524 domini
2973 2468 3255 2542 principis
3278 2475 3441 2528 tauta
3460 2470 3596 2529 dili·

1951 2553 2165 2625 gentia,
2200 2557 2478 2625 tantaque
2529 2553 2945 2627 sollicitudine,
2997 2567 3213 2631 quanta
3242 2561 3330 2616 vix
3362 2561 3596 2634 propria

1951 2647 2201 2699 tractare
2221 2649 2617 2713 consueverat,
2634 2645 2883 2702 fideliter
2894 2648 3329 2722 prudenterque
3340 2650 3598 2708 admini-

1954 2734 2166 2799 straus,
2202 2732 2426 2788 nobiles
2442 2737 2498 2788 et
2520 2732 2774 2805 plebeios
2793 2736 2979 2792 multa
2999 2738 3450 2796 mansuetudine
3465 2756 3603 2813 pro·

1952 2820 2626 2892 videque,moderamine
2647 2839 2894 2895 regens;
2927 2824 3337 2899 dispositisque
3368 2844 3470 2901 per
3499 2844 3600 2886 ur·

1957 2911 2056 2968 bes
2075 2911 2334 2984 singulas
2354 2912 2737 2983 prudentibus
2757 2914 2920 2984 viris,
2942 2915 3041 2987 qui
3063 2932 3158 2972 res
3181 2915 3252 2972 ad
3275 2916 3595 2974 dominica-

1953 2999 2030 3057 lia
2061 3002 2340 3073 principis
2371 3004 2745 3073 pertinentes,
2776 3006 2929 3063 bona
2947 3007 3060 3063 fide
3081 3025 3337 3081 sanoque
3356 3010 3600 3069 consilio

1959 3096 2375 3163 procurarent;
2427 3091 2501 3149 ad
2545 3095 2779 3165 propria
2825 3111 3111 3164 reversus,
3156 3114 3272 3154 non
3321 3098 3596 3158 desinens

185 3186 343 3243 dicta
370 3189 481 3242 est.
517 3185 741 3242 Dicitur
783 3189 977 3241 autem
1008 3192 1064 3239 et
1097 3184 1349 3250 Panees;
1383 3183 1484 3239 sed
1517 3181 1700 3239 nostri
1730 3181 1843 3238 La·
1870 3172 1923 3239 C
1955 3181 2175 3249 tamen,
2219 3181 2321 3237 sed
2350 3197 2484 3237 cum
2517 3182 2781 3253 eJusdem
2812 3183 3084 3241 fidelibus
3111 3190 3169 3242 et
3195 3187 3403 3244 amicis
3434 3191 3594 3245 sata-

182 3274 297 3332 tini
325 3280 771 3347 corrumpentes
802 3289 1038 3341 nomen,
1076 3274 1391 3344 sicutpene
1412 3271 1674 3328 omnium
1700 3270 1836 3327 alia-

179 3380 316 3423 rum
349 3364 610 3432 urbium,
645 3363 878 3420 Belinas
907 3366 1136 3420 vocant.
1161 3362 1254 3418 Est
1275 3364 1469 3419 autem
1504 3361 1576 3417 ab
1609 3360 1841 3418 Oriente

178 3469 321 3525 agro
336 3454 689 3510 Damascene
707 3452 1090 3519 contermina,
1101 3452 1273 3523 juxta
1288 3466 1458 3523 quem
1485 3450 1836 3505 fluentorum

180 3559 425 3602 suorum
463 3539 741 3599 Jordanis
770 3541 942 3597 habet
971 3541 1277 3612 originem.
1308 3538 1441 3594 Haec
1469 3541 1559 3594 est
1580 3537 1677 3594 illa
1698 3537 1838 3594 civi-

182 3635 281 3689 tas
309 3632 383 3689 de
412 3648 532 3705 qua
558 3632 619 3687 in
642 3630 950 3700 Evangelio
982 3630 1190 3700 legitur
1219 3645 1233 3684 :
1267 3628 1381 3697 Quo
1405 3628 1553 3684 venit
1579 3627 1729 3684 Ietas
1778 3626 1839 3683 in

180 3728 372 3794 partes
420 3723 690 3779 θείαν-σεε
717 3721 988 3793 Philippi,
1039 3728 1092 3775 et
1141 3719 1499 3789 interroqavit
1543 3715 1836 3786 discipulos

181 3827 312 3870 suos
334 3812 550 3884 (Natta.
597 3828 715 3882 xvi,
768 3811 877 3884 13).
938 3809 1044 3866 Ubi
1093 3813 1149 3866 et
1195 3808 1399 3865 Petrus
1441 3806 1836 3879 apostolorum

183 3900 482 3974 princeps,
512 3900 586 3957 ob
615 3901 857 3973 egregiae
905 3898 1292 3957 confessionis
1329 3900 1628 3965 meritum,
1669 3898 1834 3970 regni

183 3989 381 4048 claves
409 3989 655 4047 coelestis
701 3989 946 4045 Domino
990 3989 1273 4055 tradente,
1325 3987 1609 4060 susceptit
1646 3986 1831 4060 (ibim,

183 4077 300 4150 19).
373 4078 534 4136 Hanc
596 4077 873 4134 obsidens
941 4085 995 4133 et
1059 4076 1430 4133 immunitam
1514 4077 1830 4149 reperiens,

181 4168 428 4225 ahsente
473 4167 709 4223 domino
758 4166 1046 4222 Henlredo
1094 4164 1250 4237 regio
1298 4164 1731 4221 constabulario
1774 4170 1832 4222 et

180 4273 320 4314 cum
350 4256 592 4314 domino
611 4271 745 4329 rege
770 4271 996 4311 moram
1018 4254 1077 4311 in
1100 4255 1343 4328 AEgypto
1362 4254 1628 4322 faciente,
1659 4254 1831 4325 quus

175 4351 308 4402 erat
323 4343 684 4401 hereditaria
702 4343 1012 4415 possessio,
1027 4342 1542 4414 episcopoquoque
1562 4342 1828 4413 ejusdem

174 4435 290 4492 loci
321 4434 584 4502 absente,
617 4431 830 4506 populo
855 4447 1088 4503 quoque
1106 4430 1436 4498 imminuto,
1462 4431 1751 4488 machinis
1771 4437 1829 4488 et

1951 3284 2112 3342 gene,
2146 3270 2218 3326 de
2255 3271 2521 3343 ejusdem
2567 3272 2964 3346 redemptione
3010 3280 3277 3335 tractare.
3308 3276 3590 3335 Effectum

1949 3366 2037 3416 est
2082 3367 2276 3418 autem
2305 3376 2429 3433 ,per
2475 3363 2602 3433 ejus
2659 3363 3029 3435 industriam,
3079 3366 3235 3436 quod
3278 3365 3339 3423 in
3387 3367 3593 3424 eadem

1950 3452 2167 3515 aestate,
2200 3451 2383 3506 multo
2432 3459 2623 3508 tamen
2673 3452 3091 3512 interveniente
3139 3456 3341 3526 pretio,
3372 3456 3462 3511 vix
3493 3469 3598 3529 per

1950 3553 2173 3594 annum
2205 3538 2501 3612 integrum
2551 3541 2707 3612 apud
2757 3541 2955 3599 hostes
2998 3542 3291 3610 detentus,
3342 3543 3594 3602 libertati

1947 3626 2123 3684 simul
2153 3635 2208 3684 et
2239 3627 2442 3685 honori
2475 3628 2720 3702 pristino
2753 3631 3059 3687 restitutus
3091 3637 3216 3702 est;
3260 3632 3364 3704 qni
3392 3631 3593 3689 Antio·

1945 3715 2133 3773 chiam
2163 3732 2453 3786 reversus,
2498 3732 2613 3774 non
2644 3718 2864 3789 quievit
2894 3719 3082 3789 deses,
3132 3720 3235 3778 sed
3281 3720 3587 3776 vivacitate

1946 3821 2064 3877 qua
2104 3805 2309 3875 potuit,
2356 3814 2417 3862 ut
2447 3805 2683 3864 obsides
2704 3823 2849 3879 quos
2867 3809 3107 3865 dederat
3153 3808 3346 3866 soluto
3376 3824 3480 3881 pro
3501 3807 3587 3865 eis

1945 3894 2151 3967 pretio,
2197 3894 2453 3968 recipere
2491 3911 2605 3952 non
2655 3900 3008 3964 moraretur,
3053 3899 3124 3955 ad
3170 3898 3586 3971 imperatorem

1941 3983 2647 4057 Constantinopolitanum
2679 3985 2935 4055 festinat,
2958 3987 3059 4060 qui
3081 3989 3285 4061 paucis
3310 3993 3444 4045 aute
3473 3986 3593 4044 die-

1940 4073 2054 4130 bus
2072 4089 2327 4130 sororem
2346 4075 2475 4146 ejus
2491 4073 2784 4145 iuniorem
2807 4074 3048 4132 Mariam
3073 4085 3308 4133 uxerem
3325 4078 3589 4134 duxerat.

1940 4160 2106 4219 Unde
2126 4163 2198 4219 ab
2219 4178 2287 4219 eo
2307 4162 2628 4220 honorifice
2646 4169 2970 4236 susceptus,
2998 4165 3249 4239 benigne
3279 4168 3585 4235 tractatus,

1948 4250 2500 4308 munificentissime
2521 4252 2691 4308 donis
2715 4251 3123 4324 imperialibus
3144 4253 3592 4324 cumulatus,in-

1945 4346 2035 4398 tra
2065 4356 2284 4413 paucos
2315 4341 2442 4397 dies
2486 4340 2858 4398 Antiochiam
2890 4346 2982 4400 est
3020 4359 3302 4401 reversus.
3346 4342 3594 4401 Videtur

1938 4437 2131 4487 autem
2155 4429 2556 4502 mirum,quod
2573 4430 2905 4489 Noradinus
2921 4434 3039 4489 tam
3060 4434 3341 4505 prudens,
3357 4438 3595 4504 tamque

173 4522 489 4582 tormentis
520 4521 742 4578 bellicis
763 4521 822 4576 in
845 4536 1050 4592 gyrum
1081 4518 1399 4586 collocatis,
1423 4520 1672 4577 suffosso
1703 4536 1828 4576 mu·
1862 4541 1909 4605 D
1941 4519 2219 4592 providus
2251 4520 2565 4592 princeps;
2596 4524 2654 4577 et
2682 4520 2781 4593 qui
2810 4522 3074 4594 captivos
3102 4526 3329 4580 nostros
3359 4530 3479 4580 tam
3499 4522 3595 4579 in-

173 4629 262 4684 to,
289 4611 551 4669 turribus
573 4610 813 4667 assiduo
836 4609 1101 4681 lapidum
1120 4609 1276 4677 jactu
1299 4623 1368 4663 ex
1391 4612 1551 4679 parte
1574 4609 1833 4666 maxima

172 4699 516 4768 debilitatis,
542 4702 691 4755 intra
714 4714 929 4770 paucos
949 4698 1070 4753 dies
1084 4705 1403 4769 expuguat;
1429 4711 1528 4753 eos
1550 4697 1649 4769 qui
1673 4697 1832 4753 intus

174 4794 365 4859 erant,
397 4790 469 4845 ad
513 4788 871 4845 deditionem
915 4785 1293 4857 compellens,
1344 4785 1528 4856 pactis
1580 4786 1836 4842 interve-

179 4877 499 4947 nientibus,
530 4878 682 4949 quod
715 4892 849 4932 cum
882 4875 1055 4931 rebus
1085 4876 1208 4930 suis
1236 4874 1516 4930 omnibus
1536 4875 1834 4947 egredien—

180 4974 286 5035 tes,
317 4966 567 5024 liberum
598 4965 883 5021 haberent
911 4968 970 5020 et
998 4964 1310 5036 pacificum
1339 4962 1559 5020 exitum
1586 4981 1602 5031 ς
1632 4962 1830 5019 civita·

172 5061 297 5115 tem
331 5056 567 5128 recepit,
610 5070 765 5110 anno
815 5054 887 5108 ab
931 5053 1331 5108 Incarnatione
1384 5051 1614 5108 Domini
1662 5053 1820 5108 1167.

178 5146 362 5219 Regni
388 5160 523 5201 vero
551 5142 775 5200 domini
803 5143 952 5213 regis
971 5140 1247 5198 Amalrici
1266 5158 1417 5197 anno
1448 5142 1729 5208 seeundo,
1762 5159 1834 5199 xv

176 5234 305 5293 Kal.
337 5232 704 5291 Novembris.
738 5230 1118 5287 Commiserat
1140 5230 1593 5286 autemeamdem
1616 5230 1814 5287 civita·

172 5329 319 5392 tem,
353 5323 412 5379 in
441 5323 752 5394 AEgyptum
774 5319 1148 5392 proficiscens
1167 5318 1439 5375 dominus
1472 5319 1820 5378 constabula

173 5414 324 5481 rius,
357 5409 595 5467 cuidam
624 5407 797 5465 militi
828 5406 984 5464 fideli
1015 5423 1144 5473 suo,
1173 5407 1274 5479 qui
1305 5405 1605 5464 dicebatur
1633 5407 1824 5466 Galte·

173 5516 282 5559 rus
312 5500 386 5555 de
410 5497 749 5565 Quaisneto,
774 5511 948 5569 quem
969 5495 1029 5553 in
1051 5494 1317 5551 custodia
1338 5493 1448 5550 loci
1470 5494 1710 5567 quidam
1735 5495 1825 5553 di-

174 5593 326 5652 cunt
350 5585 745 5662 negligentem
774 5585 976 5645 tuisse.
1007 5584 1243 5643 Addunt
1271 5582 1471 5658 etiam
1490 5588 1550 5644 et
1566 5585 1628 5644 ia
1650 5586 1823 5645 dedi-

1945 4611 2094 4668 vitus
2125 4627 2159 4666 a
2185 4610 2309 4666 suis
2336 4610 2667 4668 dimittebat
2686 4611 3033 4681 carceribus,
3056 4616 3114 4667 et
3135 4613 3193 4668 in
3213 4612 3323 4669 hoc
3344 4612 3601 4670 maxime

1942 4695 2323 4770 gloriabatur,
2356 4697 2509 4768 quod
2546 4695 2763 4754 multos
2804 4712 2875 4752 ex
2917 4698 3156 4768 nostris,
3188 4704 3243 4755 et
3272 4699 3600 4771 presertim

1950 4786 2269 4853 nobilibus,
2316 4786 2442 4843 suis
2491 4786 2729 4842 haberet
2776 4785 3026 4843 vinculis
3071 4786 3462 4859 mancipatos,
3512 4789 3604 4844 oui

1947 4874 2377 4930 Antiochenam
2400 4873 2719 4945 principem
2753 4878 2873 4930 tam
2900 4875 3015 4932 cito
3044 4874 3313 4947 permisit
3343 4874 3604 4932 libertati

1946 4962 2193 5021 restitui.
2227 4963 2550 5034 Superque
2598 4962 2725 5019 duaa
2775 4963 2944 5020 nobis
2989 4968 3304 5020 occurrunt
3347 4963 3597 5023 solutio·

1945 5067 2086 5109 nes:
2121 5052 2206 5109 vel
2232 5052 2372 5124 quia
2409 5051 2633 5108 domini
2683 5052 3049 5124 imperatoris
3080 5068 3279 5126 preces
3325 5054 3592 5124 timebat,

1943 5159 2017 5199 ne
2045 5143 2197 5199 torte
2226 5142 2407 5213 gratis
2438 5141 2511 5198 ab
2540 5157 2609 5198 eo
2630 5140 2908 5199 dominus
2931 5143 3247 5215 imperator
3264 5142 3441 5201 vellet
3461 5158 3598 5202 sum
3705 5145 3712 5153 '

1940 5231 2174 5302 habere,
2206 5232 2301 5289 eui
2330 5229 2555 5303 aliquid
2583 5230 2694 5288 tale
2713 5247 2926 5303 negare
2951 5233 3449 5290 verecundaretur
3479 5234 3606 5303 ;vel

1938 5322 2074 5394 quia
2107 5337 2240 5378 cum
2272 5325 2429 5377 esset
2468 5320 2727 5391 Juvenis,
2779 5319 3046 5394 nihilque
3080 5322 3246 5379 bonai
3279 5320 3405 5396 spei
3434 5321 3510 5379 de
3538 5338 3603 5381 se

1937 5409 2321 5482 promitteret,
2359 5410 2665 5468 verebatur
2713 5424 2785 5466 ne
2827 5408 2875 5464 si
2914 5410 3140 5468 diutius
3169 5426 3304 5468 eum
3344 5414 3590 5479 teneret,

1933 5497 2278 5557 Antiocheni
2312 5497 2613 5556 fortiorem
2649 5496 3044 5570 subrogando,
3065 5497 3182 5556 sibi
3196 5498 3592 5573 consulerent,

1938 5593 1999 5651 et
2025 5587 2078 5648 ei
2108 5587 2308 5647 durior
2353 5586 2707 5661 objiceretur
2756 5586 3160 5659 adversarius3
3207 5588 3393 5650 tutius
3429 5589 3587 5648 enim
