3784 6000
29 280 33 285 .
138 223 288 281 1145

1149 221 1522 281 EPISTOLAE
1559 220 1650 278 ET
1686 217 2122 278 PRIVILEGIA.
2165 253 2231 265 —-
2271 225 2389 282 AN.
2433 226 2591 283 1¹82.

3417 218 3558 278 lus

128 350 256 408 lam
279 354 460 422 alque
480 348 912 406 institutionem
938 348 1422 406 Cluniacensium
1457 348 1707 405 fratrum
1728 345 1789 401 in
1819 347 1866 400 Α
1904 359 2109 413 00010,
2141 355 2244 406 aut
2292 352 2660 425 quibuslibet
2688 349 3103 408 vexationibus
3133 347 3398 419 fatigare,
3445 343 3553 402 sed

135 438 349 496 eadem
362 437 607 495 ecclesia
629 437 1231 509 noscitur-institutus,
1250 438 1553 511 perpetuis
1568 434 1791 493 ibidem

131 526 1789 601 temporibusinviolabiliterobservetur.Praetereaquas-

129 632 369 690 cunque
383 617 812 686 possessiones,
826 632 1196 690 quaecunque
1210 617 1371 675 bona
1380 616 1593 674 eadem
1612 613 1792 670 00010.

133 706 227 762 010
253 706 776 778 inpraesentiarum
797 706 957 777 juste
991 711 1048 763 et
1072 708 1359 763 canonice
1388 704 1655 779 possidet
1687 710 1788 761 aut

124 794 190 851 in
222 793 488 851 futurum
520 795 910 851 concessione
940 795 1318 868 pontificum,
1359 795 1673 865 largitione
1702 808 1789 848 re-

127 899 275 956 gum
308 884 397 940 vel
440 884 802 956 principum,
836 884 1139 941 oblatione
1178 885 1468 951 fidelium,
1501 899 1609 940 seu
1655 881 1786 939 aliis

120 972 300 1045 justis
332 972 552 1036 modis,
586 978 903 1045 praestante
939 974 1209 1041 Domino,
1253 974 1471 1047 poterit
1510 972 1783 1046 adipisci,

124 1061 304 1117 firma
326 1061 497 1117 vobis
520 1060 849 1133 vestrisque
868 1063 1316 1120 successoribus
1336 1067 1393 1120 et
1407 1061 1633 1118 illibata
1652 1076 1782 1132 per-

131 1154 440 1208 maneant.

198 1239 265 1295 In
288 1236 507 1311 quibus
523 1239 653 1296 haec
676 1241 934 1312 propriis
957 1240 1242 1298 duximus
1269 1239 1662 1315 exprimenda
1685 1254 1780 1295 νο·

129 1327 364 1386 cabulis
390 1344 404 1384 ε
435 1328 751 1385 0001001001
785 1331 841 1386 8.
868 1330 1073 1387 Jacobi
1104 1330 1181 1387 de
1232 1330 1441 1387 Dudlei
1485 1334 1543 1386 et
1580 1328 1780 1402 capel-

125 1417 219 1474 las
265 1417 535 1489 ejusdem
587 1417 735 1473 villoe
789 1419 990 1474 Sancti
1042 1417 1342 1477 Edmundi
1392 1424 1449 1476 et
1477 1436 1524 1475 s.
1557 1457 1570 1472 .
1602 1435 1653 1485 .;
1685 1434 1782 1475 ec-

127 1505 374 1563 clesiam
395 1506 471 1563 de
493 1506 824 1577 Deggestei‚
853 1523 993 1564 cum
1019 1509 1389 1580 pertinentiis
1416 1509 1541 1566 suis
1565 1528 1579 1578 ;
1599 1508 1782 1566 eccle·

121 1595 276 1651 siam
305 1596 379 1650 de
409 1595 686 1652 porlfeldi
719 1613 860 1653 cum
908 1597 1138 1670 capella
1188 1599 1262 1655 de
1314 1601 1547 1664 Cotton,
1601 1598 1779 1655 eccle-

120 1684 275 1741 siam
329 1684 400 1740 de
440 1684 695 1756 Angle...
766 1702 904 1742 cum
970 1688 1335 1760 pertinentiis
1393 1688 1520 1745 suis
1555 1705 1570 1756 ;
1600 1688 1782 1745 eccle·

121 1774 276 1831 siam
303 1773 378 1830 de
426 1773 757 1831 Bratetelde
788 1791 928 1832 cum
979 1776 1210 1850 capella
1249 1777 1323 1833 de
1365 1776 1666 1851 Engiefeld
1705 1777 1779 1833 de

122 1863 447 1920 donatione
473 1864 732 1919 Gervasii
754 1865 1052 1935 Paganelli
1086 1884 1101 1934 ;
1128 1866 1441 1924 ecclesiam
1481 1866 1557 1923 de
1587 1869 1780 1922 wom-

123 1954 316 2009 burne
346 1967 482 2009 cum
515 1952 744 2025 capella
774 1954 849 2011 de
892 1955 1088 2012 Tresel
1125 1961 1182 2012 et
1229 1955 1359 2013 aliis
1410 1956 1780 2029 pertinentiis

125 2040 253 2096 suis
283 2041 358 2098 de
397 2040 722 2099 donatione
755 2040 1042 2100 Gnidonis
1074 2044 1148 2100 de
1187 2043 1371 2102 offeni
1399 2064 1418 2117 3
1461 2044 1779 2102 ecclesiam

121 2129 199 2185 de
232 2128 402 2186 Setlle
432 2145 570 2185 cum
603 2131 968 2202 pertinentiis
1021 2135 1144 2188 suis
1198 2132 1274 2190 de
1322 2133 1646 2190 donatione
1672 2136 1780 2190 Ra·

121 2217 272 2273 dutli
302 2218 377 2275 de
397 2219 568 2275 801110
593 2237 610 2290 ;
646 2236 717 2275 ex
745 2220 1070 2277 donatione
1126 2222 1368 2292 Agnetis
1420 2222 1495 2280 de
1527 2225 1778 2295 Somery

119 2305 323 2363 villam
355 2307 429 2365 de
451 2308 787 2380 chyrchille
830 2325 968 2366 cum
993 2311 1360 2382 pertinentiis
1388 2311 1510 2367 suis
1539 2327 1552 2379 ;
1581 2326 1652 2367 ex
1672 2310 1761 2366 do-

117 2396 361 2454 natione
376 2396 601 2454 Osberti
616 2397 684 2454 de
704 2399 994 2457 Kenel'ara
1016 2400 1215 2457 villam
1229 2401 1296 2457 de
1308 2401 1606 2458 Saredune
1637 2416 1777 2458 cum

117 2487 491 2559 pertinentiis
513 2488 640 2544 suis
672 2504 773 2555 ;ex
787 2488 1108 2546 donatione
1136 2489 1376 2547 Roberti
1398 2491 1472 2547 de
1487 2491 1776 2548 Chandeu

120 2591 304 2631 unam
335 2577 621 2647 virgatam
649 2583 817 2634 terroe
843 2579 900 2634 10
931 2579 1066 2636 villa
1091 2580 1166 2636 de
1190 2580 1497 2637 Wolztone
1523 2597 1538 2647 ;
1575 2585 1630 2637 et
1662 2586 1779 2637 ter-

115 2681 222 2722 ras
252 2665 326 2720 de
359 2669 743 2740 Angepenne,
776 2685 847 2725 ex
876 2669 1040 2726 dono
1081 2670 1329 2727 Joaunis
1372 2671 1637 2728 Mansell.
1681 2673 1778 2728 Se-

124 2754 428 2827 pulturam
463 2763 747 2828 praeterea
778 2758 964 2829 ipsius
994 2758 1106 2815 loci
1136 2758 1390 2816 liberam
1422 2777 1550 2817 esse
1581 2762 1778 2817 decer·

121 2845 415 2911 nimus‚ut
448 2862 653 2901 eorum
676 2846 972 2904 devotioni
996 2855 1050 2905 et
1073 2854 1352 2907 extremae
1372 2850 1659 2908 voluntati
1672 2851 1778 2925 qui

124 2952 191 2991 se
218 2935 335 2992 illic
381 2936 616 3010 sepeliri
647 2937 1126 3007 deliberaverint,
1178 2941 1294 2997 nisi
1341 2940 1491 2998 forte
1538 2957 1781 2999 excom-

127 3025 417 3082 municati
449 3027 541 3082 vel
564 3026 856 3084 interdicti
891 3029 1029 3094 3101,
1054 3029 1256 3085 001100
1282 3030 1533 3089 obsistat
1558 3050 1577 3103 ;
1610 3031 1782 3089 salva

1900 436 2107 493 omnia
2121 436 2353 514 integra
2378 446 2807 498 conserventur
2824 455 3030 496 eorum
3050 454 3159 512 pro
3178 451 3433 511 quorum
3451 450 3557 506 gu·

1901 521 2249 585 bernatione
2277 533 2334 585 et
2373 531 2799 588 sustentatione
2847 544 3134 586 concessa
3176 531 3315 582 sunt
3345 523 3553 581 usibus

1900 614 2263 673 omnimodis
2309 619 2644 691 profutura,
2695 619 2864 676 salva
2900 617 3058 674 sedis
3083 615 3419 690 apostolicas
3449 630 3553 670 au·

1900 704 2166 760 ctoritate
2194 710 2251 762 et
2280 707 2603 766 dioecesani
2638 708 2904 782 episcopi
2930 705 3221 763 canonica
3245 702 3473 777 justitia
3498 705 3555 761 et

1899 789 2102 849 debita
2131 797 2461 854 reverentia
2493 797 2863 855 cluniacensi
2895 795 3189 852 Ecclesiae.
3218 794 3275 851 Si
3302 808 3425 866 qua
3450 792 3553 861 igi-

1899 883 1995 935 tur
2023 881 2078 937 in
2112 881 2381 941 futurum
2412 887 2818 945 ecclesiastica
2863 885 3240 942 saecularisve
3271 896 3552 954 persona,

1896 967 2053 1026 hanc
2075 979 2295 1030 nostrae
2318 977 2758 1033 constitutionis
2789 976 3079 1049 paginam
3104 973 3323 1039 sciens,
3345 976 3552 1028 000110

1896 1072 2031 1114 eam
2091 1064 2310 1119 temere
2367 1065 2568 1122 venire
2613 1064 2943 1131 tentaverit,
3006 1063 3271 1118 secundo
3307 1060 3551 1116 tertiove

1893 1150 2651 1216 commonita‚nisireatum
2671 1171 2847 1211 suum
2862 1169 3130 1226 congrua
3143 1149 3550 1208 satisfactione

1892 1238 2237 1304 correxerit,
2276 1244 2584 1312 potestatis
2609 1244 2975 1316 honorisque
3018 1241 3105 1297 sui
3139 1239 3426 1310 dignitate
3457 1252 3551 1294 ca·

1891 1331 2037 1392 reat,
2095 1343 2380 1402 reamque
2408 1347 2471 1388 se
2518 1332 2722 1389 divino
2770 1332 2992 1405 judicio
3038 1329 3293 1387 existere
3322 1327 3397 1383 de
3425 1341 3551 1400 per·

1891 1419 2120 1486 petrata
2142 1416 2453 1490 iniquitate
2478 1427 2823 1492 cognoscat,
2850 1426 2906 1477 et
2936 1436 2972 1476 a
2994 1417 3396 1475 sacratissimo
3418 1430 3550 1472 001-

1891 1518 2037 1574 pore
2057 1520 2127 1561 ac
2156 1509 2451 1577 sanguine
2477 1511 2576 1567 Dei
2598 1516 2653 1566 et
2675 1510 2909 1567 Domini
2932 1505 3344 1579 Redemptoris
3364 1504 3551 1561 nostri

1889 1591 2029 1648 Jesu
2050 1593 2260 1650 Christi
2284 1597 2475 1655 aliena
2506 1599 2630 1666 fiat,
2669 1605 2848 1672 atque
2881 1600 2941 1654 in
2976 1603 3242 1655 extremo
3272 1594 3550 1650 examine

1890 1679 2168 1739 districtoe
2210 1684 2418 1743 ultioni
2462 1689 2790 1761 subiaceat.
2838 1687 3080 1744 Cunctis
3125 1690 3321 1742 autem
3352 1681 3548 1742 eidem

1890 1768 2023 1826 loco
2055 1787 2167 1829 sua
2211 1773 2349 1845 Jura
2398 1777 2776 1835 servantibus
2829 1776 2902 1833 sit
2932 1791 3051 1848 pax
3102 1772 3334 1830 Domini
3362 1773 3549 1831 nostri

1886 1860 2023 1915 '0⁸¹¹
2051 1861 2281 1929 Christi,
2303 1872 2601 1937 quatenus
2618 1867 2788 1924 ethic
2826 1865 3085 1922 fructum
3100 1862 3273 1919 bonoe
3297 1860 3548 1918 actionis

1888 1951 2046 2022 perci
2056 1951 2286 2023 piantet
2300 1957 2465 2029 apud
2482 1957 2823 2015 districtum
2836 1959 2859 2014 1
2872 1956 3106 2013 01110001
3124 1952 3550 2027 11110101οω101-

1889 2052 1982 2093 noe
2010 2039 2176 2110 pacis
2209 2040 2537 2102 inveniant.
2566 2053 2776 2103 Amen.

1960 2129 2198 2195 Datum,
2231 2138 2363 2200 ele..
2398 2151 2493 2194 xvi
2528 2135 2826 2192 Kalendas
2878 2132 3034 2200 Julii,
3098 2129 3417 2187 indictione
3443 2144 3540 2200 xv,

1886 2218 2314 2276 incarnationis
2342 2224 2660 2280 Dominicoe
2686 2239 2843 2281 anno
2888 2224 3021 2278 1190
3040 2222 3176 2293 [leq.
3206 2216 3545 2292 1182],pon-

1885 2303 2142 2362 tificatus
2167 2324 2307 2365 vero
2335 2311 2566 2369 domini
2599 2313 2756 2371 Lucii
2789 2327 2965 2387 papas
2992 2309 3060 2366 111
3093 2309 3309 2382 primo.

2673 2403 2802 2459 le.

1957 2483 2346 2558 Privileoium
2368 2507 2483 2560 pro
2529 2491 2773 2549 ecclesia
2802 2489 2857 2546 S.
2897 2484 3547 2546 MatiaeAlteffacensi.

2412 2581 2694 2653 (velletri,
2723 2583 2857 2637 1110.
2899 2579 3006 2647 18.)

2044 2678 2253 2750 muco,
2283 2673 2485 2731 Sacra!
2513 2669 2797 2742 antiquit.
2830 2683 3121 2732 monum„
3147 2665 3192 2730 1,
3223 2663 3378 2738 210.]

1958 2769 2166 2826 Lucius
2198 2764 2537 2838 episcopuS,
2573 2775 2782 2815 servus
2823 2773 3131 2814 servorum
3163 2754 3285 2820 Dei,
3318 2750 3548 2811 dilectis

1887 2858 2023 2916 filiis
2055 2859 2256 2914 11110111
2287 2851 2492 2909 abbati
2523 2848 2785 2907 ecclesias
2827 2850 3056 2905 Sanctae
3087 2844 3278 2903 Marias
3306 2841 3556 2900 Alteria·

1889 2947 2087 3006 000310
2108 2944 2453 3017 caeterisque
2481 2934 3339 3011 fratribus,tau1pra-sentibus
3364 2945 3552 3006 quam

1890 3036 2121 3105 futuris,
2144 3035 2551 3106 omnibusque
2576 3030 2725 3097 aliis,
2766 3027 3164 3104 apostolicam
3191 3021 3554 3081 benedictio·

125 3119 331 3175 tamen
351 3115 584 3186 justitia
613 3116 845 3173 illarum
876 3118 1268 3174 Ecclesiarum
1303 3135 1339 3175 a
1375 3120 1597 3193 quibus
1627 3137 1784 3178 mor-
1817 3125 1860 3184 C
1890 3143 2032 3186 nem
2063 3128 2124 3184 iu
2151 3131 2527 3199 perpetuum.

127 3209 368 3261 tuorum
391 3220 646 3276 corpora
666 3211 1076 3262 assumuntur.
1099 3205 1245 3263 Cum
1277 3213 1477 3265 autem
1508 3210 1780 3280 generale

125 3294 507 3349 interdictum
554 3299 723 3351 terroe.
772 3295 967 3362 1110111,
1014 3294 1184 3351 liceat
1218 3296 1392 3352 vobis
1441 3297 1659 3356 clausis
1693 3299 1782 3371 ja·

127 3383 289 3450 0010,
329 3399 449 3439 000
485 3383 739 3455 pulsatis
771 3384 1107 3456 campanis,
1141 3385 1398 3441 exclusis
1429 3401 1778 3444 excommu-

124 3472 339 3527 nicatis
372 3477 427 3527 et
454 3472 800 3539 interdictis,
834 3488 1163 3544 suppressa
1189 3489 1332 3531 voce
1361 3474 1562 3531 divina
1581 3475 1780 3534 officia

121 3559 445 3616 celebrare.
485 3560 641 3616 Sane
659 3560 964 3618 novalium
990 3566 1344 3627 vestrorum,
1380 3579 1516 3636 quae
1542 3566 1778 3637 propris

129 3649 412 3704 manibus
441 3655 544 3705 aut
564 3650 905 3722 sumptibus
931 3651 1143 3717 colitis,
1163 3651 1290 3708 sive
1306 3652 1380 3709 de
1402 3652 1778 3710 nutrimentis

128 3738 481 3795 animalium
507 3745 858 3807 vestrorum,
880 3739 1078 3797 001103
1108 3758 1143 3798 a
1166 3742 1336 3798 vobis
1359 3742 1627 3800 decimas
1655 3745 1775 3801 exi·

128 3843 266 3898 gere
310 3828 398 3884 vel
439 3835 793 3902 extorquere
838 3835 1183 3902 proesumat.
1232 3831 1295 3888 10
1332 3832 1776 3905 parochialibus

130 3933 268 3973 vero
299 3917 560 3975 ecclesiis
586 3935 741 3992 quas
768 3918 999 3976 habetis
1021 3920 1192 3979 liceat
1224 3921 1391 3978 vobis
1414 3921 1660 3979 clericos
1686 3921 1775 3979 vel

130 4007 471 4065 sacerdotes
503 4008 720 4080 eligere
751 4014 806 4065 et
828 4009 1171 4068 dioecesano
1199 4011 1485 4084 episcopo
1517 4028 1775 4086 11101300-

131 4101 274 4163 1010,
328 4097 575 4169 quibus,
627 4098 674 4153 si
714 4098 913 4156 idonei
940 4098 1175 4165 fuerint,
1207 4100 1527 4174 episcopus
1566 4117 1774 4160 0010111

125 4185 469 4242 0011001001
488 4188 842 4253 committat,
873 4193 935 4245 ut
959 4187 1103 4245 eide
1133 4189 1565 4262 spiritualibus,
1597 4191 1775 4248 nobis

130 4289 270 4329 vero
299 4274 374 4330 de
404 4275 836 4347 temporalibus
865 4276 1128 4335 debeant
1161 4279 1544 4351 respondere.
1575 4279 1776 4339 Liceat

125 4360 299 4417 vobis
326 4379 569 4437 quoque
590 4364 834 4421 clericos
857 4365 946 4422 vel
973 4365 1159 4423 laicos
1178 4383 1210 4424 e
1236 4368 1459 4425 soeculo
1482 4368 1775 4441 fugientes

128 4450 345 4507 liberos
373 4457 428 4507 et
452 4451 762 4509 absolutos
792 4454 870 4510 ad
887 4457 1337 4513 conversionem
1353 4464 1614 4517 vestram
1632 4460 1776 4517 reci-

127 4555 268 4611 pere
299 4545 354 4596 01
383 4557 487 4597 000
517 4541 748 4614 absque
777 4545 1246 4603 contradictione
1270 4546 1474 4621 aliqua
1498 4549 1772 4606 retinere.

126 4628 514 4686 Prohibemus
541 4631 787 4704 insuper
817 4649 891 4690 ne
918 4634 1053 4707 quis
1085 4640 1217 4706 post
1247 4634 1466 4693 factam
1486 4637 1547 4694 in
1580 4638 1774 4696 Eccle-

126 4719 219 4776 sia
269 4725 461 4776 vestra
485 4719 940 4792 professionem,
981 4722 1093 4778 nisi
1147 4724 1416 4781 arctioris
1474 4726 1775 4798 religionis

126 4809 393 4876 obtentu,
412 4809 722 4867 discedere
740 4811 814 4868 de
834 4812 1046 4868 eodem
1064 4812 1196 4869 loco
1215 4820 1543 4886 praesumat
1559 4832 1574 4883 ;
1589 4815 1778 4875 111000·

127 4898 364 4955 dentem
395 4915 534 4956 vero
565 4899 691 4955 sine
713 4903 1128 4958 communium
1149 4901 1477 4961 litterarum
1499 4906 1776 4963 cautione

124 4985 322 5043 nullus
342 4988 564 5045 audeat
580 4988 850 5045 retinere.
880 4990 1170 5063 Antiquas
1185 5007 1429 5065 quoque
1444 4997 1502 5051 et
1517 4995 1776 5053 rationa-

125 5076 275 5132 biles
289 5079 768 5145 cousuetudines,
784 5079 844 5135 in
868 5079 1123 5137 Ecclesia
1135 5087 1331 5138 vestra
1347 5082 1637 5140 hactenus
1657 5084 1773 5141 ob·

126 5170 412 5235 servatas,
431 5167 642 5224 futuris
661 5169 1034 5242 temporibus
1057 5173 1223 5228 ratas
1244 5169 1625 5229 decernimus
1639 5189 1776 5246 per-

128 5270 390 5311 manere.

199 5344 581 5401 Decernimus
602 5362 744 5418 ergo
767 5348 987 5406 utnulli
1003 5349 1254 5407 omnino
1273 5352 1776 5414 bominumliceat

128 5431 444 5504 praefatum
487 5437 916 5493 monasterium
950 5437 1009 5493 in
1040 5436 1245 5511 aliquo
1275 5438 1642 5511 perturbare,
1671 5447 1776 5501 aut

123 5522 255 5594 ejus
288 5523 694 5594 possessiones
721 5525 954 5588 auferre
983 5526 1074 5585 vel
1096 5525 1332 5592 ablatas
1360 5530 1635 5600 retinere,
1665 5532 1772 5591 mi·

1805 4503 1853 4560 D

1964 3215 2324 3287 Religiosam
2342 3213 2526 3269 vitam
2546 3206 2901 3280 eligentibus
2922 3203 3319 3278 apostolicum
3339 3214 3551 3260 conve-

1890 3306 1974 3362 nit
1998 3306 2216 3362 adesse
2261 3301 2627 3376 praesidium,
2683 3297 2937 3354 0010110
2968 3292 3286 3367 cujuslibet
3315 3291 3547 3348 temeri·

1888 3394 2026 3451 tatis
2053 3393 2331 3448 incursus
2360 3393 2464 3445 aut
2492 3404 2595 3444 eas
2626 3404 2662 3443 a
2697 3385 3005 3458 proposito
3044 3387 3295 3447 revocet,
3331 3385 3436 3438 aut
3458 3395 3548 3439 ro·

1887 3480 2002 3538 bur
2019 3480 2202 3554 (quod
2220 3479 2374 3536 absit
2393 3478 2432 3549 l>
2453 3493 2638 3533 sacrae
2652 3473 2953 3544 religionis
2968 3471 3549 3543 confringat.Eapro·

1887 3575 2037 3644 pter,
2067 3567 2265 3625 dilecti
2293 3568 2353 3623 in
2384 3565 2635 3622 Domino
2671 3562 2796 3627 lilii,
2830 3561 3039 3618 vestris
3069 3560 3247 3632 justis
3281 3557 3549 3630 postula-

1885 3657 2150 3715 tionibus
2161 3658 2472 3713 clementer
2486 3654 2900 3719 annuentes,et
2921 3647 3225 3722 praeralam
3240 3645 3546 3703 ecclesiam

1888 3751 2118 3807 Sanctae
2141 3748 2332 3806 Mariae
2364 3743 2801 3808 Alter-iacensis,
2837 3742 2896 3798 in
2923 3755 3047 3813 qua
3081 3737 3287 3795 divino
3323 3736 3550 3794 manci·

1885 3838 2010 3911 pati
2040 3839 2184 3895 estis
2216 3835 2533 3909 obsequio,
2560 3833 2675 3889 sub
2717 3832 2873 3890 beati
2907 3830 3054 3886 Petri
3085 3833 3141 3887 01
3171 3833 3378 3885 000110
3404 3842 3543 3900 pro·

1882 3927 2139 3985 tectione
2169 3926 2554 3997 suscipimus,
2582 3929 2640 3978 et
2665 3920 2973 3995 praesentis
3002 3918 3206 3989 scripti
3229 3916 3539 3989 privilegio

1884 4015 2358 4075 communimus.
2391 4011 2694 4085 Imprimis
2742 4008 3041 4083 siquidem
3094 4010 3447 4071 statuentes,
3480 4007 3544 4062 ut

1883 4105 2035 4165 ordo
2062 4104 2388 4162 canonicus
2419 4102 2524 4176 qui
2561 4099 2900 4157 secundum
2935 4100 3121 4154 Deum
3151 4101 3208 4153 et
3235 4095 3395 4152 beati
3424 4097 3541 4151 Au·

1884 4195 2107 4266 gustini
2136 4192 2420 4264 Regulam
2454 4191 2514 4247 in
2541 4189 2754 4247 eadem
2783 4186 3036 4244 ecclesia
3074 4185 3378 4241 institutus
3407 4197 3543 4241 esse

1883 4284 2277 4358 dignoscitur,
2309 4282 2612 4357 perpetuis
2643 4279 2868 4337 ibidem
2900 4275 3269 4349 temporibus
3296 4273 3544 4332 inviola-

1883 4376 2078 4434 biliter
2092 4376 2462 4433 observetur.
2490 4376 2774 4430 Praeterea
2789 4383 3184 4444 quascunque
3219 4366 3545 4441 possessio·

1884 4481 2016 4533 nes,
2040 4479 2416 4537 quascunque
2461 4463 2626 4519 bona
2667 4461 2882 4518 eadem
2919 4458 3171 4515 ecclesia
3219 4457 3546 4528 inpraesen-

1884 4555 2103 4612 tiarum
2122 4554 2280 4626 juste
2307 4558 2365 4611 et
2392 4550 2682 4609 canonice
2715 4549 3002 4622 possidet,
3035 4551 3138 4604 aut
3179 4546 3241 4602 10
3271 4544 3543 4600 futurum

1885 4646 2267 4702 concessione
2288 4641 2662 4716 pontificum,
2686 4638 2997 4710 largitione
3019 4650 3253 4706 regum,
3270 4632 3366 4689 vel
3384 4631 3545 4706 prin·

1882 4732 2107 4807 cipum,
2139 4730 2443 4789 oblatione
2481 4728 2771 4795 fidelium,
2813 4742 2919 4782 seu
2961 4722 3290 4796 aliisjustis
3321 4720 3542 4786 modis,

1882 4827 2196 4896 proestante
2214 4821 2488 4885 Domino,
2514 4818 2728 4891 poterit
2744 4814 3018 4887 adipisci,
3041 4813 3219 4869 firma
3238 4810 3415 4868 vobis
3442 4825 3546 4868 ve-

1884 4912 2141 4985 strisque
2170 4907 2618 4967 successoribus
2645 4911 2702 4963 et
2744 4904 2974 4961 illibata
3004 4903 3400 4976 permaneant
3429 4912 3445 4967 ;
3474 4897 3540 4955 10

1882 4999 2105 5076 quibus
2130 4999 2259 5056 haec
2291 4996 2547 5071 propriis
2595 4995 2884 5053 duximus
2926 4990 3323 5064 exprimenda
3371 5002 3546 5047 voca·

1885 5088 2051 5147 bulis
2080 5104 2095 5145 ε

1959 5180 2177 5236 Locum
2204 5175 2428 5233 scilicet
2465 5173 2572 5248 qui
2620 5176 3003 5246 nuncupatur
3048 5169 3432 5235 alteriacum,
3477 5166 3541 5225 in

1882 5281 2008 5341 quo
2036 5265 2289 5323 ecclesia
2313 5263 2560 5336 praelata
2589 5261 2844 5319 fundata
2875 5263 2990 5325 est,
3015 5275 3154 5316 cum
3183 5256 3454 5323 decimis,
3485 5258 3544 5313 et

1883 5354 2169 5414 omnibus
2196 5351 2574 5427 appendiciis
2599 5350 2751 5419 suis,
2778 5352 2838 5408 in
2867 5348 3040 5406 terris
3069 5347 3243 5405 cultis
3271 5349 3326 5404 et
3356 5342 3537 5402 incul-

1884 5443 1978 5512 tis,
1999 5442 2208 5518 pratis,
2236 5443 2431 5518 aquis,
2460 5441 2645 5513 silvis,
2684 5455 2792 5514 per
2836 5438 3123 5496 terminos
3165 5436 3541 5507 designatos,

1884 5533 2110 5592 00111001
2120 5548 2227 5607 per
2237 5532 2394 5592 duos
2407 5530 2812 5594 Chillimomes
2822 5526 3356 5602 (chillemont),per
3365 5537 3541 5586 mou.
