3784 6000
129 218 254 286 107

1049 223 1252 288 nls‘r.
1298 228 1576 292 RERUM
1617 232 2153 296 TRANSUARIN.
2198 262 2280 278 —
2319 232 2472 295 me.
2520 233 2630 295 Ill.

135 349 249 423 pit,
279 355 347 410 ut
376 370 440 411 se
460 352 833 412 innocentem
854 365 1137 414 assereret
1171 357 1377 426 iurans
1405 367 1464 419 et
1493 363 1788 422 obtestans
1819 370 1869 436 Α
1905 364 2239 423 decertante
2288 365 2646 438 proterviusz
2680 366 3018 443 factumque
3045 374 3138 430 est
3181 371 3264 429 ita
3293 378 3379 441 ut,
3405 386 3548 429 con·

136 445 288 512 quod
318 461 436 501 non
469 446 543 501 oh
574 445 746 501 aliam
781 462 1020 503 causam
1061 465 1160 504 eos
1181 466 1214 504 a
1243 451 1470 507 civitate
1496 464 1782 526 arcuerat,

136 532 249 588 uisi
275 534 417 604 quia
436 535 735 591 neminem
757 552 819 592 se
846 537 1238 594 admissurum
1263 557 1450 613 usqne
1471 544 1540 598 ad
1566 544 1787 600 adven-—

136 627 258 676 tum
280 623 449 679 ducis
473 623 587 681 fide
611 626 953 696 promiserat
975 628 1336 699 interposita.
1372 628 1534 687 Unde
1567 634 1783 688 factum

136 713 391 783 estquod
420 729 522 785 per
548 716 937 786 quorumdam
959 732 1026 772 ex
1059 717 1347 774 nobilibus
1369 720 1785 791 interventum,

134 798 371 857 blandis
405 804 911 874 persuasionibus,
959 807 1058 860 sed
1113 823 1211 875 pro
1263 816 1521 878 tempore
1562 814 1621 866 et
1658 809 1784 866 loco

131 892 504 957 necessariis,
535 894 774 949 sedatus
819 894 890 950 ad
945 897 1232 950 modicum
1259 898 1476 968 quievit
1508 900 1778 972 populus.

128 978 261 1051 ipso
294 980 448 1051 plebi
481 983 869 1039 reconciliato.
903 983 1170 1057 Dumque
1202 985 1275 1041 ibi
1300 989 1506 1054 sopitis
1535 992 1782 1045 scanda-

128 1067 206 1123 lis
225 1084 329 1140 per
347 1069 480 1127 dies
506 1070 730 1144 aliquot
749 1071 808 1127 in
830 1073 989 1128 omni
1023 1076 1437 1144 tranquillitate
1469 1076 1778 1147 sedissent,

128 1173 266 1214 ecce
292 1158 503 1217 classis
537 1160 656 1216 visa
693 1168 783 1218 est
830 1163 887 1217 in
941 1162 1162 1235 pelago,
1193 1166 1290 1221 vix
1320 1166 1508 1222 tribus
1541 1168 1780 1224 miliari·

131 1247 237 1303 bna
267 1245 503 1304 distans
547 1250 619 1305 ab
671 1253 854 1305 urbe:
885 1251 954 1305 ad
997 1266 1173 1322 quam
1206 1267 1274 1307 ex
1307 1262 1548 1326 utroque
1577 1257 1781 1313 ordine

129 1341 251 1392 um
284 1339 518 1410 equites
533 1354 709 1410 quam
736 1338 958 1411 pedites
977 1341 1239 1397 certatim
1274 1350 1675 1415 properantes,
1705 1346 1777 1403 ad

130 1441 293 1482 mare
320 1429 731 1485 descendunt:
764 1428 863 1485 ubi
894 1429 967 1486 de
1007 1430 1202 1487 littore
1234 1439 1438 1490 mutuo
1467 1434 1575 1490 sibi
1597 1435 1779 1492 collo-

132 1524 409 1589 qncntcs,
457 1525 860 1589 cognoverunt
891 1536 992 1590 per
1027 1523 1365 1578 eorumdem
1418 1524 1780 1595 relationem,

134 1607 287 1678 quod
320 1606 665 1663 Christiano
701 1609 1079 1679 professionis
1117 1619 1317 1668 esseut
1365 1613 1650 1671 homines.
1686 1615 1780 1672 ln-

134 1698 410 1771 terrogati
459 1704 652 1755 autem
701 1701 773 1757 de
829 1700 1035 1772 patria,
1086 1705 1524 1774 responderunt,
1565 1710 1716 1779 quod
1748 1726 1781 1765 a
1816 1735 1860 1802 Β

134 1788 429 1851 Blandi-ia.
458 1787 783 1857 Bollaudia,
839 1789 1123 1860 Frisouia,
1173 1791 1230 1847 in
1273 1793 1489 1864 quibus
1521 1798 1780 1867 partibus

134 1877 441 1948 piraticam
463 1877 638 1934 anuis
655 1887 783 1935 octo
803 1887 1178 1937 exercuerant
1198 1900 1213 1943 ;
1248 1883 1701 1956 tandemcompn·
1717 1903 1779 1941 n·

130 1967 209 2022 cti
256 1968 435 2024 corde
480 1972 541 2025 et
585 1967 929 2026 delictorum
976 1986 1218 2027 suorum
1254 1975 1624 2044 prenitentes,
1656 1992 1784 2032 ora·

132 2056 311 2114 tionis
334 2056 544 2130 gralia.
576 2066 636 2114 ut
668 2057 744 2115 ad
766 2059 1221 2131 Hierosolymam
1256 2063 1778 2133 proliciscereutur,

130 2148 188 2204 in
229 2149 344 2205 hoo
405 2164 561 2206 mare
607 2151 1048 2206 descenderant.
1089 2150 1335 2223 Cognito
1376 2160 1572 2209 autem
1627 2155 1781 2226 quod

131 2239 237 2294 viri
270 2236 477 2295 fideles
506 2246 723 2307 essent,
752 2255 854 2296 eos
885 2241 954 2296 ad
991 2252 1217 2313 portum
1249 2241 1520 2314 invitant,
1543 2250 1603 2301 et
1631 2246 1782 2301 datia

132 2328 353 2384 dextris
404 2326 467 2384 in
519 2328 717 2385 osculo
767 2330 923 2400 pacis
970 2337 1299 2402 susceptos,
1350 2331 1535 2389 classe
1564 2334 1623 2390 in
1654 2340 1781 2392 tuto

136 2418 349 2483 locata,
384 2431 576 2489 usque
598 2418 669 2472 ad
697 2417 942 2474 Tarsum
973 2421 1386 2490 perduxerunt.
1421 2421 1554 2478 Erat
1582 2429 1779 2481 autem

136 2506 375 2579 quidam
398 2522 605 2562 eornm
630 2507 992 2579 primicerius
1014 2507 1402 2566 Guinenierus
1425 2513 1678 2581 nomine,
1709 2512 1781 2570 de

137 2613 283 2671 pago
312 2594 675 2664 Bolonienai,
706 2597 777 2653 de
815 2604 967 2653 terra
987 2597 1218 2655 comitis
1249 2599 1567 2672 Eustachii,
1600 2606 1779 2674 patria

132 2685 353 2745 domiui
380 2682 702 2744 Godet'ridi.
735 2686 839 2745 Hic
867 2692 1173 2760 postquam
1206 2689 1508 2747 dominum
1542 2690 1778 2751 Baldul·

131 2793 271 2834 num
300 2775 602 2845 cognovit,
639 2778 833 2833 aciens
872 2777 1011 2848 quia
1058 2779 1278 2835 domini
1310 2779 1403 2836 sui
1436 2780 1591 2838 lilius
1620 2786 1779 2840 esset

130 2868 333 2925 relicta
358 2865 574 2935 classe,
604 2880 736 2921 cum
766 2867 970 2923 eodem
997 2866 1453 2941 Hierosolymam
1474 2870 1560 2927 ire
1579 2872 1773 2944 dispo·

127 2958 282 3014 anit:
314 2962 450 3013 erat
479 2961 676 3013 autem
710 2954 871 3014 dives
901 2956 1245 3027 admodum,
1269 2974 1339 3016 ex
1369 2959 1470 3017 illa
1499 2965 1621 3019 arte
1653 2978 1774 3034 pes·

1893 456 2229 525 {ligentibus
2262 457 2412 511 iuter
2439 473 2502 513 es
2533 457 2709 514 nimie
2741 459 3027 517 hostiliter
3062 461 3317 532 aciebus,
3350 460 3546 534 plures

1893 546 2209 602 ceciderint
2238 545 2540 602 nonnullis
2574 546 2744 602 atiani
2779 563 2847 605 ex
2871 562 3118 624 utraque
3149 556 3315 625 parts
3347 555 3541 608 reten-

1893 636 1990 692 tis.
2030 634 2284 690 Tandem
2318 651 2451 690 vero
2499 635 2719 691 domini
2767 637 3047 695 'rancredi
3104 655 3310 697 manus
3350 639 3547 712 impar

1893 723 2117 781 viribus
2161 729 2219 781 et
2264 742 2529 793 numero,
2588 728 2817 798 pondus
2865 729 3197 787 certaminis
3245 729 3395 789 terre
3425 744 3542 789 uon

1890 815 2091 871 valens
2139 815 2381 879 diutius.
2433 823 2589 887 terga
2635 818 2794 873 dedit
2843 819 3091 892 fugiens,
3138 821 3198 878 iu
3248 821 3446 879 urbem
3477 836 3543 880 ιο

1892 911 2213 971 receptura.
2270 903 2400 959 Erat
2441 910 2636 959 autem
2686 904 2840 960 inter
2882 905 3080 962 urbem
3114 908 3449 979 praedictam
3481 910 3541 965 et

1895 997 2086 1045 castra
2119 991 2341 1047 domini
2378 990 2648 1048 Belduiui
2699 994 2929 1063 llurius,
2978 1012 3155 1067 super
3184 1012 3359 1069 quem
3394 1011 3541 1068 pou·

1889 1087 2012 1134 erat
2042 1079 2206 1136 valde
2234 1087 2558 1151 angustus:
2589 1098 2705 1153 quo
2736 1083 2957 1139 durnin
2983 1086 3184 1141 urbem
3214 1086 3400 1141 redire
3427 1082 3541 1142 do·

1892 1167 2034 1225 mini
2064 1169 2345 1226 Tenc-redi
2388 1178 2721 1242 properaret
2770 1172 3011 1242 familia,
3044 1174 3237 1245 pontis
3266 1173 3542 1246 augustia

1892 1260 2381 1330 impedimentum
2409 1262 2798 1330 ministrante,
2822 1263 3177 1321 interierunt
3195 1277 3266 1318 ex
3289 1274 3541 1334 utroque

1889 1348 2094 1404 ordine
2144 1351 2363 1420 plures,
2386 1348 2516 1405 aliis
2563 1350 2718 1405 inl'ra
2763 1351 2969 1407 urbem
3002 1366 3065 1408 ae
3094 1350 3534 1425 recipientibus.

1889 1437 1959 1493 Et
1987 1440 2230 1494 fortasse
2253 1439 2474 1509 majora
2517 1438 2789 1512 utrinque
2818 1441 3162 1498 ardentibus
3193 1438 3345 1497 odiis
3377 1439 3540 1511 passi

1891 1527 2081 1583 forent
2137 1527 2465 1600 dispendia,
2526 1528 2634 1584 uisi
2688 1544 2801 1585 nox
2855 1529 3190 1587 conflictum
3250 1518 3552 1588 dirimens*

1890 1615 2155 1673 irrusset.
2188 1616 2351 1686 Capti
2403 1626 2539 1673 sunt
2589 1618 2666 1673 ibi
2699 1619 2770 1674 de
2815 1619 3096 1675 comitatu
3127 1617 3347 1676 domiui
3376 1616 3540 1677 Tau-

1889 1707 2044 1762 credi
2078 1704 2404 1763 Richardus
2425 1708 2497 1762 de
2527 1707 3536 1782 Principatu,ejusconsanguiueus,

1892 1803 1952 1852 et
1981 1795 2269 1853 Robertus
2299 1797 2371 1853 do
2397 1804 2579 1866 Ausa,
2600 1796 2708 1854 viri
2739 1798 2966 1855 nobiles
2993 1808 3052 1856 et
3073 1797 3353 1870 praeclari,
3383 1813 3537 1872 quo·

1890 1901 2017 1940 rum
2053 1885 2525 1956 persuasionibus
2554 1891 2611 1942 et
2658 1886 2901 1944 stimulis
2949 1887 3019 1943 ad
3074 1888 3405 1959 predictam
3435 1885 3537 1944 do·

1890 1974 2090 2030 miuus
2112 1974 2447 2031 Tancredus
2475 1973 2878 2032 convolaverat
2915 1974 3217 2032 ultionem.
3250 1972 3330 2032 De
3362 1971 3534 2032 lami-

1888 2062 1966 2119 lia
1995 2079 2127 2119 vero
2158 2063 2377 2120 domini
2417 2061 2688 2119 Balduini
2731 2067 2936 2133 captus
2984 2073 3068 2120 est
3099 2065 3191 2119 vir
3220 2061 3534 2136 preclarus

1889 2161 1949 2209 et
1980 2152 2215 2222 nobilis,
2246 2151 2571 2209 Gilleberus
2603 2155 2673 2209 de
2719 2151 3110 2210 Monteclaro:
3143 2169 3247 2225 pro
3278 2166 3532 2226 quornm

1888 2242 2176 2310 absentia,
2199 2244 2447 2297 turbatas
2477 2246 2622 2298 sunt
2670 2240 2987 2311 plurimum
3021 2241 3159 2299 hinc
3191 2243 3326 2298 inde
3354 2243 3532 2313 acies,

1890 2332 2239 2387 arbitrantes
2267 2330 2504 2403 quodin
2545 2330 2834 2387 hesternis
2882 2330 3395 2399 congressionibus
3415 2330 3535 2388 vita

1887 2421 2300 2478 decessissent.
2350 2419 2503 2478 Luce
2557 2420 2797 2476 demum
2852 2426 3083 2492 postera
3138 2420 3260 2477 sole
3310 2420 3535 2477 oriente

1892 2512 2182 2581 restituta,
2241 2512 2781 2567 detumescentibus
2837 2509 2989 2566 odiis
3019 2514 3078 2567 st
3133 2505 3536 2583 indignatione

1888 2599 2322 2673 aliquantulum
2357 2599 2642 2671 mitigata,
2667 2598 3049 2670 professionis
3078 2614 3199 2656 suo
3223 2612 3532 2673 memores,

1887 2695 1957 2745 ad
2002 2706 2121 2759 cor,
2172 2688 2517 2760 respiciente
2563 2703 2663 2745 eos
2708 2688 2904 2745 divina
2947 2688 3277 2758 clementia,
3319 2684 3532 2747 reversi

1887 2785 2064 2847 eunt;
2096 2783 2155 2836 et
2185 2779 2366 2835 missa
2405 2778 2717 2849 legatione,
2770 2786 3039 2851 rogantes
3066 2794 3196 2851 quo
3224 2779 3293 2835 ad
3326 2792 3530 2851 paoem

1884 2874 2051 2937 sunt,
2102 2867 2393 2923 restitutis
2442 2867 2579 2923 hinc
2609 2867 2745 2923 iude
2792 2864 3059 2938 captivis,
3090 2870 3147 2923 et
3180 2865 3293 2922 sibi
3327 2871 3532 2923 mutuo

1884 2957 2336 3024 satisfacientes,
2365 2954 2424 3011 in
2449 2957 2677 3027 plenam
2697 2955 3397 3028 gratiam,interveuiento
3427 2969 3530 3029 pa-

125 3050 276 3105 sima
295 3063 479 3121 quam
523 3047 623 3103 diu
676 3052 1033 3118 exercuerat,
1084 3050 1273 3106 l'actus
1322 3050 1690 3124 locupletior.
1719 3059 1776 3110 et
1883 3048 1968 3105 cis
2006 3047 2228 3115 uacuis,
2257 3045 2577 3103 redieruut.

125 3140 346 3195 multus
376 3136 604 3193 habeus
631 3138 692 3193 in
723 3153 830 3194 suo
862 3138 1332 3213 obsequio,quos
1353 3157 1420 3196 ex
1449 3148 1610 3212 parte
1642 3143 1771 3215 plu·
1802 3115 1854 3184 C

122 3229 269 3284 rima
302 3241 513 3284 aarum
547 3224 803 3295 irahens,
833 3242 962 3283 eum
995 3230 1154 3299 sequi
1189 3230 1463 3286 decrevit.
1496 3229 1654 3288 Unde
1673 3248 1775 3289 or·-

121 3319 322 3376 dinata
346 3332 423 3375 ex
453 3316 761 3390 utriusque
807 3319 1082 3374 comitatu
1136 3320 1592 3393 quingentorum
1622 3323 1772 3379 viro-

122 3425 253 3465 rum
288 3408 423 3464 urbi
455 3407 784 3464 sufficiente
813 3409 1106 3477 custodia,
1140 3411 1353 3467 iterum
1377 3414 1687 3483 procedere
1717 3417 1775 3469 et

120 3503 345 3556 tentare
372 3498 670 3554 fortunam
693 3498 1131 3568 disposuerunt.

723 3602 953 3661 CAPUT
981 3602 1173 3663 XXIV.

126 3694 461 3763 Balantum,
498 3693 664 3751 Tarso
708 3706 885 3767 capra,
927 3695 1264 3752 mamistram
1303 3695 1469 3754 venit.
1515 3698 1775 3771 annant

186 3772 436 3825 &vicem
495 3767 612 3839 ipae
662 3772 716 3823 et
789 3766 1135 3837 Temnites,-
1188 3769 1282 3825 sed
1335 3785 1465 3826 mox
1518 3786 1774 3829 reconci-

188 3841 437 3897 mar.

186 3945 702 4005 Proust-centibus
729 3960 865 4015 ergo
912 3945 1049 4016 illis,
1101 3952 1159 4004 et
1203 3949 1358 4005 viam
1390 3948 1609 4018 regiam
1653 3966 1768 4008 non

119 4034 550 4106 deserentibus,
574 4035 819 4108 contigit
840 4038 1137 4108 pervenire
1177 4036 1557 4107 Mamistram,
1590 4054 1767 4110 quam

121 4126 294 4198 paulo
339 4134 503 4194 ante,
552 4131 619 4181 ut
667 4124 1063 4197 praediximus,
1112 4125 1388 4184 dominus
1431 4128 1769 4185 Tancredus

121 4216 397 4273 violenter
435 4223 839 4285 occupaverat,
881 4221 937 4271 et
973 4216 1031 4273 in
1084 4233 1259 4272 manu
1313 4218 1441 4272 sorti
1475 4218 1773 4274 detinebat

121 4317 517 4378 occupatam:
555 4322 673 4379 quo
730 4306 1154 4375 pervenientes,
1209 4309 1472 4364 arbitrati
1521 4310 1674 4381 quod
1710 4311 1767 4365 in

123 4397 323 4453 urbem
353 4394 596 4451 minime
624 4397 1038 4467 reciperentur,
1070 4412 1229 4452 extra
1260 4397 1318 4452 in
1352 4400 1646 4470 pomoeriis
1675 4397 1774 4455 ho·

2496 3152 2730 3212 CAPUT
2759 3153 2923 3213 XXV.

1886 3262 2198 3319 Baldm'nus
2226 3260 2298 3317 ud
2325 3261 2591 3328 maiorem
2636 3266 2928 3318 revertitur
2953 3259 3277 3319 exercitum.
3307 3260 3532 3318 Tencte-

1955 3337 2057 3391 aas
2080 3336 2393 3390 universam
2422 3336 2710 3403 impuonat
2740 3340 2794 3389 et
2821 3337 3030 3390 obtmet
3061 3335 3337 3391 Cinctum.
3371 3333 3531 3390 Fini·

1956 3408 2082 3463 timi
2112 3406 2415 3479 principes,
2463 3408 2663 3462 oblatis
2702 3408 3049 3473 nauiter-ibus,
3080 3408 3132 3464 ei
3158 3421 3216 3462 se
3233 3404 3533 3464 coriciliaro

1951 3482 2248 3551 festinant.

1955 3584 2097 3642 lude
2125 3600 2262 3641 cum
2291 3582 2451 3640 omni
2491 3599 2734 3639 suorum
2782 3582 3062 3640 comitatu
3085 3582 3361 3640 dominus
3387 3581 3528 3638 Bal-

1882 3675 2098 3731 duinus
2125 3674 2196 3730 ad
2232 3688 2513 3744 majorem
2545 3677 2888 3742 exercitum,
2921 3675 3018 3741 qui
3041 3672 3163 3744 jam
3198 3669 3527 3740 Maresiam,

1883 3769 1950 3821 ut
1977 3763 2376 3835 praediximus,
2420 3765 2779 3832 pervenerat,
2829 3761 3001 3817 sociis
3049 3761 3104 3817 id
3138 3760 3524 3832 exigentibus,

1882 3868 2116 3909 revsrus
2171 3859 2279 3908 est.
2348 3848 2628 3906 Audierat
2664 3853 2819 3906 enim
2851 3855 3073 3922 quanto
3103 3865 3396 3922 quamque
3429 3864 3530 3921 pe·

1882 3941 2137 3999 riculoso
2167 3956 2302 3997 casu
2326 3939 2601 3996 dominus
2628 3942 2743 3995 dux
2759 3945 2890 3995 aute
2912 3939 3278 3995 Antiochiam
3304 3938 3528 3993 Pisidia

1881 4031 2282 4088 laboraverat:
2319 4028 2474 4085 uude
2494 4030 2566 4084 de
2595 4030 2725 4101 ejus
2749 4028 3062 4100 plurimum
3087 4027 3278 4085 salute
3306 4025 3525 4084 sollici·

1881 4128 2001 4185 tus,
2032 4136 2288 4192 praesens
2318 4121 2388 4175 de
2418 4120 2546 4191 ejus
2576 4126 2734 4175 statu
2761 4119 2987 4191 plenius
3017 4117 3246 4175 volebat
3273 4116 3523 4173 edoceri.

1881 4211 2217 4270 Taucredus
2246 4226 2402 4271 vero.
2426 4218 2729 4282 assumpto
2750 4209 2859 4265 sibi
2897 4208 3104 4280 populo
3136 4207 3392 4273 residue,
3424 4206 3528 4281 qui

1881 4302 1940 4359 in
1972 4303 2161 4358 classe
2192 4301 2521 4369 advenerat,
2552 4310 2610 4355 et
2641 4315 2709 4356 ex
2739 4314 2807 4356 eo
2837 4299 3060 4356 viribus
3089 4297 3373 4368 adauctis,
3394 4294 3530 4354 uui·

1879 4407 2109 4447 versam
2159 4406 2505 4462 percurrens
2568 4387 2853 4457 Ciliciam,
2910 4387 3168 4446 hostium
3236 4387 3528 4460 praesidia,

124 4486 319 4558 spitati
348 4491 517 4543 suut.
547 4483 886 4542 Tancredus
916 4500 1046 4541 vero
1076 4487 1325 4543 audiens
1352 4489 1507 4559 quod
1542 4486 1771 4545 Baldui·
1804 4491 1847 4557 D
1880 4486 2167 4555 quotquot
2195 4483 2274 4535 ibi
2306 4480 2542 4554 reperit,
2584 4486 2899 4552 expugnet,
2950 4478 3232 4547 incendit,
3265 4477 3532 4532 boniba!

126 4591 236 4633 nus
256 4576 433 4648 Juxta
461 4575 666 4631 urbem
697 4589 802 4631 sua
830 4583 1027 4632 castra
1056 4577 1324 4645 locasset,
1355 4578 1539 4634 iratus
1570 4585 1768 4635 admo·

127 4661 528 4729 dum,memor
547 4661 900 4734 injuriarum
924 4677 1072 4732 quas
1101 4663 1174 4717 ab
1202 4664 1400 4719 eodem
1436 4663 1768 4719 immeritus

128 4753 455 4824 pertulerat,
480 4751 780 4808 infremuit
801 4751 1004 4824 spiritu
1031 4768 1047 4817 ς
1079 4753 1232 4810 stira
1262 4767 1598 4820 succensus,
1633 4769 1772 4809 suos

125 4845 187 4899 ad
216 4859 380 4900 arma
411 4849 711 4904 convocat.
745 4854 983 4914 paratus
1013 4849 1083 4898 de
1101 4844 1375 4899 omnibus
1396 4860 1524 4916 quie
1547 4843 1643 4900 ille
1672 4842 1771 4899 iu-

124 4936 351 5000 tuierat,
396 4932 585 4988 vicem
645 4936 959 5004 rependere
1016 4932 1387 5003 condignam,
1445 4934 1768 4991 Proemissis

125 5022 315 5096 itaque
365 5021 649 5078 nonnulis
709 5022 1032 5094 sagitariis,
1083 5022 1182 5094 qui
1228 5040 1427 5079 eorum
1460 5041 1639 5095 equos
1670 5041 1768 5095 per

126 5128 337 5185 panem
364 5113 667 5183 dispersos
686 5119 1039 5179 sauciarent,
1076 5123 1171 5168 aut
1196 5129 1392 5169 secum
1417 5112 1772 5171 deducerent

124 5202 593 5270 comprehensos,
613 5199 741 5272 ipse
760 5202 956 5257 subito
987 5217 1121 5257 cum
1145 5203 1487 5274 quingentis
1511 5201 1770 5258 loricatis

122 5292 418 5365 equitibus
447 5291 512 5347 iu
542 5306 745 5347 eorum
780 5298 963 5347 castra
995 5289 1249 5358 irruens,
1282 5298 1591 5364 antequam
1630 5306 1773 5361 poe-

20 5379 25 5398 *
124 5390 243 5438 sent
269 5397 437 5438 arma
461 5381 779 5451 corripere,
809 5396 1016 5437 omnes
1042 5396 1184 5447 pene
1215 5382 1566 5437 contriverat
1620 5378 1773 5435 Tan·

126 5471 245 5529 dem
274 5487 414 5529 vero
439 5470 560 5526 illis
606 5485 773 5526 arma
801 5468 1275 5545 corripientibus,
1315 5470 1464 5525 etad
1499 5469 1771 5526 resisten-

128 5566 255 5625 dam
284 5567 540 5638 paratis,
569 5560 630 5617 lit
667 5558 977 5619 conflictus
1005 5562 1286 5635 asperior,
1329 5566 1494 5637 parte
1524 5565 1772 5636 utraque

440 5663 706 5724 Parnoi..
749 5659 896 5724 col.

1879 4575 1979 4645 qui
1997 4573 2151 4628 ineis
2165 4572 2369 4642 reperii
2395 4577 2533 4626 sunt
2552 4570 2743 4642 gladio
2767 4570 3085 4642 peremptis
3108 4584 3125 4635 ς
3161 4564 3528 4638 perveniens·

1876 4678 1991 4735 que
2019 4664 2088 4717 ad
2124 4660 2448 4727 locum,cui
2480 4676 2693 4715 nomen
2724 4658 3069 4714 Alexandria
3086 4654 3294 4719 minor,
3310 4651 3532 4709 violeu-

1877 4759 1965 4808 ter
2006 4758 2404 4823 expugnatum
2440 4748 2819 4805 nihilominus
2840 4748 3162 4816 occupavit,
3192 4758 3524 4802 universam

1878 4841 2169 4913 regionem
2205 4855 2325 4896 suae
2356 4839 2674 4910 subjiciens
2725 4839 3014 4908 potestati.
3050 4834 3367 4889 Audientes
3391 4831 3527 4890 ‘vero

1878 4930 1979 5003 qui
2036 4930 2097 4986 in
2159 4930 2458 4984 montibus
2518 4927 2881 4991 habitabant,
2942 4931 3058 4981 tam
3118 4922 3527 4979 Armeniorum

1879 5036 2055 5093 quam
2088 5019 2407 5076 Tiircorum
2439 5025 2709 5084 satrapae.
2741 5016 2895 5087 qood
2930 5015 3245 5085 praedictus
3275 5012 3528 5070 Tancre·

1878 5112 1991 5167 dus
2022 5110 2077 5166 io
2109 5125 2282 5165 manu
2311 5110 2550 5163 robusta
2570 5113 2626 5161 et
2648 5108 2904 5161 exercitu
2928 5103 3164 5175 copioso
3195 5104 3525 5159 universam

1879 5203 1992 5257 sibi
2041 5201 2386 5270 subjugaret
2437 5196 2816 5268 provinciam,
2858 5194 3132 5251 timentes
3177 5192 3424 5248 neforto
3453 5192 3525 5248 ad

1879 5304 1978 5345 eos
2003 5290 2343 5356 ascendens,
2375 5302 2579 5342 eorum
2635 5299 2861 5356 quoque
2901 5284 3219 5356 captivaret
3259 5280 3527 5352 populos,

1882 5382 2248 5434 subverteret
2262 5374 2583 5447 municipia
2597 5420 2611 5441 ,
2627 5373 2824 5430 missis
2837 5372 3096 5429 certatim
3116 5370 3529 5443 legationibus,

1879 5470 2008 5538 ejus
2038 5467 2148 5522 sibi
2170 5471 2445 5536 satagunt
2474 5461 2787 5519 conciliare
2816 5459 3089 5535 gratiam,
3119 5464 3177 5515 et
3204 5455 3526 5515 amicitiam

1881 5558 2196 5617 foderare:
2248 5559 2399 5614 uude
2449 5557 2515 5611 ut
2573 5548 2934 5626 propositum
2997 5547 3227 5608 taenias
3271 5545 3533 5606 valerent

3133 5654 3211 5716 10
