3784 6000
174 272 307 335 625

837 276 1036 339 Hls'r.
1085 276 1362 339 RERUM
1403 273 1938 338 TRANSMARIN.
1985 306 2064 318 —
2102 272 2254 335 Lm.
2301 273 2435 335 XV.
2481 274 2736 338 FULCO
2781 276 2958 338 Rex.

3484 280 3604 339 626

179 416 615 480 persecutorem
650 426 846 479 suum,
879 428 980 480 pro
1026 412 1206 467 libero
1250 410 1528 466 desaevire
1572 410 1837 475 arbitrie,
1871 410 1920 474 Α
1954 407 2506 478 cipienS,postquam
2533 408 3242 483 mutuiscolloquiissaepe
3270 416 3327 467 et
3350 411 3596 466 multum

177 504 236 554 et
258 501 416 554 vices
443 516 609 569 aequa
638 500 804 557 lance
847 502 1103 567 reddere,
1138 518 1236 569 pro
1269 500 1360 555 his
1410 517 1536 570 quae
1569 501 1639 554 de
1665 516 1841 554 manu

177 587 314 658 ejus
337 593 639 655 acceperat
661 589 941 660 duplicia.
967 591 1230 645 Tandem
1257 591 1313 644 in
1348 589 1654 658 praesentia
1676 589 1845 644 ducis

182 675 572 740 constitutus,
605 673 936 744 habitisque
967 691 1099 730 cum
1148 692 1214 730 eo
1252 674 1639 730 familiaribus
1679 673 1844 728 collo·

180 761 345 834 quiis
376 771 428 817 et
459 763 950 819 conventionibus
981 763 1360 833 interpositis,
1391 762 1563 817 sicuti
1603 767 1728 816 erat
1755 763 1845 818 vir

180 852 450 923 prudens
464 857 520 906 et
544 853 1026 915 facundissimus,
1045 858 1102 908 et
1125 853 1601 908 honestissimam
1623 851 1842 908 habens

179 958 521 1012 personam,
557 942 806 1014 receptis
831 943 1120 998 universis
1152 958 1282 998 cum
1309 944 1468 997 omni
1512 943 1843 1012 integritate

181 1048 318 1103 quae
359 1031 658 1099 amiserat,
692 1034 790 1088 sed
845 1038 901 1087 et
952 1031 1172 1088 familia
1222 1034 1511 1101 restituta,
1546 1032 1842 1103 spondens

178 1122 334 1190 quod
368 1124 426 1175 ln
459 1122 645 1177 reditu
705 1138 807 1193 per
849 1123 1117 1177 eumdem
1177 1123 1383 1175 ducem
1414 1121 1491 1176 sit
1535 1120 1844 1177 habiturus

179 1226 537 1282 regressum,
571 1227 705 1265 cum
765 1211 923 1265 omni
959 1210 1257 1266 honestate
1296 1210 1536 1264 Romam
1573 1227 1839 1281 pergens,

177 1299 527 1356 dimittitur.
562 1300 795 1355 Romam
848 1316 982 1355 vero
1036 1301 1396 1369 perveniens,
1457 1300 1646 1370 prima
1699 1299 1842 1353 facie

177 1388 457 1443 difficiles
485 1388 692 1443 habuit
723 1390 793 1443 ad
828 1389 1132 1444 dominum
1169 1404 1374 1460 papam
1404 1388 1839 1453 intrmtus,tan-

176 1492 359 1547 quam
393 1476 663 1531 Romanae
703 1481 1040 1548 persecutor
1064 1475 1345 1541 Ecclesiae,
1369 1481 1428 1530 et
1457 1475 1557 1547 qui
1578 1476 1839 1545 singula·

180 1581 305 1620 rem
346 1566 502 1620 sedis
530 1564 861 1635 apostolica!
896 1566 1207 1636 primatum
1251 1566 1640 1620 comminuere
1674 1569 1730 1619 et
1755 1563 1844 1619 in-

178 1655 433 1725 fringere
461 1654 725 1722 voluerit,
750 1655 948 1710 sedem
978 1653 1246 1709 aemulam
1279 1659 1484 1709 contra
1518 1655 1841 1709 Romanam

1949 499 2017 551 ael
2053 496 2298 551 invicem
2334 497 2503 563 plura
2544 503 2601 551 et
2658 514 2788 569 quoe
2817 500 3085 555 sulficere
3123 500 3490 567 videbantur,
3524 501 3600 555 fa·

1952 585 2256 639 miliariter
2284 585 2680 650 contulerunt,
2704 587 2856 643 datis
2895 588 3081 644 eidem
3112 605 3147 643 a
3175 590 3412 644 domino
3452 588 3596 644 duc·

1948 673 2463 746 galeis,quolquot
2517 675 2588 730 ad
2647 674 2754 730 iter
2803 678 3226 733 remetiendum
3258 677 3463 734 habult
3494 693 3600 735 nee

1950 764 2253 832 cessarias,
2285 763 2560 820 secundis
2616 781 2759 820 usus
2803 764 3056 834 flatibus,
3083 768 3139 821 in
3180 767 3405 838 Syriam
3437 767 3601 823 deve-

1949 857 2101 916 ctus,
2136 852 2330 907 fauces
2363 850 2595 907 Orontis
2627 854 2840 923 attigit,
2873 854 2974 925 qui
2997 856 3201 909 fluvius
3230 853 3596 910 Antiochiam

1951 940 2327 1010 praeterssuit;
2363 941 2465 1011 qui
2524 940 2685 996 locus
2715 940 2938 1011 vulgari
2977 942 3362 1014 appellatione
3387 946 3594 1015 portus

1948 1030 2145 1085 Sancti
2187 1029 2477 1085 Simeonis
2535 1031 2763 1097 dicitur,
2796 1032 2868 1084 ab
2897 1031 3203 1086 Antiochia
3231 1034 3428 1089 decem
3460 1030 3594 1103 plus

1950 1118 2215 1175 minusve
2244 1119 2531 1175 modicum
2555 1120 2781 1175 distans
2814 1118 3182 1176 milliaribus.

2570 1225 2801 1282 CAPUT
2832 1226 2971 1283 XIV.

1950 1316 2207 1380 Rediens,
2237 1331 2269 1369 a
2299 1315 2441 1370 clero
2455 1331 2573 1381 suo,
2593 1314 2859 1370 instinctu
2869 1314 3148 1383 principis
3168 1331 3276 1370 non
3299 1315 3593 1384 recipitur,-

2017 1390 2074 1440 in
2106 1392 2312 1441 terram
2369 1387 2565 1441 see-edit
2621 1388 2830 1442 comitis
2880 1388 3136 1442 Edessam
3158 1403 3175 1445 .·
3207 1386 3422 1441 eandem
3468 1401 3596 1441 cum

2013 1458 2269 1530 principe
2295 1459 2634 1528 pacificatus,
2668 1459 3021 1514 Antiochiam
3049 1457 3379 1527 inqrcdicur.

2016 1570 2328 1636 Postquam
2360 1581 2519 1637 ergo,
2550 1565 2698 1619 sicut
2756 1565 2975 1621 dictum
3031 1569 3144 1632 est,
3177 1565 3455 1620 dominus
3489 1579 3594 1637 pa-

1943 1654 2199 1710 triarcha
2248 1655 2605 1726 Caelesyriam
2656 1655 2906 1720 advenit,
2965 1662 3020 1709 el
3076 1670 3191 1709 suoe
3241 1655 3322 1708 ita
3366 1653 3595 1708 vicinus

178 1745 436 1814 erigens,
468 1747 525 1798 et
581 1743 892 1815 parificans
947 1742 1285 1810 Ecclesiam,
1341 1748 1618 1813 tanquam
1676 1743 1822 1797 laesae
1856 1761 1902 1827 B
1935 1753 2123 1814 factus
2154 1749 2243 1799 est
2279 1744 2524 1808 civitati,
2552 1744 2754 1800 scribit
2784 1742 3048 1799 Ecclesiae
3080 1758 3198 1798 suar
3238 1747 3322 1808 ut,
3355 1741 3449 1796 die
3470 1746 3594 1797 sta·-

180 1832 503 1902 majeslatis
533 1848 684 1901 reus,
719 1834 790 1887 ab
846 1832 1107 1901 ingressu
1169 1831 1311 1888 sacri
1345 1840 1576 1888 arcetur
1602 1831 1823 1903 palatii.

175 1926 237 1977 et
268 1939 301 1977 a
329 1920 554 1976 domini
585 1937 745 1992 papae
776 1920 1067 1993 colloquio
1090 1923 1495 1992 suspenditur.

801 2029 1031 2087 CAPUT
1063 2030 1210 2086 XIII.

170 2120 480 2175 Accusatur
530 2119 599 2175 ab
640 2119 1002 2185 adversat-iim
1049 2120 1267 2175 tandem
1307 2135 1434 2174 cum
1478 2117 1828 2191 plenitudine

543 2194 755 2261 qraaeiae‚
787 2191 859 2245 ad
887 2193 1108 2262 propria
1142 2196 1458 2247 revertitur.

253 2279 431 2335 Porro
477 2284 598 2335 tam
643 2280 917 2335 dominus
951 2297 1097 2351 papa
1130 2296 1304 2351 quam
1339 2281 1606 2335 universa
1636 2278 1824 2334 Eccle-

179 2369 296 2438 sia,
327 2368 698 2441 procliviores
723 2373 891 2425 erant
918 2370 989 2423 ad
1008 2370 1215 2435 boc,ut
1241 2368 1543 2424 dominum
1579 2370 1821 2437 patriar-

176 2461 375 2527 cham,
405 2464 644 2529 sumpta
696 2458 956 2531 qualibet
1002 2458 1245 2514 honesta
1291 2460 1590 2513 occasione
1620 2474 1825 2525 grava-

179 2553 335 2615 rent,
384 2546 629 2619 ejusque
685 2548 1030 2603 adversariis
1099 2545 1419 2618 plurimum
1476 2547 1826 2602 exhibebant

180 2637 441 2693 favorem
471 2645 809 2708 ;suspeclus
833 2637 986 2692 enim
1018 2637 1101 2691 eis
1131 2636 1456 2692 habebatur
1483 2637 1818 2702 admodum,

180 2742 253 2780 eo
276 2725 433 2796 quod
460 2726 545 2780 vir
599 2726 758 2780 dives
815 2729 988 2791 esset,
1022 2730 1076 2779 et
1139 2726 1506 2796 magnificus,
1539 2731 1595 2780 et
1624 2725 1821 2780 sedem

179 2815 277 2869 cui
315 2819 567 2882 praeerat,
598 2813 1017 2869 Antiochenam
1077 2813 1361 2882 videlicet,
1389 2814 1656 2869 Ramanai
1688 2813 1824 2868 sub-

166 2905 369 2976 jacere
422 2903 999 2972 dedignah.itur,sed
1059 2902 1108 2957 ei
1167 2905 1429 2958 eamdem
1470 2904 1526 2958 in
1549 2904 1822 2959 omnibus

172 2993 477 3065 parificare
509 2993 913 3060 contendebat,
936 2993 1166 3048 dicens:
1208 2994 1504 3064 Utramque
1532 2995 1685 3048 Petri
1711 3008 1823 3048 esse

1941 1839 2090 1899 tuta,
2115 1832 2166 1887 ci
2197 1838 2352 1887 extra
2384 1833 2696 1899 civitatem,
2729 1832 2789 1888 in
2836 1831 2961 1888 loco
3006 1831 3424 1900 praenominato
3455 1845 3591 1886 cum

1936 1923 2306 1994 processione
2367 1921 2706 1978 solemniter
2750 1927 3076 1977 occurrant.
3139 1920 3248 1985 Qui
3308 1917 3591 1990 principis

1938 2013 2130 2067 favore
2160 2012 2308 2076 freti,
2350 2011 2448 2081 qui
2483 2026 2640 2075 eum,
2675 2014 2740 2065 ut
2778 2009 3175 2081 praediximus,
3210 2007 3343 2063 odio
3395 2007 3592 2063 inexu-

1937 2100 2103 2155 rabili
2137 2108 2338 2156 contra
2370 2097 2669 2155 fidelitatis
2690 2099 2978 2164 debitum,
2999 2113 3115 2169 quo
3141 2096 3331 2152 eidem
3353 2095 3595 2151 teneba-

1935 2193 2034 2244 tur
2062 2189 2357 2259 astrictus,
2409 2188 2882 2260 persequebatur,
2915 2185 3155 2242 omnino
3214 2185 3422 2252 facere,
3471 2182 3590 2240 vel-

1933 2279 2121 2335 eidem
2155 2279 2388 2334 obedire
2419 2283 2661 2349 negant3
2696 2277 2794 2333 sed
2852 2280 2908 2332 et
2964 2275 3272 2331 introitum
3314 2272 3588 2342 civitatis,

1932 2381 2037 2438 per
2084 2367 2366 2441 principis
2415 2366 2750 2422 violentiam
2800 2364 3037 2437 penitus
3081 2363 3454 2418 interdicunt.
3488 2359 3592 2418 Ille
3687 2408 3692 2413 .

1930 2476 2065 2516 vero
2124 2457 2455 2528 intelligens
2513 2455 2650 2512 cleri
2708 2454 2800 2511 sui
2851 2452 3156 2518 malitiam,
3187 2458 3242 2506 el
3284 2466 3486 2507 eorum
3517 2449 3591 2507 de

1932 2548 2149 2623 quibus
2180 2541 2349 2618 longe
2369 2546 2538 2602 aliter
2558 2547 2872 2611 meruerat,
2896 2540 3281 2607 aversionem,
3311 2537 3591 2611 principis

1931 2653 2163 2711 qnoque
2180 2635 2533 2691 obstinatam
2562 2629 3307 2704 indignationem,secessit
3336 2629 3394 2683 in
3421 2643 3589 2682 mon-

1931 2733 2090 2793 tana,
2122 2742 2252 2798 quas
2283 2724 2413 2779 urbi
2470 2722 2897 2778 conterminata
2954 2723 3114 2786 sunt,
3138 2734 3269 2790 quae
3297 2714 3470 2789 vulgo
3501 2715 3586 2772 di-

1930 2821 2138 2872 cuntur
2168 2814 2378 2885 Nigra:
2411 2811 2489 2868 ihi
2521 2812 2579 2867 in
2613 2809 3002 2877 monasteriis,
3034 2808 3250 2880 quibus
3279 2806 3443 2862 locus
3480 2804 3581 2862 ille

1930 2905 2210 2970 abundat,
2246 2917 2466 2958 moram
2492 2900 2706 2956 faciens
2733 2898 3186 2968 prestolabatur,
3229 2899 3292 2950 ut
3349 2908 3618 2950 rancorc=
3681 2942 3698 2953 .

1929 2995 2215 3066 deposito,
2252 2991 2590 3047 humaniore
2628 2988 2923 3046 sententia
2970 2992 3084 3043 tam
3120 2983 3390 3042 dominus
3424 2982 3587 3056 prin-

170 3081 508 3146 cathedram,
531 3096 756 3151 canique
784 3084 942 3152 quasi
968 3081 1348 3152 primogenita>
1378 3082 1651 3150 insiqnem
1679 3095 1822 3152 μνέε-
1852 3113 1896 3180 C
1935 3100 2072 3154 ceps
2102 3097 2273 3153 quam
2305 3079 2494 3137 clerus
2522 3095 2684 3147 suuS,
2718 3093 2849 3134 eum
2899 3076 2956 3131 in
2997 3075 3198 3131 urbem
3224 3076 3574 3130 revocarent.

169 3173 459 3240 myctica:
493 3171 645 3224 unde
677 3170 1071 3240 multipliciter
1119 3173 1187 3225 ad
1220 3171 1348 3240 ejus
1379 3186 1681 3235 gravamen
1726 3172 1821 3225 ni-

170 3260 473 3315 tebantur.
525 3258 782 3313 Tandem
840 3260 1225 3329 quorumdam
1295 3258 1613 3314 amicorum
1680 3275 1824 3314 usus

170 3347 390 3412 officim
422 3346 948 3403 intervenientibus
1007 3355 1121 3402 tam
1166 3348 1382 3403 domini
1434 3364 1593 3419 papae
1650 3364 1823 3418 quam

171 3437 303 3493 suis
337 3436 729 3491 familiaribus
759 3440 816 3491 et
844 3436 1086 3491 semitas
1117 3436 1825 3507 dirigentibus,admissus

171 3535 265 3585 est
292 3528 365 3582 ad
395 3527 615 3583 domini
650 3543 811 3598 papae
826 3530 883 3582 et
912 3529 1083 3582 curiae
1105 3527 1445 3583 solemniter
1465 3532 1827 3597 congregatis

172 3617 562 3690 praesentiam,
596 3623 651 3674 et
682 3633 814 3672 cum
876 3617 1063 3672 multa
1118 3621 1424 3685 susceptus
1449 3622 1536 3671 est
1557 3615 1828 3687 magnili-

173 3708 385 3764 centia.
420 3706 593 3762 Porro
615 3705 797 3763 semel
827 3712 883 3762 et
912 3708 1169 3761 secundo
1227 3724 1292 3762 eo
1324 3706 1378 3761 in
1413 3706 1826 3762 consistorium

174 3793 465 3865 ingresso,
518 3799 753 3864 sumpta
818 3793 1269 3865 opportunitate,
1327 3795 1455 3862 cjus
1511 3778 1827 3850 adversarii

176 3881 946 3954 prodeuntinpublicum3et
975 3882 1187 3937 oblatis
1206 3881 1418 3937 libellis
1432 3884 1824 3939 accusatoriis’

174 3971 362 4043 parati
393 3980 576 4036 erant,
608 3986 741 4026 cum
778 3972 934 4026 omni
956 3971 1108 4034 juris
1141 3972 1535 4035 solemnitate,
1560 3973 1630 4026 ad
1661 3989 1831 4028 accu-

174 4061 429 4115 sandum
490 4063 818 4131 procedere.
846 4063 1049 4118 Verum
1109 4078 1466 4132 cognoscens
1516 4065 1638 4115 tota
1669 4060 1830 4116 curia

177 4150 335 4219 quod
365 4151 466 4224 qui
520 4150 588 4204 ad
650 4153 1047 4206 accusandum
1100 4149 1457 4221 prodierant,
1511 4165 1626 4204 non
1667 4155 1832 4206 erant

175 4245 427 4294 catenus
456 4238 752 4302 instructi,
786 4247 848 4294 ut
878 4241 1113 4295 domino
1147 4256 1303 4310 papae
1333 4245 1388 4295 et
1419 4241 1544 4311 ejus
1576 4256 1827 4296 assesso·

176 4326 343 4382 ribus
375 4326 605 4396 plenam
636 4329 704 4381 de
760 4327 1001 4397 objectis
1033 4333 1269 4399 possent
1312 4328 1391 4384 ihi
1424 4330 1594 4385 iidem
1621 4330 1827 4398 facere,

176 4416 542 4476 sizuiflcaiur
580 4416 861 4471 ambabus
903 4416 1188 4487 partibuS,
1222 4420 1375 4487 quod
1411 4418 1639 4474 interim
1665 4418 1827 4490 quie·

177 4509 368 4573 scant,
397 4520 702 4576 quousque
733 4505 1004 4560 dominus
1057 4522 1204 4575 papa
1246 4505 1497 4577 aliquem
1536 4507 1608 4562 de
1648 4506 1827 4563 latere

178 4609 311 4660 suo,
343 4592 417 4648 ad
445 4602 636 4665 partes
679 4592 891 4662 dirigat
946 4594 1355 4663 Antiochense,
1389 4595 1489 4664 qui
1518 4595 1598 4650 ibi
1631 4594 1827 4652 hahita

175 4681 416 4738 testium
436 4687 493 4737 et
523 4683 1043 4738 instrumentorum
1081 4684 1268 4754 copia,
1300 4686 1371 4739 de
1400 4700 1571 4740 causa
1600 4684 1826 4755 plenius

180 4771 371 4843 possit
412 4786 780 4842 cognoscere.
814 4773 1030 4828 Interea
1089 4773 1375 4844 resignato
1444 4772 1640 4844 pallio,
1672 4774 1825 4846 quod

179 4861 341 4915 idem
373 4859 703 4931 patriarcha
729 4862 800 4916 de
828 4863 995 4915 altari
1026 4860 1400 4917 Antiochensi
1422 4862 1826 4931 Ecclesiae,sua

184 4946 302 5004 sibi
324 4956 647 5020 sumpserat
685 4949 1042 5018 auctoritate,
1073 4949 1134 5004 in
1184 4950 1479 5021 injuriam,
1507 4958 1569 5007 ut
1589 4952 1829 5008 diceba-

182 5043 303 5105 tur,
334 5037 486 5092 sedis
516 5039 872 5109 apostolicae,
904 5044 962 5095 et
981 5039 1374 5095 cardinalibus
1400 5041 1638 5098 tradito:
1669 5039 1826 5096 aliud

181 5126 259 5192 ei,
290 5129 594 5197 sumptum
626 5128 697 5183 de
744 5144 983 5197 corpore
1018 5127 1167 5184 beati
1200 5128 1352 5184 Petri
1375 5143 1532 5185 more
1586 5126 1833 5185 solemni

183 5229 290 5285 per
319 5213 578 5283 priorum
610 5214 990 5272 diaconorum
1013 5217 1279 5272 traditur.
1312 5215 1405 5272 Sic
1426 5216 1624 5287 itaque
1647 5232 1830 5288 mora,

185 5306 470 5372 quantum
530 5304 827 5375 negotium
885 5306 1008 5375 ejus
1040 5306 1340 5361 videbatur
1367 5306 1617 5376 exigere,
1641 5306 1833 5362 Romae

181 5390 407 5456 habita,
439 5406 569 5446 cum
608 5392 967 5464 plenitudine
1015 5395 1235 5465 gratiae,
1268 5395 1428 5449 salva
1457 5400 1649 5450 tamen
1682 5412 1833 5465 quoe-

183 5480 393 5544 stione,
428 5487 668 5552 sumpta
717 5482 969 5547 licentia,
992 5484 1063 5538 ad
1106 5485 1315 5538 ducem
1342 5483 1631 5556 Rogerum
1659 5484 1718 5539 in
1750 5485 1837 5541 Si-

181 5569 379 5628 ciliam
408 5585 674 5633 reversus
703 5584 787 5630 est
818 5593 832 5644 ;
865 5575 966 5648 qui
998 5576 1339 5632 redeuntem
1368 5575 1684 5634 honorilice
1705 5591 1836 5634 sus-

1937 3173 2209 3243 Princeps
2263 3185 2406 3226 sane
2463 3169 2637 3224 solito
2690 3166 2943 3238 amplius
2981 3169 3038 3222 et
3066 3164 3434 3219 manifestius
3465 3160 3584 3232 ipsi

1931 3262 2262 3332 oppositum
2295 3275 2357 3315 se
2387 3259 2589 3324 dahat3
2615 3262 2850 3312 auxerat
2869 3255 3026 3311 enim
3057 3253 3258 3310 odium
3289 3260 3344 3308 et
3366 3251 3587 3320 maiora

1935 3352 2175 3407 dederat
2233 3349 2506 3405 incendia
2559 3345 2851 3411 Arnulfus,
2885 3344 2982 3416 qui
3040 3344 3111 3399 de
3163 3341 3364 3398 Sicilia
3392 3339 3582 3397 eidem

1935 3440 2183 3511 principi
2213 3438 2545 3510 scripserat,
2568 3437 2715 3507 quod
2746 3434 2901 3490 idem
2926 3433 3254 3505 patriarcha
3273 3446 3404 3488 cum
3435 3431 3586 3487 duce

1935 3531 2179 3601 Rogero,
2201 3529 2331 3599 ejus
2388 3525 2622 3592 oemulo,
2652 3532 2853 3581 contra
2888 3538 3020 3577 eum
3052 3522 3238 3593 pactis
3258 3519 3583 3577 secretiori-

1936 3620 2046 3676 bus
2071 3620 2445 3682 convenerat3
2477 3617 2534 3667 et
2565 3613 2622 3667 in
2663 3615 3071 3682 argumentum
3105 3607 3443 3664 assertionis
3463 3621 3583 3663 σου

1938 3706 2348 3781 praetendebat,
2380 3701 2537 3774 quod
2584 3716 2714 3756 eum
2758 3715 2858 3769 per
2910 3697 3165 3753 Siciliam
3221 3696 3584 3763 redeuntem,

1942 3795 2280 3852 muneribus
2319 3798 2375 3847 et
2414 3789 2598 3846 multa
2654 3790 3008 3860 praevenerat
3038 3783 3502 3848 honorificentia,
3529 3788 3588 3839 et
3693 3853 3700 3860 .

1939 3885 2135 3957 galeas
2163 3882 2237 3937 ad
2266 3881 2370 3936 iter
2418 3879 2741 3936 contulerat
2787 3875 3179 3944 necessarias;
3209 3890 3337 3944 quae
3391 3872 3587 3930 omnia

1941 3975 2009 4030 ad
2047 3971 2479 4042 persuasionem
2515 3966 2719 4023 merito
2773 3963 3115 4020 videbantur
3145 3962 3391 4034 operari.
3426 3960 3579 4016 Dum

1939 4064 2138 4134 itaque
2167 4062 2227 4114 in
2261 4058 2399 4114 locis
2425 4055 2714 4129 praedictis
2747 4058 3090 4120 moraretur,
3116 4067 3312 4109 comes
3335 4051 3589 4106 Edessa-

1941 4168 2074 4216 nuS,
2102 4148 2431 4205 Joseelinus
2475 4145 2696 4217 junior,
2766 4148 2891 4197 tum
2940 4141 3073 4197 odio
3123 4140 3424 4213 principis,
3453 4143 3584 4195 tum

1940 4241 2131 4296 favore
2164 4235 2527 4308 patriarchis,
2560 4249 2718 4301 eum,
2748 4230 2947 4287 missis
2986 4231 3057 4285 ad
3110 4230 3218 4285 hoc
3260 4226 3588 4296 specialiter

1941 4328 2189 4393 nuntiis,
2220 4331 2284 4381 ut
2313 4326 2372 4380 in
2403 4329 2619 4379 terram
2652 4338 2816 4378 suam
2868 4336 3072 4376 secure
3119 4323 3179 4375 et
3222 4317 3584 4374 confidenter

1940 4434 2073 4474 cum
2106 4416 2263 4472 omni
2297 4430 2402 4470 suo
2432 4412 2747 4469 descendat
2792 4410 3085 4477 comitatu,
3116 4408 3424 4479 diligenter
3442 4404 3589 4463 invi-

1936 4514 2036 4564 tat.
2070 4505 2363 4561 Favebant
2414 4502 2573 4558 enim
2631 4500 2904 4573 praedicto
2935 4498 3274 4571 patriarcha!
3304 4493 3465 4550 illius
3497 4509 3584 4549 re-

1935 4597 2126 4670 gionis
2156 4594 2433 4666 episcopi,
2465 4596 2523 4647 et
2577 4596 2854 4662 tanquam
2911 4589 3215 4644 dominum
3273 4588 3330 4640 et
3357 4587 3581 4654 patrem

1937 4688 2140 4742 devote
2168 4682 2592 4739 venerabantur
2616 4680 2978 4735 :Edessanus
3006 4671 3273 4729 videlicet
3295 4668 3583 4726 Coricien-

1938 4776 2019 4832 sis
2050 4780 2109 4829 et
2157 4770 2623 4842 Hierapolitanos
2662 4764 3107 4837 archiepiscopi.
3161 4760 3402 4816 Illorum
3442 4771 3579 4828 ergo

1937 4863 2234 4920 vocatione
2281 4865 2525 4924 tractus,
2582 4858 2652 4912 ad
2716 4871 2815 4911 eos
2881 4851 3203 4916 descendit,
3268 4846 3583 4904 honorifice
3667 4915 3680 4922 -

1939 4952 2117 5008 nimis
2175 4951 2249 5007 ab
2306 4947 2583 5005 omnibus
2630 4945 2791 5001 illius
2841 4942 3091 5014 regionis
3122 4943 3405 4994 tractatus
3434 4951 3581 5008 pro-

1940 5042 2109 5110 latis3
2144 5040 2245 5096 sed
2304 5042 2363 5094 et
2416 5052 2610 5092 comes
2659 5034 2826 5105 juxta
2859 5033 2915 5086 id
2958 5031 3114 5103 quod
3145 5029 3198 5085 ei
3223 5026 3585 5100 promiserat,

1941 5129 2361 5187 humanissime
2381 5133 2435 5183 et
2481 5124 2687 5182 devote
2730 5121 2986 5177 multum
3031 5119 3161 5191 ejus
3189 5115 3446 5186 suscepit
3476 5113 3588 5168 ad-

1941 5223 2203 5288 ventum,
2221 5223 2281 5276 et
2300 5230 2526 5272 moram
2548 5216 2848 5285 gratanter
2864 5209 3169 5282 amplexus
3181 5213 3289 5262 est.
3312 5203 3588 5273 Princeps

1940 5324 2096 5375 vero,
2171 5305 2436 5377 pecunia,
2485 5307 2551 5358 ut
2605 5302 2838 5369 dicitur,
2888 5299 3242 5369 redemptus,
3302 5306 3422 5360 ore,
3468 5303 3589 5346 non

1943 5397 2329 5462 corale,eidem
2358 5394 2607 5466 gratiam
2630 5406 2819 5457 suam,
2843 5385 3343 5459 perquorumdam
3376 5379 3592 5436 utrius-

1943 5502 2056 5560 que
2088 5486 2464 5541 familiarium
2514 5481 3012 5543 interventionem,
3044 5474 3319 5536 restituit,
3349 5477 3407 5528 et
3438 5485 3559 5525 nun

1945 5578 2062 5634 tios
2089 5575 2344 5648 dirigens
2372 5574 2446 5631 ad
2474 5573 2806 5646 ingressum
2836 5568 3084 5627 civitatis
3128 5571 3189 5622 et
3226 5561 3475 5621 reditum
3513 5559 3587 5616 ad
