3784 6000
266 222 387 285 ‘143

1354 216 1783 286 GUILLELm
1827 221 2215 284 TYRENSIS
2255 220 2622 284 attumne.

3565 230 3703 287 ‘tu

275 357 651 415 decessorum
685 369 925 414 suorum
956 352 1213 424 vestigiis
1239 351 1554 421 inhaerens,
1585 368 1782 411 eorum
1817 369 1926 410 an·
1955 359 2010 427 A
2041 352 2282 426 politani
2303 366 2585 423 sororem,
2611 352 2853 410 domino
2873 370 2982 411 suo
3004 355 3402 428 suscipientia
3425 372 3689 417 uxorem.

277 446 590 504 xletatibus
619 444 1010 517 compatiens,
1043 442 1302 498 laborem
1333 442 1573 499 devotus
1621 442 1929 516 amplecti-

279 543 413 609 tur;
444 543 500 596 et
520 542 827 609 assumpta
857 552 1055 592 secum
1088 534 1332 591 honesta
1362 534 1592 605 militia,
1625 536 1695 591 ad
1730 540 1925 608 partes

285 627 562 685 accelerat
612 625 1027 691 Antiochenas,
1058 622 1159 679 ubi
1218 639 1351 679 cum
1409 624 1566 680 omni
1627 624 1839 696 gaudio
1868 626 1927 680 et

283 716 616 772 animorum
651 712 1060 781 exsultatione,
1091 712 1221 784 ejus
1278 729 1314 768 a
1370 712 1630 784 patribus
1669 715 1727 769 et
1758 710 1925 785 plebe

276 809 581 875 susceptus
627 808 718 860 est
748 803 1051 859 adventus.
1112 800 1391 858 Residens
1420 816 1557 874 ergo
1613 801 1676 858 in
1723 802 1924 858 eadem

276 893 509 950 civitate
530 897 816 966 quantum
834 889 1117 964 temporis
1137 894 1194 948 et
1222 889 1333 947 loci
1362 890 1712 962 deposcebat
1731 906 1927 948 neces·

278 982 444 1055 sitas,
494 982 744 1055 negotiis
792 980 1153 1053 principatus
1203 986 1478 1051 tanquam
1523 980 1647 1037 suis
1678 978 1925 1052 propriis

276 1070 713 1128 exactissimam
739 1069 977 1126 adhibet
997 1068 1358 1141 diligentiam
1385 1083 1401 1136 ;
1432 1072 1491 1125 et
1520 1068 1770 1142 regionis
1789 1084 1925 1140 pro·

278 1159 573 1218 curatione
629 1158 869 1218 domino
929 1157 1273 1230 patriarchas
1330 1159 1401 1214 ad
1446 1161 1703 1231 tempus,
1735 1173 1925 1230 usque

274 1248 416 1305 dum
448 1248 647 1305 redeat
695 1247 1026 1315 commissa,
1063 1246 1435 1318 honestisque
1464 1245 1800 1320 sumptibus
1827 1248 1926 1304 do-

272 1337 447 1394 minas
476 1335 839 1409 principissae
868 1334 1227 1403 constitutis,
1261 1351 1450 1391 rerum
1474 1335 1924 1393 domesticarum

276 1425 673 1484 sollicitudine
725 1428 1053 1494 revocatus,
1103 1439 1372 1482 reversus
1418 1430 1507 1482 est
1563 1425 1633 1481 ad
1669 1425 1922 1499 propria.

277 1512 454 1572 Porro
484 1514 726 1571 domino
756 1529 886 1587 rege
909 1515 967 1570 in
1000 1528 1245 1587 regnum
1276 1529 1522 1585 reverso,
1544 1529 1676 1572 ecce
1707 1516 1926 1572 adsunt

275 1603 878 1676 dominiimperaloris
896 1602 1545 1675 constantinopolitani,
1566 1603 1673 1660 viri
1695 1609 1924 1676 specta-

271 1693 511 1760 biles,et
533 1693 592 1747 in
616 1708 781 1748 sacro
805 1690 1018 1763 palatio
1043 1689 1327 1762 praeclari,
1360 1691 1533 1764 legati
1567 1691 1923 1764 imperiales,

271 1782 490 1839 litteras
522 1797 657 1838 cum
693 1796 869 1838 aurea
900 1779 1080 1850 bulla,
1113 1779 1290 1836 simul
1312 1784 1370 1837 et
1414 1780 1588 1837 verba
1616 1782 1928 1839 secretiora

156 1932 175 1943 ,
270 1870 343 1927 ud
374 1869 677 1926 dominum
720 1884 911 1940 regem
945 1869 1293 1925 deferentes.
1328 1868 1547 1926 Horum
1578 1874 1773 1927 autem
1807 1869 1926 1943 pri-

271 1957 666 2026 muserat,vir
683 1956 934 2014 illustris
956 1957 1515 2030 Gundostephanus,
1539 1959 1800 2031 ejusdem
1826 1959 1925 2017 do-

272 2046 417 2105 mini
472 2048 837 2120 imperatoris
896 2047 1361 2120 consanguineus
1402 2065 1416 2105 :
1451 2050 1746 2105 secundus
1802 2056 1924 2106 erat

275 2137 567 2195 maximus
583 2135 972 2208 palatinorum
996 2136 1401 2208 interpretum,
1426 2137 1730 2207 Triiflllus,
1746 2138 1921 2195 homo

272 2228 432 2284 vafer
454 2230 514 2284 et
533 2243 636 2299 pro
667 2224 912 2296 negotiis
932 2225 1336 2297 imperialibus
1377 2225 1547 2284 valde
1584 2226 1871 2284 sollicitus
1902 2243 1919 2297 3

273 2317 398 2390 qui,
423 2320 489 2373 ut
519 2314 918 2388 praediximus,
943 2331 1138 2372 sacros
1170 2316 1364 2388 apices
1391 2316 1746 2387 detulerunt,
1779 2332 1920 2389 quo·

264 2421 399 2462 rum
426 2409 598 2462 tenor
625 2408 768 2472 erat,
803 2410 868 2458 ut
897 2404 955 2461 in
987 2420 1220 2461 summa
1253 2405 1498 2474 dicatur,
1530 2404 1664 2462 talis
1699 2423 1712 2462 ε
1745 2405 1921 2463 Nove-

264 2496 368 2560 ris,
399 2493 556 2550 nobis
582 2491 944 2550 dilectissime
971 2498 1023 2549 et
1051 2495 1285 2566 imperio
1309 2503 1490 2551 nostro
1521 2497 1916 2566 acceptissime,

265 2581 406 2654 quod
435 2580 582 2655 [elix
608 2585 665 2636 et
691 2580 921 2653 inclytae
939 2583 1001 2637 in
1023 2582 1253 2639 Domino
1273 2584 1673 2640 recordationis
1695 2585 1914 2656 Hirene,

263 2673 414 2728 sacri
444 2670 664 2743 imperii
691 2672 870 2726 nostri
897 2686 1133 2740 consors,
1155 2672 1301 2728 diem
1327 2674 1460 2730 vitae
1485 2671 1695 2729 clausit
1724 2679 1915 2731 extre-

265 2776 439 2828 mum,
486 2760 673 2816 electis
713 2759 994 2831 spiritibus
1037 2761 1321 2828 socianda,
1370 2763 1538 2818 unica
1583 2763 1740 2818 nobis
1794 2764 1916 2834 filia

261 2850 567 2906 communis
599 2849 824 2920 imperii
852 2848 1072 2906 liaerede
1106 2851 1320 2906 relicta.
1351 2853 1461 2907 Nos
1486 2861 1670 2908 autem
1707 2853 1773 2908 de
1800 2854 1917 2909 im·-

253 2939 403 3011 pcrii
445 2937 785 2994 successione
829 2936 1058 2995 solliciti
1100 2948 1153 2997 et
1185 2938 1436 2996 melioris
1481 2956 1644 2997 sexus
1680 2941 1915 2999 sobolem

252 3045 366 3083 non
411 3027 688 3096 habentes,
721 3028 785 3084 de
821 3028 1079 3086 secundis
1108 3030 1249 3086 votis
1277 3047 1402 3087 cum
1429 3030 1744 3089 illustribus
1771 3036 1916 3090 sacri

2034 442 2128 499 Illi
2157 458 2290 500 vero
2318 459 2457 501 cum
2487 458 2719 500 summa
2769 444 3091 501 reverentia
3130 445 3353 503 domini
3374 447 3532 520 regis
3562 463 3691 504 am-

2035 533 2350 606 plectentes
2379 533 2640 600 verbum,
2675 533 3069 606 praestiterunt
3106 550 3410 592 assensum
3436 553 3453 604 ;
3484 542 3692 594 conte-

2034 627 2253 678 stantes
2282 627 2478 679 tamen
2510 622 2665 694 quod
2698 621 2811 678 hoc
2837 622 3031 694 ipsum
3073 623 3309 680 domino
3343 624 3688 698 imperatori

2036 726 2140 782 per
2168 710 2402 766 nuntios
2434 714 2492 766 et
2518 709 2748 767 litteras
2769 709 3083 782 significari
3114 716 3421 782 oporteret.
3456 712 3688 785 Praepa·

2035 808 2240 855 rantur
2295 799 2515 855 interea
2561 798 2769 872 virgini
2816 802 2981 856 tauto
3020 797 3265 855 culmini
3294 800 3622 870 destinata»,
3657 819 3689 858 a

2033 893 2218 944 matre
2249 893 2306 944 et
2330 888 2535 957 amita,
2558 888 2730 944 fratre
2785 894 2846 945 et
2878 887 3085 945 amicis
3115 887 3407 958 omnibus,
3439 889 3690 946 immen-

2032 992 2234 1034 sorum
2257 979 2603 1051 sumptuum
2626 981 2991 1046 ornamenta,
3007 975 3323 1034 atmodum
3338 978 3685 1048 nescientia,

2033 1080 2213 1138 supra
2242 1066 2396 1123 vires
2417 1064 2608 1138 regias
2632 1083 2648 1135 ;
2673 1064 3013 1136 murenula,
3043 1065 3298 1135 inaures,
3318 1065 3612 1139 spinteres
3633 1071 3691 1123 et

2032 1154 2414 1228 periscelidae,
2438 1154 2663 1226 annuli,
2694 1157 2932 1228 torques
2961 1157 3020 1211 et
3049 1170 3274 1211 coronas
3299 1168 3369 1211 ex
3396 1171 3542 1213 auro
3575 1172 3689 1228 pu-

2033 1242 2309 1313 rissim03
2344 1261 2481 1301 vasa
2504 1259 2733 1316 quoque
2762 1248 3052 1314 argentea,
3084 1242 3359 1300 immensi
3406 1243 3690 1316 ponderis

2032 1337 2091 1389 et
2120 1333 2540 1403 magnitudinis
2562 1353 2578 1403 ς
2603 1332 2877 1389 inauditas
2907 1332 2979 1389 ad
3011 1348 3186 1388 usum
3210 1332 3497 1405 coquina,
3517 1348 3692 1391 esca·

2033 1437 2160 1478 rum
2202 1427 2258 1479 et
2280 1428 2547 1495 potuum,
2578 1426 2636 1478 et
2663 1421 3027 1479 lavacrorum
3065 1420 3414 1494 obsequium
3455 1439 3688 1496 praepa·

2033 1516 2259 1582 rantur,
2289 1513 2545 1583 exceptis
2579 1511 2778 1580 irenis,
2811 1509 2997 1582 sellis,
3028 1515 3086 1567 et
3124 1514 3188 1567 ut
3228 1511 3481 1568 breviter
3519 1513 3689 1570 dica-

2032 1606 2131 1659 tur
2148 1601 2487 1659 omnimoda
2515 1599 2911 1673 supellectile3
2946 1616 3074 1673 quas
3096 1600 3293 1656 omnia
3323 1607 3444 1657 tam
3474 1600 3690 1658 influi-

2033 1691 2109 1747 tis
2143 1690 2611 1762 praeparabantur
2637 1690 3021 1762 impensis,et
3049 1694 3209 1745 tanto
3239 1689 3436 1745 studio
3469 1705 3681 1763 procu-

2033 1781 2332 1849 rabantur,
2366 1785 2430 1837 ut
2453 1781 2579 1854 ipsa
2609 1779 2780 1836 etiam
2834 1795 3008 1850 opera
3066 1795 3237 1835 suum
3297 1780 3687 1852 praedicarent

2033 1887 2329 1928 excessum
2361 1876 2418 1928 et
2453 1874 2677 1944 regium
2731 1870 2933 1926 luxum
2985 1870 3153 1926 facile
3182 1878 3547 1942 superarent.
3583 1872 3687 1927 In-

2031 1966 2208 2031 terea,
2238 1962 2377 2017 dum
2408 1958 2838 2032 Graecisingula
2856 1959 2929 2015 ad
2963 1973 3219 2032 unguem
3235 1963 3685 2029 perscrutantur

2031 2057 2090 2109 et
2118 2052 2406 2109 rimantur
2434 2049 2679 2106 interius
2718 2049 2789 2105 de
2837 2048 3099 2104 moribus
3135 2046 3361 2120 puellas,
3392 2048 3464 2105 de
3484 2047 3686 2105 occul·

2028 2145 2220 2198 tarum
2252 2140 2512 2212 corporis
2543 2138 2795 2210 partium
2844 2137 3217 2209 dispoitione,
3250 2138 3389 2193 dum
3434 2139 3681 2195 nuntios

2030 2230 2358 2301 frequentes
2379 2228 2449 2284 ad
2482 2228 2891 2299 imperatorem
2931 2224 3195 2298 dirigunt
3210 2229 3268 2282 et
3295 2241 3500 2283 eorum
3531 2244 3678 2296 praa·

2029 2319 2319 2376 stolantur
2347 2333 2668 2384 recursum,
2701 2332 2891 2372 annus
2921 2314 3348 2387 effluxitzquod
3371 2314 3542 2371 valde
3557 2332 3678 2372 mo-

2029 2410 2172 2467 leste
2201 2409 2451 2464 ferentes
2484 2415 2598 2463 tam
2629 2406 2903 2463 dominns
2925 2421 3028 2461 rex
3045 2409 3104 2461 et
3131 2421 3359 2472 omnes,
3384 2420 3564 2477 quam
3591 2423 3676 2461 re-

2029 2498 2174 2571 liqui
2207 2498 2470 2570 ejusdem
2504 2495 2745 2566 virginis
2766 2495 2995 2568 cognati
3029 2499 3087 2551 et
3115 2494 3308 2563 amici,
3341 2494 3677 2566 imperiales

2025 2587 2264 2644 nuntios
2291 2583 2522 2658 publice
2550 2585 2928 2652 conveniunt,
2955 2582 3303 2639 alterutrum
3334 2584 3517 2639 duum
3551 2599 3681 2656 pro-

2026 2680 2330 2747 ponentes.
2355 2672 2427 2729 Ut
2456 2680 2555 2729 aut
2586 2673 2825 2745 precise
2855 2689 2891 2728 a
2918 2672 3093 2728 verbo
3122 2670 3223 2726 diu
3253 2671 3489 2727 tractati
3516 2672 3673 2726 desi-

2023 2768 2169 2820 nant
2199 2763 2577 2823 matrimonii.
2597 2766 2654 2818 et
2684 2777 2970 2834 expensas
3000 2761 3322 2815 resarciant
3348 2776 3364 2825 ς
3396 2764 3499 2814 aut
3532 2758 3679 2815 desi·

2025 2859 2475 2910 nantmorarum
2495 2850 3246 2924 perplexitatesinlexere,et
3269 2859 3676 2905 consummato

2022 2943 2253 3016 negotio
2260 2943 2420 3013 juxta
2434 2939 2844 2997 conventiones
2859 2941 3035 2995 initas
3048 2939 3222 2993 finem
3238 2937 3676 3010 imponant-Co·

2024 3048 2146 3089 mes
2164 3035 2360 3088 autem
2376 3030 2805 3103 multiplicibus
2818 3027 3522 3100 gravabaturimpendiis3
3541 3042 3675 3083 nam

250 3116 451 3190 palatii
486 3117 811 3189 diliyentem
844 3119 1053 3189 saepius
1081 3117 1373 3175 habuimus
1401 3123 1723 3177 tractatum.
1771 3123 1912 3177 Tan·
1946 3102 1989 3169 C
2027 3126 2085 3176 et
2113 3120 2418 3177 duodecim
2452 3117 2645 3190 galeas
2702 3117 2824 3173 lieri
2850 3119 3129 3187 Jusserat,
3159 3120 3217 3172 et
3244 3129 3343 3171 eas
3373 3114 3673 3171 instruxe-

256 3207 377 3262 dem
414 3206 480 3263 de
524 3208 909 3262 universorum
955 3210 1274 3279 principum
1316 3211 1511 3280 [avare
1554 3214 1606 3267 et
1651 3225 1918 3267 consensu

252 3295 486 3368 placuit,
535 3302 598 3351 ut
643 3294 708 3352 de
734 3296 1011 3365 sanquine
1040 3305 1152 3366 tuo,
1198 3313 1357 3371 quem
1394 3300 1555 3356 unice
1600 3298 1914 3371 diliqitno-

255 3390 443 3441 strum
470 3383 790 3456 imperium,
830 3386 987 3441 nobis
1015 3388 1072 3441 in
1114 3389 1456 3443 consortium
1477 3388 1783 3460 Junoamus
1810 3390 1915 3444 im-

248 3474 439 3548 perii:
469 3478 522 3531 et
549 3480 739 3530 utram
778 3476 1232 3532 consobrinarum
1259 3479 1484 3533 tuarum
1527 3494 1622 3534 seu
1668 3476 1913 3535 illuslris

253 3564 363 3621 viri
398 3564 616 3621 comitis
665 3563 987 3636 Tripolitani
1023 3581 1285 3634 sororem,
1331 3582 1428 3624 seu
1476 3566 1755 3640 magnifici
1800 3569 1913 3625 viri

244 3653 516 3726 principis
542 3652 872 3710 Antiocheni
885 3669 1211 3727 germanam
1233 3657 1524 3726 juniorem
1548 3655 1704 3712 nobis
1733 3658 1911 3727 eleae-

246 3745 346 3814 ris,
374 3758 475 3799 nos
498 3757 598 3814 pro
629 3748 727 3799 tua
753 3745 994 3815 optione,
1014 3744 1328 3802 sinceritati
1354 3755 1468 3804 tuae
1515 3762 1730 3803 omnem
1743 3745 1909 3819 fidem

249 3832 530 3903 babentes,
560 3848 685 3891 eam
712 3834 867 3892 nobis
905 3835 964 3889 in
1013 3838 1125 3892 tori
1149 3838 1358 3893 sociam
1396 3845 1446 3893 et
1472 3835 1697 3909 imperii
1723 3838 1909 3909 parti·

249 3926 448 3995 cipem,
478 3931 705 3980 auctore
732 3924 981 3991 Domino,
1011 3940 1370 3983 assumemus.

322 4012 563 4085 Cognita
590 4028 727 4085 ergo
759 4030 861 4069 rex
882 4014 1106 4071 domini
1122 4015 1515 4089 imperatoris,
1534 4020 1658 4073 tum
1680 4033 1750 4073 ex
1770 4018 1905 4090 ejus

242 4100 477 4171 litteris,
506 4105 632 4158 tum
678 4118 751 4159 ex
802 4103 1140 4161 nuntiorum
1189 4106 1319 4162 viva
1361 4122 1518 4174 voce,
1552 4106 1890 4181 intentione,

249 4190 496 4261 spondet
553 4190 925 4263 obsequium,
977 4208 1211 4264 operam
1253 4196 1567 4267 promittit,
1598 4199 1656 4253 et
1680 4197 1902 4269 gratias

254 4280 608 4350 multiplices
639 4280 1027 4354 imperatorie
1059 4283 1233 4340 solvit
1264 4286 1575 4357 majestati,
1607 4291 1733 4343 tum
1764 4287 1904 4359 quia

244 4369 316 4424 de
347 4367 634 4440 sanguine
663 4369 793 4439 ejus
824 4371 883 4426 in
915 4374 1142 4428 tantam
1176 4373 1560 4431 eminentiam
1592 4376 1703 4433 sibi
1734 4392 1899 4433 asso-

2026 3217 2116 3266 rat
2146 3211 2410 3281 usquead
2427 3208 2682 3282 plenum,
2707 3207 3189 3280 quibussororem
3205 3204 3476 3276 usquead
3496 3206 3672 3259 mari·

2024 3302 2149 3355 tum
2182 3297 2812 3370 prosequidecreverat,
2826 3301 3006 3351 ettam
3032 3295 3104 3350 de
3134 3292 3467 3365 principatu
3493 3309 3669 3365 quam

2022 3387 2094 3444 de
2126 3403 2305 3460 regno
2360 3402 2565 3443 omnes
2597 3386 2855 3457 majores
2885 3384 3040 3455 apud
3070 3380 3345 3455 Tripolim
3371 3397 3664 3439 convene-

2022 3484 2174 3549 rant,
2206 3482 2603 3551 exspectantes
2660 3474 2938 3544 dominas,
2971 3474 3030 3530 in
3089 3471 3354 3546 proximo
3396 3472 3665 3527 futurum

2018 3568 2234 3625 exitum
2264 3586 2281 3639 ;
2313 3567 2524 3638 quibus
2554 3580 2749 3621 comes
2777 3580 2844 3620 ex
2875 3567 3016 3630 tolo,
3046 3566 3147 3618 aut
3178 3577 3250 3618 ex
3278 3565 3441 3634 parte
3484 3560 3668 3634 pluri·

2019 3673 2137 3727 ma,
2170 3657 2509 3729 providebat
2537 3653 2883 3711 necessaria.
2925 3651 3105 3708 Graeci
3138 3660 3329 3708 autem
3367 3666 3526 3706 more
3558 3665 3664 3706 suo

2016 3749 2480 3823 amphibologice
2501 3748 3076 3818 respondentes,rem
3108 3745 3297 3801 adhuc
3326 3743 3665 3817 protrahere

2016 3840 2392 3908 nitebantur;
2424 3854 2629 3894 verum
2659 3836 2937 3894 dominus
2965 3852 3064 3893 rex
3092 3850 3291 3892 eorum
3325 3833 3667 3906 sophisticis

2014 3946 2328 3989 occurrens
2384 3927 2808 3996 moliminibus,
2840 3926 3153 4000 specialem
3182 3939 3360 3996 super
3385 3940 3452 3980 eo
3483 3939 3664 3997 nego-

2011 4021 2115 4088 tio,
2142 4019 2216 4077 ad
2246 4018 2550 4076 dominum
2582 4018 3018 4091 imperatorem,
3058 4014 3358 4072 dominum
3390 4016 3657 4071 ottonem

2011 4110 2083 4167 de
2113 4109 2412 4182 Risbergis
2442 4107 2644 4179 dirigit
2671 4106 2967 4178 nuntium,
2998 4104 3208 4161 obnixe
3247 4101 3555 4175 postulans
3596 4105 3663 4158 ut

2009 4198 2066 4257 ei
2095 4216 2197 4273 per
2225 4199 2489 4255 eumdem
2513 4198 2870 4254 voluntatem
2900 4210 3066 4251 suam
3098 4192 3331 4267 praecise
3361 4191 3659 4260 declaret;

2010 4290 2109 4363 qui
2142 4291 2370 4361 sperato
2400 4287 2571 4343 citius
2626 4286 2699 4342 ad
2758 4285 3063 4340 dominum
3095 4298 3285 4352 regem
3319 4280 3577 4349 rediens,
3606 4288 3662 4336 et

2005 4378 2131 4436 viva
2161 4394 2297 4435 voce
2326 4381 2385 4434 et
2412 4376 2621 4432 litteris
2652 4373 2859 4432 edocet
2887 4373 3125 4429 domino
3157 4369 3495 4441 imperatori
3525 4385 3656 4441 quoe

247 4456 396 4513 ciere
428 4458 731 4528 proposuit
755 4477 769 4528 ;
805 4463 927 4515 tuin
953 4461 1094 4532 quia
1119 4462 1245 4533 ejus
1267 4464 1436 4520 iidem
1460 4463 1898 4528 commendans,
1931 4481 1979 4548 Β
2007 4470 2254 4525 tractata
2281 4471 2468 4533 erant,
2489 4467 2560 4523 de
2591 4465 2865 4538 praedicto
2888 4461 3281 4528 matrimonio,
3306 4458 3507 4516 omnia
3537 4458 3658 4514 dis-

246 4542 303 4600 in
339 4543 465 4616 cjus
495 4543 660 4617 ponit
691 4547 956 4615 arbitrio,
988 4552 1179 4605 utram
1202 4549 1326 4621 ipse
1354 4551 1651 4623 delegerit,
1680 4568 1808 4610 eam
1835 4553 1895 4611 in
2005 4558 2220 4632 plicere
2252 4573 2267 4613 :
2295 4557 2448 4631 quod
2479 4554 2813 4627 intelligens
2844 4569 2961 4621 rex,
3002 4569 3035 4608 a
3062 4551 3235 4608 verbo
3265 4547 3514 4617 destitit,
3550 4564 3653 4621 pro

243 4634 354 4691 tori
369 4633 709 4707 participem
723 4644 778 4693 et
802 4636 1031 4709 imperii
1060 4646 1387 4697 consortem
1420 4646 1887 4715 assumpturum.

826 4745 1055 4805 CAPUT
1103 4747 1300 4805 xxxl.

237 4853 352 4910 Rex
377 4869 616 4910 sororem
661 4857 874 4912 comitis
919 4857 1261 4929 Tripolitani,
1302 4859 1577 4930 virqinem
1613 4859 1886 4918 illustrem

307 4923 638 4981 milisendem
682 4929 925 4997 nomine,
955 4928 1009 4984 ei
1054 4930 1322 4999 deputat;
1367 4932 1458 4988 sed
1506 4943 1626 5002 post
1671 4950 1884 4990 annum

310 5011 433 5052 eam
470 4996 726 5079 repudiat
747 5000 1069 5072 imperator,
1100 5011 1152 5058 et
1180 5017 1409 5060 uxorem
1451 5002 1601 5061 ducit
1629 5005 1881 5076 Uariam,

307 5069 576 5139 principis
608 5069 907 5127 Raimundi
923 5071 1124 5143 filiam.

311 5176 430 5233 Rex
458 5193 595 5249 ergo
624 5177 821 5236 habita
852 5180 1267 5240 deliberatione
1287 5200 1419 5240 cum
1443 5184 1566 5242 suis
1589 5184 1885 5242 familiari·

236 5264 369 5334 bus,
401 5268 542 5340 quid
576 5267 688 5323 sibi
721 5273 778 5325 et
807 5269 1094 5343 imperiali
1126 5272 1483 5342 celsitudini,
1516 5273 1573 5330 in
1608 5274 1883 5347 praesenti

238 5355 389 5413 facto
410 5355 600 5431 magis
621 5359 945 5428 conveniat,
969 5362 1713 5435 convocatisimperialibus
1736 5379 1884 5421 nuu-

233 5441 328 5498 tiis
382 5447 711 5517 persuadet,
744 5453 805 5506 et
850 5450 1136 5524 praecipit,
1167 5459 1453 5526 quatenus
1515 5453 1880 5512 milisendem

1999 4648 2188 4706 multa
2226 4647 2448 4706 ducens
2475 4644 2819 4720 ignominia,
2851 4643 3009 4716 quod
3042 4642 3098 4699 id
3121 4641 3277 4715 quod
3301 4640 3432 4711 ejus
3464 4637 3653 4694 inter-

1995 4743 2171 4796 ventu
2201 4737 2544 4795 credebatur
2597 4751 2725 4792 esse
2781 4737 3095 4790 tractatum
3145 4737 3202 4788 et
3230 4728 3494 4801 partibus
3525 4727 3648 4784 suis

1994 4827 2354 4893 absolutum,
2386 4828 2444 4882 in
2501 4824 2730 4881 irritum
2761 4820 3123 4888 devenisset;
3151 4826 3205 4876 et
3235 4815 3436 4891 procul
3467 4814 3650 4872 dubio

1993 4916 2054 4973 in
2086 4932 2256 4973 suam
2289 4914 2590 4971 videbatur
2620 4913 2942 4970 redundare
2971 4909 3264 4982 iujuriam.
3323 4905 3501 4963 Porro
3547 4903 3646 4962 do·

1994 5005 2141 5063 mini
2170 5004 2539 5076 imperatoris
2585 5001 2799 5073 nuntii,
2830 5000 3061 5058 comitis
3108 4995 3456 5071 Tripolitani
3487 4993 3642 5051 indi-

1993 5094 2333 5168 gnationem
2356 5094 2758 5159 formidantes,
2790 5091 3028 5147 inventa
3082 5103 3214 5145 casu
3267 5083 3559 5152 navicula,
3585 5082 3646 5139 in

1992 5179 2246 5255 Cyprum
2278 5196 2339 5237 se
2370 5179 2626 5237 iecerunt
2653 5177 2982 5251 deportare.
3031 5173 3232 5232 Soluto
3262 5173 3460 5242 itaque
3491 5173 3647 5227 coetu

1992 5272 2362 5345 optimatum.
2395 5270 2494 5344 qui
2552 5270 2702 5344 apud
2761 5266 3045 5339 Tripolim
3091 5263 3507 5329 convenerant,
3539 5259 3647 5315 do-

1991 5364 2191 5421 minus
2221 5378 2320 5419 rex
2348 5361 2406 5418 in
2436 5365 2629 5433 partes
2658 5358 2901 5416 secessit
2934 5354 3347 5419 Antiochense,
3379 5365 3640 5423 quarum

1991 5468 2212 5522 curam,
2261 5456 2328 5509 ut
2356 5449 2754 5525 pradiximus,
2776 5465 2811 5505 a
2832 5446 3048 5522 populo
3060 5441 3314 5519 regionis
3330 5439 3647 5512 diligenter

234 5530 400 5588 bona
430 5531 644 5592 indolis
693 5536 1189 5613 adolescentulam,
1221 5539 1446 5599 domiui
1491 5543 1715 5602 comitis
1742 5541 1878 5601 'l'ri-
1988 5542 2296 5617 expetitus,
2328 5540 2439 5598 sibi
2496 5541 2939 5613 assumpserat;
2969 5535 3043 5596 ad
3094 5549 3241 5610 quas
3265 5545 3401 5590 cum
3433 5541 3642 5604 perve-
