3784 6000
111 259 234 323 805

707 386 938 444 CAPUT
978 385 1167 444 XXVI.

115 482 406 555 completis
443 477 675 550 neyotiis
711 481 764 534 et
799 478 1122 533 niuneribus
1178 473 1472 545 cumulati,
1512 482 1626 530 tam
1664 488 1764 529 rex

268 569 431 627 quam
454 553 572 623 ejus
589 551 888 623 principes,
908 548 977 606 ad
995 547 1218 620 propria
1243 555 1608 603 revertuntur.

184 663 362 721 Facta
394 663 589 716 autem
622 674 723 730 per
754 656 877 713 dies
908 654 1132 727 aliquot
1160 654 1220 711 in
1251 653 1466 727 palatio
1486 652 1760 709 Constan-

110 753 339 811 tiniano
390 766 574 817 mora,
624 763 801 805 causa
866 746 1209 802 inducendae
1275 743 1590 811 varietatis,
1638 758 1762 814 qum

110 843 364 900 maxime
396 838 547 896 solet
577 839 828 894 relevare
863 836 1185 905 fastidium,
1217 835 1288 890 ad
1323 834 1603 906 palatium
1652 849 1764 889 no—

107 950 272 1002 vum,
316 930 470 1004 quod
503 928 852 985 Blachernas
891 925 1119 994 dicitur,
1150 942 1214 983 se
1244 929 1301 981 et
1328 925 1633 981 dominum
1666 939 1763 979 re-

107 1039 240 1096 gem
258 1017 597 1078 transtulit:
633 1015 729 1072 ubi
760 1015 936 1072 etiam
983 1012 1170 1086 plenis
1201 1012 1590 1070 humanitatis
1619 1011 1765 1085 legi-

110 1112 221 1169 bus
249 1110 405 1166 infra
434 1105 716 1180 palatium
749 1122 923 1162 suum
958 1102 1219 1160 honestis
1250 1100 1621 1159 conclavibus
1661 1100 1761 1157 de·

106 1201 353 1275 putatis,
384 1199 443 1254 in
477 1195 623 1269 ipsis
656 1193 1051 1266 penetralibus
1083 1197 1312 1266 patrum
1343 1206 1608 1257 suorum,
1629 1206 1763 1247 eum

111 1307 216 1365 per
245 1288 371 1346 dies
402 1285 620 1359 aliquot
651 1284 903 1357 benigne
933 1282 1159 1339 habuit.
1192 1282 1301 1338 Sed
1320 1286 1378 1337 et
1400 1280 1526 1338 suis
1547 1279 1760 1336 nibilo-

110 1379 331 1440 minus.
367 1392 482 1433 non
514 1375 683 1445 longe
714 1373 789 1429 ab
819 1372 1021 1428 eodem
1053 1369 1291 1443 palatio,
1313 1369 1562 1426 honesta
1582 1366 1761 1425 simul

109 1475 163 1527 et
198 1465 505 1524 commoda
543 1462 680 1518 fecit
727 1459 986 1532 hospitia
1034 1457 1361 1532 praeparari.
1413 1456 1522 1514 Ubi
1561 1457 1759 1525 etiam,

109 1557 270 1615 sicut
298 1561 353 1610 et
382 1552 566 1624 prius,
597 1551 899 1622 impensas
930 1565 1046 1606 non
1077 1548 1267 1604 solum
1309 1545 1667 1604 necessarias
1706 1550 1763 1602 et

107 1642 507 1716 voluptuarias
538 1639 1045 1714 supereffluentes,
1084 1637 1410 1704 vestiaritae,
1443 1639 1502 1692 et
1548 1635 1603 1691 bi
1631 1635 1761 1707 qui·

107 1735 224 1791 bus
255 1733 309 1789 id
347 1730 525 1787 officii
556 1730 905 1801 deputatum
935 1731 1078 1795 erat,
1112 1726 1414 1797 magnifice
1453 1728 1511 1781 et
1547 1740 1756 1796 super-

109 1822 484 1882 abundanter
514 1834 630 1877 non
652 1820 960 1875 cessabant
983 1815 1445 1873 ministrat-asad
1468 1818 1527 1872 et
1548 1815 1755 1872 urbem

111 1914 314 1977 totam,
346 1912 471 1965 tum
502 1906 772 1974 interius,
805 1910 933 1961 tum
965 1905 1245 1971 exterius,
1276 1902 1452 1960 simul
1491 1908 1549 1960 et
1573 1904 1754 1962 eccle-

111 2001 229 2058 sias
257 2003 314 2055 et
335 1996 711 2065 monasteria,
730 2011 977 2066 quorum
1000 1993 1420 2066 peneinfinitus
1450 1997 1757 2051 estnume-

114 2105 237 2157 rus,
272 2086 577 2144 columnas
609 2084 781 2141 etiam
812 2089 1157 2153 tropaeorum
1188 2087 1550 2155 argumenta,
1584 2100 1755 2140 arcus

115 2193 350 2249 quoque
380 2173 791 2246 triumphales,
822 2173 1169 2229 ducentibus
1196 2188 1326 2229 eum
1360 2173 1591 2245 magnis
1640 2188 1759 2244 pro·

117 2266 346 2322 ceribus
375 2271 430 2321 et
454 2264 713 2320 locorum
745 2262 969 2336 gnaris,
991 2262 1264 2320 dominus
1287 2279 1386 2319 rex
1408 2265 1757 2337 peragravit,

117 2362 176 2414 et
205 2353 571 2428 singulorum
593 2353 878 2410 rationem
898 2356 953 2407 et
975 2367 1213 2408 causam
1237 2351 1543 2424 inquirens
1567 2369 1599 2408 a
1621 2352 1759 2408 viris

119 2443 547 2517 antiquissimis
577 2446 633 2500 et
661 2441 1067 2515 prudentibus,
1096 2441 1328 2515 plenius
1368 2444 1606 2499 edoctus
1654 2445 1759 2499 est.

119 2535 429 2593 Descendit
469 2532 643 2590 etiam
692 2549 795 2605 per
830 2534 1061 2590 eosdem
1106 2531 1229 2588 dies
1275 2531 1429 2588 idem
1488 2531 1761 2589 dominus

117 2642 218 2683 rex
246 2641 350 2697 per
378 2623 761 2695 Bosphorum,
795 2637 982 2693 usque
1010 2621 1083 2677 ad
1117 2621 1266 2678 ostia
1298 2622 1473 2678 maris
1515 2620 1760 2690 Pontici,

117 2714 278 2770 unde
305 2715 396 2769 est
423 2711 694 2768 introitus
723 2713 781 2766 et
800 2709 1035 2766 initium
1049 2708 1228 2781 buJus
1248 2709 1607 2780 influxionis,
1637 2727 1760 2782 quis

120 2800 453 2875 Bosphorus
478 2799 709 2866 dicitur,
743 2799 802 2855 in
833 2814 991 2856 mare
1012 2798 1518 2857 Mediterraneum.
1565 2800 1766 2856 Circu-

118 2892 243 2948 ibat
270 2890 469 2962 itaque
498 2887 625 2946 loca
653 2888 966 2961 incognita,
998 2891 1272 2961 tanquam
1299 2889 1384 2946 vir
1410 2889 1679 2947 curiosus
1708 2893 1768 2946 et

119 2997 322 3042 causas
353 2996 550 3040 rerum
583 2979 733 3038 scire
765 2978 1106 3037 desiderans
1136 2994 1150 3035 t
1186 2978 1399 3053 quibus
1420 2980 1490 3037 ad
1523 2979 1765 3053 plenum

121 3074 391 3149 cognitis,
421 3074 484 3131 in
532 3073 736 3129 urbem
764 3072 1013 3143 rediens,
1069 3072 1279 3130 iterum
1326 3073 1397 3129 ad
1448 3070 1767 3129 familiares

124 3164 349 3223 domini
378 3162 746 3237 imperatoris
776 3162 1020 3219 recurrit
1067 3163 1297 3231 affatus,
1346 3162 1593 3235 negotiis
1641 3177 1766 3234 quis

122 3256 229 3313 vioe
250 3269 484 3312 causam
505 3252 893 3325 praebuerant,
918 3250 1093 3307 tinem
1109 3250 1351 3323 cupiens
1369 3255 1636 3325 optatum
1656 3251 1768 3307 im·

124 3360 362 3419 ponere.
393 3342 620 3399 Habitis
649 3357 781 3413 ergo
811 3339 972 3399 seriis
1001 3340 1488 3414 competentibus,
1510 3341 1770 3399 tractatis

127 3431 497 3504 necessariis,
527 3430 817 3504 completo
847 3430 1094 3488 feliciter
1123 3435 1180 3487 et
1209 3446 1311 3504 pro
1337 3432 1490 3489 votis
1519 3432 1768 3504 negotio,

127 3526 312 3600 pactis
331 3523 471 3580 hinc
492 3523 630 3580 inde
646 3522 718 3580 ad
739 3521 1013 3595 placitam
1038 3521 1312 3593 utrinque
1332 3522 1772 3579 consonantiam

130 3615 402 3684 redactis,
426 3618 483 3670 et
503 3614 721 3687 scripto
747 3612 974 3668 traditis
992 3611 1301 3686 utriusque
1331 3611 1491 3669 bulla
1518 3612 1772 3685 signato,

128 3709 374 3778 sumpta
390 3702 645 3775 licentia,
660 3707 717 3759 et
733 3703 1134 3760 universorum
1153 3702 1342 3776 gratia
1362 3706 1767 3776 prosequente,

127 3797 202 3854 ad
235 3795 340 3852 iter
369 3810 430 3851 se
461 3792 730 3865 accingit.
765 3793 872 3849 Ibii
902 3796 1044 3849 tunc
1083 3793 1340 3865 primum
1375 3793 1433 3850 in
1469 3793 1774 3851 dominum

128 3901 325 3958 regem
355 3888 411 3941 et
440 3900 581 3940 suos
612 3882 930 3956 imperialis
960 3883 1130 3955 quasi
1163 3883 1426 3956 prodiga,
1472 3884 1572 3940 sed
1606 3882 1777 3956 plane

127 3973 622 4042 commendabilis,
647 3973 858 4030 claruit
878 3972 1280 4030 munificentia
1302 3988 1316 4039 ;
1335 3989 1465 4029 nam
1488 3973 1779 4030 immensa

128 4066 367 4123 domino
391 4067 506 4135 regi
523 4065 824 4121 conferens
846 4064 970 4120 auri
988 4063 1266 4136 pondera,
1291 4064 1685 4121 holosericoru
1697 4081 1780 4120 m·

130 4171 248 4229 que
279 4154 738 4222 multitudinem,
772 4153 948 4210 simul
979 4159 1036 4209 et
1077 4153 1515 4224 peregrinarum
1568 4155 1781 4213 eximia

130 4247 286 4302 dona
330 4243 681 4312 divitiarum,
733 4258 869 4298 suos
899 4242 1073 4299 etiam
1118 4258 1305 4314 usque
1347 4242 1421 4299 ad
1464 4259 1778 4316 puerorum

131 4334 521 4391 novissimum
541 4332 1057 4403 donisingentibus
1074 4329 1415 4389 cumulavit.
1449 4331 1546 4389 Sic
1574 4337 1631 4390 et
1648 4337 1784 4390 Pro-

132 4426 423 4481 tosevasto
455 4421 514 4478 in
545 4437 770 4491 omnes,
793 4425 1071 4492 tanquam
1095 4421 1179 4477 vir
1207 4419 1484 4495 inclytus,
1518 4438 1685 4480 suam
1707 4422 1786 4479 el*-

650 253 857 316 HlST.
905 251 1187 314 RERUM
1230 248 1771 313 TRANSMARIN.
1819 281 1897 294 —
1938 248 2088 312 Lm.
2133 248 2263 311 XX.
2310 247 2759 313 AMALRIOUS
2803 250 2985 312 REX.

1792 382 1848 451 Α

3402 250 3522 317 806

2448 382 2680 440 CAPUT
2726 382 2953 439 xxvii.

1874 473 1987 530 Rex
2026 473 2177 545 apud
2227 473 2515 543 sephorim
2551 475 2831 529 exercitus
2877 482 3153 531 convocat.
3205 473 3528 533 Fredericus

1949 545 2202 617 Tyr-ensis
2226 546 2667 616 archiepiscopus
2695 543 2767 601 ad
2812 543 3242 603 ultramontanis
3277 547 3527 619 partibus

1943 617 2106 673 redit.
2141 618 2404 674 Dominus
2438 617 2764 673 Willelmus
2790 617 3113 674 Acconensis
3155 621 3529 692 episcopusin

1946 689 2212 744 Romania
2242 689 2531 745 occiditur.

1945 780 2253 851 Ingressus
2284 780 2481 851 itaque
2511 777 2569 834 in
2603 793 2872 850 regnum,
2899 779 3144 837 audiens
3166 780 3322 852 quod
3344 779 3532 838 Nora·

1872 866 2044 923 dinus
2071 869 2129 922 in
2172 868 2389 923 tinibus
2432 868 2906 925 paneadensibus
2953 885 3087 925 cum
3134 869 3390 927 exercitu
3433 885 3531 926 co-

1876 956 2038 1026 pioso
2080 957 2379 1023 resideret,
2411 957 2629 1013 timens
2663 973 2733 1013 ne
2780 957 2841 1013 in
2891 973 3132 1027 regnum
3173 958 3525 1032 irruptiones

1874 1045 2010 1101 inde
2054 1046 2372 1113 moliretur,
2420 1046 2875 1103 solticitudinem
2923 1052 3123 1104 contra
3170 1049 3300 1117 hoc,
3343 1064 3525 1121 quan-

1872 1138 1994 1190 tam
2048 1136 2319 1208 expedire
2371 1135 2694 1203 videbatur,
2757 1135 3067 1208 objiciens,
3118 1136 3180 1193 in
3228 1137 3525 1196 Galilaeam

1873 1223 2213 1291 descendit3
2249 1232 2305 1280 et
2351 1223 2676 1281 convocatis
2716 1226 2879 1296 regni
2924 1224 3309 1297 principibus,
3359 1225 3528 1293 juxta

1874 1311 2092 1368 fontem
2125 1311 2292 1368 illum
2320 1309 2779 1379 celeberrimum,
2813 1313 2915 1384 qui
2951 1312 3101 1368 inter
3141 1311 3423 1370 Nazareth
3464 1315 3522 1369 et

1870 1401 2176 1474 Sephorim
2201 1404 2312 1472 est,
2342 1405 2792 1459 castrametatus
2823 1407 2929 1469 est,
2958 1405 3022 1458 ut
3049 1401 3218 1474 quasi
3239 1401 3298 1457 in
3322 1406 3523 1459 centro

1873 1491 2034 1562 regni
2082 1491 2460 1554 constitutus,
2517 1491 2884 1548 commodius
2929 1490 3062 1548 inde
3107 1491 3180 1548 ad
3228 1490 3530 1562 quaslibet

1871 1580 2032 1654 regni
2054 1585 2269 1653 partes,
2301 1581 2353 1638 si
2381 1583 2614 1638 vocaret
2662 1580 3002 1651 necessitas,
3047 1596 3110 1637 se
3161 1580 3524 1639 transferret.

1870 1669 2016 1726 Illuc
2044 1671 2201 1727 enim
2231 1676 2351 1726 tam
2383 1670 2507 1741 ipse
2532 1686 2707 1743 quam
2753 1672 2846 1727 sui
2886 1671 3339 1741 praedecessores
3383 1685 3525 1727 con·

1788 1751 1834 1818 B
1863 1775 2069 1816 vocare
2097 1759 2385 1816 exercitus
2415 1759 2618 1815 eodem
2659 1758 2876 1815 intuitu
2918 1762 3362 1816 consueverant.
3399 1758 3531 1817 Eis·

1863 1853 1996 1906 dem
2028 1848 2234 1906 diebus
2265 1848 2538 1906 dominus
2563 1849 2901 1906 Fredericus
2929 1849 3203 1919 Tyr-ensis
3236 1849 3524 1921 arehiepi-

1864 1954 2101 2012 scopus,
2146 1939 2533 2012 prtsdeoessor
2588 1944 2806 2004 noster,
2848 1938 3070 1995 missus
3113 1938 3187 1994 ad
3226 1937 3359 2007 hoo,
3391 1943 3458 1995 ut
3491 1951 3525 1993 a

1864 2028 2231 2101 principibus
2253 2026 2722 2085 occidentalibus
2754 2028 2923 2084 nobis
2952 2027 3267 2084 consilium
3288 2030 3347 2083 et
3365 2027 3528 2084 auxi-

1866 2118 2015 2173 lium
2048 2117 2407 2190 imploraret,
2435 2117 2722 2188 completo
2752 2117 3012 2188 biennio,
3045 2133 3148 2190 spe
3179 2117 3523 2189 frustratus,

1866 2205 2013 2263 nihil
2044 2207 2315 2263 obtinens
2343 2221 2546 2263 eorum
2577 2222 2708 2278 quae
2738 2211 2937 2263 nostro
2969 2205 3205 2263 nomine
3245 2206 3517 2278 petierat,

1864 2313 2085 2354 vacuus
2116 2295 2306 2353 rediit.
2347 2295 2626 2352 Comitem
2670 2302 2860 2352 tamen
2895 2294 3279 2367 Stephanum,
3324 2295 3517 2354 virum

1867 2386 2108 2460 quidem
2138 2401 2312 2444 carne
2341 2384 2619 2454 nobilem,
2651 2384 2914 2441 moribus
2943 2400 3075 2441 vero
3107 2401 3223 2441 non
3273 2385 3371 2455 ita,
3412 2386 3520 2442 do·

1868 2475 2013 2532 mini
2041 2473 2356 2532 Tbeobaldi
2383 2475 2626 2531 senioris
2649 2474 3037 2544 Blesensium,
3059 2473 3531 2544 carnotensium,

1868 2565 2246 2622 Trecsnsium
2278 2564 2507 2621 comitis
2544 2562 2757 2632 filium,
2803 2563 3187 2636 praemiserat,
3220 2579 3395 2637 quem
3432 2564 3532 2620 do·

1872 2655 2072 2711 minus
2103 2669 2199 2711 rex
2233 2669 2336 2728 per
2362 2653 2635 2710 eumdem
2666 2652 3176 2727 archiepiscopum
3222 2651 3440 2722 adhoc,
3468 2655 3536 2711 ut

1871 2744 1925 2801 ei
1957 2743 2137 2800 tiliam
2179 2759 2348 2800 suam
2392 2758 2634 2800 uxorem
2674 2743 2859 2813 daret,
2907 2747 3275 2810 evocaverat;
3326 2742 3424 2816 qui
3469 2741 3531 2799 in

1872 2850 2118 2906 regnum
2152 2833 2508 2905 perveniens,
2548 2837 2606 2889 et
2644 2848 2822 2905 super
2862 2831 3066 2889 eodem
3108 2832 3285 2889 verbo
3338 2850 3372 2892 a
3417 2832 3533 2890 do-

1874 2924 2037 2981 mino
2076 2937 2209 2996 rege
2245 2923 2495 2996 benigne
2534 2922 2949 2992 commonitus,
2990 2920 3217 2979 oblatas
3255 2925 3315 2979 et
3367 2922 3535 2995 prius

1881 3012 2123 3088 placitas
2170 3014 2359 3070 renuit
2402 3012 2851 3082 conventiones;
2922 3016 2981 3069 st
3034 3011 3285 3085 turpiter
3326 3016 3385 3070 et
3420 3013 3540 3069 im-

1795 3109 1839 3179 G
1879 3105 2096 3163 munde
2124 3104 2186 3161 in
2224 3118 2402 3177 regno
2439 3108 2816 3161 conversatus
2865 3119 2967 3176 per
3014 3118 3248 3161 menses
3287 3102 3534 3176 aliquot,

1878 3211 1982 3267 per
2039 3198 2225 3251 terras
2277 3192 2465 3251 redire
2502 3192 2805 3266 disposuit.
2849 3191 3114 3266 Cumque
3165 3191 3539 3251 Antiochiam

1880 3282 2258 3357 pervenisset,
2287 3288 2345 3339 et
2371 3282 2508 3339 inde
2536 3281 2596 3339 in
2626 3281 2905 3350 Ciliciam,
2950 3286 3016 3338 ut
3045 3297 3145 3354 per
3170 3285 3384 3339 terram
3415 3281 3538 3339 sol-

1881 3372 2019 3430 dani
2049 3370 2385 3441 Iconiensis‚
2418 3370 2727 3442 impetrato
2758 3370 2920 3443 prius
2950 3371 3075 3442 ejus
3114 3372 3352 3441 ducatu,
3381 3370 3536 3429 Con·

1880 3459 2316 3534 stantinopolim
2350 3468 2698 3532 properaret,
2730 3460 2974 3531 contigit
3029 3461 3184 3532 quod
3209 3461 3379 3532 jnxta
3414 3460 3536 3519 Ma-

1882 3551 2151 3607 mistram
2184 3549 2386 3605 urbem
2416 3547 2629 3605 Ciliciae
2660 3549 2720 3605 in
2750 3548 3006 3617 insidiis,
3039 3564 3167 3621 quae
3187 3548 3241 3605 ei
3281 3553 3537 3622 praeten-

1883 3641 2048 3697 derat
2095 3638 2232 3695 Milo
2272 3637 2683 3695 Armeniorum
2730 3637 3002 3710 princeps
3063 3637 3537 3710 potentissimus,

1885 3730 2061 3786 frater
2102 3728 2304 3797 Toros,
2346 3743 2485 3784 casu
2535 3726 2763 3785 incidit.
2796 3727 2866 3783 Et
2907 3726 3268 3784 irruentibus
3306 3726 3368 3784 in
3397 3742 3536 3785 eum

1885 3820 1985 3890 qui
2007 3818 2265 3875 latebant
2292 3816 2352 3873 in
2376 3817 2629 3886 insidiis,
2651 3816 2920 3874 universa
2944 3832 3068 3887 quse
3091 3832 3292 3873 secum
3328 3833 3538 3891 aspor-

1886 3908 2049 3966 tabat
2081 3906 2330 3980 pretosia
2358 3911 2416 3962 et
2444 3904 2858 3962 desiderabilia
2890 3905 3168 3974 multum,
3200 3905 3404 3977 praedae
3435 3905 3539 3963 da-

1888 4002 2003 4065 tus,
2051 3995 2287 4064 amisit;
2334 3995 2544 4068 vixque
2584 4012 2619 4052 a
2656 3994 3045 4066 praedonibus,
3093 4010 3311 4068 equum
3354 3994 3533 4054 vilem

1888 4102 2002 4157 quo
2042 4085 2383 4152 deterretur,
2428 4083 2613 4141 multa
2650 4083 2908 4140 obtinuit
2946 4099 3179 4155 precum
3228 4081 3531 4140 instantia.

1891 4175 2037 4232 Inde
2063 4190 2197 4231 cum
2231 4174 2434 4247 paucis
2459 4174 2667 4231 'multo
2707 4174 2904 4231 labore
2943 4172 3539 4247 Constantinopolim,

1893 4264 2296 4321 universorum
2340 4263 2726 4320 Orientalium
2771 4279 2905 4320 eum
2951 4264 3085 4321 odio
3130 4268 3542 4337 prosequente,

1893 4352 2320 4425 ignominiosus
2340 4353 2620 4425 pervenit.
2653 4353 2868 4410 Eodem
2886 4369 3067 4423 anno,
3095 4368 3290 4410 comes
3319 4367 3547 4427 quoque

1898 4442 2230 4515 Stephanus
2257 4443 2587 4515 equivocus
2628 4442 2778 4515 eius,
2811 4443 2911 4499 sed
2962 4458 3193 4499 morum
3238 4442 3548 4499 honestate

130 4501 287 4568 fudit
314 4510 743 4568 libflralitatflffl·
786 4511 896 4566 Sed
929 4515 986 4566 0ss
1014 4510 1228 4582 reliqui
1252 4510 1542 4584 Pl'ifflfil’es
1585 4512 1789 4569 00⁶0OE
1820 4493 1867 4559 D
1900 4532 2071 4603 longe
2098 4530 2427 4603 dissimilis,
2459 4531 2548 4589 vir
2565 4532 2889 4602 modestus,
2907 4532 3152 4603 etplane
3168 4530 3549 4588 commenda-

130 4601 255 4659 zelo
285 4602 533 4668 accensi,
565 4600 828 4658 certatim
860 4617 923 4658 se
954 4605 1156 4657 mutuo
1205 4600 1612 4660 munificentia
1663 4600 1786 4660 vin·

131 4708 262 4750 cere
291 4692 607 4764 cupientes,
641 4707 889 4748 munera
917 4690 1154 4747 domino
1185 4691 1305 4764 regi
1337 4690 1625 4760 offerunt3
1656 4691 1789 4764 qui-

135 4782 244 4839 bus
273 4789 327 4838 et
359 4782 608 4838 materiae
641 4779 919 4852 dignitas,
952 4784 1013 4837 et
1041 4780 1231 4853 operis
1268 4779 1586 4854 elegantia,
1623 4787 1682 4839 et
1712 4782 1794 4838 fa-

132 4888 240 4930 vor
269 4887 384 4928 non
415 4876 614 4928 deerat
644 4871 703 4925 in
737 4876 1006 4943 utroque.
1037 4868 1362 4942 Composita
1400 4886 1537 4941 ergo
1579 4869 1791 4942 classe,

132 4961 369 5033 negotio
401 4961 643 5018 feliciter
669 4964 1097 5028 consummatO,
1131 4960 1493 5018 descendens
1534 4959 1593 5018 in
1646 4962 1793 5018 Bos-

133 5050 412 5124 phorum,
433 5050 534 5121 qui
557 5051 796 5121 Europae
818 5048 1084 5121 Asiaeque
1105 5048 1392 5106 terminus
1409 5064 1537 5107 esse
1561 5048 1795 5122 dignos·

136 5139 309 5208 citur,
341 5140 606 5197 ducentis
635 5140 707 5197 ab
731 5140 874 5197 urbe
901 5139 1253 5196 milliaribus
1278 5154 1383 5210 per
1405 5137 1552 5195 illud
1572 5139 1791 5197 fretum

134 5230 441 5302 navigans,
473 5230 622 5287 inter
651 5230 858 5286 Seston
889 5234 947 5286 et
974 5228 1214 5297 Abydon
1243 5228 1418 5284 urbes
1466 5227 1795 5286 famosissi-

132 5336 280 5386 mas,
318 5319 563 5376 Leandri
595 5324 857 5391 neroque
887 5318 1206 5387 domicilia,
1253 5333 1415 5375 mare
1459 5316 1794 5390 ingreditur

132 5406 661 5475 Mediterraneum3
693 5407 826 5464 inde
854 5406 1127 5464 secundis
1158 5414 1326 5462 actus
1358 5402 1619 5475 flatibus,
1669 5419 1793 5464 xvu

131 5495 265 5554 Kal.
293 5494 459 5565 Julii,
490 5497 564 5554 ad
592 5496 796 5556 urbem
823 5494 1079 5571 applicat
1106 5494 1525 5554 sidonensem.

1892 4622 2052 4690 bilis,
2085 4621 2239 4679 tilius
2267 4622 2499 4680 comitis
2527 4620 2798 4679 Willelmi
2829 4622 2899 4678 de
2928 4621 3146 4688 Sauna,
3176 4624 3235 4677 et
3261 4618 3382 4675 dux
3403 4623 3549 4675 Bur-

1890 4712 2127 4785 gundiae
2178 4710 2462 4768 Henricus
2508 4710 2729 4781 junior,
2789 4707 3107 4781 superioris
3158 4707 3437 4780 Stephani
3476 4722 3548 4765 ex

1900 4817 2103 4858 sorore
2133 4817 2334 4873 nepos,
2367 4801 2426 4856 in
2470 4815 2715 4872 regnum
2742 4798 3021 4855 orationis
3049 4798 3239 4870 gratia
3267 4801 3325 4854 et
3371 4796 3552 4855 devo·

1899 4891 2081 4948 tionis
2111 4890 2332 4946 intuitu
2363 4888 2631 4961 ingressi,
2663 4894 2721 4946 et
2751 4904 2976 4945 moram
3010 4888 3301 4944 modicam
3335 4886 3555 4944 tacien-

1905 4984 2015 5048 tes‚
2041 4978 2563 5052 perimperatorem
2585 4976 3302 5050 constantinopolitanum
3327 4976 3399 5033 ad
3419 4991 3558 5049 pro·

1904 5070 2029 5142 pria
2059 5067 2268 5125 reversi
2300 5071 2458 5138 sunt,
2481 5068 2551 5124 ab
2584 5084 2650 5125 eo
2681 5066 2937 5139 suscepti
2977 5065 3300 5123 honorifice
3331 5070 3390 5123 et
3417 5081 3553 5122 cum

1903 5158 2108 5216 multis
2138 5156 2480 5215 muneribus
2507 5156 2761 5213 dimissi.
2793 5154 3071 5228 Sequenti
3101 5170 3281 5221 anno,
3302 5153 3556 5228 quierat

1901 5248 2061 5319 regni
2093 5246 2316 5305 domini
2334 5244 2610 5312 Amalrici
2632 5254 2890 5313 octavus,
2915 5243 3189 5302 dominus
3218 5242 3554 5302 willelmus

1905 5338 2070 5395 bonas
2111 5337 2423 5406 memorias,
2488 5335 2842 5394 Acconensis
2896 5334 3229 5408 episeopus,
3280 5334 3352 5391 ab
3411 5331 3554 5390 urbe

1905 5425 2570 5499 Constantinopolitana,
2600 5442 2637 5483 a
2662 5426 2900 5483 domino
2931 5440 3067 5498 rege
3095 5425 3158 5482 tn
3199 5422 3428 5482 Italiam
3465 5420 3560 5479 di-

1905 5520 2126 5587 rectus,
2156 5515 2480 5591 peragratis
2506 5518 2634 5588 ejus
2661 5514 2954 5591 partibus,
2975 5517 3037 5572 et
3063 5513 3341 5573 omnivia
3357 5511 3430 5571 ad
3459 5510 3561 5570 ob-

1905 5605 2239 5681 tinendum,
2257 5605 2412 5681 quod
2427 5604 2685 5680 petebat,
2698 5604 3016 5680 prudenter
3027 5603 3396 5679 fideliterque
3414 5616 3561 5678 pr·-
