3784 6000
32 164 180 239 ¹098

35 393 194 453 vinoe
222 392 433 451 ultioni
463 391 793 464 subjaceat.
821 389 1061 448 Cunctis
1087 393 1286 445 autem
1323 385 1521 443 eidem
1560 383 1688 441 loco

36 498 151 541 sua
172 483 313 555 jura
353 480 730 538 servantibus
761 479 835 535 sit
880 493 1001 550 pax
1050 475 1286 534 Domini
1335 474 1525 531 nostri
1551 474 1689 529 «lesu

36 571 276 639 Christi,
297 576 597 644 quatenus
617 576 674 626 et
690 568 789 625 hic
805 567 1065 625 fructum
1086 567 1259 623 bonae
1289 561 1537 620 actionis
1559 576 1689 634 per-

1030 168 1386 231 EPISTOLAE
1421 167 1512 226 ET
1550 162 1988 228 PRIVILEGIA.
2019 180 2098 213 ἃ·
2129 165 2248 225 ΑΝ.
2288 164 2452 227 1182.

22 303 253 364 Christi
290 303 488 362 aliena
525 301 650 368 flat,
682 306 862 376 atque
900 301 958 357 in
991 302 1256 357 extremo
1294 294 1572 354 examine
1600 293 1689 351 di·
1717 303 1764 357 Α
1794 326 1813 335 -

3291 113 3449 226 ’ωσι

2534 289 2716 347 XXlV.

1866 390 2086 449 Pacem
2113 389 2272 448 inter
2286 387 2607 446 monachos
2623 393 2689 528 ἦε
2721 386 3032 515 burt-qens„
3065 388 3450 448 stenar-050„-

2395 475 2483 517 ses
2512 474 2623 516 con
2669 474 2803 516 rma
2837 500 2852 516 .

2316 557 2631 630 (Laterani,
2658 554 2790 612 Jan.
2830 557 2940 629 ¹5.)

34 659 263 735 cipiant
281 665 339 716 et
361 659 525 732 apud
542 658 885 714 districtum
899 655 1168 729 judicem
1189 652 1439 728 praemia
1453 656 1690 708 oeternoe
1796 649 2032 721 [lunium
2062 648 2257 706 Nouv.
2293 648 2446 703 Hist.
2477 646 2552 702 de
2587 646 2876 710 Tournus,
2909 645 3185 714 preuves,
3212 662 3270 719 p.
3292 648 3447 722 179.)

33 750 206 825 pacis
234 748 562 805 inveniant.
590 750 802 804 Amen.

110 840 233 908 Ego
263 836 501 901 Lucius,
532 835 839 893 catholicin
872 834 1144 890 Ecclesiae
1174 830 1520 904 episcopus.

108 927 233 997 Ego
256 925 617 991 Theodinus‚
642 921 979 980 portuensis
993 928 1049 978 et
1066 922 1296 979 Sanctoe
1323 918 1549 976 Rufinoe
1569 914 1693 989 epi·

31 1030 278 1087 scopus.

106 1106 231 1176 Ego
260 1101 498 1168 Paulus,
529 1101 929 1158 Praenestinus
954 1099 1299 1171 episcopus.

107 1194 232 1264 Ego
261 1193 488 1260 PetruS,
521 1190 833 1264 presbyter
855 1188 1177 1246 cardinalis
1204 1188 1288 1244 tit.
1322 1187 1555 1243 Sanctus
1587 1184 1689 1241 Su-

36 1297 575 1426 aggffivmanus,
607 1350 917 1425 presbyter
945 1347 1270 1406 cardinalis
1302 1345 1448 1404 tituli
1490 1343 1689 1403 Sancti

36 1442 346 1517 Stephani.

108 1532 232 1602 Ego
263 1529 572 1603 Cynthius,
596 1529 908 1603 presbyter
937 1524 1260 1584 cardinalis
1284 1524 1438 1581 tituli
1458 1525 1690 1581 Sanctoe

38 1619 301 1677 Grecilioe.

108 1710 228 1779 Ego
259 1710 449 1778 Hugo,
479 1704 790 1780 presbyter
818 1702 1142 1762 cardinalis
1176 1701 1326 1760 tituli
1352 1702 1550 1759 Sancti
1570 1700 1692 1758 Cle·

38 1796 277 1855 mentis.

110 1889 233 1956 Ego
260 1884 581 1953 Arduinus,
609 1882 926 1956 presbyter
942 1881 1266 1939 cardinalis
1290 1880 1441 1938 tituli
1470 1881 1528 1936 S.
1553 1883 1692 1938 Cru-

37 1974 125 2033 cis
142 1974 207 2031 in
234 1972 588 2030 Jerusalem.

108 2066 230 2134 Ego
257 2063 584 2129 Matthoeus,
620 2061 930 2134 presbyter
958 2060 1284 2118 cardinalis
1314 2059 1463 2117 tituli
1493 2059 1692 2117 Sancti

36 2151 311 2215 narcelti.

110 2244 235 2312 Ego
264 2240 593 2306 Laborans,
623 2238 827 2312 presb.
851 2238 1016 2296 card.
1042 2240 1272 2295 Sanctoe
1301 2238 1496 2295 Hariae
1528 2242 1691 2294 trans

36 2329 295 2389 Tiberim
330 2331 412 2384 tit.
439 2327 674 2385 calixti.

110 2419 233 2490 Ego
260 2417 653 2491 Hyacinthus,
671 2416 910 2473 diacon.
926 2415 1152 2473 cardin.
1169 2416 1399 2473 Sanctoe
1421 2416 1612 2472 Mariae
1628 2415 1691 2471 in

37 2518 380 2575 Cosmedin.

111 2603 236 2672 Ego
263 2599 593 2666 Rainerius,
621 2598 822 2656 Sancti
840 2597 1072 2669 Georgii
1093 2598 1172 2655 ad
1194 2598 1403 2654 Velum
1427 2601 1690 2655 Aureum

36 2690 331 2749 diaconus
351 2687 694 2746 cardinalis.

112 2781 238 2851 Ego
276 2778 615 2847 Gratianus,
646 2776 943 2835 diaconus
974 2774 1294 2834 cardinalis
1322 2773 1428 2832 SS.
1456 2774 1690 2834 Cosmoe

36 2875 98 2928 et
119 2868 415 2925 Damiani.

112 2959 238 3029 Ego
267 2956 595 3024 Rainerius,
617 2954 773 3014 diac.
802 2953 966 3013 card.
1001 2954 1200 3013 Sancti
1226 2954 1489 3013 Adriani.

108 3049 325 3104 Datum
371 3046 658 3112 Laterani,
701 3061 808 3117 per
858 3060 1106 3101 manum
1164 3043 1385 3101 Alberti
1421 3045 1480 3101 S.
1528 3048 1593 3102 R.
1626 3045 1689 3103 E.

30 3136 237 3213 presb.
278 3136 439 3192 card.
490 3140 547 3191 et
573 3133 845 3201 cancell.,
879 3150 933 3189 vi
967 3134 1104 3190 ldus
1149 3133 1441 3204 lanuarii,
1483 3135 1689 3192 indict.

28 3243 156 3293 xiv,
189 3224 623 3282 iucarnationis
653 3223 977 3280 Dominicae
1008 3237 1169 3279 anno
1194 3223 1353 3288 118¹,
1386 3223 1694 3295 pontifica-

31 3323 132 3374 tus
150 3331 290 3371 vero
315 3313 524 3370 domni
547 3313 711 3370 Lucii
739 3328 913 3386 papae
940 3311 1007 3367 lll
1037 3327 1199 3369 anuo
1224 3326 1262 3367 1.

788 3408 967 3464 xxltt.

36 3502 112 3560 G.
141 3499 345 3558 abbati
384 3497 765 3556 Vizeliacensi
797 3504 850 3553 et
899 3498 1021 3568 ejus
1058 3496 1490 3553 successoribus
1520 3512 1692 3554 usum

610 3570 803 3626 niierae
831 3568 1120 3624 concedit.

541 3666 859 3739 (Laterani,
885 3666 1016 3721 Jan.
1052 3666 1158 3737 13.)

151 3758 412 3833 [Liuuoii
450 3760 644 3830 Opera
672 3757 897 3826 omnia,
937 3760 974 3811 t.
1007 3755 1075 3823 11,
1107 3769 1245 3826 pars
1275 3773 1314 3821 1,
1346 3772 1408 3827 p.
1435 3753 1586 3828 288]

112 3850 318 3905 Lucius
358 3848 430 3903 ltl
474 3848 814 3918 episcopus,
855 3860 1062 3900 servus
1092 3859 1403 3901 servorum
1430 3845 1555 3911 Dei,
1599 3843 1689 3901 di-

36 3938 211 3998 lectis
250 3938 386 3993 tiliis
419 3939 482 3994 G.
511 3936 735 4001 abbati,
781 3939 839 3990 et
866 3934 1147 3990 fratribus
1179 3934 1689 4002 vizeliacensibus,

37 4026 300 4085 salutem
332 4034 387 4082 et
418 4023 810 4097 apostolicam
832 4024 1333 4079 benedictionem.

118 4116 346 4171 Fratres
378 4115 560 4170 nostri
586 4112 851 4185 episcopi
879 4116 937 4167 et
960 4112 1296 4167 cardinales
1325 4126 1438 4168 nos
1468 4112 1689 4184 suppli·

36 4207 186 4263 citer
211 4210 266 4259 et
290 4204 504 4259 devote
533 4205 840 4270 rogarunt,
865 4206 925 4254 ut
948 4201 1381 4256 monasterium
1407 4207 1691 4270 vestrum,

39 4309 156 4367 pro
181 4296 508 4347 reverentia
539 4292 730 4345 Beatoe
759 4287 950 4344 Marias
990 4288 1376 4359 magdalenas,
1407 4289 1579 4359 cujus
1611 4289 1693 4345 ibi

38 4398 265 4452 corpus
295 4380 564 4451 quiescit,
581 4377 912 4448 largitionis
928 4385 1146 4434 nostrie
1165 4378 1545 4435 studeremus
1565 4394 1695 4434 mu·
1727 4359 1770 4416 D

39 4485 188 4530 nere
213 4469 514 4536 decorare,
549 4474 610 4522 ut
636 4481 703 4522 ex
742 4467 855 4522 hoc
882 4466 1074 4536 magis
1099 4469 1263 4539 apud
1293 4465 1573 4525 homines
1598 4484 1696 4525 ce-

40 4559 209 4618 lebre
237 4557 421 4621 fieret,
471 4562 527 4611 et
576 4555 821 4624 maioris
871 4556 1265 4611 venerationis
1295 4557 1356 4612 in
1387 4562 1696 4629 posterum

37 4648 384 4707 haberetur.
408 4647 472 4702 Ut
489 4645 668 4715 igitur
691 4643 765 4699 de
785 4643 1098 4715 largitione
1115 4646 1322 4716 gratiae
1351 4646 1694 4718 apostoticae

42 4737 205 4795 sedis
255 4734 453 4792 valeat
498 4733 759 4806 amplius
801 4732 1062 4802 gloriari,
1094 4736 1242 4791 etin
1282 4735 1499 4806 majori
1528 4734 1694 4809 apud

41 4826 322 4885 homines
354 4826 735 4880 veneratione
769 4823 998 4888 haberi,
1030 4822 1158 4891 tibi,
1190 4823 1273 4881 fili
1304 4824 1522 4892 abbas,
1555 4825 1697 4882 tuis-

42 4931 164 4989 que
178 4913 631 4971 successoribus
645 4929 817 4967 usum
837 4914 1019 4969 mitrae
1039 4913 1115 4970 de
1133 4913 1699 4986 consuetabenigni-

45 5008 166 5063 tate
190 5004 533 5077 apostolicae
554 5003 714 5058 sedis
736 5002 1145 5070 concedimus,
1160 5009 1216 5060 et
1238 5008 1302 5059 ut
1320 5002 1469 5060 eain
1493 5004 1699 5076 praeci-

44 5093 182 5167 puis
203 5092 700 5161 solemnitatibus,
733 5103 790 5147 et
818 5091 1305 5165 processionibus
1334 5094 1699 5159 monasterii,

44 5185 107 5240 in
131 5180 395 5238 conciliis
414 5183 823 5239 Romanorum
846 5181 1221 5254 pontificum,
1252 5197 1544 5240 consessu
1570 5183 1702 5257 epi·

48 5286 374 5342 scoporum
396 5277 454 5328 et
473 5280 847 5328 mortuorum
868 5275 1166 5346 exsequiis
1191 5272 1374 5331 libere
1407 5273 1488 5331 uti
1510 5274 1703 5346 possi-

50 5360 147 5426 tis,
174 5359 524 5418 clementius
542 5360 951 5432 indulgemus.
1464 5383 1474 5391 ·

125 5451 339 5509 Datum
368 5449 640 5510 Laterani
667 5450 755 5510 ld.
793 5449 1086 5511 lanuarii.

1873 739 2072 794 Lucius
2100 738 2441 809 episcopus,
2487 749 2696 790 servus
2731 749 3039 790 servorum
3075 736 3193 801 Dei,
3217 736 3449 794 dilectis

1799 824 1937 881 filiis
1964 826 2167 882 abbati
2197 830 2255 880 et
2281 822 2594 879 monachis
2624 822 3164 891 Trenorciensibus,
3192 823 3444 883 salutem

1800 920 1857 971 et
1884 913 2283 986 apostolicam
2311 911 2809 969 benedictionem.

1871 1003 2184 1073 Religiosis
2209 1002 2344 1057 viris
2375 1015 2640 1056 annuere
2671 1006 2957 1056 eteorum
2979 1000 3153 1071 ,iustis
3187 1003 3450 1074 postula-

1800 1091 2063 1149 tionibus
2090 1105 2454 1147 consensum
2483 1089 2717 1146 facilem
2748 1089 3037 1162 impertiri
3062 1095 3118 1146 et
3133 1090 3283 1147 ordo
3296 1093 3450 1163 juris

1799 1180 1980 1251 exigit
2022 1185 2081 1236 et
2125 1179 2384 1236 charitas
2442 1177 2701 1251 postulat
2745 1178 3043 1234 ordinata.
3096 1180 3452 1237 Audivimus

1798 1285 1946 1327 sane
1981 1269 2151 1342 quod
2175 1285 2313 1324 eum
2340 1270 2491 1323 inter
2518 1282 2622 1323 vos
2647 1273 2704 1322 et
2725 1267 3058 1337 burgenses
3076 1270 3456 1326 Trenorcien-

1798 1373 1892 1415 ses
1907 1373 2088 1430 super
2098 1357 2467 1431 quibusdam
2484 1355 3023 1412 consuetudinibus
3045 1357 3454 1414 controversia

1798 1452 2138 1515 verteretur,
2159 1446 2401 1503 tandem
2419 1447 2443 1500 f
2447 1446 2531 1500 uit
2550 1444 2717 1517 quod
2730 1459 2835 1516 per
2849 1446 3207 1500 venerandas
3225 1460 3453 1502 memo·

1798 1534 1900 1592 rioe
1949 1535 2298 1602 Lodoicum,
2351 1540 2495 1591 tunc
2532 1548 2736 1605 regem
2783 1532 3175 1600 Francorum,
3220 1535 3451 1591 amica-

1722 1651 1765 1706 Β
1800 1624 1904 1681 bili
1949 1623 2386 1697 compositione
2434 1623 2650 1695 sopita.
2686 1626 2747 1679 tn
2779 1622 3129 1694 scrupulum
3171 1624 3451 1681 recidivae

1800 1714 2149 1787 quoestionis
2162 1728 2299 1768 cum
2312 1721 2645 1781 emergant,
2662 1712 2904 1767 tandem
2926 1713 3425 1782 compositionem
3435 1750 3451 1778 ,

1802 1804 1954 1859 sicut
2000 1802 2156 1858 facta
2184 1804 2291 1866 est,
2328 1807 2384 1856 et
2436 1799 2514 1857 ab
2548 1808 2796 1872 utraque
2827 1805 2994 1871 parte
3026 1808 3266 1874 recepta
3293 1809 3352 1856 et
3391 1803 3455 1858 in

1798 1889 1993 1962 ipsius
2020 1891 2178 1960 regis
2209 1890 2435 1960 scripto
2461 1887 2804 1944 authentico
2833 1887 3070 1960 plenius
3094 1890 3452 1960 continetur,

1799 1980 2149 2036 auctoritate
2195 1975 2522 2048 apostolica
2569 1976 3002 2031 confirmamus
3043 1982 3099 2030 et
3146 1978 3458 2048 praesentis

1799 2068 2001 2139 scripti
2030 2067 2360 2140 patrocinio
2384 2064 2852 2131 communimus,
2873 2070 3198 2121 statuentes
3221 2071 3283 2120 ut
3305 2064 3454 2121 nulli

1798 2158 2049 2213 omnino
2066 2155 2379 2212 hominum
2401 2155 2573 2210 liceat
2587 2154 2743 2208 hanc
2763 2154 3051 2224 paginam
3075 2157 3296 2210 nostroe
3312 2169 3455 2211 con·

1800 2244 2157 2301 firmationis
2190 2243 2533 2314 infringere,
2568 2242 2659 2298 vel
2686 2242 2739 2297 ei
2769 2257 2929 2297 ausu
2961 2242 3278 2299 temerario
3306 2259 3457 2301 oon-

1800 2335 1996 2392 traire.
2027 2333 2090 2389 Si
2114 2332 2252 2405 quis
2282 2341 2484 2388 autem
2514 2331 2627 2386 hoc
2656 2336 2943 2387 attentare
2981 2332 3457 2404 proesnmpserit,

1799 2423 2277 2494 indignationem
2302 2419 2732 2493 omnipotentis
2754 2418 2856 2475 Dei
2883 2427 2940 2476 et
2963 2421 3274 2478 beatorum
3306 2423 3457 2479 Petri

1799 2518 1856 2569 et
1892 2510 2059 2567 Pauli
2085 2511 2502 2582 apostolorum
2536 2509 2586 2580 ej
2599 2525 2664 2564 us
2696 2524 2760 2564 se
2787 2512 3020 2565 noverit
3043 2511 3452 2567 incursurum.

1872 2602 2089 2657 Datum
2111 2600 2381 2656 Laterani
2411 2614 2544 2655 xviu
2566 2597 2866 2655 Kalendas
2900 2598 3222 2655 Februarii.

1872 2692 1945 2747 In
1968 2687 2233 2759 plumbo,
2259 2688 2475 2744 Lucius
2506 2702 2666 2761 papa
2686 2686 2780 2743 lll.

2547 2776 2710 2842 XXV,

1798 2877 2151 2936 Monasterii
2194 2873 2677 2946 Bonifaqeeensis
2703 2874 3126 2943 protectionem
3176 2876 3450 2948 suscipit,

1974 2949 2476 3021 possessionesque
2495 2962 2566 3005 ac
2587 2946 2904 3019 priviteqia
2932 2948 3268 3018 confirmat.

2316 3045 2634 3120 (Laterani,
2660 3046 2793 3101 Jan.
2820 3049 2940 3113 15.)

1798 3137 2005 3214 [fluam
2018 3139 2193 3197 Sacri
2201 3146 2255 3195 et
2267 3135 2539 3196 canonici
2548 3135 2776 3192 ordinis
2795 3138 3143 3193 Praemonse.
3160 3139 3449 3208 Annales,

2291 3233 2331 3284 t.
2360 3230 2402 3292 l,
2433 3226 2634 3295 Proh„
2670 3242 2728 3298 p.
2759 3225 2967 3296 cccxi.]

1874 3319 2074 3374 Lucius
2103 3316 2438 3390 episcopus,
2473 3331 2684 3370 servus
2732 3330 3043 3371 servorum
3077 3316 3195 3381 Dei,
3224 3315 3454 3373 dilectis

1800 3405 1939 3462 filiis
1957 3408 2207 3471 wanno,
2225 3404 2422 3459 abbati
2438 3402 2710 3458 Ecclesiae
2722 3402 2797 3457 de
2809 3403 3249 3474 Bonofaget0,0j
3259 3418 3450 3478 usqne

1804 3494 2107 3561 fratribus,
2139 3502 2262 3547 tam
2295 3490 2688 3563 praesentibus
2724 3505 2911 3562 quam
2941 3490 3174 3556 futuris,
3222 3493 3455 3563 regula·

1802 3598 1926 3639 rem
1959 3582 2137 3637 vitam
2179 3580 2542 3652 professuris
2564 3580 2626 3634 in
2653 3584 3029 3651 perpetuum.

1871 3670 2232 3741 Religiosam
2277 3670 2457 3724 vitam
2503 3667 2861 3737 eligentibus
2890 3666 3287 3739 apostolicum
3316 3681 3460 3723 con·

1800 3759 1961 3818 venit
1980 3775 2109 3815 esse
2140 3757 2507 3830 praesidium,
2542 3773 2616 3812 ne
2637 3758 2786 3812 forte
2816 3755 3135 3828 cujuslibet
3166 3756 3458 3813 temerita-

1802 3851 1871 3907 tis
1927 3850 2202 3904 incursus
2245 3862 2348 3903 eos
2395 3861 2432 3903 a
2481 3847 2787 3919 proposito
2821 3851 3082 3909 revocet,
3136 3853 3239 3902 aut
3266 3845 3455 3903 robur

1802 3937 1990 4012 (qnod
2016 3937 2171 3993 absit
2190 3937 2428 4006 l)sacroe
2455 3934 2760 4004 religionis
2777 3935 3086 4003 infringat.
3110 3937 3454 4007 Eapropter,

1800 4028 1996 4084 dilecti
2040 4028 2100 4082 in
2132 4026 2384 4080 Domino
2430 4025 2554 4090 tilii,
2585 4025 2793 4079 vestris
2813 4023 2995 4095 justis
3045 4024 3460 4095 postulationi-

1798 4117 1917 4172 bus
1964 4116 2284 4171 clementer
2331 4115 2677 4178 annuimus,
2710 4118 2767 4168 et
2796 4112 3110 4184 praefatam
3142 4113 3452 4170 ecclesiam

1799 4206 1992 4262 Beatae
2017 4206 2208 4261 Merite
2236 4202 2313 4259 de
2343 4204 2733 4273 BonofagetO,
2765 4206 2825 4258 in
2851 4217 2975 4274 qua
2998 4203 3200 4259 divino
3230 4202 3458 4260 manci-

1802 4296 1925 4369 pati
1969 4296 2108 4349 estis
2137 4294 2448 4366 obsequio,
2489 4292 2603 4348 sub
2647 4294 2707 4347 B.
2756 4293 2909 4348 Petri
2937 4298 2994 4347 et
3023 4301 3230 4349 nostra
3258 4299 3458 4365 prote·

1802 4386 1997 4441 ctione
2035 4383 2418 4454 suscipimus,
2466 4388 2523 4438 et
2559 4383 2868 4452 praesentis
2916 4382 3118 4454 scripti
3147 4381 3457 4454 privilegio

1802 4473 2275 4538 communimus,
2322 4472 2385 4526 iu
2432 4470 2645 4543 primis
2687 4469 2988 4542 siquidem
3030 4477 3360 4528 statuentes
3393 4475 3458 4526 ut

1801 4561 1953 4619 ordo
1994 4560 2346 4627 canonicus,
2390 4559 2496 4631 qui
2527 4559 2860 4614 secundum
2905 4558 3116 4626 Deum,
3156 4565 3211 4615 et
3249 4559 3308 4612 Β.
3339 4561 3456 4613 Au-

1803 4650 2025 4722 gustini
2056 4648 2341 4718 Regulam
2366 4655 2546 4719 atque
2569 4646 3003 4703 institutionem
3028 4648 3456 4702 Praemonstra-

1804 4741 2060 4797 tensium
2087 4738 2334 4793 fratrum
2362 4737 2426 4792 in
2450 4736 2662 4792 eadem
2691 4733 2942 4791 ecclesia
2983 4736 3285 4791 institutus
3324 4749 3460 4791 esse

1802 4826 2194 4899 dignoscitur,
2210 4823 2509 4897 perpetuis
2520 4823 2747 4879 ibidem
2760 4829 2877 4880 tem
2885 4826 3011 4896 pori
3020 4825 3132 4879 bus
3144 4821 3459 4879 inviolabi-

1803 4916 1938 4974 liter
1960 4916 2323 4971 observetur.
2356 4913 2689 4986 Propterea,
2713 4927 3091 4986 quaecunque
3124 4913 3460 4985 possessio·

1806 5021 1936 5072 nes,
1968 5018 2345 5078 quaecunque
2372 5005 2537 5060 bona
2581 5002 2797 5059 eadem
2825 5002 3078 5058 ecclesia
3111 5003 3174 5059 in
3201 5017 3460 5077 praesen-

1808 5094 2031 5152 tiarum
2072 5093 2233 5166 juste
2256 5101 2312 5150 et
2352 5092 2634 5150 canonice
2661 5089 2949 5164 possidet,
2995 5092 3159 5148 acin
3189 5092 3459 5150 futurum

1808 5184 2198 5242 concessione
2219 5182 2586 5256 pontificum,
2613 5180 2927 5253 largitione
2943 5195 3152 5253 regum
3181 5181 3273 5238 vel
3296 5180 3459 5255 prin-

1808 5275 2034 5346 cipum,
2077 5272 2381 5330 oblatione
2425 5270 2695 5329 fidelium
2725 5285 2832 5328 seu
2878 5269 3010 5328 aliis
3036 5271 3213 5344 justis
3238 5271 3458 5340 modis,

1807 5369 2134 5440 praestante
2176 5361 2455 5431 Domino,
2483 5362 2702 5436 poterit
2740 5360 3013 5433 adipisci,
3056 5358 3236 5419 firma
3279 5361 3458 5421 vobis

1807 5454 2143 5530 vestrisque
2160 5451 2606 5512 successoribus
2633 5449 2938 5512 etillibata
2962 5455 3384 5529 permaneant.
