3784 6000
283 221 403 284 427

1341 214 1778 279 GUILLELMI
1821 211 2210 279 TYRENStS
2255 213 2616 276 ARGHIEP.

3569 217 3695 278 428

283 352 624 410 mandatum
656 348 1082 423 prestolantes,
1115 362 1177 405 se
1207 348 1623 421 adjungebant.
1675 349 1927 423 Ingressi
1958 351 2010 419 Α
2040 349 2304 408 certatim
2334 351 2393 408 in
2429 349 2631 407 urbem
2661 347 2889 406 nomine
2910 347 3185 404 obstante
3227 345 3476 419 ingressi
3526 352 3692 407 sunt.

283 456 421 499 sane
451 441 651 498 statim
683 444 816 513 post
843 439 1049 496 ducem
1077 442 1234 509 sunt,
1270 437 1715 497 Flandrensium
1738 458 1929 499 comes

281 534 340 588 et
367 530 486 588 dux
512 530 985 587 Normannorum
1010 554 1026 596 ς
1053 529 1142 584 vir
1170 533 1444 585 strenuus
1492 538 1546 586 et
1578 545 1680 602 per
1727 532 1928 588 omnia

284 618 797 687 commendabilis,
818 617 1090 675 dominus
1119 617 1474 684 Tancredus,
1510 617 1673 690 Hugo
1706 620 1927 690 senior,

283 725 481 768 comes
511 710 584 767 de
610 710 820 767 Sancto
840 708 1039 776 Paulo,
1062 707 1385 765 Balduinus
1410 709 1482 764 de
1502 708 1718 781 Burgo,
1749 713 1928 767 Gasto

283 799 360 856 da
378 803 566 867 Beart,
584 797 799 856 Gnatus
820 799 891 854 de
912 799 1146 863 Beders,
1179 797 1462 853 Girardus
1486 798 1555 855 de
1575 797 1926 857 Rosseillon.

281 888 539 944 Thomas
567 887 638 943 de
669 887 851 954 Feria,
883 887 1154 943 Conanus
1186 886 1362 952 Brito,
1395 902 1589 943 comes
1629 887 1923 944 Raimbol-

281 978 394 1034 dus
423 977 495 1034 de
523 977 755 1033 civitate
784 975 1041 1047 oringis,
1067 976 1398 1032 Ludovicus
1427 976 1500 1031 ds
1531 979 1792 1042 Monson,
1823 977 1927 1035 Co-

279 1083 395 1124 non
426 1067 498 1122 de
522 1065 718 1122 Monte
758 1069 925 1122 acuto
977 1074 1030 1122 et
1084 1066 1427 1122 Lambertus
1487 1064 1643 1121 iilius
1690 1069 1839 1136 ejus,
1870 1071 1930 1124 et

280 1155 375 1213 alii
409 1155 629 1228 plures,
661 1171 911 1228 quorum
943 1159 1328 1211 numerumet
1357 1153 1592 1210 nomina
1615 1170 1730 1211 non
1761 1157 1928 1212 tene-

154 1266 165 1281 ·
277 1261 432 1303 mus.
464 1244 618 1309 Quos
636 1259 871 1314 omnes,
902 1248 1209 1316 postquam
1245 1243 1363 1298 dux
1397 1243 1668 1316 cognovit
1696 1260 1756 1300 se
1782 1245 1930 1301 infra

280 1336 486 1392 urbem
518 1333 1158 1406 recepisseincolumes,
1182 1334 1471 1406 quosdam
1501 1349 1566 1389 ex
1597 1333 1680 1389 eis
1711 1335 1777 1389 ad
1802 1350 1929 1406 por·

282 1431 399 1482 tam
451 1422 984 1494 septentrionalem,
1042 1439 1170 1495 quae
1237 1422 1411 1479 hodie
1458 1423 1674 1478 dicitur
1729 1424 1929 1489 Sancti

283 1513 586 1584 Stephani,
617 1528 753 1568 cum
785 1512 1027 1568 honesto
1054 1512 1257 1582 dirigit
1285 1513 1585 1579 comitatu,
1608 1516 1672 1567 ut
1702 1519 1929 1584 portam

285 1602 553 1675 aperiant
581 1607 640 1657 et
689 1601 969 1674 populum
1021 1600 1174 1657 intro
1197 1606 1419 1664 lucent,
1469 1601 1685 1657 deforis
1722 1618 1932 1670 exspe-

2033 440 2358 498 Intromissi
2409 444 2629 508 autem,
2689 443 2917 510 portam
2968 435 3325 506 Australem,
3377 453 3509 510 quis
3571 438 3690 496 illis

2034 535 2156 587 erat
2183 529 2575 598 contermina,
2637 529 2828 585 statim
2879 533 3258 598 aperuerunt,
3307 530 3373 582 ut
3417 525 3689 599 reliquus

2033 621 2162 678 sine
2182 619 2523 677 difficultate
2541 617 2790 690 populus
2807 617 3235 673 admitteretur.
3271 618 3580 688 Ingressus
3601 623 3689 674 est

2034 710 2213 783 igitur
2240 710 2327 766 vir
2347 708 2620 782 insignis,
2644 711 2701 762 et
2721 711 2996 763 strenuus
3016 706 3346 763 Tolosanus
3365 722 3590 775 comes,
3630 710 3689 764 et

2039 800 2513 856 Isoarduscomes
2530 796 2782 864 Diensis,
2815 796 3179 853 Raimnndus
3230 797 3423 865 Pelez,
3475 794 3686 852 Wilel·

2036 908 2168 947 mus
2197 891 2268 946 de
2296 889 2547 954 Sabran,
2569 887 2880 960 episcopus
2911 887 3301 952 Albariensis‚
3320 886 3497 944 etalii
3537 887 3687 944 mult

2037 980 2283 1049 nobiles,
2317 994 2565 1051 quorum
2598 993 2907 1033 numerum
2942 976 3028 1032 vel
3058 975 3478 1034 nominanulla
3519 975 3685 1032 nobis

2036 1069 2220 1126 tradit
2250 1068 2513 1125 historia.
2545 1067 2614 1124 Hi
2638 1083 2837 1124 omnes
2862 1065 3472 1137 unanimiter,junciis
3493 1065 3679 1138 agmi-

2036 1157 2233 1226 nibus,
2265 1159 2337 1214 ad
2370 1173 2623 1227 unguem
2655 1155 2887 1227 armati,
2921 1173 3022 1228 per
3052 1155 3304 1212 mediam
3362 1154 3565 1212 urbem
3598 1154 3686 1211 di-

2036 1252 2389 1314 scurrenteS,
2419 1252 2674 1319 stragem
2696 1246 2919 1318 operati
2949 1250 3090 1301 sunt
3110 1243 3464 1301 horrendam
3491 1261 3508 1315 ;
3552 1258 3685 1301 nam

2036 1338 2135 1410 qui
2169 1337 2373 1392 ducem
2396 1339 2453 1391 et
2482 1352 2622 1391 suos
2655 1333 3000 1405 effugerant,
3035 1336 3311 1405 putantes
3344 1348 3409 1389 se
3439 1338 3686 1390 mortem

2037 1442 2389 1498 quocunque
2420 1425 2586 1481 modo
2607 1423 2928 1480 declinasse
2954 1424 3005 1479 si
3028 1422 3103 1479 ad
3147 1423 3295 1478 alias
3338 1438 3401 1479 se
3460 1421 3689 1479 confer-

2038 1523 2167 1572 rent
2214 1516 2482 1587 fugiendo
2532 1523 2743 1585 partes,
2788 1512 2892 1569 hos
2939 1511 3051 1569 sibi
3104 1511 3389 1568 habentes
3432 1512 3687 1583 obviam,

2037 1605 2457 1662 occumbebant
2490 1601 2900 1675 periculosius:
2959 1608 3016 1658 et
3068 1601 3318 1675 Scyllam
3378 1602 3686 1668 evitantes,

285 1701 575 1749 stantem:
601 1708 718 1764 qua
749 1694 859 1747 sub
897 1692 1050 1747 omni
1083 1691 1370 1746 celeritate
1403 1696 1675 1757 reserata,
1701 1690 1927 1761 ingres·
1964 1719 2009 1785 B
2041 1697 2417 1752 incurret-ant
2445 1694 2814 1764 Charybdim.
2848 1692 3036 1748 Tanta
3085 1698 3281 1747 autem
3330 1707 3433 1763 per
3485 1690 3687 1748 urbem

286 1798 390 1837 sus
419 1787 501 1837 est
536 1787 769 1848 passim,
802 1789 858 1835 et
880 1782 1006 1836 sine
1023 1781 1250 1836 delectu
1287 1779 1593 1834 universus
1618 1781 1930 1840 exercitus.

291 1873 423 1926 Erat
440 1878 634 1925 autem
678 1870 818 1925 feria
853 1875 1017 1924 sexta
1057 1876 1114 1924 et
1151 1868 1295 1923 hora
1337 1886 1512 1924 nona.
1576 1868 1937 1943 videturque

293 1965 664 2033 procuratum
705 1958 1008 2022 divinitus,
1034 1962 1097 2013 ut
1128 1974 1245 2030 qua
1275 1959 1368 2013 die
1397 1965 1453 2014 et
1484 1975 1596 2030 qua
1629 1959 1768 2016 hora
1815 1979 1937 2033 pro·

293 2049 497 2106 mundi
530 2048 717 2105 salute
745 2050 802 2104 in
833 2049 1035 2105 eadem
1071 2049 1211 2105 urbe
1245 2066 1457 2121 passus
1499 2056 1588 2106 est
1629 2052 1938 2124 Dominus,

294 2141 497 2198 eadem
535 2144 593 2196 et
642 2156 741 2212 pro
785 2140 1103 2196 salvatoris
1159 2138 1343 2207 gloria
1396 2140 1583 2197 fidelis
1633 2143 1939 2201 decertans

297 2231 566 2304 populus.
607 2229 879 2285 desiderii
913 2229 1003 2285 sui
1037 2229 1261 2284 felicem
1295 2229 1631 2301 impetraret
1662 2248 1939 2289 consum·

301 2320 635 2376 mationem.
659 2318 869 2374 Eadem
893 2318 1047 2373 enim
1071 2317 1164 2374 die
1191 2323 1248 2374 et
1282 2320 1507 2389 primus
1536 2320 1711 2376 homo
1741 2324 1943 2380 condi·

301 2418 394 2465 tus
417 2413 475 2465 et
495 2408 783 2465 secundus
809 2423 907 2478 pro
933 2407 1101 2477 primi
1136 2408 1325 2463 salute
1349 2409 1522 2463 morti
1547 2409 1792 2466 traditus
1814 2428 1943 2468 esse

305 2497 539 2556 dicitur.
569 2495 729 2552 Unde
757 2502 813 2551 et
842 2496 1041 2552 decuit
1070 2506 1129 2551 ut
1157 2498 1284 2568 ejus
1307 2498 1568 2554 membra
1596 2507 1654 2554 et
1682 2501 1946 2559 imitato-

304 2604 396 2646 res
422 2587 484 2645 in
515 2583 702 2657 ipsius
720 2584 954 2642 nomine
994 2590 1064 2641 de
1113 2587 1378 2643 hostibus
1425 2589 1685 2659 ejusdem
1729 2591 1946 2649 trium-

307 2677 575 2752 pharent.

910 2746 1147 2805 CAPUT
1191 2747 1336 2804 XlX.

306 2844 434 2897 Dux
476 2854 601 2894 cum
645 2839 763 2893 suis
833 2853 933 2904 per
987 2839 1268 2894 civitatem
1316 2837 1652 2908 discurrens,
1702 2851 1946 2910 straqem

375 2913 632 2979 operatur
701 2911 1076 2966 innumeram.
1159 2911 1448 2966 Tolosanus
1506 2929 1539 2966 a
1603 2923 1762 2983 parte
1835 2916 1945 2971 Au-

368 2982 539 3040 strala·
591 2982 857 3039 violenter
934 2983 1267 3053 increditur,
1325 2992 1376 3040 et
1441 2998 1567 3040 suas
1640 2985 1949 3044 introducit

2044 1794 2163 1844 erat
2192 1801 2418 1858 strages
2442 1785 2721 1852 bostium,
2754 1788 3033 1854 tantaque
3091 1782 3398 1855 sanguinis
3448 1781 3680 1850 effusiO,

2047 1883 2111 1932 ut
2140 1876 2314 1931 etiam
2346 1873 2659 1930 victoribus
2689 1885 2883 1944 posset
2913 1872 3144 1928 taedium
3179 1877 3236 1927 et
3276 1870 3548 1928 hororem
3599 1869 3693 1926 in-

2047 1965 2256 2039 gereri.

2672 2069 2906 2127 CAPUT
2943 2068 3071 2126 XX.

2048 2165 2198 2222 Cives
2246 2165 2303 2217 in
2327 2163 2535 2217 atrium
2572 2161 2763 2217 temeti
2781 2178 2839 2216 se
2861 2162 3173 2228 conferunt.
3201 2157 3505 2214 Tener-edus
3539 2157 3684 2214 illuc

2116 2252 2207 2293 eos
2235 2236 2593 2305 persequitur.
2625 2233 2709 2287 Fit
2740 2238 2948 2299 ‚traaas
3004 2233 3314 2295 innumera,
3371 2237 3424 2286 et
3456 2229 3689 2300 sanquis

2122 2308 2326 2363 ibidem
2356 2310 2616 2378 funditur
2644 2306 2919 2375 infinitus.

2123 2417 2473 2486 confugerat
2505 2429 2668 2483 porro
2700 2411 2754 2466 id
2796 2411 3008 2467 atrium
3063 2410 3264 2481 templi
3300 2408 3500 2481 populi
3562 2425 3696 2480 pars

2054 2508 2324 2568 maxima,
2357 2522 2424 2560 eo
2456 2504 2609 2575 quod
2654 2505 2813 2557 locus
2844 2503 2899 2556 id
2947 2506 3107 2571 parte
3157 2500 3320 2556 urbis
3368 2513 3501 2555 esse
3541 2498 3695 2553 vide·

2053 2601 2215 2653 retur
2243 2592 2535 2660 secretior,
2569 2608 2732 2648 muro
2762 2608 2994 2664 quoque
3022 2595 3080 2648 et
3110 2589 3392 2656 turribus,
3421 2593 3482 2644 et
3513 2587 3698 2660 portis

2054 2686 2435 2744 validioribus
2450 2682 2712 2755 apprime
2750 2683 3148 2739 communitus
3174 2695 3189 2747 3
3221 2695 3425 2736 verum
3446 2680 3533 2735 eis
3554 2676 3699 2733 nibil

2056 2779 2190 2844 fuga
2228 2774 2362 2832 talis
2393 2772 2642 2831 contulit
2672 2773 2742 2828 ad
2784 2771 3059 2828 salutem.
3102 2770 3249 2827 Nam
3302 2768 3507 2826 statim
3563 2783 3700 2823 cum

2057 2873 2216 2939 parte
2247 2865 2502 2921 maxima
2547 2864 2835 2919 exercitus
2891 2861 3172 2930 universi,
3223 2858 3365 2916 illuc
3423 2857 3703 2916 dominus

2053 2957 2383 3014 Tancredus
2422 2970 2484 3011 se
2505 2953 2773 3022 contulit,
2834 2957 2890 3011 et
2937 2951 3221 3023 templum
3276 2950 3560 3007 violenter
3615 2946 3704 3006 iu·

372 3053 630 3123 leqiones.
682 3052 894 3110 Civium
937 3071 1066 3127 pars
1105 3053 1167 3110 in
1210 3056 1537 3127 praesidium
1592 3058 1838 3117 civitatis
1887 3075 1946 3117 se
2055 3065 2312 3115 gressus,
2347 3052 2478 3117 90⁸2
2507 3055 2758 3118 ⁸¹¹'880m
2789 3044 3181 3109 innumeram.
3214 3041 3478 3098 infinilflfl
3507 3039 3703 3097 &uriel

368 3125 664 3197 recipiunt.

368 3216 549 3271 Porro
579 3215 696 3269 dux
724 3218 783 3270 et
811 3214 907 3286 qui
940 3230 1076 3269 cum
1100 3228 1167 3270 eo
1198 3219 1362 3270 erant
1393 3232 1494 3284 per
1538 3219 1697 3276 vicos
1741 3219 1942 3279 civita·

302 3304 380 3361 tIs
410 3313 464 3360 et
495 3304 742 3376 plateas,
772 3303 995 3359 strictis
1026 3303 1263 3375 gladiis,
1295 3304 1510 3377 clypeis
1545 3308 1677 3364 tecti
1733 3315 1791 3365 et
1837 3327 1945 3382 ga-

299 3393 428 3461 leis,
455 3394 657 3465 juncto
687 3393 922 3465 agmine
942 3393 1357 3465 discurrentes,
1389 3401 1678 3470 quotquot
1722 3399 1792 3455 de
1841 3400 1941 3458 ho·

299 3483 485 3539 stibus
507 3482 753 3555 reperire
792 3486 1078 3553 poterant,
1112 3482 1265 3539 aetati
1325 3501 1440 3541 non
1500 3495 1788 3558 parentes,
1840 3493 1945 3546 aut

299 3572 641 3641 conditioni,
665 3571 725 3628 in
747 3587 846 3628 ore
866 3571 1458 3643 gladiijndifferenter
1480 3579 1942 3647 prosternebant.

299 3661 605 3736 Tantaque
652 3666 777 3719 erat
823 3662 1040 3735 ubique
1089 3662 1565 3737 interemptorum
1625 3678 1848 3742 strages
1887 3674 1947 3727 et

297 3755 670 3826 praecisorum
717 3768 956 3809 acervus
1003 3752 1279 3824 capitum,
1343 3768 1403 3811 ut
1433 3756 1552 3825 jam
1586 3757 1806 3815 nemini
1857 3761 1947 3817 via

302 3848 526 3917 pateret
554 3847 655 3900 aut
684 3842 986 3910 transitus,
1020 3843 1133 3900 nisi
1164 3859 1266 3915 per
1284 3845 1487 3901 funera
1516 3848 1942 3907 defunctorum.

297 3931 543 4008 Jamque
574 3949 720 4006 pene
741 3934 812 3988 ad
846 3932 1009 3989 urbis
1040 3933 1298 3990 medium
1332 3935 1576 3993 diversis
1640 3937 1947 3997 itineribus

302 4026 551 4094 stragem
602 4026 911 4094 operantes
971 4023 1368 4090 innumeram,
1421 4026 1603 4081 nostri
1657 4028 1948 4101 principes

301 4116 685 4183 pervenerant
707 4135 722 4178 ς
744 4116 802 4167 et
830 4113 1243 4183 subsequentis
1264 4113 1458 4186 populi
1485 4114 1717 4173 infinita
1749 4117 1949 4175 multi-

303 4202 467 4266 tudo,
488 4200 815 4257 infidelium
847 4217 1111 4257 cruorem
1136 4202 1366 4272 sitiens,
1392 4206 1537 4261 etad
1573 4207 1785 4263 caedem
1819 4225 1945 4265 om-

306 4289 445 4344 nino
477 4286 749 4359 proclivis
782 4305 797 4341 τ
828 4304 965 4344 cum
1013 4305 1209 4346 comes
1278 4291 1468 4349 adhuc
1526 4293 1847 4353 Tolosanus
1891 4302 1950 4354 et

1971 3099 2023 3166 C
2053 3140 2298 3211 argenti,
2338 3142 2396 3192 et
2423 3151 2787 3207 gemmarum
2819 3134 3014 3205 copias
3053 3133 3185 3189 inde
3233 3147 3432 3189 seeum
3489 3130 3704 3187 dicitur

2049 3226 2538 3296 abstulisse;quoe
2562 3229 2754 3280 tamen
2777 3224 3175 3295 postmodum,
3198 3223 3394 3279 sedato
3417 3219 3701 3289 tumultu,

2053 3314 2382 3371 restituisse
2438 3312 2690 3367 creditur
2731 3311 2789 3367 in
2852 3312 3170 3384 integrum.
3232 3310 3406 3366 Porro
3485 3308 3700 3381 reliqui

2053 3404 2367 3476 principes,
2397 3402 2763 3474 interemptis
2797 3402 2908 3470 his,
2930 3418 3080 3473 quos
3111 3401 3225 3457 sibi
3281 3416 3381 3470 per
3428 3398 3692 3472 reliquas

2054 3494 2217 3550 urbis
2250 3497 2442 3563 partes
2463 3497 2794 3564 repererant
2822 3490 3076 3559 obviam,
3102 3488 3406 3546 audientes
3423 3489 3697 3561 quod-in-

2056 3586 2142 3641 fra
2177 3591 2339 3657 septa
2370 3581 2569 3655 templi
2611 3579 2858 3655 populus
2889 3579 3119 3653 fugiens
3147 3595 3208 3634 se
3246 3577 3595 3645 contulerat,
3629 3577 3700 3635 il-

2054 3672 2150 3730 luc
2180 3675 2539 3730 descendunt
2571 3671 2900 3736 unanimes,
2924 3678 2978 3726 et
3007 3667 3344 3725 intromissa
3374 3674 3497 3724 tam
3529 3667 3700 3741 equi-

2052 3768 2179 3820 tum
2202 3779 2379 3835 quam
2405 3761 2661 3834 peditum
2691 3758 3082 3826 multitudine,
3117 3762 3404 3830 quotquot
3433 3756 3512 3813 ibi
3544 3773 3702 3829 repe·

2055 3852 2232 3921 riunt,
2258 3851 2474 3909 nemini
2500 3847 3435 3922 parcentes,obtruncantgladiis,
3468 3846 3705 3920 sangui-

2057 3961 2129 4000 ne
2150 3943 2438 4016 replentes
2461 3941 2732 3998 universa
2754 3955 2770 4008 3
2793 3939 3073 4010 justoque
3102 3937 3205 3994 Dei
3229 3938 3253 4009 j
3265 3936 3458 3994 udicio
3490 3937 3550 3993 id
3574 3953 3703 3994 cer-

2057 4039 2177 4090 tum
2207 4036 2296 4089 est
2324 4031 2629 4097 accidisse,
2664 4034 2728 4086 ut
2757 4028 2857 4100 qui
2889 4026 3316 4100 superstitiosis
3339 4026 3557 4085 ritibus
3591 4028 3703 4083 Do-

2058 4121 2202 4178 mini
2233 4123 2625 4177 sanctuarium
2646 4119 3111 4190 profanaverant,
3132 4120 3191 4172 et
3214 4114 3488 4173 fidelibus
3503 4132 3664 4189 popu
3679 4145 3701 4157 ·

2053 4212 2128 4269 lis
2159 4212 2532 4267 reddiderant
2556 4210 2836 4274 alienum,
2858 4207 2914 4261 id
2951 4205 3165 4279 proprii
3196 4206 3421 4263 cruoris
3477 4205 3711 4262 luerent

2058 4301 2360 4371 dispendio
2382 4303 2437 4355 et
2460 4304 2641 4354 morte
2665 4296 3081 4353 interveniente
3100 4292 3390 4367 piaculare
3409 4292 3709 4352 solverent

307 4374 598 4448 principes
617 4374 855 4448 alii,qui
877 4394 1009 4433 cum
1042 4395 1108 4434 eo
1133 4383 1316 4446 erant,
1341 4380 1494 4437 circa
1527 4389 1781 4441 montem
1806 4386 1945 4443 Sion
2057 4389 2365 4460 flagitium.
2416 4386 2630 4444 Horror
2679 4392 2803 4443 erat
2859 4383 3108 4454 denique
3159 4399 3449 4441 caesorum
3488 4381 3710 4440 intueri

307 4466 689 4533 decertantes,
714 4464 915 4523 urbem
950 4475 1196 4538 captam,
1217 4476 1270 4524 et
1295 4474 1626 4527 nostrorum
1648 4473 1949 4531 victoriam
1982 4478 2031 4544 D
2067 4478 2606 4545 multitudinem,et
2633 4476 3026 4532 humanorum
3060 4478 3295 4531 artuum
3329 4473 3559 4546 passim
3595 4473 3709 4530 fra·

307 4554 813 4629 ignorabant;sed
849 4556 1037 4612 excito
1094 4556 1167 4613 de
1223 4562 1560 4615 nostrorum
1604 4560 1846 4619 introitu
1896 4570 1953 4622 et

307 4648 502 4718 strage
531 4643 770 4716 civium,
805 4644 1027 4718 ingenti
1058 4645 1306 4703 clamore
1336 4652 1393 4703 et
1423 4647 1709 4707 horrendo
1732 4654 1948 4723 sonitu,

307 4733 737 4792 admirantibus
758 4734 853 4805 qui
886 4734 943 4790 in
984 4749 1053 4792 ea
1098 4739 1261 4808 parte
1307 4737 1658 4796 resistebant
1704 4742 1957 4813 civibus,

308 4824 584 4897 quidnam
609 4824 721 4880 sibi
752 4822 916 4881 vellet
943 4823 1162 4881 clamor
1193 4826 1460 4884 insolitus
1505 4834 1561 4886 et
1591 4832 1791 4903 populi
1814 4834 1958 4891 voci·

310 4914 552 4969 ferentis
602 4913 916 4982 tumultus,
968 4921 1366 4987 cognoverunt
1413 4918 1616 4976 urbem
1675 4921 1959 4981 violenter

308 5001 605 5059 effractam
637 5008 694 5058 et
714 5008 1046 5062 nostrorum
1082 5004 1376 5064 Immissas
1409 5006 1665 5081 legiones
1699 5028 1715 5069 ε
1776 5015 1954 5086 unde,

309 5090 527 5149 relictis
558 5092 818 5149 turribus
839 5098 896 5149 et
928 5095 1198 5160 muro,ad
1224 5097 1455 5154 diversa
1487 5100 1778 5172 fugientes
1808 5101 1952 5173 loca,

308 5182 483 5242 saluti
525 5183 774 5254 proprioe
816 5184 1118 5239 consulere
1148 5186 1506 5259 satagebant.
1550 5189 1640 5258 Hi,
1672 5192 1955 5261 quoniam

310 5272 640 5348 praesidium
675 5273 920 5331 civitatis
951 5274 1007 5331 in
1041 5274 1227 5333 vicino
1259 5280 1642 5337 constitutum
1688 5290 1833 5351 erat,
1886 5300 1957 5340 ex

312 5368 477 5437 parte
508 5361 751 5433 plurima
799 5363 941 5420 sein
997 5380 1189 5422 arcem
1237 5365 1661 5441 coutulerunt3
1706 5376 1765 5428 at
1820 5388 1955 5431 vero

311 5450 598 5509 exereitus
628 5460 861 5525 pontem
893 5453 1075 5510 libere
1122 5459 1176 5511 ct
1225 5455 1350 5512 sine
1391 5457 1742 5517 difficultate
1776 5478 1958 5537 super

315 5553 550 5598 murum
581 5543 873 5614 aptantes,
903 5546 961 5601 et
988 5542 1178 5601 scalas
1218 5543 1579 5617 applicantes
1638 5552 1953 5627 moenibus,

2063 4578 2299 4641 gmenta
2320 4567 2677 4638 conspicere.
2703 4570 2760 4622 et
2807 4562 2977 4621 effusi
3036 4562 3340 4635 sanguinis
3394 4564 3709 4637 aspergine

2059 4662 2329 4715 cunctam
2362 4655 2690 4713 redundare
2709 4652 3101 4726 superficiem.
3130 4652 3246 4709 Nec
3264 4652 3458 4709 solum
3490 4652 3708 4710 derun-

2067 4751 2290 4805 ctorum
2318 4761 2560 4817 corpora
2593 4744 2868 4800 membris
2891 4742 3204 4815 petioribus
3233 4740 3496 4800 laceraet
3527 4740 3707 4798 absci-

2066 4836 2149 4892 sis
2171 4833 2434 4891 mutilata
2464 4832 2777 4907 capitibus,
2812 4831 3179 4889 intuentibus
3207 4835 3333 4889 erat
3375 4829 3657 4902 angustia
3694 4845 3711 4887 ι

2065 4940 2262 4982 verum
2294 4927 2352 4981 et
2380 4924 2541 4997 ipsos
2570 4922 2869 4980 victoresa
2925 4922 3128 4993 planta
3168 4920 3334 4993 pedis
3392 4937 3587 4993 usque
3641 4917 3715 4975 ad

2065 5015 2337 5072 verticem
2370 5030 2574 5071 cruore
2597 5014 2889 5069 madentes
2920 5010 3315 5084 periculosum
3331 5014 3458 5068 erat
3474 5007 3718 5081 conspi-

2065 5121 2211 5170 cere,
2243 5110 2301 5161 et
2330 5104 2628 5160 horrorem
2661 5101 2969 5173 quemdam
3002 5100 3331 5157 inferebant
3353 5098 3717 5158 occurrenti·

2065 5194 2194 5251 bus.
2226 5192 2516 5250 Cecidisse
2533 5191 2805 5247 dicuntur
2853 5189 3005 5247 infra
3052 5188 3257 5262 templi
3315 5190 3608 5246 ambitum
3657 5191 3718 5244 et

2064 5283 2335 5340 hostibus
2363 5284 2433 5338 ad
2456 5281 2656 5337 decem
2689 5279 2889 5347 millia,
2922 5280 3173 5351 exceptis
3193 5278 3327 5336 aliis
3356 5279 3463 5353 qai
3494 5278 3717 5352 passim

2065 5389 2166 5446 per
2196 5372 2400 5427 urbem
2445 5369 2792 5438 obtruncati,
2842 5366 2998 5424 vicos
3045 5364 3351 5440 replebant
3387 5372 3445 5425 et
3477 5367 3719 5440 plateas,

2065 5477 2314 5535 quorum
2348 5478 2461 5519 non
2491 5460 2687 5517 minor
2715 5457 3017 5515 dicebatur
3043 5471 3174 5515 esse
3202 5473 3508 5517 numerus.
3534 5459 3609 5514 At
3628 5471 3724 5514 ve-

2065 5567 2128 5611 ro
2158 5552 2448 5611 exercitus
2467 5567 2607 5626 pars
2624 5548 2845 5623 reliqua
2875 5563 2978 5622 per
3008 5546 3211 5607 urbam
3247 5547 3590 5610 discurrens
3617 5560 3724 5620 per
