3784 6000
120 225 256 283 test

1097 216 1467 277 EPISTOLAE
1508 217 1596 274 ET
1635 212 2073 277 PfflviLEGIA.
2113 252 2184 265 —·
2220 220 2335 278 AN.
2377 219 2539 280 1¹84.

3391 214 3537 279 1262

116 357 172 408 et
195 350 617 424 proprietatem
671 348 832 406 sedis
870 346 1212 421 apostolicae
1250 345 1560 417 pertinere,
1602 347 1770 401 tanto
1798 345 1844 401 Α
1875 345 2142 418 episcopi
2168 344 2843 412 excommunicaverint.
2866 343 3126 404 liberum
3143 345 3216 402 sit
3246 344 3419 403 vobis
3437 360 3539 403 ex-

119 441 380 511 amplius
410 439 585 495 nobis
608 437 883 495 imminet
912 434 1351 508 providendum
1382 440 1437 489 uf
1457 433 1768 502 integritas

119 530 286 602 pacis
323 535 379 584 et
425 527 709 583 libertatis
762 526 951 598 ipsius
1003 525 1060 579 in
1096 540 1207 578 sua
1231 523 1450 594 jugiter
1497 521 1770 577 firmitate

119 617 429 681 consistat,
460 623 518 672 et
547 613 961 672 honorabilius
995 616 1185 668 status
1209 611 1338 682 ejus
1363 610 1770 684 pera-liuven-

118 707 300 764 tionis
314 706 524 762 illicitae
541 707 882 778 pravitatem
897 701 1115 775 aliquid
1126 700 1279 773 juris
1293 701 1384 755 sui
1397 699 1772 771 dispendium

117 796 968 866 nonincurrat.Quapropter,
1011 790 1209 847 dilecti
1243 791 1303 845 in
1356 790 1606 845 Domino
1649 787 1770 852 filii,

119 885 327 942 vestris
347 884 530 958 justis
557 881 1060 955 postulationibus
1082 884 1435 944 annuentes,
1460 879 1773 949 antiquam

119 975 309 1048 ipsius
320 973 585 1030 ecciesioe
597 972 943 1041 dignitatem
960 970 1184 1027 secund
1195 985 1295 1024 um
1313 967 1477 1040 quod
1489 967 1548 1023 in
1563 969 1771 1023 Roma·

120 1079 338 1121 norum
368 1062 716 1136 pontificum
745 1067 802 1117 et
824 1075 1034 1130 regum
1067 1057 1393 1131 privilegiis
1413 1056 1770 1121 continetur,

121 1154 184 1209 in
214 1169 323 1210 suo
341 1157 498 1209 statu
520 1166 761 1207 manere
781 1149 1181 1213 decernimus,
1197 1154 1254 1204 et
1270 1161 1405 1202 eam
1423 1145 1774 1201 auctoritate

120 1240 448 1313 apostolica
473 1240 923 1303 confirmamus,
943 1237 1018 1293 de
1039 1235 1345 1293 communi
1365 1233 1617 1290 fratrum
1637 1248 1776 1289 con·

120 1330 249 1386 silio
280 1333 606 1386 statuentes
637 1334 697 1382 ut
717 1327 922 1383 omnia
937 1324 1286 1382 communia
1310 1323 1653 1394 juramenta
1683 1321 1772 1376 vel

122 1418 458 1491 conjuratio
489 1432 674 1489 quam
707 1415 1038 1485 burgenses
1078 1412 1256 1469 vestri
1298 1415 1373 1468 de
1403 1413 1774 1468 castronovo

120 1508 235 1565 sub
265 1506 667 1579 appellatione
695 1503 1056 1561 communias
1086 1503 1176 1558 vel
1204 1501 1545 1559 communis
1574 1516 1768 1557 sacra-

122 1598 301 1653 menti
318 1596 598 1661 fecerunt,
619 1609 980 1667 quocunque
1002 1591 1245 1648 nomine
1266 1589 1774 1657 censeatur,irrita

1877 436 2355 493 communicatos
2386 436 2758 493 denuntiare.

1950 523 2342 583 Prohibemus
2371 525 2617 598 insuper
2648 528 2710 580 ut
2747 523 2893 579 nulli
2927 524 3405 597 archiepiscopO,
3439 524 3537 582 vel

1878 613 2184 684 episcopo,
2211 615 2302 670 vel
2332 614 2429 671 alii
2459 613 2874 671 ecclesiasticae
2906 629 3179 686 personae
3212 613 3387 671 liceat
3433 630 3535 671 ex·

1879 704 2443 760 communicationis
2465 704 2559 761 vel
2580 702 2871 760 interdicti
2892 703 3535 776 sentcntiam,quamin

1880 791 2197 862 praedictos
2237 791 2650 849 malefactores
2689 791 2775 849 vel
2809 791 3009 864 jurato
3037 797 3266 848 vestros
3300 797 3535 852 servata

1880 878 2077 936 forma
2092 887 2150 937 et
2171 881 2382 938 ordine
2410 898 2594 957 quem
2620 882 2881 939 diximus
2901 881 2976 937 de
3003 880 3312 938 communi
3342 881 3538 939 consi-

1880 968 1961 1025 lio
1994 969 2081 1025 vel
2106 971 2352 1041 maJ‘oris
2373 976 2431 1028 et
2449 970 2703 1027 sanioris
2730 971 2914 1044 partis
2935 970 3384 1028 rationabiliter.
3405 985 3537 1043 pro·

1884 1057 2153 1128 tuleritis,
2186 1060 2312 1115 sine
2351 1059 2757 1117 satisfactione
2784 1075 3054 1130 congrua
3086 1060 3353 1118 relaxare
3385 1075 3400 1126 ;
3430 1061 3536 1118 sed

1885 1162 2075 1217 usque
2093 1147 2429 1218 addignam
2448 1148 2934 1206 emendationem
2952 1150 3395 1225 sententiaipsa
3405 1157 3536 1209 rata

1882 1240 1939 1292 et
1956 1234 2134 1292 firma
2163 1241 2595 1308 permaneat‚et
2636 1237 3121 1308 irrefragabiliter
3162 1237 3534 1298 observetur.

1882 1325 2033 1381 Nulli
2066 1341 2209 1395 ergo
2235 1325 2484 1383 omnino
2504 1327 2819 1383 hominum
2848 1326 3020 1383 liceat
3047 1327 3202 1384 hanc
3248 1330 3536 1403 paginam

1882 1418 2098 1470 nostroe
2136 1413 2519 1481 definitionis,
2552 1415 2950 1471 concessionis
2982 1421 3038 1471 et
3067 1417 3539 1475 confirmationis

1881 1501 2220 1576 infringere,
2245 1504 2340 1560 vel
2363 1504 2417 1561 ei
2446 1520 2600 1561 ausu
2624 1503 2943 1561 temerario
2970 1506 3285 1565 contraire.
3317 1507 3376 1563 Si
3401 1507 3539 1582 quis

1880 1596 2081 1649 autem
2115 1593 2227 1649 hoc
2250 1597 2540 1649 attentare
2565 1595 3034 1665 proesumpserit,
3055 1594 3537 1666 indignauonem

123 1687 317 1742 sintet
344 1701 536 1755 cassa,
560 1691 615 1741 et
644 1682 1005 1756 principales
1062 1686 1334 1738 auctores
1381 1694 1590 1736 eorum
1634 1695 1771 1735 cum
1802 1703 1844 1758 Β
1880 1682 2309 1752 omnipotentis
2339 1683 2436 1738 Dei
2471 1687 2529 1738 et
2569 1681 2880 1738 beatorum
2924 1683 3068 1740 Petri
3096 1689 3152 1741 et
3194 1685 3356 1742 Pauli
3396 1701 3540 1759 apo·

120 1774 456 1832 fautoribus
499 1773 642 1838 suis,
670 1773 718 1828 si
758 1787 830 1828 ea
862 1771 1141 1842 abjurare
1179 1769 1496 1834 noluerint,
1535 1767 1772 1824 vinculo

121 1862 523 1921 anathematis
541 1861 921 1918 innodentur.
949 1859 1094 1916 illud
1118 1858 1772 1931 quoqnejuramentum

118 1969 242 2028 quo
264 1969 325 2008 se
348 1952 461 2008 illis
480 1957 697 2008 temere
718 1949 980 2022 populus
998 1949 1368 2017 obligaverat
1388 1946 1616 2003 trritum
1639 1959 1771 2001 esse

115 2043 519 2110 decernimus,
546 2045 604 2096 et
633 2038 1029 2111 proecepimus
1054 2053 1176 2094 non
1208 2036 1414 2104 teneri,
1447 2035 1530 2091 ita
1570 2041 1770 2092 tamen

116 2137 179 2187 ut
208 2131 284 2187 de
317 2130 638 2186 temeritate
660 2128 847 2200 ipsius
862 2126 1189 2198 juramenti
1220 2123 1772 2197 dignapoenitentia

114 2220 499 2285 satisfaciant,
529 2217 848 2291 quiaillud
875 2223 1084 2272 contra
1113 2214 1434 2271 Ecclesiam
1471 2214 1572 2269 Dei
1616 2228 1770 2285 prm-

115 2315 460 2380 sumptione
489 2304 820 2364 damnabili
839 2305 1206 2378 praetiterunt
1224 2321 1241 2370 ς
1258 2302 1519 2359 maxime
1538 2317 1674 2357 cum
1698 2317 1770 2356 ex

114 2399 227 2455 hoc
259 2403 314 2453 et
342 2396 585 2453 libertas
609 2395 903 2467 deperiret
924 2392 1215 2458 Ecclesioe,
1243 2392 1380 2449 etin
1410 2390 1505 2447 his
1524 2407 1661 2465 quae
1691 2389 1771 2446 ad

112 2485 591 2557 jurisdictionem
615 2483 744 2556 ejus
775 2483 1067 2555 pertinere
1086 2485 1432 2546 noscuntur,
1454 2480 1640 2535 multa
1660 2495 1769 2535 εω-

119 2577 254 2648 pius
287 2581 494 2630 contra
524 2573 675 2645 juris
721 2572 994 2628 ordinem
1034 2577 1089 2627 et
1136 2574 1434 2627 servatam
1481 2568 1772 2625 hactenus

109 2664 406 2736 justitiam
429 2661 830 2734 provenirent.
848 2661 905 2717 Si
917 2661 1019 2733 qui
1034 2674 1182 2729 ergo
1198 2658 1274 2715 de
1290 2657 1598 2715 actoribus
1606 2656 1628 2728 j
1640 2671 1774 2713 ura-

118 2757 457 2811 mentorum
486 2751 970 2822 praescriptorum
1002 2748 1094 2805 vel
1123 2747 1557 2819 conjurationis
1587 2747 1774 2818 ipsius

113 2839 969 2912 existiterintqui,eaabjurare
982 2834 1770 2903 commonit,oontradicant,

116 2931 208 2989 vel
237 2929 584 3004 hujusmodi
610 2927 893 2999 deinceps
913 2924 1342 2984 conventiculis
1362 2941 1545 2982 manu
1568 2928 1772 2981 tenen-

119 3021 211 3077 dis
238 3027 342 3075 aut
365 3017 725 3076 roborandis
756 3017 1053 3083 insistant,
1085 3016 1339 3072 liberam
1362 3013 1535 3072 vobis
1554 3014 1775 3069 damus
1805 3048 1847 3104 C

119 3109 341 3167 nullius
390 3105 857 3164 contradictione
896 3103 992 3160 vel
1032 3103 1432 3177 appellatione
1483 3102 1772 3166 obstante,

121 3194 689 3254 excommunicandi
715 3209 818 3252 eos
847 3192 1195 3250 auctoritate
1224 3191 1556 3264 apostolica
1587 3189 1777 3247 facul·-

128 3292 333 3342 tatem.

195 3465 281 3521 Ad
306 3465 434 3520 haec
458 3462 979 3536 praedecessorum
999 3464 1342 3518 nostrorum
1374 3457 1562 3516 felicis
1587 3473 1779 3515 recor·

123 3554 381 3610 dationis
411 3551 731 3609 Alexandri
761 3552 811 3607 ei
842 3549 1099 3608 aliorum
1131 3549 1536 3624 quorumdam
1571 3549 1783 3604 Roma·

126 3658 342 3699 norum
366 3642 716 3715 pontificum
734 3639 993 3711 vestigiis
1009 3638 1387 3703 inb-rentes,
1410 3637 1484 3693 de
1495 3642 1783 3700 consueta

126 3732 445 3788 clementia
465 3736 522 3787 et
543 3729 908 3799 benignitate
924 3726 1084 3783 sedis
1111 3725 1455 3799 apostolicas
1482 3724 1651 3781 vobis
1669 3724 1783 3781 du-

126 3821 326 3877 ximus
370 3819 809 3889 indulgendum
851 3821 930 3883 ut,
958 3817 1007 3871 si
1050 3814 1487 3890 archiepiscopi
1526 3816 1619 3870 vel
1662 3812 1783 3885 epi·

130 3911 295 3981 scopi
327 3910 386 3965 in
417 3923 679 3982 quorum
699 3904 1152 3980 episcopatibus
1173 3903 1589 3962 malefactores
1605 3902 1783 3959 vestri

130 3999 370 4067 fuerint,
412 3997 582 4055 tertio
620 4011 725 4070 per
761 3994 1142 4053 intervallum
1185 3994 1361 4052 trium
1402 3991 1698 4054 mensium
1746 4007 1784 4048 a

132 4087 305 4143 vobis
329 4092 660 4142 reverenter
672 4090 730 4141 et
746 4084 960 4140 devote
980 4089 1161 4156 atque
1182 4080 1783 4155 humiliterrequisiti,

132 4177 207 4231 de
238 4176 385 4247 ipsis
416 4188 603 4245 usque
629 4174 707 4229 ad
738 4187 967 4229 annum
999 4172 1169 4228 vobis
1198 4175 1258 4228 et
1282 4172 1550 4228 ecclesiae
1573 4176 1786 4229 vestroe

133 4266 373 4337 plenam
400 4267 457 4318 et
481 4261 876 4319 sufficientem
897 4261 1189 4332 justitiam
1229 4276 1352 4317 non
1388 4259 1785 4326 exhibuerint,

132 4359 348 4409 extunc
381 4350 586 4407 habito
612 4350 834 4407 saniori
865 4350 1114 4406 consilio
1138 4355 1197 4406 et
1225 4348 1569 4407 maturitate
1597 4364 1785 4422 quam

133 4444 301 4498 decet
341 4446 595 4506 servata,
634 4439 813 4496 liceat
846 4440 1018 4495 vobis
1048 4454 1153 4494 eos
1187 4438 1536 4496 auctoritate
1577 4444 1786 4495 nostra

133 4531 286 4588 infra
318 4531 638 4586 missarum
670 4527 984 4593 solemnia,
1009 4526 1234 4583 nullius
1260 4526 1658 4600 appellatione
1697 4526 1786 4583 vel

135 4615 1787 4682 contradictioneobstante,excommunicationisvinculo

137 4708 450 4767 innodare.
488 4706 565 4762 De
586 4705 680 4762 his
706 4711 908 4762 autem
934 4705 1042 4777 qui
1070 4704 1414 4762 fidelitatem
1454 4703 1625 4762 vobis
1653 4720 1788 4777 pro-

141 4800 452 4862 miserunt,
484 4801 542 4851 et
562 4794 908 4866 juramento
931 4792 1608 4851 confirmaveruntstare
1620 4793 1790 4865 jusfi-

141 4889 236 4945 tiae
287 4883 529 4958 capituli
574 4884 777 4949 vestri,
819 4882 983 4953 juxta
1021 4884 1482 4939 consuetudines
1524 4881 1791 4940 ecclesiia

142 4982 370 5042 vestroe,
399 4974 452 5031 si
479 4972 631 5029 infra
642 4988 746 5028 sex
763 4986 999 5028 menses
1010 4977 1333 5045 postquam
1352 4970 1792 5044 archiepiscopi

143 5064 506 5136 velepiscopi
521 5078 780 5136 quorum
805 5060 1156 5133 parochiani
1176 5066 1331 5133 sunt,
1357 5078 1394 5118 a
1415 5060 1582 5120 vobis
1600 5061 1794 5133 requi·

144 5154 237 5211 siti
260 5153 493 5221 fuerint,
522 5167 629 5209 eos
669 5149 1000 5208 secundum
1040 5150 1206 5221 quod
1235 5149 1501 5207 diximus
1542 5150 1619 5207 de
1658 5150 1792 5208 aliis

147 5242 313 5317 quod
325 5242 491 5298 vobis
501 5241 854 5313 juraverunt
867 5255 986 5295 non
1005 5239 1425 5311 compulerunt
1441 5237 1792 5311 adimplere,

149 5331 425 5389 eamdem
458 5345 566 5402 per
601 5330 810 5386 omnia
849 5328 1023 5385 vobis
1060 5328 1479 5386 auctoritatem
1519 5328 1799 5385 concedi-

1880 1770 2170 1827 stolorum
2200 1771 2330 1842 ejus
2361 1786 2423 1825 se
2454 1772 2685 1827 noverit
2713 1772 3095 1829 incursurum

1954 1861 2170 1916 Datum
2190 1858 2410 1927 Verul.,
2433 1876 2470 1915 v
2501 1859 2798 1917 Kalendas
2827 1860 2856 1915 J
2865 1859 3006 1915 unii.

2591 1966 2817 2023 CXLIX.

1879 2056 2174 2112 Aimerico
2197 2054 2388 2124 prior-i
2424 2061 2475 2110 et
2510 2055 2780 2124 capituto
2812 2055 3233 2114 Silviniacensi
3268 2057 3534 2115 concedit

1957 2146 1985 2179 α
2007 2141 2078 2183 ne
2104 2125 2235 2199 quis
2262 2126 2434 2197 infra
2476 2126 2736 2197 eJusdem
2771 2127 3029 2183 ecclesia?
3061 2128 3383 2196 parochias
3415 2129 3539 2188 sine

1954 2201 2212 2267 ipsorum
2227 2213 2462 2254 assensu
2478 2199 2780 2255 ecclesiam
2798 2197 2886 2255 vel
2898 2199 3189 2268 capellam
3206 2206 3534 2268 construat,

1953 2285 2059 2326 nec
2078 2269 2705 2326 excommunicationis
2725 2269 2847 2326 sive
2866 2269 3166 2326 interdicti
3185 2287 3279 2328 sen
3288 2271 3534 2330 tentiam

1951 2341 2014 2396 in
2040 2339 2484 2397 silviniac-enses
2516 2341 2877 2412 promutqet.
2909 2362 2938 2393 »

2448 2428 2682 2502 (Castri,
2708 2430 2844 2485 lun.
2878 2430 2985 2501 13).

1954 2519 2211 2575 Histoire
2223 2517 2303 2572 du
2312 2517 2551 2583 prieur&
2565 2517 2631 2573 ‹te
2646 2518 2975 2588 Souviqny,
2990 2521 3111 2582 342.
3132 2522 3278 2575 teste
3301 2519 3536 2592 Brequi·

2131 2604 2275 2660 gny,
2314 2589 2498 2646 Tabte
2525 2588 3005 2660 chronolooique,
3048 2591 3134 2655 lv,
3166 2588 3284 2664 43.]

2658 2694 2768 2750 CL.

1881 2784 2309 2842 monasterium
2318 2783 2378 2840 S.
2397 2782 2609 2840 Marias
2624 2784 2980 2852 Novipomus
2993 2785 3277 2842 tuendum
3289 2786 3537 2857 suscipit

2206 2861 2258 2912 et
2279 2856 2406 2927 ejus
2428 2854 2578 2912 bona
2604 2871 2674 2911 ac
2688 2857 2841 2925 ,iura
2869 2857 3203 2927 confirmat.

2389 2943 2695 3018 (Anconae‚
2717 2943 2852 3000 Jun.
2887 2944 2995 3017 17.)

1886 3035 2164 3107 [Ucasnm.
2197 3034 2374 3090 ltalia
2393 3048 2591 3100 sacra,
2612 3034 2660 3102 1,
2691 3037 2900 3090 332.-
2921 3033 3225 3090 Pontificis
3264 3038 3323 3091 et
3349 3034 3540 3092 cardi·

1956 3105 2182 3162 natium
2209 3106 2708 3177 subscriptiones,
2736 3121 2874 3161 cum
2901 3106 2995 3161 die
3013 3105 3127 3162 illis
3143 3107 3298 3163 ascri
3346 3112 3424 3173 ta,
3443 3106 3540 3164 hic

1957 3184 2187 3233 tantum
2219 3176 2593 3242 exhibentur,
2643 3176 2883 3233 Lectore
2913 3176 2993 3233 ad
3021 3177 3251 3234 bullam
3339 3178 3539 3235 lexan·

1956 3248 2046 3303 dri
2068 3246 2143 3303 Ill
2170 3247 2362 3303 eidem
2398 3248 2778 3315 monasterio,
2809 3245 3027 3304 iisdem
3052 3248 3273 3316 verbis,
3294 3264 3539 3307 conces·

1960 3334 2090 3375 sam
2104 3323 2403 3375 revocato.
2428 3318 2568 3373 Vide
2601 3320 2978 3388 Patroloqiae,
3001 3324 3040 3375 t.
3068 3321 3173 3388 CC,
3193 3320 3255 3376 in
3276 3320 3532 3378 Alexan·

1957 3390 2063 3445 dre
2090 3387 2183 3451 ΙΙΙ,
2205 3389 2282 3445 ad
2310 3405 2409 3446 an.
2443 3390 2599 3454 1¹77,
2633 3388 2788 3445 Junii
2816 3389 2933 3463 29.]

1959 3478 2082 3550 Ego
2111 3478 2324 3534 Lucius
2352 3476 2662 3533 catholicae
2693 3476 2965 3534 Ecclesiae
2992 3478 3335 3551 episcopus.

1962 3569 2083 3637 Ego
2121 3565 2457 3622 Theodinus
2495 3565 2833 3622 Portuensis
2872 3565 2935 3621 S.
2957 3565 3182 3623 Rufinae
3218 3566 3378 3622 sedis
3416 3566 3542 3638 epi·

1890 3672 2484 3816 scgggshwohaldus
2512 3743 2798 3802 Ostiensis
2816 3750 2873 3801 et
2890 3742 3274 3802 velletrensis
3302 3743 3542 3817 episco-

1890 3849 2083 3992 pul'ggo
2110 3922 2367 3978 Joannes
2398 3920 2710 3994 presbyter
2737 3919 2903 3978 card.
2928 3921 3013 3979 tit.
3050 3923 3108 3979 S.
3138 3920 3332 3980 Marci.

1954 4014 2076 4084 Ego
2102 4010 2407 4067 Laborans
2438 4009 2642 4082 presb.
2673 4010 2837 4067 card.
2864 4012 2919 4067 S.
2954 4011 3137 4068 Mariae
3158 4013 3342 4068 Trans
3371 4009 3539 4068 Tibe·

1890 4101 2029 4168 rim,
2063 4101 2147 4156 tit.
2180 4098 2406 4156 calixti.

1966 4193 2087 4260 Ego
2118 4188 2353 4247 Arditto
2383 4188 2535 4244 diac.
2567 4187 2731 4245 card.
2758 4189 2813 4245 8.
2837 4186 3153 4245 Theodori.

1967 4281 2087 4348 Ego
2140 4276 2456 4334 Gratianus
2508 4277 2606 4335 SS.
2656 4276 2882 4334 Cosmae
2921 4280 2980 4333 et
3045 4277 3321 4334 Damiani
3382 4275 3542 4334 diac.

1816 4408 1865 4466 D
1892 4365 2059 4425 eard.

1967 4459 2088 4530 Ego
2114 4454 2419 4513 soffredus
2454 4455 2507 4511 S.
2552 4455 2742 4513 mariue
2773 4454 2831 4511 in
2870 4455 2979 4512 Via
3013 4456 3158 4512 Lata
3190 4454 3348 4513 diac.
3380 4455 3546 4514 card.

1967 4547 2183 4603 Datum
2213 4549 2493 4615 Anconae‚
2515 4543 2652 4618 pe?
2637 4557 2886 4601 manum
2909 4543 3171 4614 {ingonis
3195 4544 3250 4601 S.
3275 4546 3341 4600 R.
3363 4546 3423 4602 E.
3445 4559 3549 4602 no-

1897 4636 2047 4704 tarii,
2080 4651 2160 4692 xv
2185 4633 2314 4689 Kal.
2337 4632 2494 4699 sulii,
2519 4634 2721 4691 indict.
2755 4649 2815 4700 ιι,
2841 4632 3073 4689 lncarn.
3100 4633 3334 4690 nomin.
3391 4634 3548 4701 118³,

1895 4724 2280 4798 pontificatus
2309 4737 2451 4779 vero
2477 4725 2536 4778 t).
2566 4721 2731 4778 Lucii
2756 4736 2929 4795 papae
2960 4721 3030 4776 111
3057 4736 3220 4779 anno
3244 4725 3331 4779 iu.

2704 4828 2833 4883 CLI.

1901 4918 2263 4977 Donationes
2290 4915 2605 4988 Goderridi
2631 4916 2676 4983 I,
2708 4915 2949 4974 Hemici
2977 4917 3009 4972 l
3032 4922 3089 4974 et
3121 4915 3433 4987 Godefridi
3471 4916 3550 4984 11,

1973 4989 2626 5130 xxxxix-gratiam&
2639 4987 2908 5059 favorem
2925 4990 3184 5061 equitum
3201 4988 3549 5059 Templario-

2403 5147 2699 5221 (Arimini,
2732 5148 2869 5205 Jun.
2901 5147 3015 5221 22.)

2192 5237 2468 5309 [Missus.
2500 5239 2653 5310 Opp.
2681 5235 2956 5311 diplom„
2988 5237 3059 5304 11,
3085 5234 3272 5309 1¹89]

1967 5327 2169 5385 Lucius
2205 5327 2544 5399 episcopus,
2572 5342 2784 5384 servus
2824 5341 3155 5391 servorum,
3191 5326 3291 5381 Dei
3323 5325 3554 5384 dilectis

147 5437 284 5479 mus
313 5424 369 5475 et
388 5418 750 5475 conferimus
784 5422 1160 5491 potestatem.
1203 5417 1530 5490 adjicimus
1555 5432 1799 5492 quoque
1905 5415 2043 5473 filiis
2071 5416 2360 5487 magistro
2383 5420 2440 5472 et
2477 5414 2759 5472 fratribus
2788 5414 3010 5471 domus
3047 5413 3272 5471 militiai
3308 5414 3557 5489 Templi,

101 5541 116 5554 ·
150 5515 219 5570 ut
238 5523 394 5584 quos
421 5506 498 5565 de
513 5507 1000 5567 malefactoribus
1020 5507 1232 5566 vestris
1252 5506 1686 5582 archiepiscopi
1706 5505 1802 5567 vel
1909 5505 2166 5565 salutem
2192 5509 2251 5564 et
2274 5503 2668 5580 apostolicam
2686 5503 3189 5563 benedictionem.
