3784 6000
265 206 386 268 459

1330 198 1763 261 GUILLELMI
1807 201 2191 265 TYRENSIS
2235 198 2598 264 ARCHOEP.

3545 204 3667 267 460

266 344 554 407 contestor,
577 342 637 395 ut
667 340 1075 411 quibuscunque
1101 334 1284 389 modis
1302 334 1469 398 vales,
1500 340 1599 388 aut
1654 336 1817 390 etiam
1860 335 1913 389 si
1941 338 1993 403 Α
2026 336 2247 409 aliquot
2267 338 2337 393 de
2367 336 2493 392 suis
2524 335 2621 407 qui
2651 351 2775 392 rem
2808 328 3235 407 praetentarent,
3270 348 3670 411 cognoverunt

264 447 481 488 necesse
507 432 604 496 sit,
628 431 683 484 vi
704 432 1007 484 adventum
1036 425 1154 495 ejus
1184 423 1465 494 impedias.
1510 423 1787 494 Quidquid
1812 441 1915 480 au·

265 526 377 577 tem
400 537 562 592 super
590 517 662 574 iis
688 534 808 590 quae
829 515 1027 571 mando
1054 517 1116 568 tu
1161 515 1413 582 facturus
1458 512 1555 578 sis,
1601 514 1760 584 qalea
1818 518 1917 570 tuo

214 618 219 623 '
264 610 336 666 ad
364 626 450 666 me
467 609 566 665 sub
593 607 950 678 festinatione
967 603 1154 671 missa,
1179 620 1276 675 per
1290 604 1439 660 hunc
1457 603 1733 668 eumdem,
1756 619 1915 675 quem

263 700 338 755 ad
364 704 418 753 te
445 699 605 754 mitto
632 697 914 763 nuntium,
943 695 1105 762 milii,
1131 693 1467 761 charissime,
1491 691 1803 764 manifesta.

910 802 1142 859 CAPUT
1182 806 1250 859 V.

265 896 486 954 Accedit
517 896 823 952 Balduinus
870 893 1322 964 Hierosolymam,
1353 900 1404 947 et
1470 891 1618 948 circa
1677 891 1911 964 fluvium

616 967 779 1023 Canis
809 965 1045 1023 hostium
1069 966 1270 1035 reperit
1303 963 1560 1019 insidias.

338 1058 500 1114 Hanc
520 1061 715 1113 tamen
730 1053 1035 1126 epistolam
1067 1052 1141 1108 ad
1161 1052 1466 1109 dominum
1500 1053 1908 1109 Boamundum

272 1146 515 1204 minime
537 1146 823 1202 credimus
866 1142 1214 1216 pervenisse.
1275 1146 1424 1197 Nam
1467 1143 1669 1197 eodem
1721 1155 1916 1198 mense

271 1251 386 1308 quo
417 1234 691 1291 dominus
725 1235 888 1290 bonoe
921 1231 1212 1289 memoriae
1243 1231 1357 1286 dux
1388 1246 1560 1286 carne
1592 1230 1919 1287 dissolutus

271 1324 619 1396 migraverat
639 1325 706 1378 ad
746 1322 1075 1386 Dominum,
1108 1321 1331 1377 modico
1390 1324 1524 1375 ante
1579 1319 1668 1374 vel
1719 1323 1918 1389 postea

272 1417 475 1484 captus
495 1417 617 1468 erat
640 1414 711 1468 ab
738 1410 1185 1480 hostibus,sicut
1217 1408 1528 1481 diligenter
1552 1409 1916 1479 praemissum

273 1506 380 1560 est.
413 1501 700 1558 Dominus
717 1517 850 1556 vero
873 1499 1219 1562 Balduinus,
1246 1498 1674 1554 Edessanorum
1722 1513 1919 1552 comes

276 1591 501 1647 reddita
520 1588 634 1646 sibi
655 1590 888 1661 egregia
911 1588 1210 1643 Medorum
1248 1586 1571 1655 metropoli,
1590 1585 1916 1655 Meletenia,

276 1681 466 1739 fausta
496 1680 768 1737 felicitate
802 1679 1217 1745 fruebatur;et
1254 1675 1596 1747 perdomitis
1646 1675 1915 1731 hostibus

276 1770 337 1827 in
369 1769 617 1828 circuitu
649 1767 987 1838 admodum,
1019 1766 1277 1838 aliquam
1309 1765 1421 1821 sibi
1481 1780 1681 1836 pacem
1723 1770 1780 1820 et
1818 1781 1921 1837 po-

277 1860 416 1933 pulo
447 1875 548 1916 suo
604 1876 704 1930 per
752 1860 852 1916 Dei
900 1858 1148 1930 gratiam
1207 1855 1555 1912 obtinebat:
1588 1851 1738 1910 ‘cum
1788 1870 1920 1911 ecoe

279 1948 520 2006 nuntius
551 1948 623 2005 ab
655 1947 1069 2020 Hierosolymis
1102 1960 1439 2018 properans,
1472 1944 1777 1999 dominum
1810 1945 1919 2000 du·

278 2054 402 2096 cem
457 2037 571 2094 vita
611 2036 932 2093 decessisse
1002 2033 1263 2101 nuntiat;
1342 2036 1690 2105 cognitoque
1764 2034 1920 2104 quod

198 2178 205 2185 .
273 2126 442 2184 amici
472 2130 530 2183 et
558 2125 760 2182 fideles
791 2124 983 2181 fratris
1005 2122 1263 2179 defuncti
1311 2138 1446 2179 eum
1494 2121 1783 2177 instanter
1821 2139 1920 2179 vo·

270 2217 504 2285 cabant,
534 2220 599 2272 ut
628 2216 698 2272 ad
724 2216 881 2287 regni
930 2220 1243 2271 maturaret
1289 2215 1741 2283 successionem,
1774 2231 1919 2272 con·

270 2312 508 2380 gregato
529 2304 643 2362 sibi
669 2305 1053 2360 ducentorum
1067 2303 1329 2374 equitum
1361 2308 1417 2359 et
1445 2304 1917 2376 octingentorum

272 2395 536 2467 peditum
577 2392 875 2459 comitatu,
918 2391 1211 2464 resignata
1253 2396 1403 2447 terra
1443 2392 1499 2448 in
1548 2409 1757 2449 manus
1815 2410 1917 2449 cu·

267 2483 508 2554 jusdam
536 2482 947 2552 consanguinei
971 2480 1085 2549 sui,
1114 2480 1221 2535 viri
1254 2483 1556 2550 prudentis
1586 2486 1646 2538 et
1673 2483 1919 2556 egregii,

273 2572 495 2630 domini
527 2570 798 2627 videlicet
834 2570 1099 2627 Balduini
1123 2570 1193 2625 de
1252 2570 1442 2643 Burgo
1475 2572 1596 2644 qui,
1631 2573 1803 2629 sicuti
1852 2573 1915 2630 in

275 2662 378 2720 illo
399 2661 700 2731 comitatu,
730 2661 812 2717 ita
844 2661 1212 2732 postmodum
1246 2664 1302 2715 et
1333 2661 1391 2715 in
1414 2676 1591 2733 regno
1613 2663 1918 2733 successit,

275 2773 334 2813 v1
362 2754 555 2811 Nonas
586 2750 852 2809 Octobris
881 2767 1083 2807 versus
1114 2750 1568 2823 Hierosolymam
1612 2752 1718 2808 iter
1774 2754 1923 2809 arri-

280 2845 428 2918 puit,
454 2842 804 2899 mirantibus
838 2840 1136 2896 nonnullis
1168 2840 1345 2911 quod,
1369 2856 1503 2894 oum
1545 2845 1664 2896 tam
1713 2841 1921 2914 exiguo

278 2939 582 3012 apparatu,
616 2937 845 2991 tantum
878 2934 984 2990 iter
1014 2950 1114 3007 per
1130 2932 1351 2989 medios
1369 2932 1622 2989 bostium
1651 2933 1797 2990 flues
1819 2950 1923 3007 ag·

2023 428 2309 499 quosdam
2341 427 2412 483 de
2440 424 2514 481 iis
2545 425 2644 496 qui
2672 424 2865 481 locum
2893 426 3243 495 munierant,
3277 427 3524 484 transito
3563 429 3670 486 flu·

2025 515 2588 584 mine,descendisse
2608 514 2670 569 in
2695 513 3132 585 planumzquod
3162 515 3427 573 videntes
3458 519 3674 588 nostri,

2023 604 2298 661 timentes
2329 620 2400 660 ne
2432 607 2565 676 post
2584 619 2644 659 se
2672 605 2922 673 majores
2970 601 3350 674 reliquissent
3397 605 3674 678 insidias,

2023 693 2103 749 rei
2131 696 2349 749 statum
2382 691 2620 748 domino
2642 690 2840 747 comiti
2870 706 2970 762 per
2999 708 3180 748 unum
3213 709 3282 749 ex
3321 693 3465 766 ipsis
3513 695 3678 752 indi-

2023 786 2321 837 caverunt.
2357 781 2463 848 Qui
2497 781 2623 836 sine
2657 796 2820 835 mora
2848 780 3085 837 aciebus
3114 781 3419 840 instructis
3448 784 3534 840 eis
3575 801 3676 842 oc-

2025 886 2287 941 currens,
2330 871 2400 925 ad
2457 869 2958 940 congrediendum
3020 876 3254 941 paratos
3307 872 3559 943 reperit3
3610 873 3670 931 in

2030 975 2173 1030 quos
2202 959 2468 1016 animoso
2492 960 2716 1015 irruens
2747 959 2985 1030 impetu,
3019 959 3204 1032 primo
3261 961 3536 1020 conflictu
3576 980 3676 1021 eo—

2028 1049 2747 1123 rumsolvitmanipulum,
2773 1050 3041 1122 pluribus
3071 1067 3138 1107 ex
3167 1053 3253 1109 eis
3282 1052 3673 1128 interemptis,

2028 1139 2272 1212 reliquis
2296 1144 2489 1196 autem
2514 1140 2572 1195 in
2605 1139 2801 1211 fugam
2833 1140 3157 1209 conversis;
3184 1142 3552 1216 sarcinisque
3573 1145 3675 1201 de·

2027 1228 2258 1301 positis,
2292 1229 2370 1285 ibi
2403 1234 2594 1285 castra
2617 1228 2823 1285 metari
2847 1229 3145 1302 praecipit:
3179 1232 3279 1287 ubi
3317 1248 3453 1289 cum
3509 1232 3675 1292 locus

2027 1323 2183 1373 esset
2207 1322 2404 1374 aretus
2437 1317 2868 1388 aliquantulum
2902 1319 3055 1373 inter
3099 1324 3324 1376 montes
3374 1326 3432 1377 et
3488 1338 3675 1390 mare,

2027 1412 2255 1463 noctem
2290 1409 2577 1463 duxerunt
2611 1408 2670 1462 in
2704 1409 2890 1464 multo
2924 1408 3265 1466 discrimine
3293 1410 3674 1484 pervigilem;

2031 1496 2324 1552 molestias
2355 1497 2437 1552 eis
2470 1498 2878 1566 irrogantibus,
2904 1503 3017 1555 tam
3049 1499 3121 1555 iis
3153 1499 3253 1572 qui
3286 1501 3345 1556 in
3371 1502 3673 1558 montibus

2028 1585 2221 1641 aditus
2273 1592 2772 1657 praeoccupaverat
2827 1604 3003 1659 quam
3062 1589 3161 1660 qui
3206 1589 3267 1644 in
3308 1589 3553 1647 navibus
3598 1591 3674 1648 ab

2031 1673 2171 1728 urbe
2202 1673 2485 1729 Beritensi
2516 1678 2574 1729 et
2606 1675 2790 1731 Biblio
2839 1674 3279 1744 descenderant,
3321 1677 3673 1749 sagittarum

2028 1763 2150 1816 tota
2181 1765 2349 1817 nocte
2372 1762 2807 1819 multitudinem
2838 1763 3244 1832 immittentes,
3269 1772 3326 1822 et
3364 1766 3519 1824 circa
3571 1784 3671 1824 ex-

2028 1851 2213 1904 trema
2243 1854 2562 1906 castrorum
2597 1852 2782 1908 multa
2802 1853 3019 1909 nostris
3040 1854 3356 1912 inserentes
3382 1855 3675 1928 pericula:

2027 1941 2085 1993 et
2116 1937 2286 1995 tantis
2315 1940 2726 1996 exacerbantes
2766 1944 3071 2014 angustiis,
3134 1948 3197 1999 ut
3242 1961 3426 2017 equos
3482 1945 3674 2003 fessos

2026 2043 2097 2083 ex
2119 2026 2345 2096 itinere,
2378 2035 2573 2102 etprae
2605 2029 2813 2087 caloris
2870 2033 3264 2090 immensitate
3313 2034 3673 2106 sitibundos,

2027 2132 2094 2174 ea
2126 2124 2291 2175 nocte
2321 2121 2591 2191 quamvis
2620 2137 2798 2194 prope
2827 2127 2978 2180 esset
3007 2122 3241 2193 fluvius,
3295 2140 3407 2182 non
3436 2128 3680 2199 possent

2029 2207 2342 2281 adaquare.

2663 2318 2895 2377 CAPUT
2936 2321 3029 2378 v1.

2033 2406 2338 2463 Vincuntur
2367 2407 2561 2477 hostes,
2583 2414 2634 2465 et
2660 2413 2911 2479 expedito
2957 2414 3156 2469 itinere
3194 2412 3494 2470 Balduinus
3542 2429 3681 2487 per-

2538 2483 2683 2538 venit
2714 2483 3164 2556 Hierosolymam.

2102 2566 2300 2623 Postea
2323 2573 2540 2636 autem,
2563 2569 2934 2629 illucescente
2955 2571 3068 2641 die,
3088 2574 3519 2633 communicato
3541 2591 3680 2632 cum

2028 2656 2152 2711 suis
2183 2657 2445 2723 consilio,
2472 2660 2739 2732 proeoipit
2768 2677 2964 2718 comes
2996 2667 3081 2731 ut,
3114 2663 3454 2735 compositis
3470 2664 3545 2722 ad
3570 2665 3682 2723 iter

2029 2746 2299 2812 sarcinis,
2323 2747 2505 2804 redire
2535 2750 2844 2822 incipiant;
2861 2756 2937 2818 et,
2955 2752 3269 2824 praemissis
3290 2753 3678 2812 debilioribus

2031 2838 2088 2890 et
2117 2836 2217 2906 qui
2247 2837 2319 2891 ad
2354 2853 2514 2892 arma
2545 2855 2660 2894 non
2743 2840 2991 2896 multum
3045 2848 3329 2913 poterant,
3386 2842 3515 2914 ipse
3549 2860 3680 2902 cum

2032 2924 2285 2981 robustis
2315 2928 2689 2997 sequebatur,
2724 2946 2836 2984 non
2869 2930 3113 2987 soluma
3141 2936 3321 3006 tergo,
3353 2948 3562 2990 verum
3609 2950 3682 2991 ex

277 3028 436 3103 gredi
465 3025 877 3098 proposuisset.
914 3023 1059 3080 Cum
1092 3027 1283 3079 autem
1319 3024 1672 3092 pervenisset
1710 3025 1924 3080 Antio·
2034 3023 2283 3088 utroque
2314 3017 2488 3074 latere
2521 3019 2868 3076 irruentium
2900 3024 3201 3079 sustineus
3261 3023 3564 3096 impetus;
3619 3024 3684 3082 id

278 3116 490 3181 chiam,
524 3131 762 3172 uxorem
795 3130 925 3170 cum
958 3112 1187 3170 ancillis
1219 3127 1346 3183 quai
1377 3112 1426 3166 ei
1463 3111 1914 3180 famulabantur,
1954 3087 1996 3155 C
2035 3111 2230 3163 autem
2247 3108 3238 3183 prudenternimisetcallide,more
3259 3120 3469 3179 suo.ut
3485 3116 3684 3174 hostes

278 3224 413 3264 cum
443 3223 689 3264 onerosa
717 3204 1075 3278 supellectile
1105 3208 1162 3259 et
1180 3203 1427 3275 plurima
1454 3210 1613 3274 parte
1636 3204 1929 3274 {sarcina-

280 3311 412 3353 rum
445 3296 711 3368 praecepit
738 3295 806 3350 ad
842 3309 1001 3349 mare
1030 3293 1404 3361 descendere,
1428 3293 1527 3348 ubi
1557 3297 1614 3349 et
1628 3293 1923 3365 navigium

275 3386 522 3457 jusserat
552 3383 880 3458 praeparari,
903 3399 1016 3455 quo
1049 3381 1143 3437 illa
1185 3382 1426 3438 honeste
1469 3399 1654 3454 usque
1696 3383 1921 3456 Joppen

279 3474 483 3533 devehi
505 3480 704 3548 posset
735 3489 750 3541 3
780 3489 913 3529 nam
947 3471 1066 3528 boec
1097 3472 1221 3528 sola
1243 3488 1311 3528 ex
1343 3471 1657 3528 maritimis
1681 3474 1922 3532 urbibus

282 3566 343 3623 in
372 3569 634 3622 nostram
654 3566 889 3620 venerat
918 3562 1220 3630 ditionem,
1241 3560 1484 3632 reliquis
1515 3562 1789 3618 omnibus
1819 3563 1920 3620 ad·

281 3654 394 3711 huc
422 3652 757 3710 infidelibus
789 3651 1064 3719 detentis,
1094 3653 1212 3707 Hoc
1242 3654 1438 3708 autem
1483 3667 1549 3706 eo
1579 3651 1803 3708 videtur
1834 3653 1920 3709 fe·-

281 3744 433 3804 cisse
463 3743 702 3814 intuitu,
728 3747 794 3800 ut
820 3741 1079 3799 bostium
1113 3743 1380 3816 regiones
1401 3741 1777 3812 transiturus,
1817 3759 1921 3802 ex-

281 3836 530 3909 peditior
556 3838 711 3891 esset
742 3832 816 3890 ad
844 3848 911 3889 ea
941 3849 1067 3905 quas
1085 3836 1452 3888 occurrerent
1485 3832 1713 3904 negotio
1750 3843 1921 3905 atque

279 3927 349 3983 ad
372 3942 546 3983 casus
576 3923 908 3997 repentinos
939 3924 1179 3979 omnino
1213 3922 1485 3995 paratior.
1521 3920 1659 3979 Inde
1711 3923 1919 3981 Laodi·

282 4012 430 4068 ciam
457 4011 630 4084 Syriai
662 4009 1029 4082 perveniens,
1063 4025 1224 4065 oram
1268 4009 1624 4065 maritimam
1658 4016 1920 4082 secutus,

281 4117 386 4174 per
430 4097 745 4164 Gabolum,
804 4096 1104 4153 Valeniam
1158 4098 1524 4167 Mai-acicam,
1559 4101 1917 4169 Antaradon,

282 4185 502 4254 Archia,
535 4183 1019 4255 usque'rripolim
1053 4185 1307 4256 pervenit
1343 4202 1356 4239 :
1398 4186 1492 4241 ubi
1523 4186 1594 4242 ab
1653 4189 1918 4259 ejusdem

282 4273 525 4328 civitatis
547 4287 699 4341 rege,
732 4271 788 4324 in
823 4272 1028 4326 castris
1058 4279 1218 4327 extra
1242 4275 1464 4343 urbem,
1490 4277 1834 4334 muneribus
1864 4281 1923 4334 et

282 4359 499 4416 honore
531 4364 874 4431 preventuS,
907 4359 1110 4417 didicit
1140 4364 1343 4417 eodem
1389 4364 1721 4422 insinuante
1761 4383 1917 4437 rege,

2034 3196 2349 3269 deciperet,
2382 3199 2775 3267 adinvenerat,
2809 3219 2924 3258 non
2956 3204 3029 3259 de
3055 3220 3163 3260 suo
3193 3204 3466 3262 diffidens
3495 3204 3683 3264 comi-

2032 3288 2175 3355 tatu,
2208 3288 2305 3342 sed
2342 3292 2404 3342 ut
2432 3303 2565 3344 eum
2627 3290 2944 3361 fugientem
2993 3291 3490 3366 insequentem-in
3532 3292 3682 3353 locis

2034 3375 2364 3446 patentibus
2394 3376 2585 3433 hostes
2642 3382 2941 3452 reperiret,
2990 3397 3125 3439 cum
3182 3383 3385 3457 eisque
3433 3382 3684 3441 liberius

2034 3466 2305 3537 congredi
2332 3472 2564 3539 posset;
2598 3469 2918 3540 plurimum
2934 3472 3089 3528 enim
3123 3473 3419 3544 angustias
3458 3481 3685 3532 metue·

2034 3551 2150 3609 bat.
2185 3553 2454 3627 Dumque
2483 3558 2567 3613 sic
2598 3558 2655 3613 in
2688 3560 2981 3617 redeundo
3012 3562 3139 3634 ejus
3182 3561 3472 3620 laboraret
3520 3580 3683 3622 exer-

2032 3640 2205 3711 citus,
2239 3643 2433 3701 hostes
2454 3646 2720 3703 arbitrati
2743 3663 2924 3707 causa
2943 3649 3273 3707 formidinis
3293 3668 3393 3710 eos
3420 3654 3680 3712 reditum

2031 3737 2342 3802 maturare,
2373 3738 2534 3791 tanto
2562 3735 2786 3793 instant
2815 3740 3160 3811 protervius,
3184 3746 3403 3814 quanto
3422 3759 3526 3801 eos
3555 3759 3681 3802 am-

2035 3820 2193 3893 plius
2250 3823 2456 3880 timore
2498 3825 2753 3896 dejectos
2818 3830 3196 3891 arbitrantur.
3250 3831 3682 3892 Descendente-

2034 3911 2213 3981 igitur
2242 3914 2313 3969 dc
2343 3914 2601 3972 locorum
2634 3918 2920 3990 angustiis
2964 3921 3244 3991 certatim,
3291 3938 3394 3994 per
3433 3920 3564 3981 loca
3606 3921 3683 3981 li-

2038 4002 2265 4060 beriora
2296 4010 2527 4063 nostros
2557 4011 2970 4079 urgentissime
3012 4016 3309 4083 coeperunt
3365 4012 3680 4084 insectari3

2038 4092 2120 4149 ita
2148 4099 2212 4150 ut
2242 4095 2341 4166 qui
2374 4095 2433 4151 in
2466 4096 2711 4154 navibus
2731 4104 2916 4166 erant,
2951 4101 3202 4172 praedam
3235 4102 3683 4173 affectantes,in

2040 4187 2251 4238 terram
2286 4185 2606 4253 desilirent,
2639 4194 2937 4259 sperentes
2960 4189 3117 4246 sines
3147 4190 3517 4262 difficultate,
3547 4195 3681 4250 tan-

2037 4287 2209 4342 quam
2242 4275 2481 4331 devietis
2512 4275 2781 4334 hostibus
2812 4282 3091 4352 tropaeum
3124 4286 3437 4354 reportare.
3464 4283 3686 4340 videns

2037 4367 2230 4417 autem
2268 4380 2463 4421 comes
2511 4367 2666 4437 quod
2728 4375 2957 4424 montes
3012 4369 3390 4426 deseruerant
3444 4374 3505 4427 et
3553 4372 3685 4444 jam

198 4497 204 4503 .
281 4450 439 4524 quod
467 4452 687 4517 Ducah,
720 4450 1206 4520 Damascenorum
1232 4470 1348 4520 rex,
1400 4456 1729 4524 profiscenti
1761 4455 1811 4510 ei
1860 4458 1919 4514 in
1956 4462 2002 4529 1)
2035 4449 2209 4524 plana
2240 4457 2521 4526 tenentes,
2554 4457 2770 4512 nostris
2815 4458 3111 4515 instabant
3169 4459 3536 4530 urgentibus,
3591 4461 3688 4518 in·

277 4541 372 4597 via
403 4544 813 4612 praestruxerat
844 4540 1103 4597 insidias.
1142 4542 1205 4597 Et
1237 4543 1550 4611 procedens
1582 4543 1715 4600 inde
1745 4549 1801 4601 et
1823 4546 1921 4619 Bi-

278 4632 442 4688 blum
474 4629 889 4704 pertransiens,
922 4631 993 4686 ad
1026 4630 1265 4687 fluvium
1299 4641 1656 4703 pervenerat,
1689 4636 1786 4706 qui
1817 4653 1915 4694 co-

277 4722 651 4795 gnominatur
681 4720 872 4778 Canis.
912 4720 1007 4776 Est
1026 4725 1216 4777 autem
1250 4721 1307 4777 in
1338 4725 1535 4778 eodem
1569 4723 1695 4780 loco
1727 4730 1924 4783 trans-

277 4814 393 4868 itus
407 4811 958 4881 periculosissimus,
977 4812 1126 4867 inter
1151 4817 1372 4868 montes
1387 4814 1668 4877 excelsos,
1685 4816 1921 4886 rupium

278 4902 584 4972 asperitate
603 4911 659 4954 et
680 4917 921 4955 ascensu
941 4902 1122 4957 arduo
1151 4901 1326 4958 nimis
1367 4901 1682 4975 impervios
1716 4910 1774 4960 et
1804 4907 1923 4961 sre-

277 4996 471 5045 tosum
498 5007 682 5056 mare;
706 4990 801 5045 vix
824 4992 1042 5047 habens
1102 4993 1429 5049 latitudinis
1483 4995 1714 5052 cubitos
1747 4997 1917 5066 duos,

273 5078 657 5150 longitudinis
687 5085 879 5133 autem
925 5082 1111 5135 stadia
1167 5091 1435 5152 quatuor.
1478 5087 1593 5138 ilas
1649 5084 1916 5141 locorum

275 5170 575 5241 angustias
606 5173 662 5224 et
714 5168 913 5222 callem
976 5169 1369 5239 periculosum
1420 5174 1786 5238 obsederant,
1851 5178 1919 5229 ut

273 5261 585 5315 transitum
611 5257 966 5329 impedirent,
1001 5260 1252 5329 regionis
1278 5260 1475 5317 incolas
1503 5266 1557 5316 et
1591 5262 1660 5315 de
1706 5261 1916 5317 Tui-cis

278 5348 567 5413 nonnulli,
600 5347 696 5419 qui
730 5352 789 5403 ut
820 5348 929 5403 iter
956 5350 1176 5404 domini
1219 5352 1451 5406 comitis
1510 5350 1914 5424 praepedirent,

277 5442 350 5498 ad
381 5442 488 5498 hoc
516 5439 589 5495 de
617 5438 855 5495 remotis
884 5444 1274 5496 convenerant
1304 5440 1586 5513 partibus.
1618 5442 1701 5497 Ad
1735 5458 1910 5514 quem

276 5531 472 5596 locum
500 5544 632 5587 cum
665 5527 1019 5602 pervenisset
1047 5527 1320 5587 dominus
1341 5544 1560 5601 comes,
1591 5531 1910 5606 praemissis

2032 4541 2187 4597 dicto
2220 4543 2339 4599 suis
2371 4543 2580 4612 reditu,
2615 4547 2827 4602 erectis
2858 4545 3097 4616 vexillis,
3130 4547 3190 4603 in
3235 4553 3435 4607 hostes
3478 4551 3684 4609 acrius

2028 4629 2315 4689 instantes
2346 4636 2666 4704 regreditur
2712 4650 2962 4708 eumque
3018 4637 3292 4694 insecutas
3332 4638 3514 4709 acies,
3572 4640 3684 4698 do-

2034 4721 2172 4775 mini
2206 4723 2516 4793 praeeuntis
2545 4725 2807 4796 exemplo
2840 4725 3072 4783 irruunt
3099 4728 3455 4797 animosins;
3478 4734 3542 4786 et
3568 4747 3682 4789 an·

2035 4814 2266 4880 tequam
2303 4814 2360 4867 in
2387 4822 2635 4880 montes,
2671 4830 2829 4871 more
2887 4816 3059 4873 solito
3117 4834 3180 4874 se
3238 4828 3476 4890 possent
3529 4822 3684 4880 reci·

2030 4913 2184 4968 pere,
2219 4899 2423 4963 vladiis
2457 4902 2512 4957 in
2561 4920 2659 4959 eos
2706 4906 2933 4961 vibratis
2971 4906 3312 4977 desaeviunt,
3370 4926 3553 4983 nsque
3601 4913 3680 4970 ad

2030 5004 2364 5060 supremam
2423 4993 2790 5050 interniciem
2842 5011 2956 5051 non
3002 5005 3326 5068 parcentes.
3360 4999 3452 5055 Illi
3514 5017 3681 5071 vero,

2034 5093 2367 5137 nostrorum
2422 5099 2533 5138 non
2577 5086 2825 5140 ferentes
2883 5086 3166 5157 impetum
3206 5094 3266 5144 et
3321 5091 3682 5150 candentium

2027 5172 2203 5225 robur
2233 5172 2586 5228 admirantes
2616 5180 2673 5229 et
2703 5180 3004 5245 stupentes
3035 5177 3402 5240 instantiam.
3443 5180 3678 5238 nullam

2026 5261 2348 5317 defensioni
2378 5264 2521 5318 dant
2547 5280 2812 5334 operam;
2842 5266 2942 5321 sed
2967 5265 3026 5321 in
3058 5267 3183 5324 sola
3214 5270 3350 5341 t'uga
3378 5285 3546 5342 spem
3577 5271 3684 5328 ha·

2025 5350 2249 5418 bentes,
2281 5369 2349 5409 ea
2377 5353 2470 5408 via
2502 5354 2677 5411 saluti
2707 5355 3052 5427 consulunt;
3084 5357 3167 5415 ita
3206 5362 3270 5414 ut
3299 5374 3405 5415 nec
3433 5360 3538 5432 qui
3593 5361 3674 5420 do

2024 5442 2265 5498 navibus
2295 5442 2575 5506 exierant,
2606 5446 2678 5501 ad
2709 5460 2871 5502 mare
2910 5446 3100 5504 redire
3139 5455 3591 5522 presumerent,
3615 5455 3680 5510 et

2023 5532 2124 5608 qui
2152 5534 2224 5591 ad
2248 5537 2476 5593 montes
2505 5551 2568 5596 se
2587 5534 2974 5611 contulerant,
2997 5534 3140 5597 dum
3159 5537 3392 5599 incaute
3410 5537 3676 5617 fugiant,
