3784 6000
1411 224 1857 289 SERMONES.

3225 237 3342 296 162

137 377 185 419 ts
214 362 446 418 nostros
475 359 788 417 tribunalia
818 365 1018 418 nostra
1050 360 1379 418 sublimiter
1428 361 1577 418 insi·
1606 364 1661 433 Α
1690 359 1777 415 vel
1806 358 1979 416 certis
2025 360 2112 415 est
2141 358 2486 432 consignata
2540 363 2823 435 personis,
2849 364 2937 420 vel
2975 367 3341 438 quibuslibet

137 492 154 517 ,
190 448 306 525 ipsi
338 450 410 507 de
445 449 682 506 sedibus
704 449 824 507 suis
846 451 1270 508 contumeliose
1291 456 1347 509 et
1370 450 1581 508 violen-

137 539 218 598 cti
248 548 561 614 peragrant
593 541 876 614 regiones.
915 541 1095 597 Nobis
1115 558 1287 599 omne
1309 541 1583 599 solatium

138 629 415 687 fflnentia
461 629 656 685 divina
695 631 880 703 pietas
923 631 1322 702 administrat,
1363 632 1476 704 ipsi
1516 630 1585 689 de

137 735 209 775 ns
228 718 444 777 alienis
463 719 731 776 subsidia
744 719 870 776 vitae
890 736 1022 777 cum
1045 720 1277 778 silentio
1298 720 1588 794 patienter

137 811 294 865 tant.
329 808 509 866 Nobis
550 811 1008 866 necessariorum
1052 815 1375 866 nostrorum
1408 816 1466 867 et
1495 811 1587 867 fa-

138 902 257 954 lum
291 898 438 955 ordo
456 898 668 970 longus
689 899 930 955 assistit.
992 899 1108 971 lpsi
1157 899 1310 957 inter
1356 900 1586 973 ignotos

162 987 348 1058 qnasi
405 987 730 1044 solitariam
777 988 983 1060 degere
1039 988 1489 1061 compelluntur.
1523 987 1585 1045 Si

137 1083 343 1133 tamen
374 1075 458 1132 eis
491 1073 941 1133 consolationem
975 1076 1338 1134 emendicata
1384 1077 1583 1134 suffra-

137 1162 471 1231 tatilerunt,
489 1164 797 1237 indignum
823 1170 910 1222 est
932 1167 1001 1222 ab
1025 1165 1107 1222 eis
1123 1166 1403 1223 beneficia
1423 1183 1585 1239 quoe·

138 1251 337 1324 nibus
379 1256 445 1308 tu
494 1254 867 1311 consueveris
916 1253 1205 1311 exhibere.
1236 1257 1585 1325 Aperiamus

137 1342 231 1398 eis
259 1341 492 1400 viscera
528 1342 779 1417 pietatis,
818 1348 875 1401 et
924 1343 981 1399 in
1029 1360 1128 1400 eos
1161 1360 1389 1401 omnem
1426 1361 1583 1401 com·

137 1432 225 1489 :is
288 1436 350 1488 et
405 1433 792 1490 venerationis
864 1434 1235 1490 effundamus
1283 1434 1577 1503 affectum,

137 1535 169 1577 a
190 1537 340 1578 cnm
371 1522 533 1580 omni
564 1523 948 1581 beneficentia
975 1527 1031 1581 et
1083 1523 1272 1597 gratia
1319 1523 1581 1597 comple-

137 1629 180 1681 r,
204 1609 354 1685 quia
381 1615 522 1668 tunc
555 1611 1008 1686 adimplebimus
1039 1613 1223 1684 legem
1264 1612 1501 1684 Christi,
1533 1612 1583 1670 si

1692 452 1953 509 locorum
1987 453 2317 505 coarctatur
2347 451 2661 522 angustiis,
2695 453 2788 509 sed
2835 456 2906 510 ab
2957 457 3168 514 ovibus
3215 476 3341 532 quo

1694 540 1986 613 perierant
2018 541 2228 598 domus
2263 541 2438 598 lsrael
2472 541 2531 597 in
2565 560 2770 601 omnes
2813 554 3020 619 gentes
3078 549 3345 609 veritatis

1693 629 1960 687 doctrina
1991 631 2281 686 transfusa
2311 639 2416 700 est,
2450 636 2757 706 postquam
2791 637 3017 694 scilicet
3038 642 3097 695 in
3127 657 3347 698 omnem

1695 726 1906 776 terram
1924 736 2087 776 sonus
2116 720 2441 792 apostolicae
2465 723 2894 794 praedicationis
2942 730 3117 784 exivit
3164 730 3343 801 (Rom.

1692 811 1768 880 x).
1794 809 1901 866 Per
1940 808 2090 865 hanc
2111 825 2247 882 ergo
2282 810 2452 866 fldem
2486 811 3115 886 purgatisignorantiae
3170 823 3343 876 tene-

1702 898 1846 968 bris,
1877 902 1936 955 et
1964 903 2218 955 veterum
2252 898 2475 955 detersa
2504 901 2754 974 caligine
2787 904 3128 977 figurarum,
3162 909 3346 966 mise-

1696 987 1874 1044 ricors
1905 991 1964 1042 et
2011 986 2321 1043 miserator
2372 987 2653 1046 Dominus
2696 990 3011 1049 Ecclesiam
3065 1013 3230 1054 suam
3262 997 3347 1055 sic

1695 1075 1906 1132 notitia
1936 1076 2484 1145 veritatisillnstrat,
2526 1087 2582 1133 ut
2625 1080 2902 1151 operibus
2954 1083 3343 1144 nihilominus

1693 1164 1996 1222 charitatis
2030 1165 2327 1235 informet,
2362 1174 2651 1238 quatenus
2698 1173 3046 1240 procedente
3075 1175 3259 1245 gratia
3292 1176 3342 1231 ei

1692 1272 1755 1311 se
1817 1256 1890 1312 ad
1927 1254 2409 1326 complexandum
2470 1256 2792 1329 indulgeat,
2853 1265 2910 1316 et
2956 1263 3222 1320 exhibeat
3267 1266 3341 1324 ad

1690 1345 2034 1401 videndum.
2064 1344 2148 1400 Ad
2181 1345 2291 1401 hoc
2320 1361 2444 1401 eam
2477 1346 2548 1401 de
2588 1347 2842 1404 tenebris
2872 1352 3095 1408 vocavit
3141 1353 3199 1409 in
3234 1354 3347 1410 ad-

1697 1433 1964 1492 mirabile
1988 1433 2188 1491 lumen
2218 1451 2410 1503 suum,
2444 1435 2515 1491 ad
2551 1435 2657 1491 hoc
2687 1453 2815 1493 eam
2866 1455 3067 1498 secum
3113 1459 3347 1501 assum-

1694 1523 1888 1595 psitin
1912 1523 2178 1596 ejusdem
2211 1524 2469 1596 corporis
2495 1525 2801 1585 unitatem.
2833 1528 2917 1584 Ad
2952 1529 3058 1587 hoc
3102 1547 3228 1589 eam
3276 1534 3347 1593 de

1693 1612 1973 1670 servitute
2018 1613 2430 1685 corruptionis,
2481 1614 2700 1688 proprii
2743 1632 2974 1689 quoque
3033 1622 3343 1693 sanguinis

137 1700 372 1759 sterius
431 1700 680 1758 invicem
727 1718 907 1760 onera
949 1706 1404 1775 comportemus.
1460 1702 1583 1760 Viri
1614 1739 1660 1803 B
1692 1699 1990 1772 impendio
2019 1700 2301 1758 liberavit.
2355 1701 2483 1774 Ipsa
2522 1702 2680 1759 enim
2724 1705 2975 1776 pretium
3035 1711 3345 1781 sanguinis

136 1797 248 1849 itas
281 1794 428 1849 sunt
458 1795 516 1848 et
536 1792 720 1848 multa
738 1790 1238 1850 commendabiles
1258 1790 1581 1862 honestate,

138 1879 399 1937 ominus
421 1879 618 1952 elegit,
669 1883 945 1952 tanquam
998 1896 1203 1937 aurum
1248 1882 1306 1937 in
1354 1881 1588 1938 fornace

137 1968 267 2028 idos
297 1969 593 2043 (Sop.n1),
625 1977 688 2027 ut
718 1987 818 2043 per
848 1986 945 2027 eos
976 1969 1271 2043 impendio
1303 1988 1585 2043 persona-

137 2062 180 2114 ει
230 2075 456 2125 rerum,
514 2056 783 2115 Ecclesiae
831 2059 1072 2116 victoria
1129 2064 1585 2117 consummetur.

137 2165 151 2205 ι
183 2152 334 2205 sunt
354 2146 574 2221 quibus
596 2149 793 2204 datum
844 2152 934 2205 est
966 2165 1069 2221 pro
1112 2150 1344 2205 aeternis
1392 2152 1588 2205 trans-

137 2241 522 2294 wmmutare.
557 2236 868 2294 Feliciores
902 2242 1038 2293 sunt
1067 2239 1165 2309 qui
1200 2242 1442 2294 mortem
1502 2237 1588 2295 vel

137 2325 263 2384 ales
293 2327 548 2400 injurias
577 2335 711 2385 sunt
750 2329 988 2401 experti,
1039 2336 1091 2384 et
1138 2328 1587 2400 impretiabilem

140 2432 285 2473 nem
362 2416 578 2474 Christi
643 2433 752 2474 suo
817 2417 1060 2495 indigno
1118 2421 1174 2474 et
1223 2418 1587 2489 corruptibili

142 2522 222 2564 ne
242 2511 721 2579 compensarunt.
747 2505 893 2573 Quid
925 2506 1080 2562 onim
1103 2507 1129 2561 ἶ)
1149 2507 1424 2579 Nunquid
1471 2525 1586 2566 non

143 2595 431 2670 nguinem
461 2594 673 2652 Christi
712 2596 771 2652 in
813 2612 1049 2654 causam
1101 2600 1310 2653 nostrae
1360 2599 1587 2654 redem-

137 2702 147 2740 ι
167 2685 584 2758 expendimus,
607 2690 672 2742 ut
693 2684 889 2758 ipsum
905 2685 954 2741 ei
976 2684 1035 2741 in
1062 2689 1323 2759 tempore
1344 2687 1584 2743 retribu-

147 2773 384 2831 scilicet
433 2791 562 2831 cum
605 2775 733 2847 ipse
773 2775 1128 2846 requisierit,
1177 2775 1534 2834 solveremus
1564 2782 1590 2830 ,⁹

140 2872 243 2920 tus
273 2867 367 2921 est
406 2869 681 2937 peccator,
712 2872 762 2921 et
805 2880 916 2922 uon
944 2865 1115 2920 solvet
1146 2865 1323 2937 (Ρεαί.
1360 2869 1582 2936 xxxv1):

146 2957 296 3023 tem,
325 2953 568 3012 Domino
591 2955 923 3025 miserante,
949 2953 1264 3024 solvemus,
1286 2956 1387 3026 qui
1413 2955 1586 3013 conti·

1697 1789 1824 1860 ejus
1854 1794 1945 1846 est
1966 1789 2267 1848 retributio
2286 1790 2597 1861 passionis,
2621 1791 2804 1864 gloria
2827 1795 3165 1865 majestatis.
3182 1800 3343 1864 Quod

1702 1879 1855 1935 enim
1890 1878 2182 1935 assecutio
2224 1877 2575 1935 haereditatis
2617 1879 2789 1937 istius
2821 1882 3061 1940 eicedat
3110 1887 3181 1943 ad
3219 1887 3349 1959 glo-

1697 1967 1841 2023 riam
1875 1966 2205 2033 manil'este,
2238 1967 2309 2022 de
2340 1968 2524 2038 ipsius
2555 1971 3055 2041 congratulatione
3080 1975 3342 2047 suscepi-

1699 2074 1853 2125 mus,
1886 2056 2023 2130 qnia
2045 2057 2102 2111 in
2135 2056 2504 2127 susceptione
2536 2057 2723 2130 ipsius
2764 2077 2799 2116 a
2829 2067 2991 2132 patre
3043 2080 3170 2120 eam
3221 2069 3349 2122 stn-

1698 2147 1925 2204 diosius
1954 2147 2348 2216 commendat,
2382 2151 2437 2201 et
2465 2147 2639 2203 etlam
2675 2150 3040 2209 laetabundus
3083 2154 3346 2214 exsultat.

1698 2235 2460 2308 Funes‚inquit,ceciderunt
2491 2237 2634 2293 mihi
2681 2237 2741 2293 in
2786 2242 3095 2311 praeclaris,
3144 2246 3345 2302 etenim

1701 2325 1998 2384 haereditas
2025 2341 2149 2381 mea
2176 2325 2459 2397 praeclara
2505 2336 2584 2384 est
2618 2330 2761 2384 mihi
2796 2332 2977 2401 (Psal.
3028 2335 3141 2405 xv).
3188 2335 3341 2394 Prae·

1703 2417 1861 2473 clara
1888 2420 2000 2482 est,
2034 2414 2306 2488 quoniam
2342 2413 2585 2487 pulchra
2607 2420 2663 2474 et
2693 2419 2903 2477 decora
2930 2425 3036 2478 est.
3070 2423 3345 2493 Pulchra,

1710 2505 1986 2577 quoniam
2020 2508 2143 2559 tota
2176 2502 2419 2575 pulchra
2447 2507 2554 2573 est,
2610 2523 2724 2562 non
2785 2507 3008 2566 habene
3051 2512 3345 2571 maculam

1705 2609 1892 2666 neque
1926 2609 2130 2666 rugam
2148 2592 2363 2664 (ephes.
2398 2592 2473 2664 v).
2506 2592 2685 2666 Cujus
2707 2595 2985 2656 claritatis
3016 2604 3073 2657 et
3089 2602 3344 2674 pulchri-

1708 2685 1935 2741 tudinis
1965 2683 2685 2757 quantusipsezelatorsil,
2703 2688 2830 2761 ipsa
2846 2689 3023 2747 etiam
3038 2694 3342 2752 nominum

1699 2773 2033 2843 multitudo,
2065 2773 2281 2844 quibus
2302 2790 2425 2830 eam
2445 2775 2778 2848 frequenter
2798 2779 3072 2853 appellat,
3104 2783 3343 2842 eviden-

1698 2870 1786 2920 ter
1797 2862 2071 2920 ostendit.
2091 2862 2309 2933 Nempe
2324 2862 2699 2921 multitudine
2713 2867 3011 2926 nominum
3029 2870 3340 2931 multitudo

1696 2950 1997 3008 charitatis
2049 2950 2414 3023 exprimitur.
2467 2951 2663 3025 Neque
2724 2955 2877 3013 enlm
2931 2974 3046 3016 uno
3103 2962 3339 3020 nomine

154 3059 270 3099 nos
293 3060 415 3101 non
445 3042 688 3100 artificio
711 3040 884 3110 civili,
916 3044 1016 3100 sed
1069 3060 1129 3099 re
1185 3044 1312 3116 ipsa
1333 3045 1584 3102 interve·
1694 3045 2004 3098 contentus
2033 3057 2161 3097 esse
2193 3041 2401 3113 potuit,
2436 3042 2577 3097 utin
2609 3058 2677 3100 ea
2716 3046 3107 3105 diversitatem
3149 3051 3339 3109 virtu-

180 3132 534 3189 natursliter
578 3133 886 3206 obligatos.
949 3131 1202 3201 Utinam,
1237 3134 1385 3190 bone
1420 3133 1582 3202 Jesu,
1616 3110 1658 3177 C
1697 3134 1821 3186 tum
1866 3129 2270 3202 distingueret,
2301 3133 2358 3187 et
2394 3130 2452 3185 in
2503 3148 2565 3188 se
2607 3132 2760 3190 circa
2797 3150 2926 3191 eam
2976 3142 3162 3194 totum
3187 3138 3338 3198 dile-

137 3224 199 3278 ct
228 3219 377 3276 mihi
411 3226 602 3277 tecum
634 3237 737 3294 pro
769 3221 1175 3293 spiritualibus
1196 3223 1312 3278 tuis
1358 3228 1588 3295 tempo-

137 3325 240 3367 10a
268 3314 657 3368 commutare.
708 3309 941 3367 Utinam
980 3310 1330 3382 sanguinem
1389 3328 1585 3369 meum

137 3400 305 3454 otno
353 3398 611 3470 recipere
651 3397 879 3471 placeat
924 3398 1268 3468 insolutum,
1312 3398 1399 3456 vel
1448 3400 1588 3472 quia

164 3491 221 3545 οι
249 3487 434 3544 debiti
465 3487 788 3562 sanguinis,
822 3488 1042 3545 scilicet
1091 3489 1174 3545 tui
1198 3495 1252 3545 et
1276 3489 1404 3558 mei,
1450 3490 1567 3546 invi

138 3574 404 3632 stimatio
436 3592 551 3632 non
583 3577 896 3643 concurrit,
920 3576 1130 3634 saltem
1165 3577 1436 3649 benignis
1467 3578 1588 3636 ima

136 3663 386 3722 ilatione
416 3668 520 3722 tua
547 3664 822 3723 liberatus
851 3665 1137 3735 absolvar,
1189 3684 1315 3740 quae
1364 3668 1589 3726 scilicet

137 3754 298 3811 'ivisti
314 3753 602 3826 justitiam
633 3759 866 3827 accepta
897 3755 1042 3812 serre
1075 3755 1201 3812 sine
1220 3756 1514 3829 operibus,
1531 3761 1588 3815 et

139 3862 178 3902 a
204 3843 342 3900 sine
369 3843 612 3914 meritis,
637 3860 740 3917 pro
770 3846 955 3918 gratia
976 3844 1199 3903 scilicet
1220 3847 1383 3904 bonae
1416 3847 1589 3905 actio·

137 3931 316 3992 stiam
347 3933 749 3991 retributionis
771 3934 1003 3991 inferre.

483 4128 669 4170 ssauo
709 4129 765 4167 m
803 4128 1045 4170 arnono.

168 4208 340 4273 putas
367 4200 549 4272 fidelis
576 4218 762 4259 servus
791 4208 845 4259 et
879 4201 1141 4275 prudens,
1171 4218 1330 4275 que-m
1375 4204 1585 4260 consti-

138 4289 338 4346 mimu
366 4306 531 4363 super
551 4291 835 4363 familiam
857 4308 1036 4359 suam,
1059 4293 1118 4347 ut
1135 4292 1230 4348 det
1251 4292 1367 4348 illis
1397 4292 1587 4350 cibum

137 4385 323 4452 pore?
353 4381 545 4438 Beatus
588 4380 688 4438 ille
712 4397 921 4449 servm,
979 4395 1138 4455 quem
1191 4398 1314 4437 cum
1373 4384 1587 4440 venerit

1694 3218 1903 3275 ationis
1950 3218 2201 3289 aperiret
2268 3218 2558 3277 affectum.
2602 3220 2773 3279 Modo
2815 3222 3014 3297 itaque
3052 3243 3180 3284 eam
3226 3228 3339 3286 ele·

1693 3314 1868 3378 ctam,
1900 3308 2070 3365 modo
2102 3306 2397 3376 dilectam,
2432 3310 2604 3367 modo
2624 3326 2902 3383 sponsam
2935 3317 3217 3387 nominat,
3237 3322 3338 3375 aut

1694 3397 1980 3468 reginam,
2011 3395 2333 3470 multisque
2350 3396 2480 3454 aliis
2511 3398 2849 3458 nominibus
2871 3420 2995 3474 quae
3018 3405 3338 3478 spirituali-

1694 3486 1802 3542 bus
1834 3487 1976 3541 sunt
1993 3483 2163 3557 plena
2179 3486 2495 3557 mysteriis,
2525 3491 2582 3543 et
2601 3488 2781 3545 sacris
2810 3489 3338 3563 significationibus

1694 3571 2009 3630 illustrata.
2043 3573 2157 3645 Ego
2189 3580 2378 3631 tamen
2413 3575 2483 3631 ad
2511 3592 2769 3648 praesens
2800 3580 2999 3650 paucis
3028 3598 3156 3640 esse
3195 3601 3339 3641 con-

1697 3666 1895 3720 tentus
1925 3662 2178 3733 decrevi,
2229 3663 2367 3735 quia
2425 3664 2788 3736 sapientibus
2835 3667 3060 3740 loquor,
3123 3672 3338 3743 quihus

1695 3751 1930 3824 plenius
1950 3768 2128 3825 quam
2156 3751 2941 3813 mihiinnotueruntnomina
2963 3759 3335 3819 etnominum

1696 3843 2076 3897 sacramenta.
2119 3839 2312 3897 Electa
2357 3841 2591 3898 dicitur.
2629 3862 2655 3895 ι
2694 3844 2855 3913 Veni,
2898 3844 3108 3917 inquit.
3156 3849 3338 3907 electa

1699 3944 1845 3996 mea,
1878 3932 1936 3986 et
1965 3946 2173 4003 ponam
2207 3930 2263 3985 in
2300 3937 2354 3985 te
2375 3930 2649 3987 thronum
2674 3948 2889 3990 meum.
2925 3955 2953 3985 »
2983 3934 3174 3995 Electa
3203 3939 3341 3997 dici-

1696 4024 1814 4086 tur,
1855 4022 2091 4091 propter
2121 4017 2397 4075 virtutum
2430 4020 2826 4091 eminentiam,
2871 4040 2985 4097 qua
3038 4028 3337 4099 praecellit.

1697 4108 1966 4165 Thronus
1997 4110 2189 4164 autem
2212 4107 2322 4165 iste
2348 4108 2523 4181 quiin
2545 4126 2610 4166 ea
2632 4112 3082 4173 constituendus
3104 4117 3336 4187 dicitur,

1696 4195 1983 4253 Altissimi
2007 4195 2248 4253 thronus
2269 4201 2378 4268 est,
2411 4196 2513 4270 qui
2556 4216 2668 4256 non
2702 4206 2894 4273 potest
2924 4203 3039 4261 nisi
3079 4205 3140 4262 in
3191 4208 3341 4265 emi-

1697 4285 1893 4342 nentia
1923 4284 2214 4353 collocari,
2239 4286 2375 4358 quia
2403 4286 2527 4360 ipse
2557 4293 2644 4346 est
2681 4291 2782 4361 qui
2831 4291 2891 4350 in
2921 4293 3054 4351 altis
3090 4294 3342 4370 habitat,

1695 4374 1814 4431 imo
1843 4376 2019 4433 etiam
2048 4375 2108 4431 in
2143 4375 2444 4435 altissimis
2479 4394 2492 4433 :
2537 4379 2666 4449 Eoo,
2701 4381 2910 4455 inquit,
2946 4385 3009 4441 in
3045 4385 3338 4446 altissimis

138 4486 230 4540 m,
280 4469 558 4528 invenerit
607 4472 924 4542 „Quanam
979 4470 1191 4544 (nauh,
1250 4472 1421 4544 nu),
1485 4473 1586 4530 ΕΟ-
1620 4477 1664 4543 1,
1696 4461 1906 4531 habito,
1953 4470 2006 4518 et
2044 4461 2272 4519 thronus
2328 4480 2482 4521 meus
2519 4466 2579 4519 in
2622 4468 2885 4525 columna
2932 4472 3097 4528 nubis
3144 4474 3344 4546 (Eccli,

171 4559 326 4616 sicut
354 4559 561 4630 nostis,
586 4559 796 4617 fratres
820 4558 1171 4629 charissimi,
1215 4563 1588 4635 congregatio

142 4662 203 4704 m
274 4645 504 4704 dicitur.
555 4647 780 4705 Fideles
821 4652 1013 4704 autem
1057 4651 1216 4718 sunt,
1284 4646 1384 4720 qui
1450 4664 1589 4705 cen-

226 4734 468 4792 nomine
580 4735 927 4801 Christiano,
1015 4734 1118 4806 qui
1211 4733 1431 4791 scilicet
1515 4736 1587 4792 de

137 4840 233 4881 »nc
264 4822 400 4879 fidei
446 4822 742 4881 catholicae
789 4823 1104 4880 Christiani
1156 4821 1415 4881 nominis
1455 4840 1588 4881 con·

137 4916 180 4969 ιι
206 4911 581 4984 dignitatem.
615 4913 778 4969 Fides
800 4913 956 4970 enim
987 4912 1092 4969 ista
1141 4911 1212 4969 de
1269 4912 1497 4971 Christo
1528 4918 1584 4972 ει

136 5004 229 5058 sto
258 5005 375 5072 cst,
408 5002 654 5074 ideoque
684 5000 1013 5058 Christiana
1058 5002 1127 5059 de
1164 5001 1399 5059 nomiae
1445 5020 1583 5076 pro-

137 5097 475 5166 uncnpatur
531 5094 834 5152 auctoris:
887 5091 1174 5151 catholica
1203 5110 1336 5151 vero
1395 5096 1450 5151 id
1498 5099 1589 5153 est

137 5183 299 5249 nnis,
319 5199 447 5240 eam
472 5187 705 5257 propter
720 5188 1011 5257 praecepta
1032 5182 1392 5257 generalium
1416 5201 1587 5256 regu-

137 5316 148 5342 ,
179 5287 360 5346 qnam
395 5276 629 5347 propter
660 5272 1001 5331 uniformem
1027 5274 1086 5329 in
1110 5289 1314 5330 omnes
1356 5277 1586 5331 aeternae

137 5363 338 5421 itionis
367 5372 659 5424 eventum.
691 5365 889 5441 Neque
909 5362 1063 5425 enim
1105 5363 1248 5423 fldes
1296 5363 1409 5423 ista
1459 5365 1585 5439 jam

149 5546 214 5604 B.
239 5561 357 5605 om.
387 5563 520 5608 non.

1697 4553 1871 4624 xxiv).
1908 4550 1972 4607 In
2003 4549 2302 4610 altissimis
2324 4554 2571 4624 habitat,
2595 4558 2873 4630 quoniam
2906 4561 3034 4616 coeli
3066 4562 3341 4621 coelorum

1698 4640 1867 4697 sedes
1890 4646 1981 4697 est
1998 4641 2278 4698 habitatio
2300 4643 2450 4713 ejus.
2474 4644 2915 4720 Supratertium
2933 4650 3108 4706 etiam
3127 4650 3341 4707 coelum

1697 4729 1990 4787 invenitur
2019 4748 2052 4787 a
2082 4730 2262 4788 Paulo
2292 4732 2373 4802 (ΙΙ
2400 4734 2522 4791 Cor.
2554 4738 2678 4808 κη).
2705 4735 2979 4794 Thronus
3010 4742 3204 4795 autem
3247 4739 3344 4796 hic

1696 4818 1757 4875 in
1787 4819 2079 4876 columma
2109 4824 2218 4887 est,
2252 4821 2389 4891 quia
2430 4822 2579 4878 sicut
2609 4824 2885 4881 columna
2917 4828 3172 4884 arduaet
3201 4829 3344 4885 sub-

1697 4906 1816 4963 tilis
1846 4912 1955 4974 est,
1988 4908 2074 4964 sic
2132 4909 2315 4965 ardua
2363 4915 2420 4965 et
2467 4915 2717 4982 angusta
2756 4912 2845 4968 via
2895 4930 3022 4987 quoe
3067 4916 3229 4975 ducit
3270 4918 3343 4975 ad

1694 4997 1872 5053 vitam
1902 4996 2110 5068 (unuh.
2143 4999 2244 5071 v11)
2276 5015 2289 5053 :
2358 4999 2476 5054 vita
2527 5017 2660 5058 vero
2719 5001 3004 5062 Christus.
3059 5005 3343 5066 Caeterum

1696 5087 1850 5159 quod
1890 5086 2136 5143 thronus
2166 5086 2271 5144 iste
2300 5088 2650 5147 constitutus
2672 5090 2730 5148 iu
2765 5094 2918 5151 nube
2949 5096 3185 5168 dicitur,
3215 5097 3347 5155 dili·

1696 5175 1932 5249 gentius
1961 5176 2382 5233 attendendum
2423 5183 2528 5234 est.
2555 5183 2832 5254 Nunquid
2883 5201 2994 5241 non
3033 5186 3149 5258 (61)
3188 5185 3344 5244 enim

1697 5266 1820 5337 ipse
1850 5265 2122 5322 inhabitat
2145 5266 2320 5322 lucem
2349 5265 2818 5328 inaccessibilem?
2837 5273 2890 5344 (l
2910 5275 3042 5330 Tim.
3068 5281 3162 5345 v1).
3185 5273 3341 5332 Nun·

1698 5355 1837 5426 qnid
1872 5372 1990 5413 non
2023 5354 2149 5428 ipse
2180 5359 2271 5413 est
2300 5356 2401 5416 lua:
2431 5374 2582 5430 vera,
2604 5374 2731 5433 quae
2777 5359 3073 5422 illuminat
3126 5378 3343 5427 omnem

1773 5546 1888 5626 (61)
1916 5545 1979 5607 Β.
2005 5561 2119 5605 om.
2147 5559 2282 5627 nong
