3784 6000
134 230 281 288 ¹333
1134 230 1508 290 EPISTOLAE
1545 231 1632 287 ET
1669 227 2108 287 valLEfflA.
2150 259 2218 270 -
2260 228 2373 285 AN.
2416 229 2573 287 1¹85.
3409 235 3550 295 1334

127 354 308 423 detis,
345 357 406 413 in
438 357 575 414 villa
604 357 894 427 Chavren,
926 361 1152 415 curtem
1181 357 1612 416 dominicatam
1642 371 1782 414 cum
1815 357 1862 411 A
1891 353 2139 411 clericos
2167 354 2259 411 vel
2284 353 2515 412 laicose
2546 354 2769 412 soeculo
2791 354 3089 427 fugientes
3110 357 3336 416 liberos
3361 365 3418 418 et
3443 361 3550 418 ab·

124 447 322 512 terris,
349 447 555 518 pratis,
578 448 774 518 aquis,
803 446 962 504 silvis
984 453 1043 503 et
1070 446 1405 514 curtilibus,
1428 453 1486 504 et
1509 446 1781 518 portione
1891 443 2122 500 solutos
2135 443 2214 500 ad
2225 445 2681 502 conversionem
2700 445 2962 518 recipere
2974 451 3144 504 eteos
3160 447 3391 521 absque
3407 465 3548 507 con·

121 533 375 591 decimae
406 535 484 592 ab
514 536 677 592 omni
708 536 978 593 dominio
1008 536 1198 592 libera
1223 541 1279 593 et
1308 537 1388 592 ab
1427 535 1563 592 aliis
1603 533 1783 608 parti-

120 622 248 679 bus
276 623 470 681 divisa
493 642 511 695 3
541 625 600 680 in
632 624 766 681 villa
794 640 927 698 quae
953 624 1169 682 dicitur
1196 624 1496 681 Harcheiis
1520 629 1634 681 tres
1671 621 1781 678 fer-

120 714 302 768 tones
324 711 402 768 ad
425 712 665 784 pondus
685 712 1001 779 Flandrioe,
1021 729 1180 786 quos
1200 713 1477 770 Alnensis
1498 712 1674 768 debet
1690 726 1781 768 ec-

120 799 312 856 clesia
326 816 434 873 pro
454 805 612 858 terra
629 801 893 858 Heluidis
921 823 934 867 ς
959 802 1021 860 in
1044 802 1315 860 Resbaco
1337 806 1566 859 curtem
1587 799 1780 857 domi·

119 889 391 946 nicatam
423 894 479 945 et
511 895 627 946 tres
665 895 863 963 partes
893 891 1070 947 totius
1102 890 1325 957 allodii,
1360 896 1482 947 tam
1523 890 1582 946 in
1612 888 1780 947 terris

114 992 308 1050 quam
340 978 400 1034 in
429 977 611 1045 silvis,
645 979 705 1034 in
736 979 930 1051 aquis,
964 979 1150 1051 pratis
1186 984 1245 1036 et
1275 978 1608 1036 redditibus
1640 993 1779 1034 cum

116 1064 416 1123 districto.
453 1066 628 1139 Apud
660 1067 1024 1124 Runcherias
1053 1084 1156 1124 sex
1178 1084 1410 1125 mareas
1440 1067 1669 1137 argenti
1699 1064 1779 1123 ad

115 1155 288 1226 pond
298 1172 365 1210 us
378 1155 637 1213 Coloniae
648 1172 800 1229 quas
813 1156 991 1213 debet
1009 1156 1507 1215 camberonensis
1524 1154 1779 1213 ecclesia

118 1245 241 1300 sub
267 1260 474 1300 annuo
498 1261 704 1310 censu,
732 1261 841 1316 pro
870 1246 1143 1316 ejusdem
1167 1246 1278 1303 loci
1314 1245 1504 1310 terris,
1523 1250 1582 1301 et
1608 1243 1778 1301 altari

113 1348 262 1389 cum
289 1333 563 1405 cappella
583 1334 658 1390 de
685 1335 1086 1407 Herieriponte
1112 1351 1126 1401 ;
1154 1334 1340 1391 altare
1365 1334 1440 1390 de
1463 1332 1618 1391 Cella
1639 1348 1777 1389 cum

114 1422 495 1494 appendiciis
517 1423 641 1478 suis
665 1422 915 1495 Blelgiis‚
932 1423 1521 1492 Hercana,Asticeset
1542 1421 1773 1492 Slogio;

110 1510 432 1567 ecclesiam
462 1511 537 1566 de
568 1510 790 1568 willari
818 1526 958 1568 cum
985 1511 1363 1585 appendiciis
1391 1511 1519 1568 suis
1553 1509 1776 1569 Harmi-

117 1599 295 1656 niaco
323 1606 378 1655 et
407 1601 690 1656 Beweniis
724 1617 739 1667 ;
768 1603 1081 1658 ecclesiam
1107 1602 1182 1657 de
1216 1602 1456 1658 wamiis
1481 1616 1619 1657 cum
1652 1601 1776 1655 suis

1892 532 2245 588 tradictione
2292 532 2493 604 aliqua
2525 533 2792 589 retinere.
2828 535 2972 590 Cum
3022 541 3222 591 autem
3268 538 3549 607 generale

1888 621 2270 677 interdictum
2292 627 2459 677 terrae
2477 621 2673 691 fuerit,
2687 622 2860 680 liceat
2882 623 3069 690 vobis,
3084 625 3304 682 clausis
3319 627 3547 698 J'anuis,

1889 709 2148 767 exclusis
2163 711 2700 767 excommunicatis
2716 717 2772 766 et
2784 712 3132 780 interdictis,
3149 729 3271 770 non
3293 715 3548 787 pulsatis

1888 799 2218 872 campanis,
2238 814 2568 872 suppressa
2599 815 2742 857 voce
2765 801 2967 858 divina
2992 801 3191 858 officia
3222 803 3545 862 celebrare.

1890 888 2266 961 Sepulturam
2296 905 2538 963 quoque
2570 889 2757 963 ipsius
2780 889 2892 946 loci
2916 889 3168 947 liberam
3191 907 3321 948 esse
3346 892 3548 952 decer-

1888 978 2109 1042 nimus,
2147 982 2209 1033 ut
2238 993 2448 1034 eorum
2488 977 2792 1035 devotioni
2822 986 2881 1035 et
2920 984 3200 1036 extremas
3233 980 3544 1051 voluntati,

1885 1067 1992 1140 qui
2022 1082 2084 1122 se
2108 1066 2222 1123 illic
2244 1067 2474 1138 sepeliri
2495 1066 2974 1134 deliberaverint,
2999 1069 3114 1125 nisi
3135 1069 3282 1126 forte
3312 1084 3547 1129 excom-

1887 1155 2172 1213 municati
2205 1154 2294 1211 vel
2337 1155 2629 1213 interdicti
2670 1156 2808 1221 sint,
2839 1156 3040 1212 nullus
3069 1157 3344 1227 obsistat,
3377 1159 3546 1217 salva

1888 1249 2089 1301 tamen
2113 1244 2344 1314 justitia
2375 1243 2609 1301 illarum
2649 1245 3039 1302 ecclesiarum
3072 1262 3108 1303 a
3127 1246 3351 1319 quibus
3380 1264 3544 1306 mor-

1888 1338 2126 1391 tuorum
2145 1349 2402 1406 corpora
2416 1340 2832 1390 assumuntur.
2858 1334 3128 1393 obeunte
3142 1351 3284 1392 vero
3306 1340 3360 1393 te
3380 1352 3543 1395 nune

1884 1422 2156 1494 ejusdem
2188 1423 2300 1480 loci
2326 1422 2546 1480 abbate
2573 1421 2665 1478 vel
2690 1427 2927 1479 tuorum
2950 1423 3218 1496 quolibet
3237 1441 3545 1484 successo-

1886 1526 2042 1578 rum,
2075 1510 2273 1567 nullus
2323 1509 2403 1566 ibi
2433 1509 2702 1583 qualibet
2740 1512 3149 1583 subreptionis
3181 1515 3408 1571 astutia
3435 1529 3543 1572 seu

1885 1599 2162 1656 violentia
2189 1604 2594 1672 praeponatur,
2620 1600 2736 1655 nisi
2766 1615 2947 1672 quem
2987 1600 3191 1657 fratres
3231 1603 3542 1659 communi

116 1688 485 1760 pertinentiis
517 1689 804 1745 wamiolo
846 1697 901 1746 et
951 1691 1200 1746 Resiniis
1232 1706 1247 1757 ;
1290 1688 1592 1747 Bassecles
1634 1704 1773 1744 cum
1808 1707 1853 1769 B
1885 1705 2203 1758 consensu,
2230 1688 2322 1744 vel
2350 1688 2596 1744 fratrum
2628 1704 2765 1760 pars
2794 1688 3027 1745 consilii
3055 1691 3308 1747 sanioris
3334 1707 3547 1748 secun-

116 1777 493 1848 appendiciis
525 1778 650 1833 suis
681 1795 695 1844 ;
723 1778 1048 1851 altregium
1086 1790 1229 1836 eum
1255 1778 1481 1850 capella
1509 1777 1586 1835 de
1615 1777 1773 1843 villa,

118 1880 251 1921 cum
268 1866 637 1937 appendiciis
650 1867 1016 1941 omnibusab
1031 1867 1196 1924 omni
1210 1865 1777 1924 exactioneliberum

97 1954 969 2028 ,proeterepiscopiobsonium
984 1956 1162 2029 Apud
1180 1955 1529 2013 Imbrechiis
1548 1959 1775 2011 curtem

124 2048 183 2099 et
213 2048 397 2099 terras
426 2044 825 2101 dominicatas
852 2061 991 2102 cum
1021 2045 1207 2117 pratis
1228 2050 1288 2103 et
1310 2044 1508 2117 aquis,
1539 2050 1597 2101 et
1623 2043 1776 2101 duas

121 2138 321 2204 partes
334 2133 672 2189 communis
688 2133 894 2191 allodii
912 2134 991 2190 ab
1002 2134 1168 2191 omni
1187 2134 1496 2190 exactione
1515 2131 1735 2189 liberas
1757 2148 1772 2199 ;

123 2220 313 2277 altare
345 2221 421 2277 de
459 2223 680 2278 Bossut
702 2238 739 2279 a
764 2228 1087 2294 personatu
1116 2226 1173 2280 et
1192 2223 1359 2280 omni
1387 2221 1699 2277 exactione
1712 2219 1776 2276 li·

119 2309 357 2377 berum,
390 2315 603 2382 praeter
628 2326 898 2367 annuum
931 2328 1035 2367 sex
1063 2310 1446 2368 denariorum
1474 2310 1775 2367 redditum

121 2414 233 2471 pro
248 2398 511 2471 episcopi
531 2399 829 2466 obsonio;
860 2399 1045 2457 altare
1069 2400 1144 2457 de
1174 2400 1475 2457 Baldurno
1494 2415 1637 2456 oum
1661 2414 1772 2470 ap-

122 2486 405 2559 pendicio
433 2503 542 2544 suo
577 2487 809 2545 villerot
847 2489 923 2544 ab
949 2490 1114 2546 omni
1144 2489 1455 2546 exactione
1492 2488 1769 2554 liberum,

117 2582 327 2646 praeter
351 2591 619 2632 annuum
643 2577 819 2634 trium
843 2577 1173 2634 solidorum
1200 2577 1498 2634 redditum
1523 2592 1629 2649 pro
1650 2577 1771 2649 epi-

121 2666 293 2736 scopi
316 2664 577 2721 obsonio
605 2682 621 2731 ;
656 2665 843 2722 altare
869 2666 943 2723 de
968 2667 1206 2737 Eligniis
1226 2672 1285 2723 et
1308 2666 1383 2722 de
1407 2665 1728 2724 Tumaides
1752 2683 1768 2735 ;

117 2753 397 2826 capellam
414 2754 489 2810 de
504 2756 831 2828 Ramegniis
846 2772 882 2812 a
894 2762 1213 2829 personatu
1226 2756 1447 2813 etomni
1461 2756 1771 2813 exactione

116 2841 371 2899 liberam
386 2850 600 2916 praeter
610 2845 872 2918 episcopi
896 2846 1151 2903 obsonia
1165 2863 1181 2912 ;
1195 2846 1480 2904 Abeceias
1500 2861 1637 2902 cuni
1666 2859 1770 2916 ap-

112 2933 407 3006 pendiciis
433 2935 559 2989 suis
588 2935 803 3002 Belchi,
830 2935 1195 3003 molembais,
1220 2935 1771 3009 PopiolaPetrewez

111 3027 170 3079 et
185 3022 320 3078 aliis
337 3022 712 3094 appendiciis
729 3025 854 3080 suis
878 3025 1375 3099 ;altariaquoque
1391 3041 1427 3082 a
1451 3025 1625 3082 houae
1653 3040 1770 3080 me·
1802 3062 1843 3118 C

117 3111 326 3167 moriae
338 3114 381 3167 N
387 3111 579 3169 icolao
599 3113 913 3186 quondam
937 3114 1351 3171 Cameracensi
1371 3115 1657 3186 episcopo
1670 3129 1770 3170 vo-

115 3198 211 3255 bis
237 3199 453 3256 collata
473 3206 530 3257 et
552 3201 828 3273 ejusdem
853 3201 1177 3273 privilegiis
1203 3203 1561 3259 confirmata
1583 3219 1599 3269 ;
1631 3203 1770 3258 Har-

115 3288 259 3344 ceiis
273 3304 402 3344 cum
419 3290 796 3361 appendiciis
809 3290 1028 3347 Grandi
1042 3290 1374 3347 Ecclesiaet
1387 3289 1765 3355 Stambrusia,

112 3382 172 3435 et
192 3378 424 3449 capella
449 3378 523 3435 de
543 3379 968 3452 Equi-campo;
996 3379 1183 3437 altare
1208 3379 1285 3435 de
1311 3379 1475 3436 Blato
1511 3379 1767 3437 liberum

115 3471 176 3523 et
195 3465 320 3522 sine
347 3474 674 3539 personatu
692 3468 1013 3539 ;capellam
1036 3468 1110 3524 de
1131 3468 1341 3524 weltes
1359 3466 1606 3525 liberam
1622 3483 1768 3540 prm-

116 3561 204 3612 ter
231 3556 547 3627 sonegium
560 3556 877 3613 duodecim
892 3556 1299 3624 denariorum,
1318 3556 1502 3614 altare
1522 3557 1599 3614 de
1618 3556 1770 3614 Thu-

115 3643 199 3700 lin
221 3660 357 3700 cum
374 3645 735 3717 appendicio
750 3662 861 3702 suo
875 3646 1088 3703 Hainin
1109 3645 1323 3713 ;altare
1336 3646 1413 3702 de
1427 3645 1765 3714 Hunceniis‚

115 3733 304 3790 altare
329 3734 405 3791 de
438 3736 733 3803 Hermaia,
760 3734 945 3793 altare
969 3736 1045 3793 de
1073 3738 1444 3806 Rascengen,
1480 3735 1665 3795 altare
1695 3736 1768 3792 de

116 3822 509 3893 numberges,
540 3824 726 3881 altare
744 3824 821 3881 de
833 3824 935 3881 Goi
964 3840 1104 3881 cum
1137 3830 1291 3882 terra
1309 3831 1368 3882 et
1382 3824 1516 3882 aliis
1543 3840 1770 3897 appen-

114 3910 284 3967 diciis
316 3912 439 3968 suis
472 3930 485 3981 ;
532 3913 718 3971 altare
752 3913 827 3970 de
856 3913 1172 3984 Lovegniis
1202 3930 1342 3971 cum
1393 3913 1770 3987 appendiciis

120 3998 330 4056 Dolziis
354 4006 411 4057 et
449 4001 678 4074 capella
707 4002 783 4058 de
830 4003 1037 4076 Squeri
1067 4020 1082 4071 ;
1122 4001 1417 4075 capellam
1456 4002 1532 4060 de
1567 4004 1685 4061 Fait
1711 4005 1770 4059 et

117 4088 411 4160 capellam
423 4089 499 4146 de
515 4091 936 4164 Herieriponte‚
953 4091 1175 4148 liberas
1192 4091 1273 4148 ab
1284 4091 1449 4148 omni
1462 4092 1769 4149 exactione

114 4182 168 4233 et
195 4183 537 4249 personatu.
564 4179 629 4236 In
661 4179 796 4236 villa
822 4179 1174 4237 Alemannis
1190 4185 1420 4238 curtem
1439 4180 1772 4238 dominica·

113 4271 238 4323 tam
268 4273 325 4322 et
345 4267 646 4324 decimam
672 4268 864 4340 ipsius
891 4270 1073 4326 curtis
1099 4274 1159 4326 et
1186 4275 1353 4326 terrm
1379 4269 1457 4327 ad
1488 4269 1768 4327 eamdem

113 4354 322 4412 villam
352 4355 766 4428 pertinentem,
794 4358 856 4414 in
886 4357 1075 4425 terris,
1107 4359 1313 4425 vineis,
1347 4358 1551 4431 pratis,
1585 4359 1765 4427 silvis,

1884 1776 2033 1834 dum
2061 1777 2161 1834 Dei
2192 1777 2465 1834 timorem
2495 1782 2550 1833 et
2575 1777 2733 1833 Beati
2753 1776 3048 1834 Benedicti
3091 1778 3377 1852 Regulam
3405 1796 3544 1853 pro-

1886 1866 3069 1939 viderinteligendum.Antiquasquoque
3082 1869 3540 1926 etrationabiles

1883 1955 2373 2021 consuetudines,
2400 1954 2701 2011 libertates
2727 1954 2904 2011 etiem
2934 1960 2990 2011 et
3018 1956 3432 2014 immunitates
3462 1959 3542 2014 ei·

1883 2045 2023 2102 dem
2058 2044 2426 2101 monasterio
2451 2043 2884 2100 rationabiliter
2912 2059 3230 2101 concessas
3263 2050 3319 2102 et
3343 2046 3544 2103 hacte-

1884 2150 1999 2191 nus
2014 2134 2364 2190 observatas
2377 2133 2728 2190 auctoritate
2740 2147 2887 2204 apos
2896 2131 3069 2190 tolica
3080 2132 3432 2192 confirmem
3442 2151 3540 2191 us.

1883 2221 2228 2279 inhibemus
2262 2222 2507 2294 insuper
2536 2237 2609 2277 ne
2634 2221 2770 2293 quis
2799 2221 2858 2276 in
2891 2236 2999 2277 vos
3027 2221 3116 2278 vel
3147 2222 3426 2281 ecclesias
3443 2238 3545 2281 ve-

1882 2317 2059 2381 stras,
2073 2313 2202 2367 sine
2221 2310 2538 2368 manifesta
2556 2309 2959 2366 etrationabili
2972 2325 3177 2377 causa,
3193 2326 3543 2371 excommu-

1882 2400 2199 2458 nicationis
2221 2400 2314 2456 vel
2337 2398 3006 2457 interdictisententiam
3033 2399 3254 2457 audeat
3269 2401 3542 2472 promul·-

1881 2505 2048 2561 gare.

1955 2577 2340 2634 Decernimus
2369 2590 2515 2647 ergo
2548 2579 2610 2633 ut
2633 2576 2780 2632 nulli
2809 2576 3058 2634 omnino
3086 2576 3405 2633 bominum
3443 2576 3536 2635 tae

1878 2667 1952 2724 sit
1980 2665 2299 2740 praefatum
2325 2665 2754 2721 monasterium
2788 2669 3007 2721 temere
3024 2665 3398 2738 perturbare,
3431 2670 3537 2723 aut

1879 2756 2010 2828 eius
2039 2755 2450 2828 possessiones
2469 2753 2724 2817 auferre,
2743 2751 2836 2809 vel
2864 2753 3102 2811 ablatas
3128 2754 3399 2821 retinere,
3431 2755 3537 2810 mi·

1878 2860 2084 2911 nuere,
2126 2860 2231 2902 seu
2263 2842 2633 2916 quibuslibet
2671 2842 3089 2899 vexationibus
3123 2841 3394 2912 fatigare,
3428 2842 3537 2902 sed

1877 2934 2084 2991 omnia
2103 2934 2335 3003 integra
2345 2935 2773 2988 conserventur
2783 2945 3011 2995 eorum,
3031 2946 3138 3004 pro
3150 2946 3411 3004 quorum
3424 2946 3537 3002 gu-

1878 3024 2227 3080 bernatione
2256 3028 2314 3079 et
2346 3021 2774 3078 sustentatione
2812 3036 3099 3078 concessa
3131 3026 3289 3089 sunt,
3324 3021 3535 3078 usibus

1878 3111 2245 3170 omnimodis
2272 3109 2608 3177 protutura,
2640 3109 2807 3167 salva
2848 3109 3010 3165 sedis
3049 3108 3392 3182 apostolicas
3429 3125 3534 3168 au·

1877 3200 2148 3258 ctoritate
2176 3206 2233 3256 et
2267 3200 2757 3256 dioecesanorum
2786 3199 3210 3271 episcoporum
3239 3199 3535 3257 canonica

1874 3289 2131 3361 justitia.

1951 3380 2008 3435 Si
2025 3392 2147 3450 qua
2168 3377 2345 3448 igitur
2366 3378 2427 3433 in
2439 3375 2708 3432 futurum
2729 3374 3132 3433 ecclesiastica
3148 3377 3531 3435 soecularisve

1879 3465 2309 3539 personabanc
2326 3469 2547 3520 nostrae
2561 3463 3000 3520 constitutionis
3012 3465 3300 3535 paginam
3314 3465 3532 3533 sciens,

1876 3560 2088 3614 eontra
2146 3569 2283 3611 eam
2337 3558 2558 3610 temere
2601 3552 2935 3618 tentaverit,
2977 3553 3243 3609 secundo
3286 3553 3532 3611 tertiove

1879 3644 2269 3710 commonita,
2299 3641 2412 3699 nisi
2451 3649 2682 3698 reatum
2707 3656 2887 3697 suum
2916 3640 3102 3711 digna
3128 3640 3534 3700 satisfactione

1877 3733 2217 3799 correxerit,
2249 3732 2587 3805 postestatis
2609 3729 2980 3803 honorisque
3000 3730 3092 3786 sui
3117 3730 3412 3802 dignitate
3437 3745 3537 3789 ca-

1877 3827 2024 3891 reat,
2054 3837 2345 3895 reamque
2372 3835 2436 3877 se
2464 3818 2666 3877 divino
2685 3819 2913 3891 judicio
2943 3819 3192 3876 existere
3219 3818 3295 3875 de
3327 3833 3536 3893 perpe·

1879 3917 2032 3971 trata
2044 3912 2353 3986 iniquitate
2370 3913 2717 3980 cognoscat,
2731 3913 2787 3963 et
2804 3924 2839 3964 a
2858 3908 3267 3965 sacratissimo
3278 3922 3531 3981 corpore

1877 4017 1951 4061 ac
1971 4002 2264 4071 sanguine
2285 3999 2386 4055 Dei
2408 4005 2464 4055 et
2485 3996 2714 4055 Domini
2739 3995 3152 4067 Redemptoris
3179 3997 3368 4054 nostri
3386 3999 3535 4057 Jesu

1878 4091 2090 4151 Christi
2132 4090 2331 4147 aliena
2365 4088 2489 4156 fiat,
2532 4093 2715 4160 atque
2756 4087 2818 4142 in
2847 4091 3114 4143 extremo
3144 4087 3416 4145 examine
3445 4087 3537 4144 di·

1878 4182 2095 4238 strictoe
2114 4178 2324 4236 ultioni
2343 4176 2671 4248 subJ‘aceat.
2693 4175 2932 4232 Cunctis
2953 4181 3155 4232 autem
3180 4176 3376 4234 eidem
3396 4176 3534 4234 loco

1878 4288 1987 4327 sua
2008 4271 2147 4341 jura
2157 4265 2533 4324 servantibus
2560 4268 2633 4321 sit
2647 4280 2766 4338 pax
2776 4264 3011 4320 Domini
3025 4264 3209 4321 nostri
3219 4264 3247 4320 J
3253 4280 3361 4322 esu
3374 4264 3536 4323 Chri-

1879 4361 1952 4416 sti
1970 4362 2189 4433 quaten
2199 4374 2266 4413 us
2286 4355 2451 4413 ethic
2466 4355 2725 4411 fructum
2740 4354 2915 4411 bonae
2932 4353 3184 4411 actionis
3200 4354 3535 4428 percipiant

113 4448 171 4499 et
209 4460 467 4518 quaeque
498 4445 559 4500 in
589 4461 749 4517 pago
795 4447 1204 4504 Suessionensi
1229 4447 1387 4518 juste
1435 4452 1494 4504 et
1522 4448 1769 4519 pacifice
1801 4419 1846 4475 D
1878 4456 1937 4506 et
1963 4448 2128 4521 apud
2154 4445 2487 4504 districtum
2511 4444 2779 4517 judicem
2809 4444 3060 4517 praemia
3098 4449 3337 4501 aeternoe
3364 4443 3534 4517 pacis

114 4532 437 4605 possidetis
472 4550 487 4601 ;
514 4538 743 4591 curtem
765 4540 823 4592 et
852 4541 1037 4593 terras
1059 4536 1461 4594 dominicatas
1486 4538 1651 4611 apud
1678 4536 1772 4594 ΛΙ-

115 4623 370 4693 tregium
392 4628 451 4680 et
465 4629 666 4695 partes
689 4626 1032 4682 communis
1052 4624 1250 4682 allodii
1274 4626 1541 4693 interris,
1568 4627 1769 4704 aquis,

112 4711 322 4782 pratis,
342 4710 503 4768 silvis
517 4716 573 4767 et
593 4711 949 4779 redditibus,
967 4712 1046 4769 ab
1070 4713 1233 4769 omni
1261 4714 1572 4770 exactione
1594 4722 1650 4771 et
1670 4714 1774 4772 ad-

110 4801 426 4859 vocatione
448 4801 707 4867 liberas;
740 4800 942 4860 villam
975 4801 1279 4859 Bassecles
1305 4815 1445 4860 cum
1483 4803 1772 4861 omnibus

113 4890 488 4961 appendiciis
519 4891 666 4956 suis,
695 4894 753 4948 et
780 4890 1197 4948 villicationem
1222 4891 1499 4964 ejusdem
1527 4892 1680 4950 vitlae
1707 4894 1768 4951 in

114 4977 569 5052 eleemosynam
591 4986 787 5036 vestro
811 4980 1175 5038 monasterio
1189 4993 1537 5038 concessam
1551 4998 1689 5038 cum
1707 4982 1772 5040 li·

111 5064 445 5124 bertatibus
480 5072 537 5123 et
574 5067 941 5140 pertinentiis
969 5082 1125 5142 quas
1156 5068 1442 5140 praedicta
1479 5069 1772 5128 beneficia

116 5154 342 5213 habere
370 5163 732 5216 noscuntur.

191 5244 346 5301 Sane
398 5246 705 5303 novalium
745 5249 1087 5304 vestrorum
1124 5261 1263 5319 quai
1294 5247 1554 5320 propriis
1579 5247 1772 5306 mani·

115 5333 232 5389 bus
253 5339 355 5389 aut
385 5334 725 5407 sumptibus
746 5335 960 5401 colitis,
988 5335 1115 5393 sive
1144 5335 1221 5393 de
1240 5336 1621 5394 nutrimentis
1644 5337 1770 5395 ani·

117 5422 371 5479 matium
403 5428 736 5482 vestrorum
760 5424 958 5483 nullus
979 5441 1020 5484 a
1039 5424 1215 5483 vobis
1242 5424 1509 5483 decimes
1534 5425 1769 5499 exigere

113 5510 212 5571 vel
263 5516 621 5586 extorquere
664 5518 1014 5587 prasumat.
1063 5512 1259 5575 Liceat
1310 5529 1557 5591 quoque
1600 5515 1770 5576 vohis

1879 4538 2201 4595 inveniant.
2225 4537 2435 4602 Amen,
2465 4549 2666 4591 amen.

1944 4628 2067 4698 Ego
2095 4625 2311 4682 Lucius
2347 4623 2652 4681 catholicae
2683 4621 2959 4678 Ecclesiae
2986 4621 3326 4693 episcopus.

1955 4718 2076 4785 Ego
2113 4714 2373 4772 Joannes
2417 4711 2564 4770 tituli
2595 4710 2797 4768 Sancti
2838 4710 3019 4767 Marci
3047 4709 3357 4782 presbyter
3406 4723 3538 4768 car-

1879 4804 2408 4963 dullgoslaaborans
2425 4888 2736 4963 presbyter
2748 4886 3070 4945 cardinalis
3089 4888 3320 4944 Sanctae
3339 4885 3533 4946 Uario

1878 4987 2048 5040 trans
2085 4980 2362 5045 Tiberim,
2393 4978 2479 5036 tit.
2502 4976 2731 5034 Calixti.

1952 5074 2074 5142 Ego
2089 5069 2382 5127 unbertus
2393 5066 2706 5141 presbyter
2725 5064 3047 5123 cardinalis
3071 5063 3220 5123 tit.S.
3235 5063 3536 5124 Laurentii

1876 5176 1942 5218 m
1952 5162 2482 5322 ggffffdulphus
2493 5243 2806 5318 presbyter
2818 5242 3140 5302 cardinalis
3157 5244 3242 5301 tit.
3267 5241 3534 5302 saeuiens

1882 5338 1974 5395 xu
2004 5335 2451 5409 Apostolorum.

1951 5429 2073 5498 Ego
2101 5424 2441 5484 Theodinus
2472 5422 2815 5482 Portueneis
2842 5425 2901 5482 et
2932 5422 3155 5482 Sanctae
3179 5421 3410 5480 Rufino
3438 5433 3535 5481 se-

1879 5515 1978 5578 di·
2003 5515 2352 5591 episcopus.
