3784 6000
168 255 287 320 279

1235 244 1661 312 GUILLELMI
1700 244 2094 310 TYRENSIS
2133 236 2497 304 anctum).

3446 238 3568 300 280

168 389 520 463 Vocatisque
542 384 868 445 artificibus
893 383 1226 441 omnimoda
1251 384 1474 438 instant
1497 385 1807 456 diligentia
1841 386 1893 452 Α
1929 381 2227 438 instabant
2257 377 2429 449 igitur
2462 372 2750 447 principes
2781 372 2852 427 ad
2888 370 3048 428 urbis
3075 371 3563 438 expuoenationem

173 489 239 541 ut
265 497 439 554 opere
479 480 883 537 consummato
915 475 1112 530 urbem
1146 482 1409 544 satagant
1442 473 1814 546 impugnare.

174 575 439 642 Dumque
468 571 526 624 in
559 587 625 623 eo
654 567 1006 622 desudarent
1036 565 1328 635 attentius,
1360 573 1419 622 et
1460 570 1660 623 urbem
1697 569 1816 623 t're-

173 661 491 738 quentibus
512 655 1043 726 congressionibus,
1065 663 1284 721 septem
1310 656 1811 713 hebdomadarum

174 746 463 806 curriculo
494 742 788 800 hostiliter
816 743 1282 814 impugnassent,
1319 745 1572 815 quadam
1606 746 1700 801 die
1725 746 1815 801 in·

172 835 332 895 dicto
358 835 429 890 de
457 848 615 889 more
644 830 940 898 conflictu,
964 831 1112 887 duos
1143 831 1365 888 nobiles
1394 837 1448 888 et
1474 834 1815 904 magnificos

172 927 328 981 viros
348 929 406 980 et
437 922 498 979 in
528 938 709 979 armis
739 926 1031 989 strenuos,
1054 920 1361 977 dominum
1393 923 1663 978 videlicet
1685 923 1816 979 Bal·

173 1015 415 1071 duinum
446 1023 832 1071 coanomento
852 1010 1155 1068 calderon.
1186 1016 1245 1066 et
1274 1011 1578 1069 dominum
1612 1014 1811 1070 itidem

174 1102 526 1161 Balduinum
560 1102 632 1156 de
660 1099 830 1169 Gant,
853 1098 1092 1156 alterum
1108 1101 1270 1170 jactu
1313 1101 1546 1169 lapidus,
1571 1100 1813 1159 alterum

174 1193 397 1266 sagitte
429 1193 543 1248 ictu
575 1192 709 1246 dum
754 1191 810 1245 in
851 1191 1282 1261 expugnatione
1323 1193 1484 1246 urbis
1515 1193 1818 1248 decertant

175 1281 524 1351 animosius,
571 1280 885 1337 miserabili
929 1281 1253 1335 amiserunt
1315 1281 1652 1337 infortunio.
1688 1282 1819 1338 Post

176 1369 289 1431 hoc
318 1371 515 1437 etiam,
548 1371 687 1425 dum
727 1385 797 1424 ex
826 1367 1070 1425 consilio
1108 1375 1168 1423 et
1216 1368 1442 1424 decreto
1493 1370 1815 1441 principum

178 1473 411 1517 rursum
440 1455 724 1513 exercitus
752 1456 991 1514 iteraret
1018 1455 1333 1522 assultum,
1363 1455 1697 1513 Willelmus
1728 1475 1821 1515 co·

179 1563 304 1606 mes
319 1548 392 1603 de
415 1546 610 1605 Foreis
630 1553 688 1602 et
708 1545 850 1604 Galo
872 1547 942 1601 de
967 1545 1184 1612 Insula,
1206 1547 1430 1603 domin
1453 1563 1519 1603 ao
1536 1547 1814 1605 conflictu

180 1635 429 1696 nimium
446 1635 750 1706 ferventes,
767 1637 961 1692 hostes
984 1635 1298 1702 lacessunt,
1313 1637 1541 1709 sagittis
1556 1636 1815 1694 transfixi

178 1725 524 1785 interierunt
548 1740 564 1793 ς
593 1725 782 1782 Guido
810 1740 1044 1798 quoque
1073 1726 1144 1781 de
1167 1725 1466 1793 Porcessa,
1496 1726 1585 1782 vir
1608 1726 1818 1783 nobilis
1850 1731 1897 1797 Β

181 1815 254 1874 de
284 1830 461 1887 regno
483 1814 861 1884 Francorum,
886 1815 1077 1871 valida
1094 1815 1307 1871 ibidem
1332 1822 1634 1887 correptus
1655 1816 1825 1889 egri-

118 1980 123 1984 ,
180 1902 408 1973 tudine,
439 1918 615 1960 carne
643 1903 873 1959 solutus
904 1906 1013 1959 est.
1036 1903 1218 1974 Super
1237 1921 1487 1977 quorum
1518 1921 1655 1962 casu
1682 1922 1822 1961 con·

180 1996 477 2052 sternatus
509 1991 824 2065 plurimum
858 1992 957 2048 Dei
992 1998 1265 2065 populus,
1303 2011 1403 2050 eos
1437 1995 1673 2051 honesto
1702 2002 1826 2051 tra-

180 2081 327 2140 didit
354 2081 667 2151 sepulturis
691 2100 707 2150 ς
735 2082 1063 2156 exsequias,
1113 2085 1315 2154 quales
1363 2085 1500 2141 viris
1533 2085 1828 2142 nobilibus

181 2175 240 2230 et
270 2171 602 2245 magnificis
622 2172 880 2228 exhiberi
904 2171 1114 2244 solent,
1137 2173 1353 2230 intuitu
1375 2176 1606 2246 pietatis
1638 2175 1825 2232 chari·

182 2260 410 2332 tstlsve,
441 2261 862 2335 impendentes.

825 2403 1056 2462 CAPUT
1096 2405 1184 2462 Vl.

183 2527 438 2587 Machina
454 2527 704 2599 quasdam
735 2544 827 2585 mu
837 2544 896 2584 ro
916 2529 1218 2600 applicata.
1243 2549 1276 2588 a
1296 2533 1506 2590 civibus
1527 2534 1823 2603 obteritur,

254 2602 353 2659 sub
380 2616 487 2669 qua
508 2603 677 2656 multi
704 2607 1019 2657 nostrorum
1042 2611 1301 2674 pereunt.
1327 2606 1497 2662 Lacus
1515 2614 1827 2665 nostrorum

256 2674 431 2729 obstat
460 2672 769 2728 conatibus.

259 2793 521 2860 Quadam
552 2794 761 2850 iterum
785 2795 880 2851 die
909 2796 1042 2852 dum
1066 2814 1270 2855 omnes
1300 2799 1357 2855 in
1389 2800 1635 2857 circuitu
1669 2801 1826 2873 prin·

189 2883 370 2958 cipes,
402 2900 541 2938 suas
571 2885 834 2941 certatim
857 2887 929 2941 ad
962 2904 1194 2944 murum
1228 2893 1584 2961 applicarent
1616 2893 1827 2949 machi·

191 2989 296 3032 uas
317 2988 336 3041 ς
356 2979 415 3029 et
436 2973 625 3029 modis
653 2975 1109 3050 quibuscunque
1136 2985 1417 3051 poterant,
1450 2998 1643 3039 muros
1673 2984 1831 3041 debi-

1925 489 2029 544 per
2057 471 2367 527 circuitum
2404 466 2798 525 unanimiter:
2828 470 2886 518 et
2919 472 2972 516 ut
3026 463 3277 532 quisque
3309 463 3364 517 in
3402 469 3569 534 parte

1920 562 2030 619 sibi
2063 563 2338 632 deputata
2369 556 2683 612 sollicitum
2733 569 2796 609 se
2850 550 3168 614 exhiberet,
3198 558 3258 607 et
3294 553 3571 609 obsessos

1922 649 2259 706 molestaret
2288 647 2564 718 amplius,
2583 644 2898 716 gloriosum
2937 644 3279 711 reputabat3
3314 642 3573 698 fervebat

1920 755 2068 811 opus
2086 737 2398 810 impendio,
2413 745 2464 791 et
2485 733 2741 790 assiduis
2753 730 3282 801 congressionibus,
3297 740 3356 787 st
3376 747 3570 803 pugna

1920 845 2068 903 pene
2088 828 2361 886 continua
2393 824 2624 899 requies
2652 823 2880 879 civibus
2905 822 3242 896 negabatur.
3280 820 3466 878 Lacus
3485 826 3569 877 ta·

1922 935 2053 977 men
2086 919 2296 974 civitati
2329 918 2624 988 adjacens,
2670 921 2998 969 nostrorum
3050 911 3303 968 maxime
3334 927 3568 983 praepe-

1921 1010 2119 1066 diebat
2146 1024 2405 1080 operam,
2433 1011 2491 1062 et
2518 1003 2780 1060 studium
2811 1002 2957 1059 citra
2984 1007 3235 1071 optatam
3270 1001 3571 1057 detinebat

1920 1098 2262 1165 efficaciam,
2288 1095 2512 1152 civibus
2550 1094 2946 1149 omnimodam
2991 1093 3256 1161 proebens
3294 1089 3570 1146 consola-

1921 1189 2163 1245 tionem.
2197 1186 2340 1244 Nam
2379 1201 2474 1257 per
2510 1199 2643 1238 eum
2679 1181 3041 1252 navigantes,
3093 1179 3333 1235 liberius
3379 1178 3571 1235 victus

1920 1284 1979 1335 et
2032 1276 2440 1332 alimentorum
2497 1273 2827 1328 inferebant
2887 1271 3106 1341 copias,
3153 1278 3208 1324 et
3264 1277 3571 1326 armento·

1921 1382 2055 1423 rum
2115 1378 2560 1436 nonnunquam,
2616 1359 2951 1417 videntibus
2996 1358 3214 1415 nostris
3255 1363 3313 1414 et
3342 1371 3570 1414 contra·

1923 1456 2114 1512 dicere
2153 1470 2269 1512 non
2329 1453 2678 1513 volentibus.
2731 1448 3173 1506 multitudinem
3231 1447 3575 1505 introduce·

1923 1544 2084 1603 bant.

2544 1682 2776 1744 CAPUT
2812 1683 2944 1740 v11.

1928 1816 2113 1876 Nostri
2138 1829 2302 1870 naves
2353 1827 2387 1866 a
2440 1811 2592 1866 mari
2646 1808 2902 1879 deterunt
2930 1809 2993 1864 in
3024 1805 3331 1877 plaustris,-
3384 1807 3571 1864 laeum

2002 1892 2266 1958 occeapant
2282 1902 2305 1951 ,·
2340 1887 2483 1940 cives
2511 1887 2824 1939 nostrorum
2858 1880 3213 1938 admirantur
3265 1896 3570 1953 arqumen·

2003 1970 2116 2016 tum
2144 1969 2196 2016 et
2219 1959 2529 2028 desperant.

2004 2082 2419 2141 convenientes
2448 2081 2628 2153 igitur
2655 2079 2770 2136 Deo
2809 2078 3089 2137 amabiles
3118 2077 3435 2151 principes,
3468 2093 3576 2135 su-

1936 2193 2037 2249 per
2063 2193 2130 2233 eo
2160 2172 2486 2244 specialiter
2514 2171 2843 2228 deliberant
2888 2171 3132 2227 articulo
3190 2186 3307 2242 qua
3352 2169 3576 2226 ratione

1934 2265 2072 2322 huic
2096 2263 2245 2320 malo
2263 2261 2629 2319 commodius
2657 2260 2880 2332 possint
2908 2275 3245 2326 occurrere;
3262 2265 3319 2315 st
3341 2260 3575 2315 tandem

1934 2354 2150 2426 placuit
2176 2354 2232 2408 in
2267 2350 2563 2408 communi
2598 2356 2680 2418 ut,
2723 2350 2902 2405 missa
2951 2350 3146 2419 populi
3189 2354 3352 2420 parte
3392 2345 3579 2403 maxi·

1935 2460 2051 2511 ma,
2073 2449 2131 2499 ct
2149 2445 2411 2514 equitum
2434 2441 2610 2496 etiam
2631 2456 2766 2495 cum
2785 2442 2870 2496 sis
2893 2439 3118 2512 aliquot
3153 2438 3487 2511 legionibus
3506 2437 3578 2492 ad

1935 2549 2124 2597 mare.
2155 2548 2327 2588 naves
2347 2531 2482 2585 inde
2503 2532 2623 2586 sive
2648 2535 2926 2599 integras.
2976 2528 3095 2584 sive
3120 2544 3216 2600 per
3239 2534 3430 2597 partes
3457 2526 3582 2584 dis-

1933 2622 2181 2689 solutas,
2213 2636 2387 2691 super
2417 2634 2627 2675 currus
2648 2625 2704 2674 st
2735 2619 3020 2686 vehicula,
3052 2618 3139 2675 vel
3170 2617 3283 2674 alio
3314 2632 3584 2690 quocun·

1933 2725 2049 2782 que
2077 2708 2305 2765 artificii
2356 2724 2566 2781 genere
2604 2723 2790 2778 usque
2844 2707 2917 2762 ad
2979 2706 3167 2762 lacum
3221 2707 3580 2775 pertrabant,

1934 2799 2148 2872 alioqui
2207 2800 2470 2855 futurum
2529 2803 2615 2863 ut,
2645 2798 2938 2853 evacuatis
2992 2811 3193 2853 eorum
3245 2796 3580 2867 conatibus,

1934 2890 2299 2959 consumptis
2330 2888 2544 2944 studiis
2572 2892 2629 2943 et
2660 2888 2964 2958 impensis,
2998 2902 3090 2942 res
3121 2887 3178 2943 in
3210 2885 3442 2941 irritum
3474 2886 3585 2942 de-

1936 2979 2203 3037 ducatur.
2236 2977 2409 3036 Porro
2463 2978 2864 3051 pervenientes
2910 2975 2980 3032 ad
3044 2991 3225 3043 mars,
3275 2975 3489 3050 quibus
3522 2975 3579 3032 id

188 3061 378 3131 litare,
410 3069 467 3117 et
495 3064 607 3119 sibi
643 3080 847 3136 parare
869 3068 1163 3125 introitum
1197 3071 1540 3139 niterentur,
1571 3076 1751 3129 otium
1776 3080 1832 3131 et
1861 3090 1906 3157 c
1946 3085 2206 3125 muneris
2227 3074 2352 3124 erat
2382 3068 2738 3138 injunctum,
2801 3067 2921 3122 viss
2976 3081 3178 3123 eorum
3219 3065 3585 3138 propositum

191 3150 422 3209 desides
445 3151 634 3221 ferias,
656 3159 1023 3211 strenuorum
1049 3161 1619 3227 more,declinantes,
1635 3180 1832 3220 comes

190 3237 562 3297 Hermannus
584 3247 644 3298 et
675 3240 955 3301 Henricus
986 3247 1056 3301 de
1083 3248 1295 3318 Ascba,
1328 3250 1398 3305 ds
1431 3267 1606 3322 regno
1637 3251 1831 3308 Theu-

189 3328 518 3388 tonicorum
550 3328 659 3387 viri
718 3332 944 3388 nobiles
986 3341 1046 3390 et
1099 3334 1324 3411 inclyti,
1371 3338 1830 3397 instrumentum

190 3418 484 3493 quoddam
515 3419 831 3478 artificiose
858 3423 1006 3478 satis
1035 3428 1445 3494 compositum,
1479 3428 1830 3487 familiarum

192 3509 252 3564 et
279 3507 735 3565 domesticorum
769 3526 1009 3569 suorum
1043 3522 1254 3570 conatu
1285 3521 1343 3571 et
1379 3519 1592 3574 virtute
1627 3517 1832 3589 multa,

193 3596 486 3653 mmnibus
516 3597 832 3669 applicant.
856 3604 989 3656 Erat
1009 3608 1203 3659 autem
1233 3606 1508 3662 muchina
1539 3607 1833 3678 quercinis

191 3685 457 3742 trabibus
487 3694 776 3752 contexta.
811 3690 868 3745 in
900 3691 1070 3760 cujus
1114 3694 1335 3749 ambitu
1385 3697 1656 3751 robustos
1687 3697 1830 3752 inte·

190 3779 440 3833 xuerant
468 3777 749 3847 parietes3
783 3779 863 3834 ita
894 3788 957 3835 ut
988 3781 1299 3839 introducti
1331 3786 1555 3854 equites
1605 3785 1832 3858 viginti,

191 3864 416 3922 viribus
440 3866 938 3933 robustissimi,ab
959 3872 1118 3927 omni
1133 3874 1379 3930 telorum
1402 3876 1760 3932 immissione
1779 3882 1838 3932 et

182 3953 374 4027 jactu,
395 3954 567 4011 etiam
591 3959 978 4014 maximorum
1015 3962 1347 4025 molarium,
1382 3965 1479 4036 qui
1511 3964 1836 4022 intromissi

191 4049 360 4099 erant
389 4043 459 4099 ad
518 4046 970 4104 subfodiendum
1005 4066 1263 4121 murum,
1309 4052 1645 4110 viderentur
1698 4071 1835 4111 con·

193 4131 403 4189 sistere
424 4148 595 4203 posse
618 4139 829 4192 securi.
865 4138 1000 4204 Quae
1025 4141 1258 4197 tandem
1288 4144 1578 4209 machina,
1606 4150 1668 4198 ut
1689 4162 1836 4217 ρω-

196 4220 476 4289 diximus,
509 4222 691 4279 muris
721 4226 1029 4297 applicata,
1079 4229 1437 4287 instantibus
1486 4236 1735 4305 desuper
1764 4235 1834 4290 ad

198 4309 347 4365 muri
367 4309 763 4368 defensionem
786 4315 1031 4381 civibus,
1049 4334 1392 4391 magnorum
1419 4324 1672 4391 impulsu
1709 4323 1840 4394 lapi·

195 4397 333 4454 dum
359 4396 440 4451 ita
461 4398 690 4468 penitus
711 4404 954 4458 contrita
975 4410 1170 4474 estut,
1194 4410 1399 4465 solutis
1438 4416 1841 4483 compagibus,

195 4501 297 4543 eos
316 4485 417 4560 qui
443 4486 592 4542 infra
621 4503 686 4545 se
715 4497 884 4548 erant
903 4496 1316 4565 comprimeret
1341 4499 1662 4558 universos.
1685 4502 1837 4558 Con-

196 4575 387 4634 doluit
406 4575 602 4649 itaque
618 4580 909 4651 predictis
930 4585 1229 4642 nobilibus
1249 4590 1338 4659 (so
1356 4590 1508 4662 quod
1534 4591 1836 4661 inutiliter,

196 4679 313 4723 non
345 4668 472 4722 sine
501 4675 764 4741 sumptu,
795 4680 1144 4746 consumpta
1172 4686 1328 4734 esset
1367 4679 1682 4737 multorum
1717 4683 1838 4740 die·

196 4769 329 4812 rum
361 4761 559 4826 opera)
592 4760 838 4831 populus
868 4763 1212 4834 universus,
1273 4769 1569 4825 condoluit
1596 4776 1650 4827 et
1699 4772 1840 4830 viris

198 4845 471 4917 fortibus,
493 4849 592 4922 qui
625 4866 764 4907 casu
799 4862 915 4909 lam
952 4857 1268 4913 miserabili
1292 4861 1701 4918 occubuerant.
1726 4862 1839 4935 Spe

199 4939 394 4990 tamen
427 4940 720 5007 potiundo
743 4942 992 5000 victorin
1015 4947 1338 5005 seinvicem
1363 4952 1839 5014 consolabantur.

199 5036 388 5096 eoque
418 5028 688 5100 maxime,
720 5033 876 5103 quod
906 5035 1077 5091 vitam
1131 5038 1426 5095 meliorem
1459 5057 1573 5096 non
1606 5041 1841 5099 diffide·

200 5116 333 5170 rent
359 5127 489 5170 esse
518 5127 962 5179 consecuturam
993 5141 1114 5193 eos,
1146 5130 1243 5197 qui
1272 5129 1329 5185 in
1364 5130 1704 5203 hujusmodi
1739 5148 1842 5189 ne-

201 5203 359 5278 gotio
378 5204 609 5263 animas
630 5223 733 5281 pro
755 5211 984 5270 cbristo
1007 5225 1257 5284 poneret.
1282 5220 1472 5277 Instar
1497 5222 1654 5279 enim
1686 5237 1844 5278 mar-

200 5293 336 5369 tyrii
367 5310 482 5352 uon
503 5294 798 5357 immerito
828 5304 1175 5376 reputabant
1194 5307 1253 5363 in
1283 5324 1472 5382 agone
1499 5310 1842 5380 huiusmodi

200 5382 381 5439 vitam
413 5382 704 5447 amisisse}
735 5388 919 5462 Unde,
952 5400 1136 5452 morte
1164 5403 1521 5471 contempta,
1543 5398 1716 5456 vitam
1742 5416 1845 5472 pro

203 5470 385 5530 dibilo
414 5475 693 5535 ducentes
713 5488 1082 5554 praeseutem,
1102 5489 1467 5561 quibuslibet
1487 5490 1763 5564 periculis
1784 5506 1847 5549 se

206 5559 559 5633 ,objiciebant
603 5568 1010 5641 confidentius,
1040 5589 1107 5632 ss
1135 5591 1241 5648 spe
1272 5576 1408 5636 laeti
1437 5578 1843 5639 animosiores.

1942 3158 2188 3215 Domino
2235 3158 2686 3216 misericorditer
2740 3156 3046 3227 dirigente,
3081 3172 3257 3212 naves
3286 3155 3587 3228 reperiunt

1941 3251 2144 3305 medias
2167 3251 2471 3319 cujusdam
2495 3247 2879 3319 quantitatis:
2910 3262 3062 3319 quas
3083 3263 3118 3302 a
3138 3246 3377 3303 domino
3398 3246 3580 3315 impe·

1941 3347 2125 3395 ratore
2156 3337 2382 3394 facilius
2411 3337 2755 3408 impetratas
2785 3338 3102 3392 educentes
3133 3337 3205 3391 ds
3235 3334 3408 3405 mari,
3433 3336 3588 3392 sicco

1941 3429 2275 3484 locaverunt
2303 3427 2361 3482 in
2398 3427 2606 3483 littore.
2636 3425 3044 3497 Copulatisque
3075 3426 3143 3479 ad
3180 3425 3426 3482 invicem
3472 3424 3590 3480 tri-

1942 3517 2055 3573 bus
2073 3523 2176 3572 aut
2196 3527 2443 3587 quatuor
2474 3516 2772 3587 plaustris,
2806 3522 2972 3585 prout
3004 3515 3236 3569 navium
3288 3512 3588 3586 longitudo

1941 3609 2311 3678 deposcebat,
2341 3608 2544 3677 eisque
2571 3603 2822 3677 desuper
2850 3603 3164 3674 impositis,
3197 3603 3373 3659 unius
3405 3602 3593 3659 noctis

1941 3699 2128 3769 spatio
2143 3713 2241 3768 per
2263 3694 2539 3751 milliaria
2560 3699 2781 3766 septem
2808 3693 3181 3764 velamplius,
3207 3694 3466 3759 funibus,
3482 3692 3593 3749 bu·

1945 3790 2122 3842 meris
2146 3794 2203 3842 et
2223 3785 2544 3841 cervicibus
2563 3783 2867 3839 bominum
2893 3790 2951 3838 et
2966 3798 3250 3851 equorum
3271 3781 3591 3853 impositis,

1946 3889 2133 3948 usque
2177 3877 2248 3930 ad
2299 3874 2642 3945 proedictum
2702 3882 3099 3945 pertraxerunt
3156 3871 3371 3929 lacum.
3416 3876 3594 3928 Erant

1945 3974 2139 4021 autem
2169 3970 2226 4019 et
2266 3965 2421 4020 inter
2447 3980 2545 4020 eas
2583 3965 2850 4037 quiedam
2906 3978 3019 4017 non
3063 3960 3146 4017 itu
3194 3962 3456 4028 modicae,
3489 3962 3589 4018 sed

1947 4060 2318 4128 quincentum
2335 4053 2870 4124 autquinqunginta
2885 4056 3274 4124 pugnatorum
3291 4066 3595 4108 numerum

1947 4156 2182 4218 possent
2213 4144 2487 4214 recipere.
2529 4145 2792 4210 Receptis
2827 4142 3005 4212 igitur
3035 4142 3303 4208 navibus,
3334 4146 3395 4196 et
3420 4140 3479 4197 in
3512 4140 3594 4196 la·

1947 4251 2081 4292 cum
2112 4233 2415 4305 depositis,
2448 4231 2674 4289 laetatus
2704 4237 2795 4287 est
2823 4247 3004 4303 supra
3034 4231 3276 4288 modum
3306 4231 3594 4288 Christia-

1948 4341 2061 4380 nus
2090 4325 2419 4391 exercitus;
2474 4329 2532 4378 et
2560 4323 3042 4378 concurrentibus
3096 4320 3236 4377 viris
3292 4321 3366 4376 ad
3397 4319 3592 4379 lacum

1954 4415 2327 4486 primoribus,
2358 4413 2607 4486 remiges
2636 4410 2945 4475 inducunt,
2970 4409 3284 4484 navigandi
3316 4410 3593 4467 babentes

1950 4504 2212 4575 peritiam
2240 4520 2256 4567 ς
2288 4508 2349 4557 et
2376 4501 2555 4557 simul
2585 4517 2718 4556 cum
2742 4501 2828 4557 eis
2848 4503 3000 4556 viros
3020 4501 3082 4556 in
3099 4502 3279 4558 armis
3299 4505 3594 4566 strenuos,

1948 4599 2007 4650 et
2034 4592 2401 4648 animositate
2421 4590 2934 4658 commendabiles,
2965 4605 3126 4659 spem
3161 4590 3439 4646 babentes
3466 4605 3593 4645 om·

1950 4682 2090 4738 nino
2119 4687 2362 4748 certam,
2384 4680 2541 4753 quod
2575 4687 2807 4736 auctore
2837 4680 3106 4749 Domino,
3142 4679 3341 4736 urbem
3391 4681 3594 4737 ussat

1948 4771 2005 4826 in
2043 4770 2302 4843 proximo
2334 4768 2612 4825 habituri.
2644 4772 2716 4827 At
2763 4785 2895 4825 vero
2926 4769 3079 4826 cives
3124 4768 3298 4825 solito
3329 4766 3499 4841 plura
3527 4766 3590 4824 in

1947 4858 2073 4917 lecu
2107 4860 2369 4917 videntes
2403 4860 2651 4931 navigia,
2684 4859 2957 4916 adm¹rati
2990 4864 3149 4926 sunt,
3193 4857 3474 4914 horentes
3512 4872 3591 4914 au

1947 4965 2184 5006 suorum
2217 4960 2367 5006 esset
2396 4956 2735 5020 apparatus,
2766 4949 2865 5019 qui
2891 4949 2974 5006 eis
3003 4947 3267 5004 subsidia
3301 4946 3594 5003 ministra-

1948 5055 2010 5097 re
2039 5044 2287 5107 curaret,
2319 5056 2391 5094 an
2427 5040 2703 5096 bostium.
2748 5038 3127 5112 Tandemque
3162 5038 3397 5108 cognito
3436 5035 3589 5108 quod

1948 5127 2129 5185 nostri
2161 5129 2359 5185 multis
2389 5127 2687 5185 laboribus
2718 5144 2754 5184 a
2783 5128 2926 5184 mari
2957 5127 3237 5183 deductas
3251 5129 3311 5182 et
3338 5124 3594 5182 terrestri

1948 5220 2217 5275 devectas
2245 5217 2451 5275 itinere
2479 5234 2575 5274 eas
2605 5219 2664 5274 in
2695 5218 2885 5275 lacum
2915 5214 3322 5281 immisissent.
3365 5224 3595 5271 nostro·

1948 5324 2082 5365 rum
2102 5308 2374 5365 admirati
2399 5312 2540 5364 sunt
2554 5306 2834 5364 stvireset
2851 5305 3452 5378 argumentum,quod
3471 5317 3600 5362 rem

1949 5397 2342 5469 desperatam,
2386 5401 2446 5455 et
2493 5411 2639 5469 pene
2677 5393 3111 5469 impossibilem
3163 5391 3394 5452 edeoiut
3426 5406 3600 5450 man-

1950 5487 2261 5558 oipassent.
