3784 6000
109 213 238 282 ’toa

780 347 1021 405 CAPUT
1054 349 1126 404 11.

107 453 388 520 Defuncto
425 449 740 518 Anastasio,
770 452 1128 508 substituitur
1176 457 1230 508 et
1275 453 1571 513 Adrianus.
1603 459 1777 522 Impe-

185 534 346 581 rator
366 522 692 580 Fredericus
744 523 930 581 Rvmae
970 532 1288 582 coronatur.
1320 527 1471 583 Inter
1504 534 1778 601 papamet

183 610 369 681 regem
420 595 622 651 Sicitiae
677 595 1011 652 Wiltelmum
1056 612 1249 667 graves
1301 598 1562 656 oriantur
1588 603 1777 657 intimi-

182 679 360 726 συιδ.

184 795 335 852 Dum
391 793 516 850 hae
571 792 633 852 in
692 793 961 865 partibus
1014 799 1299 870 geruntur
1359 795 1776 873 Orientalibus,

109 882 316 941 Romae
374 881 652 940 defuncto
686 883 930 941 Domino
974 887 1278 943 Anastasio
1336 904 1488 962 papa
1543 894 1773 962 quarte,

112 974 482 1032 substitutus
526 978 613 1032 est
668 974 720 1031 ei
770 975 1043 1031 dominus
1073 977 1366 1035 Adrianus
1400 979 1605 1036 tertius
1639 997 1653 1050 3
1683 981 1777 1037 hic

109 1063 397 1136 Anglicus
449 1064 707 1133 natione,
738 1064 811 1120 de
868 1065 1105 1122 castello
1138 1068 1333 1124 Sancti
1362 1067 1589 1138 Albani,
1624 1072 1774 1143 apud

106 1154 455 1212 Arinionem
498 1153 792 1210 civitatem
835 1153 1146 1212 Provinciae
1193 1157 1250 1213 in
1290 1156 1609 1215 Arelatensi
1642 1159 1779 1217 dioe·

109 1241 255 1310 cesi,
290 1242 473 1298 abbas
494 1241 600 1297 fuit
632 1242 1045 1302 canonicorum
1098 1245 1470 1319 Regularium
1506 1247 1562 1302 in
1594 1246 1775 1304 eccle·

109 1333 200 1388 sia
227 1330 430 1388 Sancti
479 1331 609 1387 Rufi
641 1356 655 1400 ;
689 1334 841 1388 unde
891 1334 961 1389 ad
1017 1333 1333 1391 Ecclesiam
1391 1335 1710 1400 Romanam
1745 1355 1780 1394 a

108 1418 353 1477 domino
377 1420 539 1477 bonae
571 1422 870 1478 memoriae
901 1421 1160 1495 Eugenio
1190 1433 1450 1494 vocatus,
1477 1428 1533 1482 in
1561 1426 1778 1500 episco-

108 1525 252 1583 pum
285 1508 676 1567 Albanensem
719 1511 1025 1569 ordinatus
1073 1519 1189 1584 est,
1217 1513 1490 1572 Nicotaus
1516 1517 1775 1574 nomine.

107 1598 237 1669 Hic,
280 1600 553 1657 defuncto
585 1600 823 1657 domino
857 1603 1191 1672 AnastasiO,
1225 1605 1325 1677 qui
1373 1605 1648 1680 praedicto
1672 1607 1776 1664 do-

109 1689 276 1746 mino
308 1689 562 1762 Eugenio
600 1696 986 1766 successerat,
1018 1693 1088 1749 de
1133 1693 1460 1768 Norwegia,
1495 1696 1774 1756 Occiden-

105 1777 213 1836 tali
245 1782 306 1836 et
334 1779 541 1838 ultima
568 1782 886 1855 provincia,
920 1783 992 1840 ad
1026 1800 1200 1858 quam
1233 1787 1451 1844 missus
1492 1788 1681 1845 fuerat
1704 1789 1777 1847 ab

104 1869 318 1928 eodom
348 1868 595 1944 legatus,
627 1871 896 1932 electioni
937 1873 1220 1948 interruit,
1253 1886 1310 1933 et
1340 1895 1372 1934 a
1403 1876 1557 1936 clero
1585 1884 1642 1937 et
1672 1895 1778 1954 po-

107 1958 254 2034 pulo
287 1959 641 2020 unanimiter
669 1961 886 2021 electus
908 1969 1084 2032 est,et
1106 1965 1397 2024 Adrianus
1422 1969 1775 2042 appellatus·

180 2049 437 2122 Contigit
465 2054 654 2109 autem
684 2061 885 2111 eodem
935 2071 1112 2126 anno,
1145 2057 1298 2128 quod
1336 2060 1611 2116 dominus
1640 2061 1773 2120 Fre·

104 2138 343 2196 dericus
374 2140 826 2198 Teutonicorum
870 2160 991 2213 rex,
1041 2147 1298 2202 nondum
1356 2152 1553 2205 tamen
1586 2148 1770 2223 impe·

102 2232 292 2300 rator,
315 2229 375 2286 in
399 2230 623 2286 ltaliam
647 2248 781 2288 cum
814 2233 1044 2292 infinita
1066 2252 1308 2292 suorum
1332 2253 1506 2295 manu
1526 2239 1770 2297 descen-

103 2318 294 2388 derat,
325 2322 382 2374 et
415 2324 680 2390 Dertona,
715 2337 833 2379 una
863 2339 928 2379 ex
950 2323 1194 2381 urbibus
1213 2327 1769 2401 bombardiae,quam

103 2409 211 2465 diu
239 2409 561 2478 obsederat,
591 2410 858 2482 subacta,
891 2410 1137 2470 Romam
1169 2416 1362 2473 venire
1391 2424 1445 2473 et
1492 2418 1573 2474 ibi
1604 2435 1766 2477 coro-

100 2496 232 2554 nari
256 2498 639 2571 disposuerat.
671 2499 773 2556 liis
808 2508 996 2559 autem
1037 2502 1263 2576 diebus,
1287 2504 1438 2564 inter
1460 2507 1766 2568 dominum

95 2602 311 2660 papam
342 2588 664 2647 Adrianum
696 2590 789 2660 (de
821 2607 935 2663 quo
958 2593 1435 2667 praediximus)et
1454 2613 1647 2670 regem
1672 2600 1766 2656 Si-

102 2675 253 2732 ciliae
312 2676 613 2736 dominum
670 2679 1057 2751 willelmum,
1090 2683 1309 2740 domini
1338 2685 1565 2760 Rogerii
1602 2689 1767 2748 bonae

104 2764 404 2822 memorie
432 2765 642 2839 filium,
672 2784 878 2841 graves
900 2786 970 2826 ex
1018 2773 1208 2830 causis
1240 2775 1590 2847 quibusdam
1624 2784 1762 2838 ortas

94 2860 279 2912 erant
308 2853 623 2924 inimicitias
657 2873 671 2915 ε
697 2858 779 2915 ita
810 2860 963 2932 quod
1000 2877 1182 2934 usque
1212 2864 1283 2920 ad
1306 2864 1503 2922 odium
1529 2869 1767 2926 manife-

103 2949 268 3003 stum
300 2952 358 3005 et
386 2963 659 3020 guerram
694 2951 925 3007 noxiam
955 2953 1249 3024 prodierat
1286 2970 1401 3026 res,
1435 2956 1517 3015 ita
1549 2966 1605 3016 ut
1626 2976 1764 3017 sen-

529 197 731 276 msr.
779 209 1052 278 assum
1097 205 1648 288 'rr-ammaum.
1697 250 1773 264 -
1813 217 1958 284 ms.
2004 209 2222 286 xvin.
2271 201 2716 282 sanctitutis
2764 217 2839 281 ui
2889 217 3066 281 anx.

3418 221 3537 286 ἨΟ

1812 359 1862 424 Α
1896 351 2032 409 licet
2049 354 2118 409 de
2147 350 2486 422 Bassavilla,
2518 367 2651 409 cum
2685 351 2888 407 multis
2920 352 3051 409 aliis
3065 352 3203 410 viris
3220 353 3534 422 nobilibus,

1884 444 2101 517 quibus
2143 442 2425 499 auxilium
2486 441 2914 516 consiliumque
2952 443 3228 500 Romanis
3267 443 3537 502 Ecclesia

1885 540 2160 607 perpetuo
2192 548 2307 589 non
2355 531 2686 588 defuturum
2742 530 3143 606 pollicebatur,
3175 539 3374 591 contra
3398 549 3535 591 eum

1883 620 2193 694 insurgere
2223 620 2539 693 persuasit.
2571 619 2813 677 Exsules
2840 637 3249 695 quoque.quos
3272 630 3387 679 tam
3411 622 3537 695 ipse

1884 725 2062 782 quam
2095 718 2255 782 pater
2279 712 2407 782 ejus
2436 710 2510 766 de
2538 725 2715 783 reguo
2743 708 3187 781 ejiciens,bonia
3202 711 3537 770 recente:-

1885 805 2072 855 torres
2097 799 2378 873 paternis,
2401 798 2555 856 viros
2586 798 2832 874 inclytos
2849 803 2905 856 et
2934 805 3220 872 potentes,
3238 801 3537 857 dominum

1884 888 2146 946 videlicet
2181 888 2497 945 Robertum
2539 889 2611 945 de
2639 888 2940 957 Surrento,
2975 890 3295 964 principem
3319 891 3539 963 Capua·

1887 995 2054 1047 num,
2081 978 2355 1034 comitem
2388 994 2618 1050 quoquc
2646 979 2937 1034 Andream
2970 979 3041 1035 dc
3068 980 3536 1051 Rapacanina‚et

1887 1067 2034 1124 aiios
2067 1066 2305 1135 multos,
2339 1066 2841 1123 exhortationibus
2872 1067 2991 1123 suis
3024 1070 3536 1140 provocaverat,ut

1887 1157 1947 1214 in
1979 1173 2220 1230 regnum
2255 1156 2509 1213 redirent
2538 1161 2597 1211 et
2628 1157 2849 1227 adjura
2880 1156 3244 1213 hoereditario
3287 1157 3396 1213 sibi
3429 1157 3538 1213 de-

1887 1246 2039 1303 bitas
2070 1247 2410 1304 accederent
2440 1246 3192 1318 possessiones‚Romanam
3216 1246 3535 1304 Ecclesiam

1885 1336 1945 1392 in
1973 1340 2318 1409 perpetuum
2353 1335 2434 1392 eis
2467 1351 2584 1392 non
2615 1335 2976 1403 defuturam,
3005 1334 3065 1391 in
3099 1337 3272 1391 verbo
3307 1334 3543 1407 pontifl-

1886 1426 1996 1482 cali
2020 1426 2320 1498 spondens
2351 1425 2434 1481 eis
2475 1423 2835 1482 firmissime.
2872 1423 3201 1496 Utrumque
3234 1423 3538 1482 nihilomi-

1885 1531 2001 1574 nus
2053 1515 2486 1587 imperatorem,
2534 1513 2930 1570 Romanorum
2993 1512 3259 1572 videlicet
3313 1524 3365 1570 et
3386 1518 3540 1571 Con-

1885 1601 2745 1676 stantinopolitanum,alterum
2781 1619 2879 1659 ore
2900 1605 2970 1659 ad
3001 1618 3100 1660 eos
3115 1607 3173 1659 et
3202 1603 3538 1673 manifeste,

1888 1694 1989 1766 qui
2020 1692 2210 1750 adhuc
2240 1693 2441 1750 eratin
2476 1691 2685 1762 Italia;
2723 1691 2965 1749 alterum
2998 1709 3129 1749 vero
3163 1708 3263 1765 per
3287 1690 3536 1761 litteras,

1893 1783 1993 1839 sed
2007 1783 2251 1851 occulte,
2266 1781 2337 1839 ad
2351 1782 2759 1856 occupandum
2775 1781 2958 1838 Siculi
2973 1797 3220 1855 regnum
3238 1781 3535 1842 sollicitat.

2515 1886 2752 1946 CAPUT
2803 1888 2898 1945 111.

1885 1981 2037 2042 Inter
2092 1981 2382 2038 domiuum
2435 1978 2820 2051 patriarcham
2872 1982 2925 2036 et
2988 1979 3191 2048 {ratres
3247 1978 3534 2050 Hospitalis

1955 2054 2283 2134 quaestiones
2325 2050 2681 2107 suscitantur
2733 2052 3075 2134 cte-decimis,
3115 2057 3172 2105 et
3209 2050 3532 2124 quibusdam

1953 2124 2202 2194 mjurits,
2234 2139 2351 2195 quae
2378 2123 2446 2178 ab
2479 2123 2734 2178 &eclesiis
2753 2137 2828 2177 ets
2855 2122 3264 2191 inserebantur.

1953 2231 2049 2288 Sic
2079 2230 2259 2304 igitur
2289 2229 2428 2288 dum
2460 2230 2518 2285 in
2553 2228 2722 2286 ltalia
2771 2227 3081 2285 turbantur
3120 2233 3235 2283 tam
3258 2225 3526 2285 Ecclesiae

1879 2339 2055 2396 quam
2087 2321 2249 2396 regni
2281 2319 2458 2378 Siculi
2492 2320 2742 2392 negotia,
2774 2335 2888 2376 non
2921 2318 3031 2376 fuit
3052 2334 3281 2391 quoquc
3301 2322 3522 2375 tractus

1878 2411 2180 2469 orientalis
2211 2414 2409 2468 noster
2436 2409 2658 2480 absque
2689 2409 2876 2465 turba.
2909 2407 3052 2464 Nam
3085 2421 3188 2480 per
3207 2406 3357 2464 idem
3371 2412 3524 2464 tem-

1879 2517 2008 2572 pus,
2042 2504 2184 2558 urbe
2239 2497 2652 2557 Ascalonitana
2704 2498 2901 2555 divino
2957 2495 3152 2553 favore
3177 2495 3528 2556 Christianis

1877 2594 2170 2661 restituta,
2204 2607 2336 2648 cum
2396 2590 2559 2663 regni
2617 2588 2761 2645 satis
2816 2601 3094 2661 prospere
3152 2587 3531 2658 procederent

1877 2682 2132 2756 negotia,
2169 2681 2318 2738 laetis
2376 2680 2666 2750 frugibus,
2688 2677 2859 2752 coepit
2899 2676 3172 2733 inimicus
3224 2676 3399 2733 homo
3427 2692 3529 2733 su·

1877 2771 2270 2847 perseminare
2324 2768 2567 2833 zizania.
2629 2774 2686 2826 et
2731 2785 2766 2824 a
2826 2765 3064 2824 Domino
3120 2766 3384 2839 praestitis
3432 2766 3528 2822 in·

1874 2863 2068 2920 videre
2099 2860 2527 2934 tranquillitati.
2554 2858 2919 2916 Raimundus
2940 2857 3098 2913 enim
3130 2856 3527 2930 magisterdo-

1873 2969 2011 3010 mus
2041 2950 2378 3026 Hospitalis,
2414 2967 2531 3009 una
2558 2964 2694 3007 cum
2725 2947 3009 3004 fratribus
3027 2946 3168 3015 suis,
3187 2946 3388 3004 eodem
3405 2943 3525 3019 spi-

100 3034 346 3097 tentiam
375 3039 994 3107 excommunicationis
1042 3042 1317 3102 dominus
1353 3062 1503 3120 papa
1533 3049 1591 3105 in
1624 3066 1762 3109 eum
1875 3042 1991 3099 ritu
2041 3041 2293 3115 repletis,
2324 3041 2459 3098 licet
2495 3039 2639 3098 alias
2693 3038 2781 3095 vir
2837 3038 3139 3109 religiosus
3195 3042 3254 3093 et
3309 3035 3526 3093 timens

97 3125 782 3197 iacularetur-Dominus
801 3136 993 3188 tamen
1009 3132 1371 3202 Fredericus,
1401 3138 1471 3195 de
1489 3154 1605 3211 quo
1621 3156 1768 3213 pm-
1796 3113 1840 3179 C
1876 3130 2058 3188 Deum
2089 3129 2440 3198 crederetur,
2455 3135 2571 3183 tam
2604 3124 2839 3183 domino
2864 3123 3393 3198 patriarchaequam
3418 3139 3527 3179 οω-

107 3213 395 3286 diximus,
426 3219 791 3289 propositum
815 3237 1052 3293 urgens,
1084 3223 1397 3281 accelerato
1417 3226 1645 3298 itinere,
1669 3229 1766 3287 in-

108 3302 196 3360 fra
221 3319 441 3375 paucos
464 3305 586 3364 dies
616 3308 685 3365 de
745 3308 1093 3368 Lombardia
1118 3312 1362 3371 Romam
1388 3322 1652 3388 venerat,
1682 3318 1767 3377 ita

106 3396 173 3448 ut
201 3393 435 3451 subitus
479 3395 900 3466 ejusadventus
942 3400 1183 3459 domino
1207 3420 1365 3476 papae
1400 3413 1455 3462 et
1479 3408 1762 3465 universa

109 3479 382 3538 Ecclesiae
413 3483 686 3544 Romanae
721 3494 1030 3560 suspectus
1080 3496 1231 3548 esset
1250 3496 1584 3553 admodum.
1619 3498 1766 3557 Tan-

108 3571 242 3627 dem
275 3588 380 3644 per
408 3573 802 3633 internuntios
832 3581 990 3649 pacis
1012 3581 1767 3659 ordinatore3,interpositis

115 3661 551 3721 conditionibus
582 3664 793 3735 solitis,
816 3667 876 3723 in
901 3669 1145 3727 eeclesia
1175 3673 1322 3729 beati
1372 3675 1523 3731 Petri
1546 3676 1765 3735 solem-

113 3750 347 3808 niteret
376 3769 443 3809 ex
476 3771 633 3812 more
658 3756 1067 3815 v1Kal.Juiias
1097 3768 1407 3822 coronatus
1438 3770 1545 3834 est,
1581 3770 1769 3824 etAu-

109 3848 322 3912 gustus
336 3842 665 3915 appellatus
693 3846 858 3903 :inde
889 3849 1202 3908 subsecuto
1223 3854 1435 3923 tridua,
1460 3858 1630 3914 ambo
1658 3860 1765 3916 sub

112 3928 350 3986 civitate
378 3931 702 4002 Tiburtina,
729 3936 789 3992 in
840 3936 965 3995 loco
1019 3940 1117 4013 qui
1178 3941 1396 4000 dicitur
1424 3946 1497 4001 ad
1529 3952 1763 4017 pontem

113 4021 445 4091 Lucanum,
479 4021 625 4079 sesto
658 4025 752 4081 die
774 4025 1119 4086 Sanctorum
1171 4031 1586 4103 Apostolorum
1609 4035 1768 4093 Petri

109 4109 173 4164 et
200 4108 394 4181 Pauli,
423 4109 514 4168 hic
565 4112 850 4185 imperiali
909 4116 1205 4175 schemate
1262 4121 1590 4192 decoratus,
1668 4126 1767 4183 ille

114 4198 336 4254 summi
368 4200 740 4271 pontificatus
764 4205 1081 4276 singularia
1103 4206 1323 4266 babens
1342 4210 1611 4282 insignia,
1630 4214 1768 4285 J'un-

115 4284 230 4345 ctis
259 4287 617 4362 agminibus,
649 4292 1080 4351 exsultantibus
1111 4297 1263 4355 clero
1295 4305 1355 4356 et
1385 4301 1598 4373 populo
1629 4320 1771 4375 pro-

113 4383 423 4436 cesserunt
451 4379 716 4438 laureati.
743 4381 909 4439 Unde
930 4390 1061 4457 post
1090 4386 1204 4443 diei
1237 4387 1365 4444 festi
1391 4406 1771 4450 consumma-

1876 3219 2013 3276 teris
2065 3219 2454 3275 Ecclesiarum
2487 3214 2985 3291 praelatis,multas
3004 3219 3126 3270 tam
3157 3229 3332 3284 super
3359 3227 3520 3285 paro·

1873 3308 2047 3365 cbiali
2068 3309 2206 3379 jure
2226 3324 2402 3380 quam
2454 3323 2631 3378 super
2664 3306 2799 3378 jure
2828 3304 3308 3374 decimationum,
3340 3317 3524 3374 coepe-

1874 3406 2012 3456 runt
2075 3397 2291 3455 inferre
2355 3396 2692 3465 molestias;
2751 3411 2884 3453 nam
2949 3410 2984 3451 a
3042 3393 3167 3450 suis
3233 3391 3526 3466 episcopis

1872 3488 2409 3546 excommunicatos
2458 3486 2547 3542 vel
2589 3484 2937 3541 nominatim
2970 3483 3336 3550 interdictos,
3368 3484 3424 3538 et
3452 3479 3526 3537 ob

1875 3578 2098 3638 scelera
2145 3593 2253 3634 sua
2285 3582 2587 3649 separatos
2641 3574 2713 3630 ab
2772 3571 3052 3640 Ecclesia,
3086 3571 3158 3627 ad
3190 3571 3526 3627 divinorum

1875 3666 2351 3734 celebrationem,
2385 3663 2605 3737 passim
2636 3668 2695 3719 et
2716 3662 2843 3718 sine
2866 3659 3091 3717 delectu
3128 3658 3484 3731 recipiebant
3510 3672 3524 3724 3

1874 3757 2110 3832 aegrotis
2168 3757 2388 3814 eisdem
2433 3758 2489 3811 et
2535 3752 2811 3810 viaticum
2832 3757 2889 3808 et
2919 3765 3254 3822 supremam
3297 3748 3526 3804 unctio·

1876 3864 2034 3916 nem,
2066 3846 2308 3903 mortuis
2344 3861 2475 3902 vero
2508 3841 2873 3914 sepulturam
2923 3856 3039 3897 non
3092 3838 3404 3911 negabant.
3437 3835 3522 3893 Οἱ)

1873 3939 2139 3994 enormia
2172 3952 2304 3992 vero
2336 3932 2672 4000 commissa,
2704 3930 2751 3987 si
2776 3929 3008 4004 quando
3026 3928 3324 3985 silentium
3354 3925 3530 3983 ecc-le·

1875 4026 1981 4084 siis
2012 4024 2322 4092 universiS,
2356 4022 2440 4079 vel
2474 4021 2719 4092 alicujus
2764 4018 3040 4086 civitatis,
3072 4017 3159 4074 vel
3207 4014 3530 4087 cujuslibet

1876 4114 2161 4186 muncipii
2189 4111 2626 4185 imponebatur,
2654 4108 2711 4164 hi
2744 4109 3001 4182 primum
3015 4110 3073 4163 et
3103 4117 3525 4177 campanarum

1876 4202 2225 4276 pulsatione,
2255 4205 2313 4258 et
2363 4198 2769 4257 vociferatione
2809 4196 2980 4254 solito
3039 4190 3525 4266 majoreinterdi·

1877 4297 2002 4349 ctos
2034 4291 2281 4366 populos
2313 4291 2385 4348 ad
2437 4288 2636 4345 divina
2692 4287 2997 4354 vocabant,
3034 4289 3096 4342 ut
3125 4281 3450 4341 oblationes
3470 4284 3532 4338 et

1877 4387 2114 4440 caeteras
2170 4379 2554 4438 obventiones
2610 4376 2957 4435 matricibus
2991 4373 3250 4432 ecclesiis
3279 4370 3527 4441 debitas,

115 4464 362 4533 tionem,
391 4467 449 4524 in
484 4468 635 4527 bona
694 4488 832 4543 pace
875 4472 1042 4531 divisi
1079 4475 1450 4551 abinvicem,
1483 4481 1761 4541 dominus
1793 4486 1840 4553 n
1876 4472 1986 4547 ipsi
2017 4471 2317 4537 haberent,
2346 4476 2400 4527 οἱ
2449 4467 2580 4525 assis
2608 4467 2969 4540 lugentibus,
2992 4463 3097 4521 soli
3129 4462 3243 4536 ipsi
3261 4462 3530 4518 laetaren·

113 4553 436 4625 imperator
460 4561 529 4615 ad
592 4568 783 4632 partes
841 4565 1167 4636 properavit
1203 4568 1618 4636 Anconitanas‚
1651 4589 1767 4645 quo

116 4659 254 4700 eum
288 4644 512 4715 imperii
532 4665 672 4705 cura
698 4652 1231 4718 trahebat‚domino
1247 4673 1396 4729 papa
1409 4658 1561 4715 circa
1577 4670 1767 4731 partes

119 4729 445 4803 Romanas,
476 4735 536 4795 in
586 4742 883 4797 montanis
942 4743 1186 4800 urbibus
1241 4761 1467 4805 moram
1499 4748 1766 4809 faciente.

191 4819 419 4882 Interea
430 4841 528 4883 rex
541 4826 755 4887 Siciliae
790 4831 1258 4891 Beneventanam
1275 4837 1473 4897 urbem
1492 4837 1767 4897 Ecclesiae

120 4909 400 4967 Romano
458 4915 739 4975 familiare
787 4919 1171 4990 domicilium,
1231 4924 1595 4999 principibus
1638 4930 1765 4986 suis

121 4998 366 5054 mandat
378 5002 717 5073 obsideri,et
731 5008 1165 5079 urgentissimis
1179 5013 1464 5083 angustiis
1476 5016 1601 5088 ejus
1615 5034 1763 5090 prai-

120 5086 263 5161 cipit
301 5093 513 5149 arctari
578 5093 955 5155 habitatores.
989 5100 1151 5167 Quod
1209 5103 1446 5159 verbum
1486 5105 1765 5163 dominus

118 5192 272 5248 papa
305 5182 549 5239 moleste
577 5182 767 5242 serens
798 5204 972 5258 supra
1019 5190 1279 5261 modum;
1300 5189 1484 5249 vicem
1515 5199 1565 5250 ei
1597 5211 1767 5268 taqua

118 5264 288 5322 lance
316 5268 518 5328 volens
564 5274 890 5343 refundere,
925 5277 1215 5350 principes
1261 5280 1523 5352 proprios
1564 5292 1766 5342 eontra

115 5369 254 5410 eum
283 5355 492 5415 nititur
521 5376 782 5435 armare;
815 5382 920 5422 nec
953 5365 1013 5422 in
1043 5382 1110 5424 ea
1156 5378 1319 5437 parte
1352 5367 1652 5430 fraudatus
1681 5379 1768 5431 est

117 5457 152 5498 a
186 5441 479 5505 desiderio
509 5466 639 5509 suo.
662 5451 810 5511 Nam
840 5454 1315 5528 potentissimum
1346 5457 1508 5530 regni
1541 5460 1634 5516 sui
1681 5476 1769 5518 cc·

119 5533 350 5605 mitem,
383 5536 647 5611 ejusdem
670 5543 825 5619 regis
855 5544 1047 5614 amito
1060 5543 1597 5616 fllium,Robertum
1619 5549 1771 5611 vide-

1877 4568 1975 4620 tur
2007 4579 2021 4620 z
2053 4560 2214 4619 obliti
2239 4558 2397 4617 illius
2418 4557 2577 4618 verbi
2617 4556 2832 4629 egregii
2864 4548 3531 4626 praedicatorisfflaudete

1875 4668 2002 4708 cum
2058 4649 2425 4721 candentibus
2458 4665 2473 4715 3
2502 4654 2554 4704 et
2582 4648 2707 4716 flete
2770 4660 2895 4700 cam
2925 4641 3184 4714 flentibus
3220 4639 3398 4711 (Rom.
3420 4653 3526 4704 x11,

1879 4742 1990 4815 15).
2022 4741 2362 4799 Sacerdotes
2392 4753 2555 4805 suos,
2587 4750 2693 4792 nec
2718 4730 3271 4800 admittentesjuxta
3291 4730 3525 4783 sancto·

1875 4846 2000 4888 rum
2049 4828 2352 4901 antiquam
2422 4828 2760 4882 sanctorum
2817 4823 3207 4886 decretorum,
3260 4816 3524 4872 locorum

1874 4919 2164 4993 episcopis
2196 4916 2650 4990 praesentabant,
2682 4917 2747 4970 ut
2766 4927 2901 4970 cum
2932 4926 3135 4968 eorum
3166 4903 3529 4964 conscientia

1874 5010 1936 5068 in
1963 5008 2087 5066 suis
2103 5006 2455 5065 dioecesibus
2473 5004 2666 5063 divina
2686 5003 3082 5069 celebrarent;
3117 5013 3222 5054 nec
3252 4994 3528 5069 abjicien-

1875 5104 1984 5169 tes,
2017 5097 2137 5154 sive
2183 5098 2340 5168 ,iuste
2395 5096 2515 5151 sive
2553 5094 2790 5164 injuste,
2822 5090 2930 5146 huc
2986 5094 3190 5147 notum
3240 5085 3529 5142 faciebant

1874 5188 2185 5262 episcopia.
2222 5187 2301 5242 De
2330 5185 2561 5256 praediis
2590 5193 2782 5239 autem
2815 5180 2958 5245 sui5‚
2991 5183 3049 5235 et
3073 5174 3363 5233 universis
3377 5171 3526 5228 redi·

1874 5280 2058 5347 tibus,
2081 5273 2578 5349 quocunquejure
2607 5274 2677 5329 ad
2706 5287 2803 5329 eos
2830 5267 3141 5332 devolutis,
3163 5263 3401 5320 omnino
3422 5261 3526 5317 de-

1876 5369 2059 5426 cimas
2087 5370 2225 5423 dare
2250 5363 2565 5436 negabant.
2598 5364 2725 5419 Haec
2757 5359 3023 5418 omnium
3055 5353 3292 5430 querela
3311 5352 3523 5409 adver-

1880 5475 1986 5517 sus
2008 5473 2106 5515 eos
2120 5454 2489 5529 pontificum:
2513 5454 2631 5510 baec
2648 5453 2878 5523 jactura
2906 5448 3182 5506 omuibus
3213 5443 3524 5502 cathedra-

1874 5548 2035 5608 libus
2048 5540 2567 5617 Eocloaiimbique
2586 5542 2659 5611 ab
2674 5543 2760 5601 eis
2779 5538 3144 5615 irrogabatur
3164 5551 3180 5608 3
3193 5530 3525 5610 specialiter
