3784 6000
1136 253 1331 319 ms‘r.
1376 256 1647 321 RERUM
1692 256 2225 322 TRANSMARIN.
2267 290 2349 304 —
2392 256 2547 318 LlB.
2591 256 2671 319 Il.

190 382 318 455 fidei
342 382 694 445 christiana·
711 400 978 445 accmos.
1008 389 1288 447 credimus
1306 393 1462 464 piam
1484 390 1682 450 habere
1705 407 1840 464 pro-
1872 393 1927 461 Α
1955 391 2060 449 tim
2089 391 2150 449 in
2209 395 2429 465 partem
2486 391 2815 465 oppositam
2871 406 2933 448 se
2973 390 3350 448 transierunt.
3373 389 3600 462 Vixque

184 474 455 544 positu-u
513 475 667 533 Unde
712 480 766 531 et
810 493 876 533 ea
929 481 1147 547 merita,
1197 481 1397 552 quibus
1441 480 1618 537 solent
1672 483 1839 538 amici

182 564 523 634 comparari,
569 565 828 621 nolumus
866 568 927 623 in
972 568 1129 625 nobis
1171 571 1346 626 otiosa
1373 576 1712 642 torpescerc,·
1737 573 1837 626 sed

182 651 433 708 cunibus
460 652 709 709 debitam
736 655 1057 723 impendere
1093 657 1440 726 charitatem,
1480 664 1534 715 et
1559 663 1837 728 fraternae

183 738 503 797 dilectionis
544 757 678 815 eros
705 759 797 801 eos
812 747 1070 817 oper-iou
1097 748 1382 806 abundare
1405 753 1602 822 parati
1623 766 1830 809 sumus.

182 827 340 886 vnde
366 832 640 903 ennium
669 831 749 888 ita
795 849 852 891 se
890 835 1050 906 offert
1093 840 1322 908 occasio,
1365 855 1624 911 royamus
1672 845 1730 897 ut
1764 841 1836 898 cd

178 925 437 978 castrum
475 927 750 994 nostrum,
799 924 1028 997 ciperon
1075 931 1318 997 nomiae,
1361 946 1609 1002 praesens
1649 933 1835 991 adesa

176 1008 405 1075 odiant
428 1015 620 1068 mum
641 1014 915 1080 possimus
941 1019 1132 1088 optata
1151 1017 1250 1074 diu
1272 1021 1499 1077 miscere
1529 1021 1830 1096 colloquia,

173 1100 217 1154 d
241 1098 365 1156 tatis
382 1097 679 1157 desideriis
696 1117 1004 1175 commum
1030 1107 1288 1166 adhibere
1304 1124 1647 1167 consensum.

825 1207 1059 1266 CAPUT
1098 1211 1195 1270 111.

176 1310 539 1381 Celtianum·
549 1311 863 1372 adinvicem
889 1333 995 1373 rex
1020 1321 1071 1373 et
1094 1319 1272 1376 nostri
1298 1323 1645 1394 principes,ct
1662 1324 1834 1382 datur

237 1382 566 1469 Batauinys
617 1384 772 1442 ducis
815 1387 996 1455 frater
1023 1393 1143 1455 reni
1185 1391 1375 1460 obsce,-
1404 1397 1834 1469 transcursaque

418 1471 572 1526 arsa,
601 1465 653 1512 st
677 1459 856 1526 fratrc
875 1469 1103 1532 recepto,
1137 1463 1304 1520 ἀπα-α
1333 1481 1467 1538 reyc
1484 1467 1679 1524 maltis
1707 1484 1831 1525 mu·

240 1456 325 1510 flu

240 1541 375 1583 am
513 1525 842 1586 honoratur.

240 1633 380 1691 Dux
407 1633 616 1707 igitur,
637 1636 834 1693 audita
863 1637 1016 1711 regis
1037 1639 1321 1712 legatione
1340 1642 1655 1718 habitoque
1686 1663 1831 1704 suo·

183 1737 307 1779 rum
346 1723 625 1787 consilio,
655 1740 789 1782 cum
821 1729 1093 1785 trecentis
1112 1731 1407 1803 equitibus
1434 1749 1505 1790 ex
1542 1736 1702 1792 omni
1737 1752 1833 1793 eo-

183 1812 393 1868 mltatu
422 1811 762 1882 electis,die
788 1815 1041 1887 prefixa,
1057 1818 1128 1875 ad
1161 1817 1355 1876 locum
1374 1824 1632 1894 pervenit
1652 1824 1834 1881 desti-

184 1903 412 1956 natum.
445 1899 559 1958 Ubi
592 1907 766 1974 ponte
793 1904 1058 1977 transito,
1089 1922 1282 1979 regem
1317 1910 1642 1980 inveniens,
1674 1914 1747 1970 ab
1768 1930 1836 1971 ec

182 1989 634 2063 benignissime,
665 1996 722 2050 et
744 2008 879 2050 cum
902 1994 1091 2052 multa
1109 2003 1421 2070 susceptus
1450 2004 1538 2057 est
1565 2000 1838 2059 bonorifi-

183 2079 396 2136 centia.
429 2078 690 2137 Tandem
722 2087 854 2152 post
879 2083 1124 2141 multam
1148 2085 1283 2142 binc
1313 2087 1449 2144 inde
1480 2089 1596 2146 sibl
1627 2095 1836 2148 mutuo

182 2168 650 2228 familiaritatem
709 2172 1053 2244 exhibitam,
1085 2176 1302 2246 placuit
1355 2184 1418 2236 ut
1438 2180 1592 2239 datis
1619 2179 1835 2239 obsidi-

183 2256 291 2315 bus
324 2259 404 2316 de
432 2276 681 2316 numero
711 2262 993 2320 nobilium
1024 2264 1241 2333 electis,
1265 2269 1423 2324 omni
1464 2285 1702 2328 rancore
1731 2273 1839 2328 de-

180 2346 402 2420 posito,
435 2352 496 2403 et
545 2363 687 2420 pace
735 2349 964 2422 plenius
1021 2353 1351 2420 reformata,
1411 2358 1575 2428 regni
1642 2360 1838 2417 aditus

180 2434 316 2492 duci
367 2440 429 2492 et
471 2436 597 2493 suis
640 2435 965 2509 legionibus
1024 2440 1393 2513 panderetur.
1424 2447 1542 2502 Rex
1595 2463 1729 2518 ergo
1778 2452 1841 2505 ut

177 2528 491 2581 tantorum
520 2525 780 2582 virorum
812 2526 1510 2602 legionibusiutromissis
1541 2535 1712 2592 fldem
1735 2536 1837 2593 ha·

179 2611 347 2670 beret
376 2613 728 2685 pleniorem,
777 2632 849 2673 ne
904 2620 1051 2675 torte
1093 2622 1398 2680 occasione
1441 2623 1719 2696 qualibet,
1769 2627 1840 2683 de

179 2702 397 2758 virtute
417 2719 527 2759 aua
555 2707 613 2761 et
639 2721 884 2763 numero
913 2708 1117 2765 contisi
1165 2725 1407 2781 regnum
1440 2715 1678 2770 turbare
1701 2732 1844 2785 proe-

179 2797 512 2861 sumerent,
538 2795 838 2851 dominum
879 2794 1226 2855 Balduinum
1250 2801 1414 2858 ducis
1449 2803 1681 2860 tratrem
1704 2821 1840 2862 cum

179 2897 363 2938 uxore
394 2885 456 2938 et
486 2882 708 2941 familia
724 2884 990 2943 obsidem
1015 2887 1177 2958 petit.
1208 2890 1309 2946 Cui
1349 2891 1466 2948 dux
1500 2896 1667 2964 grato
1714 2910 1841 2951 con-

176 2986 425 3029 currens
454 2987 700 3030 assensu
749 2973 958 3032 fratem
1009 2975 1236 3051 legibus
1274 2981 1638 3054 complacitis
1682 2983 1842 3041 obsi-

176 3061 317 3117 dem
341 3061 565 3132 trad1t3
588 3066 641 3118 et
665 3062 950 3122 immissis
972 3065 1320 3139 legionibus,
1348 3086 1590 3143 regnum
1623 3072 1841 3143 ingres-

1942 480 2105 553 plebs
2135 482 2551 550 enavigaverat,
2582 485 2641 537 et
2693 482 2767 537 de
2806 480 3171 552 principibus
3200 478 3506 547 nonnulli3
3536 485 3597 536 et

1939 585 2069 626 ecce
2099 586 2196 626 rex
2224 585 2356 626 cum
2380 570 2593 640 ingenti
2643 584 2888 626 suorum
2926 572 3208 626 comitatu
3265 567 3462 625 subito
3490 567 3589 622 ad-

1942 658 2075 724 l'uit,
2095 658 2397 714 dominum
2431 658 2780 714 Balduinum
2812 665 2870 715 et
2915 673 3146 715 uxorem
3179 658 3327 728 eJus,
3359 660 3418 712 et
3438 655 3591 713 alios

1941 745 2116 804 simul
2150 747 2380 804 obsides
2409 746 2468 802 in
2488 763 2658 803 manu
2689 747 2907 802 domini
2939 747 3126 815 ducis,
3159 746 3394 803 sicutac
3421 744 3593 802 initio

1940 836 2277 893 condictum
2336 837 2545 903 suerat,
2595 836 2947 908 resignavit;
3008 839 3066 892 et
3113 834 3282 892 donis
3313 834 3595 891 uberibus

1939 927 2061 981 tam
2104 924 2409 981 domiuum
2460 925 2689 994 ducem,
2741 941 2915 997 quam
2968 924 3224 996 reliquos
3284 924 3584 981 honorans

1940 1012 2253 1084 principes,
2285 1028 2554 1069 reversus
2581 1016 2690 1070 est.
2720 1014 2848 1069 Dux
2884 1027 3018 1068 vero
3052 1013 3318 1083 trajectas
3347 1017 3584 1069 secutus

1939 1103 2357 1174 expeditiones,
2407 1102 2468 1157 in
2517 1101 2851 1159 ulteriorem
2914 1102 3119 1170 ripam,
3167 1115 3302 1157 cum
3352 1101 3585 1157 residuo

1940 1191 2274 1263 principum
2317 1195 2375 1246 et
2409 1190 2604 1262 populi
2643 1207 2704 1246 se
2735 1191 2981 1247 contulit
3009 1192 3467 1262 consequentem
3498 1202 3594 1244 ve·

1941 1279 2221 1352 nisusque
2237 1279 2309 1335 ad
2341 1277 2736 1351 Bellegravam
2751 1277 3347 1350 Bulgariaeoppidum,
3369 1276 3442 1332 de
3471 1289 3589 1347 quo

1939 1368 2210 1440 superius
2240 1367 2485 1424 fecimus
2508 1368 2879 1434 mentionem,
2897 1367 2978 1422 ibi
3001 1369 3447 1422 castrametatus
3474 1367 3589 1420 est.

1941 1456 2084 1514 Inde
2111 1456 2454 1528 compositis
2509 1456 2755 1513 sarcinis
2791 1460 2848 1512 et
2874 1454 3211 1526 legionibus
3238 1454 3312 1510 ad
3342 1452 3454 1510 iter
3477 1467 3585 1508 ex-

1940 1546 2170 1617 peditis,
2200 1544 2483 1618 Bulgariae
2540 1545 2737 1613 silvas,
2781 1549 2837 1601 et
2888 1544 3001 1601 late
3037 1545 3291 1615 patentia
3347 1555 3590 1598 nemore.

1939 1640 2366 1702 transcurrens,
2390 1635 2645 1706 primum
2688 1633 2810 1698 Nix,
2840 1633 3052 1689 deinde
3098 1631 3429 1689 straliciam
3462 1646 3590 1702 per-

1943 1725 2121 1781 venit.

2582 1832 2669 1889 CA
2679 1831 2818 1888 PUT
2859 1831 2949 1889 IV.

1940 1926 2007 1981 In
2040 1926 2249 1979 terram
2279 1923 2630 1993 imperatoris
2657 1931 2870 1979 nostrae
2885 1920 3133 1994 leqiones
3162 1918 3551 1991 ingrediuntur
3570 1933 3592 1973 .·

2008 1994 2340 2050 describitur
2368 1993 2651 2060 introitus,
2679 2002 2732 2049 ct
2758 1992 3068 2050 Graecorum
3110 1991 3339 2047 miseria
3366 1989 3586 2062 signifi·

2015 2071 2193 2122 catur.

2016 2172 2310 2244 Conjicere
2331 2178 2420 2230 est
2446 2190 2518 2229 ex
2546 2172 2638 2230 bis
2671 2173 2832 2242 locis,
2865 2173 2968 2246 qui
2992 2171 3304 2244 aliquando
3364 2171 3567 2227 uberio

1946 2277 2039 2318 res
2058 2268 2112 2317 et
2136 2261 2493 2318 omdimonis
2535 2261 3055 2318 commoditatibus
3099 2261 3322 2318 referto
3361 2259 3602 2316 fuerunt

1946 2346 2277 2423 provincias,
2308 2355 2530 2422 quanta
2556 2351 2636 2406 eit
2664 2350 2996 2407 Graecorum
3026 2349 3282 2416 miseria,
3315 2352 3375 2404 et
3400 2363 3603 2405 eorum

1946 2440 2217 2497 debilitas
2238 2440 2490 2511 imperii.
2520 2440 2660 2496 Nam
2682 2445 2984 2512 postquam
3018 2437 3427 2494 deficientibus
3444 2436 3601 2507 apud

1949 2531 2508 2602 Constantinopolim
2543 2530 2760 2587 Latinis
2784 2527 3144 2601 principibus
3185 2528 3246 2593 iu
3269 2540 3466 2584 eorum
3501 2541 3606 2598 po-

1950 2627 2221 2681 testatem
2242 2621 2352 2679 sub
2371 2618 2910 2693 primoNicephorc,
2936 2618 3188 2690 peccatis
3207 2615 3594 2687 exigentibus,

1948 2712 2245 2770 descendit
2284 2710 2614 2782 imperium,
2646 2708 2840 2763 statim
2894 2706 3151 2763 barbarie
3208 2706 3476 2762 nationes
3532 2704 3609 2761 de

1948 2802 2275 2858 Groecorum
2297 2796 2694 2856 imbecillitate
2723 2795 2951 2864 confisi,
2976 2795 3034 2850 in
3057 2809 3258 2851 eorum
3277 2793 3601 2866 provincias

1950 2894 2252 2958 lrruentes,
2288 2907 2391 2963 pro
2439 2890 2678 2946 arbitrio
2709 2905 2817 2945 suo
2857 2887 3116 2959 regionis
3160 2889 3463 2957 cmperunt
3491 2889 3603 2941 tra-

1948 2986 2107 3039 ctare
2131 2980 2504 3037 habitatores.
2549 2980 2707 3036 Inter
2755 2992 2904 3050 quas
2945 2974 3328 3049 Bulgarorum
3353 2989 3498 3047 gens
3516 2973 3604 3031 in-

1950 3070 2128 3136 culta,
2160 3086 2194 3125 a
2222 3071 2409 3124 tractu
2455 3065 2898 3139 septentrionali
2959 3080 3212 3136 egressa,
3254 3081 3288 3120 a
3340 3061 3607 3121 Danubio

183 3164 291 3206 sus
311 3158 424 3206 est.
458 3149 634 3207 Porro
657 3167 757 3208 rex
795 3151 1040 3211 fideliter
1088 3157 1416 3230 adimplens
1454 3161 1600 3231 quod
1624 3163 1836 3234 promi·
1864 3147 1908 3215 C
1947 3177 2138 3235 usque
2164 3162 2233 3217 ad
2266 3160 2466 3216 urbem
2518 3158 2751 3232 regiam,
2783 3164 2841 3214 et
2888 3156 3101 3213 iterum
3146 3156 3218 3212 ab
3262 3155 3468 3212 eodem
3501 3153 3608 3211 flu·

180 3243 367 3307 serat,
402 3255 509 3312 per
536 3238 835 3298 universas
869 3243 1132 3315 regiones
1167 3248 1237 3301 ad
1288 3264 1436 3319 quas
1466 3256 1843 3322 perventurus

182 3332 316 3384 erat
358 3328 673 3397 exercitus,
723 3330 849 3401 lege
906 3333 1181 3406 praecepit
1236 3335 1487 3400 edictali.
1555 3343 1844 3409 quatenus

176 3418 348 3489 iusto
376 3418 582 3490 pretio,
598 3433 762 3491 aequo
795 3421 1073 3492 pondere,
1098 3423 1274 3482 victui
1312 3428 1635 3485 necessaria
1664 3430 1842 3502 legio-

182 3507 363 3562 nibus
380 3506 873 3578 exhibeantur30t
919 3526 1110 3568 rerum
1149 3513 1443 3570 venalium
1486 3517 1687 3574 turbas
1710 3535 1846 3590 pro-

183 3595 515 3652 ficiscentes
544 3598 732 3655 forum
775 3604 1052 3672 perpetuo
1079 3603 1407 3659 comitetur.
1433 3604 1560 3662 Dux
1588 3621 1718 3663 vero
1743 3623 1845 3679 per

181 3691 381 3741 eastra
413 3686 702 3756 universa,
733 3693 794 3746 et
825 3704 1082 3746 seorsum
1121 3696 1180 3747 et
1206 3692 1435 3763 publice
1464 3711 1600 3752 voce
1630 3711 1842 3768 proce·

181 3775 271 3847 pit
290 3776 445 3831 edici
480 3777 789 3848 praeconia,
812 3779 925 3834 sub
948 3795 1120 3851 pmna
1134 3783 1340 3839 mortis
1369 3787 1426 3839 et
1453 3786 1716 3843 omnium
1743 3805 1843 3858 pu-

182 3862 526 3920 blicationis
582 3864 890 3934 bonorum,
913 3883 985 3922 ne
1014 3870 1147 3941 quie
1179 3871 1463 3942 rapinam,
1494 3873 1609 3929 vim
1631 3884 1732 3932 aut
1763 3877 1842 3933 in·

172 3950 405 4023 Juriam
438 3952 849 4010 accedentibus
873 3954 946 4009 ad
976 3958 1294 4014 exercitum
1317 3961 1528 4017 audeat
1545 3961 1841 4036 irrogare;

184 4041 293 4097 aad
327 4039 585 4097 fraterna
612 4040 896 4099 charitate
927 4046 1290 4114 emptionum
1323 4050 1843 4125 venditionumque

181 4132 523 4185 contractus
550 4129 859 4197 celebrent,
883 4136 949 4188 ut
995 4134 1227 4191 vinculo
1280 4138 1456 4209 pacis.
1487 4138 1842 4215 Factumque

179 4216 396 4285 estiis,
428 4218 638 4289 previa
682 4218 912 4277 Domini
968 4223 1391 4297 misericordia,
1415 4231 1568 4299 quod
1610 4229 1842 4303 ilunga-

180 4304 333 4362 riam
368 4309 838 4366 transcurrentes
882 4310 1237 4382 universam,
1284 4330 1389 4371 nec
1426 4314 1486 4372 in
1526 4316 1634 4374 levi
1669 4321 1840 4379 verbo

180 4400 397 4451 mutuo
452 4410 518 4452 se
567 4396 954 4455 offenderunt.
998 4400 1117 4456 Rex
1171 4417 1306 4459 vero
1372 4405 1835 4475 proficiscentem

1953 3251 2111 3308 mine
2137 3251 2205 3305 ad
2240 3264 2403 3305 mare
2430 3246 2806 3314 Adriaticum,
2863 3244 3176 3302 universas
3225 3245 3609 3316 occupaverat

1951 3340 2220 3412 regiones
2242 3354 2257 3406 3
2280 3339 2362 3394 ita
2383 3342 2451 3393 ut
2503 3336 2768 3393 confusis
2799 3334 3236 3408 provinciarum
3267 3332 3608 3391 nominibus

1951 3434 2009 3487 et
2035 3428 2322 3496 terminis,
2353 3434 2508 3485 totus
2564 3427 2677 3484 iste
2736 3430 2982 3495 tractus,
3008 3425 3110 3498 qui
3141 3423 3202 3480 in
3232 3422 3600 3497 longitudine

1954 3519 2165 3575 habere
2197 3518 2413 3574 dicitur
2457 3519 2569 3573 iter
2612 3516 2842 3572 dierum
2887 3515 3145 3585 triginta,
3202 3512 3261 3568 iu
3294 3512 3597 3569 latitudine

1951 3624 2082 3666 vero
2103 3609 2325 3675 decem,
2348 3605 2434 3663 vel
2466 3604 2744 3677 amplius,
2772 3603 3043 3674 Bulgaria
3077 3603 3338 3656 dicatur:
3373 3599 3606 3657 miseris

1951 3698 2166 3755 Grmcis
2196 3695 2602 3768 ignorantibus
2623 3692 2771 3763 quod
2812 3692 2922 3748 hoc
2952 3692 3135 3761 ipsum
3165 3703 3377 3744 nomen
3407 3700 3607 3744 eorum

1953 3790 2312 3858 protestetur
2361 3780 2768 3855 ignominiam.
2826 3785 3011 3852 Super
3041 3777 3403 3835 Adriaticum
3442 3775 3601 3830 enim

1953 3890 2113 3932 mare
2134 3881 2254 3930 erat
2285 3877 2526 3944 utraque
2551 3870 2783 3944 Epirus,
2814 3870 2984 3940 cujus
3007 3866 3244 3924 alterius
3268 3861 3601 3932 metropolis

1951 3968 2042 4022 est
2066 3962 2448 4029 Duraobium,
2480 3975 2725 4033 regnum
2764 3958 2906 4016 olim
2954 3955 3061 4013 viri
3081 3954 3304 4011 strenui
3334 3958 3390 4009 et
3409 3951 3607 4009 admi.

1951 4050 2174 4119 rabilis,
2197 4049 2400 4124 Pyrrhi
2433 4049 2799 4121 Epirotarum
2860 4047 3031 4119 regis.
3065 4044 3227 4101 Unde
3245 4046 3442 4099 autem
3481 4040 3598 4097 dux

1951 4157 2081 4198 cum
2119 4158 2226 4197 suo
2274 4139 2548 4197 comitatu
2579 4136 2931 4193 transiturus
2983 4137 3128 4203 erat,
3180 4134 3309 4188 duze
3365 4131 3600 4188 fuerant

1949 4230 2161 4296 Dacioe,
2194 4228 2464 4299 Ripensis
2477 4226 2771 4291 videlicet,
2797 4241 3024 4299 quama
3051 4223 3196 4281 leva
3236 4237 3416 4294 super
3445 4220 3612 4293 ripas

1950 4316 2200 4375 Danubii
2231 4321 2597 4375 transeuntes
2620 4315 3016 4389 reliquerunt;
3049 4317 3108 4370 et
3152 4312 3601 4378 Mediterranea,

1948 4421 2052 4479 per
2078 4422 2253 4478 quam
2285 4407 2393 4463 iter
2430 4410 2688 4482 agentes,
2709 4414 2764 4461 et
2810 4421 2909 4477 per
2941 4404 3115 4461 urbes
3157 4402 3300 4460 olim
3331 4400 3604 4471 eximias,

179 4481 531 4552 exercitum,
579 4486 762 4559 aquis
811 4502 958 4558 pene
997 4490 1292 4560 passibus,
1316 4508 1448 4549 cum
1506 4494 1840 4565 ingentibus
1871 4512 1917 4577 D
1947 4496 2052 4553 Niz
2078 4501 2138 4552 et
2165 4494 2516 4564 straliciam,
2538 4498 2910 4552 transeuntes
2956 4494 3389 4566 percurrerunt.
3425 4494 3606 4548 Erant

175 4587 428 4629 suorum
458 4573 663 4645 copiis,
701 4574 931 4632 obsides
961 4593 1161 4635 secum
1203 4581 1518 4653 deducens,
1548 4598 1618 4641 ex
1656 4584 1839 4644 latere
1946 4594 2000 4643 et
2030 4585 2154 4642 alioe
2176 4586 2235 4642 in
2291 4586 2495 4643 eodem
2543 4589 2728 4643 tractu
2762 4584 3089 4657 provinciae,
3132 4578 3598 4647 Arcadia,Tbes·

175 4662 425 4720 sinistro
452 4663 846 4722 comitabatur
892 4675 1153 4740 paratus,
1188 4675 1249 4727 ut
1278 4673 1327 4727 ei
1351 4671 1485 4743 quid
1509 4672 1658 4730 forte
1685 4676 1839 4733 sedi-

174 4751 363 4807 tionis
410 4760 750 4825 emergeret,
773 4770 876 4828 per
919 4758 1047 4827 ejus
1077 4760 1439 4829 presentiam
1470 4764 1744 4822 continuo
1766 4782 1847 4824 se·

172 4840 440 4899 daretur.
472 4840 733 4900 Tandem
755 4859 890 4902 vero
921 4845 994 4903 ad
1043 4846 1408 4917 malevillam,
1430 4851 1504 4909 de
1533 4870 1652 4926 qua
1672 4871 1849 4927 supe-

173 4930 300 4986 rius
318 4929 656 5002 frequenter
692 4932 941 4990 fecimus
987 4935 1365 5006 mentionem,
1414 4944 1841 5019 pervenientes,

172 5014 238 5070 in
270 5014 402 5087 ripa
429 5016 692 5075 fluminis
754 5018 962 5092 Savoa,
989 5038 1297 5095 quousque
1342 5028 1619 5086 exercitui
1650 5035 1845 5089 trans·

172 5104 291 5161 itus
323 5110 652 5178 pararetur,
675 5110 1085 5169 consederunt.
1116 5113 1466 5186 Compositis
1497 5117 1674 5183 igitur
1703 5120 1844 5177 rati·

173 5194 309 5262 bns,
343 5194 486 5267 quia
509 5212 687 5255 naves
737 5215 966 5271 paucas,
1001 5208 1056 5258 et
1097 5202 1165 5257 ad
1200 5207 1429 5260 tantum
1488 5207 1840 5266 transferen-

171 5282 313 5341 dum
344 5286 635 5358 populum
681 5288 880 5346 minus
910 5288 1267 5350 sufficientes
1312 5294 1654 5355 invenerant
1686 5313 1701 5355 z
1733 5302 1850 5356 tra-

162 5373 345 5455 jectis
371 5374 535 5431 mille
553 5375 812 5435 loricatis
839 5379 1154 5453 equitibus,
1178 5382 1278 5455 qui
1319 5390 1522 5441 contra
1558 5386 1848 5457 quaslibet

174 5460 440 5520 bostium
471 5464 723 5524 insidias
764 5468 949 5543 ripam
968 5469 1302 5532 ulteriorem
1317 5476 1760 5548 communirent,
1785 5483 1849 5537 ut

171 5550 508 5610 translatus
538 5554 792 5627 populus
823 5558 1018 5616 aedem
1058 5558 1341 5620 inveniret
1358 5565 1639 5637 quietam.
1667 5575 1848 5627 certa·

1945 4674 2111 4742 salia,
2167 4674 2530 4745 Macedonia,
2575 4679 2632 4731 et
2686 4673 2943 4732 Thraciae
2991 4677 3131 4736 tres,
3162 4685 3290 4741 quas
3312 4667 3594 4740 parlcum

1955 4764 2088 4823 aliis
2138 4765 2411 4822 involuta
2465 4770 2608 4822 sunt
2656 4765 3004 4820 calamitate.
3060 4758 3176 4815 Nec
3240 4755 3427 4813 solum
3489 4754 3597 4811 bae

1957 4855 2259 4926 prodictas
2301 4853 2628 4926 provincias
2683 4868 2792 4909 sua
2838 4850 3020 4907 Groeci
3076 4846 3398 4905 amiserant
3462 4843 3602 4902 mcl-

1955 4943 2077 5000 litie
2106 4946 2246 5011 ;sed
2295 4945 2468 5001 etiam
2538 4939 2907 5015 postmodum
2944 4939 3151 4996 eodem
3216 4935 3601 5009 Bulgarorum

1955 5032 2270 5103 subjugato
2290 5031 2523 5106 populo,
2555 5047 2657 5104 per
2696 5028 3003 5099 Basiliam,
3032 5043 3232 5086 sorum
3292 5026 3607 5097 imperato·

1957 5136 2100 5188 rem,
2131 5120 2189 5177 in
2223 5120 2597 5177 ulterioribus
2629 5118 2959 5194 provinciis,
2990 5127 3045 5175 et
3074 5117 3327 5174 maxime
3358 5128 3490 5188 quae
3519 5126 3603 5168 re·

1954 5210 2087 5284 gnis
2103 5210 2314 5267 exteris
2344 5209 2709 5279 collimitant,
2740 5215 2798 5268 et
2829 5225 2929 5281 per
2971 5222 3120 5280 quas
3149 5206 3222 5263 ad
3244 5220 3342 5261 eos
3369 5199 3600 5259 accedi-

1954 5305 2068 5368 tur,
2103 5301 2433 5372 inutraque
2478 5300 2751 5359 videlicet
2799 5299 2991 5365 Dacia,
3042 5296 3217 5353 etiam
3264 5291 3435 5348 bodie
3476 5305 3592 5349 non

1955 5390 2301 5461 permittunt
2356 5389 2714 5447 habitatores
2753 5386 3011 5454 introire,
3055 5383 3144 5443 vel
3176 5381 3359 5441 excoli
3413 5380 3595 5454 regio·

1956 5495 2119 5547 nem;
2156 5483 2217 5535 ut
2243 5479 2405 5537 silvis
2461 5483 2518 5536 et
2555 5478 2784 5536 frutetis
2827 5477 2957 5535 loca
2984 5476 3101 5533 late
3141 5470 3588 5545 occupantibus,

1957 5566 2183 5648 nullam
2223 5572 2500 5643 prostent
2544 5568 2788 5629 introire
2825 5565 3159 5625 volentibus
3216 5558 3599 5627 habilitatem,
