3784 6000
189 271 311 343 1⁴5

1690 271 2120 353 EPISTOLAE.

3487 282 3603 355 146

186 421 288 478 per
308 406 527 461 nostrae
550 419 765 461 manus
783 400 1218 476 impositionem
1241 407 1544 476 promotus
1567 408 1678 472 est,
1690 408 1747 462 et
1766 407 1833 462 ad
1864 414 1916 483 Α
1956 409 2095 467 dum
2119 409 2304 479 facile,
2329 410 2468 484 quia
2488 410 2540 468 si
2563 411 2633 467 ad
2657 411 2990 481 innocentis
3013 408 3412 473 liberationem
3428 412 3601 484 justi·

189 498 415 553 certum
435 492 712 552 beneficii
726 492 967 551 titulum
989 492 1313 551 institutus.
1337 493 1445 561 Qui
1469 510 1602 551 cum
1645 494 1703 551 in
1724 494 1802 552 lai
1818 527 1842 541 -

187 584 294 643 eali
324 583 539 641 habitu
560 585 717 657 apud
745 598 854 641 nos
890 582 1258 640 laudabiliter
1277 583 1607 653 militasset,
1625 585 1838 642 arctio·

186 673 263 732 ris
288 673 423 731 vito
446 674 601 747 ,iugo
628 673 991 747 suppositus,
1020 673 1084 731 in
1114 674 1313 732 babitu
1363 678 1556 732 vestro
1605 691 1838 734 morum

186 762 574 837 prerogativa
590 762 809 820 meruit
826 763 1242 821 commendari.
1277 764 1346 820 Et
1377 767 1593 822 tantem
1632 766 1706 822 ob
1756 766 1840 822 in·

187 853 371 926 signis
398 854 537 911 vito
568 853 777 910 merita
805 853 865 910 in
897 852 1127 911 abbatia
1174 854 1369 912 locum
1420 858 1744 927 promotus,
1777 855 1837 912 in

187 942 392 1002 ordine
418 945 616 1001 vestro
644 942 811 1016 quasi
841 942 1082 1001 lucerna
1096 943 1479 1018 resplenduit,
1495 952 1549 1001 et
1585 944 1838 1002 subditis

188 1031 405 1107 profuit
436 1032 607 1089 bonai
630 1033 1083 1090 conversationis
1113 1033 1398 1106 exemplo,
1422 1038 1478 1091 et
1498 1034 1558 1092 ln
1581 1048 1837 1091 amorem

188 1121 361 1180 iatius
382 1121 617 1178 ordinis
634 1123 810 1179 vestri
834 1123 1008 1179 corda
1030 1122 1359 1196 principum
1384 1122 1685 1180 inclinavit
1702 1123 1833 1180 .Sed

188 1210 501 1269 insidiator
528 1211 818 1283 diabolus,
849 1211 950 1284 qui
974 1214 1268 1284 justorum
1289 1213 1588 1270 consuevit
1609 1211 1836 1269 actibus

191 1300 444 1358 invidere
475 1303 538 1358 et
556 1299 851 1359 maculam
883 1302 944 1359 in
964 1301 1159 1361 electis
1181 1319 1395 1376 ponere
1428 1302 1832 1361 machinatur:

192 1392 239 1447 in
270 1389 445 1447 illum
481 1391 878 1464 quorumdam
911 1391 1302 1465 malignorum
1326 1393 1561 1465 linquas
1582 1393 1832 1460 exacuit,

192 1482 277 1554 qni
288 1478 463 1538 falsis
476 1480 988 1538 adinventionibus
998 1482 1126 1553 eJus
1136 1482 1467 1555 opinionem
1482 1483 1636 1556 apud
1650 1482 1834 1540 bonos

191 1574 236 1627 et
260 1585 477 1643 graves
507 1568 983 1642 vulneraverunt,
1014 1585 1078 1628 ea
1108 1571 1297 1628 solum
1328 1571 1650 1630 intentione
1697 1590 1831 1630 eum

192 1675 411 1718 movere
441 1661 726 1728 nitentes,
758 1665 823 1718 ut
850 1666 1045 1719 amoto
1072 1662 1204 1736 ipso
1221 1660 1463 1720 liberius
1502 1663 1575 1720 ab
1613 1664 1833 1722 ordinis

188 1752 411 1809 tremite
439 1750 773 1809 deviarent.
804 1751 944 1809 Inde
973 1756 1062 1809 est
1090 1751 1249 1826 quod
1275 1752 1333 1809 in
1364 1753 1492 1824 ejus

187 1839 546 1897 sanctitatem
571 1843 820 1897 vestram
851 1840 1146 1899 credimus
1194 1841 1670 1911 circumventam,
1722 1862 1829 1902 nec

188 1929 245 1984 ad
275 1927 554 2001 plenum,
588 1928 743 1986 sicut
770 1929 1086 2000 credimus,
1119 1931 1202 1988 rei
1232 1931 1447 1988 veritas
1476 1933 1641 1990 vobis
1668 1933 1834 1990 inno·

186 2017 281 2073 tuit
302 2035 320 2084 3
342 2032 489 2073 cum
513 2016 693 2075 etiam
715 2016 897 2075 abbas
918 2016 1269 2077 Uscanensis
1288 2026 1490 2078 contra
1519 2037 1652 2078 eum
1679 2022 1836 2080 dica-

188 2109 271 2163 tur
289 2104 538 2163 latentis
557 2105 790 2163 invidias
813 2106 1037 2166 facibus
1066 2108 1292 2181 agitari,
1319 2115 1378 2168 et
1407 2111 1833 2169 detractoribus

189 2196 305 2269 eius
331 2212 546 2253 aurem
574 2194 806 2253 facilius
837 2212 1010 2269 quam
1046 2198 1271 2256 deceret
1300 2199 1633 2257 inclinasse.
1682 2200 1832 2258 Illud

192 2286 359 2343 etiam
380 2288 478 2343 est
498 2285 656 2358 quod
672 2286 1148 2358 miramur-,quod
1163 2287 1325 2345 illum
1342 2289 1832 2362 postamotiouem

191 2391 350 2433 suam
374 2376 622 2449 pretato
651 2374 848 2432 abbati
876 2377 1323 2434 custodiendum
1368 2379 1712 2437 remisistis:
1738 2382 1837 2453 qui

194 2481 320 2523 enm
342 2465 549 2523 minus
572 2464 719 2522 bene
738 2468 988 2523 tractare
1007 2465 1218 2523 dicitur
1256 2470 1312 2524 et
1330 2468 1633 2525 arctiorem
1655 2470 1706 2525 ei
1738 2487 1837 2527 cu·

192 2555 447 2612 stodiam
469 2570 646 2627 quam
668 2558 934 2627 oporteat
953 2555 1248 2612 adhibere.
1281 2556 1696 2629 Supptioamus
1732 2558 1837 2616 ita-

194 2660 300 2715 que
316 2643 625 2701 sanctitati
641 2648 865 2713 vestroe,
891 2651 950 2701 nt
968 2644 1018 2701 ei
1042 2644 1232 2704 locum
1255 2646 1435 2703 alium
1462 2649 1834 2721 provideatis,

192 2733 932 2805 ubitracteturbonestius,
947 2738 1006 2790 et
1035 2735 1334 2808 placatiori
1368 2736 1562 2794 animo
1593 2739 1836 2796 Domino

188 2822 379 2880 valeat
406 2822 721 2881 deservire.
752 2823 962 2881 Sciatis
986 2825 1141 2881 enim
1183 2825 1431 2899 principi
1473 2834 1669 2883 nostro
1710 2828 1838 2899 plu·

188 2912 409 2970 rimam
437 2912 824 2984 complacere,
853 2928 1103 2986 eumque
1142 2913 1201 2970 iu
1241 2914 1468 2989 magnis
1509 2914 1670 2973 vobis
1706 2933 1836 2975 esse

186 3002 534 3072 obnoxium,
591 3003 643 3059 si
699 3003 750 3059 ei
802 3018 973 3076 quem
1031 3004 1227 3060 tandiu
1287 3004 1540 3062 brachiis
1595 3007 1835 3065 sincerae

182 3091 493 3150 charitatis
522 3091 823 3164 amplexus
851 3097 960 3162 est,
992 3096 1208 3151 statum
1230 3093 1427 3151 utilem
1459 3095 1832 3169 provideritis

180 3185 239 3239 et
266 3181 613 3240 honestum.

900 3272 1120 3331 CXXV.

318 3380 399 3419 an
436 3377 785 3420 wnsmumu
822 3379 1128 3422 nemausen
1164 3380 1684 3424 ancaiariscorUM.

244 3449 449 3508 Motus
469 3455 563 3508 est
586 3452 899 3510 adversum
931 3467 1043 3521 me,
1073 3452 1228 3509 sicut
1256 3455 1462 3523 nostis,
1497 3472 1530 3510 a
1580 3453 1830 3528 plurimo

168 3540 295 3612 jam
319 3544 595 3614 tempore
619 3540 893 3599 dominus
916 3545 1111 3600 noster
1142 3558 1259 3614 rex,
1291 3546 1351 3601 et
1380 3559 1473 3600 me
1501 3549 1619 3600 tam
1644 3561 1747 3618 per
1767 3560 1829 3601 se

176 3647 353 3705 qnam
378 3630 854 3703 perjustitiarios
875 3648 1015 3690 suos
1038 3633 1438 3707 multipliciter
1458 3651 1574 3692 uon
1609 3635 1830 3692 desiuit

174 3719 481 3778 infestare.
516 3718 682 3776 Unde
716 3736 896 3777 unum
931 3722 1003 3779 de
1032 3722 1340 3795 nepotibus
1364 3724 1507 3780 meis
1552 3724 1624 3781 de
1671 3728 1828 3782 terra

176 3809 313 3868 fecit
332 3809 575 3867 duobus
600 3811 768 3867 annis
785 3812 1063 3881 exsulare,
1077 3814 1334 3886 quemad
1349 3814 1824 3872 intercessionem

170 3905 437 3959 vestram
453 3903 655 3957 vestra
672 3905 731 3957 et
766 3900 985 3958 domini
1026 3902 1208 3959 nostri
1258 3903 1486 3960 comitis
1523 3903 1589 3960 Τ.
1631 3903 1825 3959 fratris

170 3990 355 4048 vesta
386 3987 581 4062 gratia
598 3987 1011 4058 reconciliavit,
1034 3988 1085 4047 si
1107 3994 1297 4048 tamen
1336 3999 1623 4064 speratam
1662 3992 1823 4047 inve-

172 4079 365 4137 nisset
386 4076 783 4136 reconciliatio
811 4078 1129 4137 veritatem.
1161 4080 1374 4138 Pulsus
1405 4081 1602 4154 itaque
1633 4081 1824 4137 denuo

173 4168 501 4228 novissime
522 4183 626 4242 per
638 4170 886 4224 vestrum
901 4167 1152 4241 etipsius
1164 4170 1713 4238 studium,obtinuit
1742 4185 1826 4227 se·

176 4259 385 4318 cunda
415 4256 910 4317 reconciliationis
938 4273 1255 4316 accessum.
1279 4260 1468 4317 Haeret
1498 4260 1692 4333 igitur,
1716 4259 1824 4318 sic-

180 4359 241 4411 at
268 4355 483 4426 potest,
521 4365 710 4422 neque
738 4347 1063 4422 quidquam
1092 4357 1257 4407 certo
1295 4351 1614 4408 severitatis
1658 4352 1823 4408 inve-

179 4441 281 4510 nit,
302 4440 413 4498 sed
432 4441 591 4496 inter
611 4435 879 4494 exsilium
900 4440 959 4494 et
978 4453 1268 4495 carcerem
1289 4443 1561 4496 eventum
1577 4439 1820 4496 fortunoe

1947 505 2033 563 tia
2063 520 2172 560 sua
2199 516 2315 558 non
2346 499 2586 569 sufficit,
2618 499 2769 572 quod
2804 499 2986 558 deerit
3031 499 3361 558 reverentioe
3400 505 3599 562 vestra·

1950 592 2138 669 gratia
2167 586 2621 648 consummabit.

2651 694 2898 753 cxxvl.

1944 826 2019 866 ao
2059 821 2351 865 axcianus
2387 819 2790 861 namucensem
2836 818 3163 862 Bptscol’ml
3212 817 3280 862 ετ
3318 819 3598 865 conatus

2690 891 2848 931 mus.

2015 984 2327 1045 Orlaestin
2340 982 2680 1057 episcopatu
2713 989 2912 1039 nostro
2933 983 3056 1053 jam
3082 982 3178 1039 diu
3211 981 3269 1039 in
3300 985 3594 1043 monaste-

1943 1078 2030 1136 rio
2041 1074 2404 1134 Gristonensi
2427 1071 2821 1129 controversia
2840 1087 3012 1145 super
3033 1070 3264 1129 abbatis
3289 1070 3592 1139 electione,

1943 1183 2073 1239 quae
2121 1161 2579 1238 praecedentibus
2617 1159 3108 1234 appellationibus
3146 1159 3219 1215 ad
3260 1159 3590 1217 Romanum

1945 1269 2130 1327 usque
2161 1251 2491 1326 pontificem
2522 1248 2746 1323 perlata
2776 1253 2891 1320 est,
2920 1253 2977 1305 et
3009 1247 3081 1305 ab
3110 1247 3235 1321 ipso
3275 1247 3349 1303 ad
3398 1247 3598 1319 cogni-

1942 1346 2161 1403 tionem
2209 1341 2434 1399 domini
2476 1339 2861 1397 Pictaviensis
2904 1339 2975 1395 ad
3026 1337 3408 1395 decidendam
3458 1353 3592 1397 cum

1944 1435 2296 1508 quibusdam
2319 1431 2451 1489 aliis
2470 1429 2770 1503 judicibus
2788 1428 3073 1502 delegata.
3088 1428 3354 1501 Cumque
3373 1428 3500 1501 ipse
3518 1429 3590 1497 ad

1944 1522 2295 1582 decisionem
2317 1537 2507 1578 cauaae
2527 1518 2792 1589 cumbis,
2817 1534 2932 1592 quo
2974 1517 3249 1576 dominus
3283 1534 3435 1590 papa
3471 1517 3591 1575 col·

1946 1611 2104 1684 legas
2123 1611 2485 1681 adiunxerat,
2503 1606 2845 1676 studiosius,
2860 1615 3029 1680 prout
3041 1604 3366 1679 oportebat,
3399 1605 3589 1665 inten-

1947 1699 2271 1771 deret,quia
2282 1697 2357 1753 de
2371 1695 2694 1769 longinquo
2713 1709 2902 1752 causae
2925 1694 3371 1751 instructionem
3410 1693 3590 1767 queri

1538 1755 1831 1812 ⁸m⁰ti⁰¹¹⁰
1863 1774 1908 1839 B
1943 1789 2265 1863 oportebat,
2300 1803 2403 1844 nec
2459 1784 2624 1843 facile
2656 1799 2843 1857 usque
2872 1783 2946 1841 ad
2977 1782 3165 1856 ipsius
3215 1782 3588 1856 presentiam

1945 1881 2169 1950 poterat
2197 1875 2515 1949 pervenire,
2547 1874 2806 1948 injunxit
2837 1871 3008 1931 nobis
3036 1872 3160 1930 vice
3197 1886 3302 1930 aua
3331 1873 3586 1945 partium

1945 1967 2354 2041 allegationem
2384 1964 2590 2023 audire
2615 1968 2674 2021 et
2723 1962 2958 2021 testium
3007 1960 3402 2034 depositiones
3445 1961 3593 2019 reci-

1944 2072 2100 2130 pere,
2133 2056 2408 2130 ipsasque
2437 2054 2822 2126 consignatas,
2855 2052 3010 2109 sicut
3041 2050 3224 2107 moris
3255 2054 3363 2119 est,
3403 2050 3454 2107 ei
3505 2066 3590 2107 re·

1947 2147 2196 2216 mittere,
2221 2149 2286 2203 ut
2309 2145 2391 2202 ita
2410 2141 2738 2201 secundum
2760 2140 3025 2198 ordinem
3050 2138 3404 2212 judiciarum
3449 2155 3584 2212 pos-

1945 2243 2036 2295 set
2056 2238 2129 2294 ad
2157 2235 2506 2294 sententiam
2540 2233 2859 2307 pervenire.
2891 2232 3010 2305 Ego
3041 2247 3171 2289 vero
3199 2247 3379 2305 super
3407 2247 3589 2299 causa

1946 2326 2234 2385 sollicitus
2257 2324 2556 2396 sum,quia
2579 2320 2999 2379 monasterium
3022 2319 3082 2376 iu
3113 2319 3452 2393 episcopatu
3483 2335 3587 2379 no·

1946 2421 2070 2475 stro
2090 2423 2198 2485 est,
2227 2418 2285 2470 et
2313 2414 2382 2469 ad
2415 2427 2616 2484 pacem
2646 2411 2860 2467 domus
2880 2407 3041 2466 illius
3060 2406 3456 2465 libentissime
3474 2407 3591 2465 vel·

1946 2505 2060 2562 lem
2092 2503 2414 2570 intendere,
2446 2500 2725 2573 quoniam
2756 2496 3028 2554 dominus
3046 2512 3146 2553 rex
3166 2496 3446 2556 adversus
3467 2496 3585 2555 ira-

1947 2597 2063 2651 tres
2091 2592 2201 2649 loci
2231 2589 2392 2648 iltius
2422 2588 2743 2664 plurimum
2775 2591 2974 2645 motus
2993 2589 3123 2655 est,
3150 2601 3285 2643 nam
3313 2584 3587 2660 designa-

1946 2681 2094 2740 tioni
2125 2680 2440 2739 voluntatis
2485 2678 2614 2750 ejus
2663 2693 2778 2734 non
2822 2677 3019 2733 volunt
3066 2683 3343 2749 tanquam
3389 2673 3585 2733 ceteri

1947 2771 2295 2830 consentire.
2328 2770 2474 2836 Quia
2502 2766 2679 2839 igitur
2708 2781 2946 2823 causam
2986 2780 3054 2821 ex
3083 2769 3246 2836 parte
3288 2762 3362 2822 ad
3408 2778 3590 2837 expe-

1948 2860 2216 2920 rientiam
2237 2863 2487 2917 vestram
2508 2855 2698 2930 gratia
2717 2855 2914 2912 divina
2936 2853 3208 2927 produxit
3231 2852 3586 2927 :gaudemus

1947 2953 2009 3011 in
2029 2951 2271 3011 Domino
2284 2950 2355 3009 de
2366 2946 3032 3023 prudentiaetreligione
3050 2949 3239 3003 vestra
3260 2943 3585 3012 certissime

1946 3045 2340 3114 confidentes3
2370 3039 2648 3114 quoniam
2674 3035 3037 3110 etjustitiam
3057 3035 3158 3093 Dei
3182 3039 3241 3091 et
3253 3034 3583 3094 libertatem

1859 3150 1904 3219 C
1944 3132 2215 3192 Ecclesiae
2237 3130 2546 3189 studebitis
2562 3142 2903 3185 conservare
2926 3141 2945 3184 .·
2965 3129 3024 3182 et
3051 3139 3157 3181 nos
3192 3122 3355 3180 vobis
3384 3137 3583 3196 preces

1940 3226 2285 3285 affectuosas
2316 3219 2693 3294 porrigimus,
2728 3227 2792 3274 ut
2811 3216 2884 3274 ad
2920 3229 3121 3289 pacem
3152 3212 3490 3270 monasterii
3529 3218 3586 3268 et

1937 3313 2183 3386 gratiam
2207 3308 2488 3384 principis
2509 3295 2933 3366 observandam
2954 3302 3294 3377 diligentius
3310 3300 3582 3358 intenda-

1937 3405 2035 3476 tis,
2067 3401 2348 3475 quoniam
2377 3398 2507 3456 sine
2527 3396 2714 3470 gratia
2744 3395 2873 3467 ejus
2898 3411 2993 3452 res
3022 3393 3135 3450 nisi
3183 3407 3321 3450 cum
3368 3403 3582 3464 magno

1941 3509 2056 3552 non
2081 3495 2273 3564 potest
2302 3486 2613 3562 procedere
2642 3486 3014 3543 detrimento.

2635 3589 2905 3648 cxxvu.

2255 3722 2325 3760 An
2366 3717 2667 3760 HENBlCL'M
2697 3715 2885 3755 nmen
2923 3712 3255 3753 suetonum.

2009 3810 2498 3871 Reverentissimo
2528 3806 2766 3864 domino
2806 3820 2910 3861 suo
2943 3804 3223 3869 linsamo,
3255 3800 3357 3858 Dei
3388 3798 3579 3873 gratia

1934 3903 2147 3961 illustri
2179 3905 2235 3958 et
2264 3899 2512 3973 glorioso
2543 3894 2861 3968 Anglorum
2890 3891 3029 3964 regi,
3062 3891 3241 3947 irater
3278 3890 3579 3947 Annum-us

1934 3993 2131 4051 Sancti
2159 3990 2405 4049 Victoris
2426 3986 2773 4045 parisiensis
2812 3981 3155 4053 canonicus,
3210 3982 3433 4039 utinam
3479 3994 3578 4037 re-

1934 4081 2175 4157 gularis.

2005 4170 2180 4227 Estin
2204 4168 2542 4243 episcopatu
2565 4162 2901 4223 Lexoviensi
2925 4163 3191 4235 quaedam
3229 4159 3579 4235 parochialis

1933 4259 2176 4319 ecclesia
2199 4259 2351 4332 apud
2395 4259 2728 4327 wacevum,
2758 4270 2934 4328 quam
2968 4267 3073 4326 ego
3119 4252 3178 4307 in
3224 4265 3400 4307 manu
3451 4264 3579 4307 mea

1933 4366 2264 4426 possessam
2282 4348 2504 4406 diutius
2523 4345 2822 4405 canonicis
2861 4342 3230 4418 regularibus
3252 4340 3448 4400 Sancti
3478 4339 3576 4397 vi-

1933 4441 2126 4512 ctoris,
2159 4440 2501 4515 priusquam
2532 4438 2603 4494 ad
2629 4452 2727 4493 eos
2778 4433 3217 4507 demigrassem,
3249 4431 3481 4501 donavi,
3513 4432 3578 4485 ut

180 4528 602 4589 tremebundus
631 4529 949 4598 exspectat.
981 4527 1166 4586 Tenet
1194 4539 1249 4585 et
1269 4527 1451 4585 alium
1476 4528 1647 4586 simili
1672 4528 1816 4585 mihi
1850 4519 1898 4585 D
1930 4529 2266 4604 sumptibus
2299 4529 2440 4585 meis
2472 4525 2673 4600 aliqua
2701 4540 2771 4582 ex
2819 4527 2979 4597 parte
3028 4521 3306 4595 proficere
3356 4524 3576 4592 posset,

179 4617 484 4693 sanguinis
508 4617 849 4674 necessitate
869 4618 1270 4690 conjunctum.
1294 4619 1499 4690 Quem,
1518 4619 1646 4676 sine
1668 4634 1824 4675 man·

180 4709 309 4767 dato
332 4708 578 4782 quidem
596 4706 808 4780 ipsius,
822 4721 924 4779 per
944 4705 1230 4779 plurimos
1243 4709 1369 4781 ,iam
1385 4724 1617 4767 meuses
1639 4708 1824 4779 maior

178 4797 443 4856 minister
470 4799 602 4869 ejns
623 4800 869 4858 carceris
908 4798 1120 4857 clausit
1156 4799 1467 4872 ergastulo,
1520 4796 1709 4854 sciens
1759 4811 1822 4853 se

177 4887 367 4945 inboc
397 4887 590 4962 ipsius
614 4889 860 4961 gratiam
899 4889 1239 4962 promereri.
1272 4888 1484 4962 Agnita
1529 4902 1664 4943 vero
1702 4885 1821 4942 ini-

178 4975 391 5048 quitate
420 4975 735 5047 malorum,
767 4977 1143 5035 considerans
1174 4993 1271 5035 rex
1316 4993 1449 5035 eum
1488 4975 1615 5033 sine
1655 4977 1818 5034 omni

176 5061 559 5142 messinis-e
578 5067 883 5137 afflictum,
904 5066 1340 5142 promisitquod
1363 5066 1559 5141 ipsum
1580 5066 1817 5123 omnino

176 5147 529 5234 dimitteretg
553 5159 612 5214 at
632 5157 883 5226 iecisset,
909 5159 970 5213 ut
989 5158 1180 5221 credo.
1204 5156 1251 5215 si
1276 5160 1619 5228 presentem
1643 5154 1818 5212 habe·

176 5249 255 5302 ret
281 5261 385 5320 per
414 5260 596 5320 quem
629 5248 832 5320 posset
868 5246 1132 5304 dimissio
1180 5245 1596 5304 consummari.
1629 5245 1816 5318 Super

176 5349 285 5408 quo
302 5341 537 5408 experte
554 5333 704 5392 mihi
725 5334 787 5392 in
809 5334 1011 5395 multis
1049 5339 1108 5395 et
1144 5336 1418 5395 maximis
1466 5334 1814 5411 benignitati

82 5447 97 5470 --·
180 5429 368 5484 vestr-
386 5429 447 5484 et
464 5423 671 5500 gratio
693 5425 984 5501 supplico,
1009 5429 1074 5484 ut
1096 5426 1147 5484 si
1169 5430 1495 5501 opportuna
1520 5424 1685 5484 vobis
1715 5439 1812 5484 oc-

182 5515 327 5576 casio
352 5516 505 5577 rorte
523 5515 841 5591 aeluserit,
864 5516 1045 5588 istum
1068 5533 1299 5594 quoque
1324 5517 1476 5576 lacta
1508 5531 1612 5592 pro
1640 5531 1708 5574 eo
1737 5516 1810 5572 ad

186 5621 367 5684 agam
386 5605 748 5682 snpplicatio
766 5605 977 5678 liberet
993 5611 1053 5668 et
1073 5606 1347 5670 absolvat.
1362 5607 1543 5667 Credo
1562 5607 1810 5668 efficien-

1935 4636 2069 4679 cum
2120 4636 2226 4694 ego
2276 4619 2347 4676 ad
2390 4617 2556 4674 illam
2605 4614 2910 4672 ecclesiam
2963 4610 3429 4686 pertransissem.
3463 4606 3575 4663 Res

1935 4710 2163 4768 modica
2192 4713 2301 4780 est,
2335 4707 2432 4764 sed
2464 4721 2569 4780 ego
2601 4721 2714 4761 non
2750 4702 3029 4759 habebam
3061 4700 3121 4755 in
3161 4713 3276 4771 quo
3315 4693 3574 4767 amplius

1934 4815 2163 4872 possem
2198 4795 2551 4871 pauperibus
2582 4792 2860 4849 fratribus
2892 4787 3216 4845 subvenire.
3266 4782 3481 4840 Verum
3511 4782 3572 4839 in

1930 4890 2130 4946 eadem
2156 4885 2430 4960 parochia
2468 4883 2730 4956 quasdam
2752 4876 3059 4951 praebenda
3080 4878 3169 4931 est
3201 4871 3573 4930 Lexovicnsis

1929 4977 2209 5042 ecclesiae,
2241 4989 2417 5047 quam
2450 4986 2554 5044 ego
2590 4966 2813 5041 nugoni
2843 4967 2916 5023 de
2944 4967 3182 5022 Nunant
3210 4961 3407 5036 nepoti
3441 4977 3572 5018 meo

1928 5064 2142 5125 donavi
2164 5080 2179 5134 ;
2199 5064 2350 5120 sicut
2380 5062 2429 5118 ei
2461 5072 2874 5118 consueveram
2898 5052 3182 5129 quidquid
3203 5053 3320 5111 fere
3335 5066 3570 5126 possem

1927 5155 2162 5230 profusa
2190 5150 2538 5210 liberalitate
2570 5148 2786 5205 donare
2812 5163 2826 5216 ;
2861 5160 3045 5218 neque
3067 5144 3388 5218 quidquam
3410 5142 3571 5214 ejus-

1928 5244 2085 5302 modi
2111 5244 2168 5300 in
2192 5241 2424 5313 regione
2445 5237 2548 5293 illa
2570 5241 2768 5311 posset
2797 5235 2849 5293 ei
2887 5233 3067 5308 gratis
3118 5231 3411 5291 obvenire.
3444 5230 3570 5286 1.ae-

1924 5337 2084 5392 tatus
2104 5330 2324 5393 estille.
2348 5332 2406 5385 et
2446 5343 2553 5402 ego
2593 5324 2977 5383 nihilomiuus
3008 5320 3276 5390 exultavi,
3324 5334 3570 5392 sperans

1923 5420 2346 5482 deliberalitate
2367 5416 2851 5490 mea,praesertim
2875 5414 3026 5488 apud
3049 5415 3318 5486 nepotem
3349 5425 3568 5480 meum,

1922 5513 2067 5573 mihi
2091 5512 2338 5569 fructum
2362 5509 2419 5566 in
2443 5511 2706 5580 tempore
2732 5503 3051 5580 provenire.
3069 5501 3183 5560 Sed
3212 5516 3307 5557 me
3327 5498 3564 5574 quidem

1922 5603 2242 5680 debuerant
2262 5598 2709 5676 praecedentium
2723 5601 3051 5670 temporum
3065 5591 3461 5666 experimenta
3472 5590 3569 5662 do-
