3784 6000
296 217 399 278 871

1424 200 1817 269 GUILLELMI
1854 196 2215 266 TYRENSIS
2253 200 2586 265 ARCHIEP.

3613 204 3712 269 872

295 343 373 402 ad
406 348 637 401 tantum
665 343 773 402 iter
801 339 1238 400 conficiendum
1269 334 1542 393 sufficere
1581 348 1759 407 posse
1787 333 1953 389 vide·
1983 334 2027 389 A
2059 333 2233 399 rima,
2263 332 2396 390 loca
2418 332 2770 390 suburbana
2795 348 2935 406 quae
2955 332 3138 407 vulgo
3165 332 3401 392 casalia
3415 334 3708 405 dicuntur,

296 436 536 501 bantur,
584 431 951 496 necessariis,
996 444 1200 485 versus
1246 425 1608 498 Euphratem
1647 427 1948 496 properat.

297 524 469 596 Apud
485 539 593 579 nos
614 528 816 577 autem
829 535 1024 575 sermo
1035 516 1459 587 divulgabatur
1474 516 1772 587 frequens,
1786 510 1951 584 quod

296 629 503 670 versus
523 609 836 682 Halapiam
849 606 1253 673 contenderet,
1284 610 1490 660 uteam
1512 602 1623 658 sibi
1648 601 1952 657 vindicare

295 704 597 758 niteretur.
633 701 710 754 Ea
739 697 899 753 enim
927 696 1072 762 sola,
1099 711 1237 751 cum
1267 692 1474 766 paucis
1503 690 1744 763 oppidis
1782 689 1955 761 adja-

293 789 564 847 centibus
592 786 727 854 sibi,
766 787 842 843 de
869 790 991 842 tota
1020 782 1301 841 Not-adini
1346 781 1687 839 hoereditate
1716 793 1956 850 supere-

288 882 400 944 rat,
444 894 581 951 qum
622 876 898 934 nondum
933 875 994 931 in
1036 873 1165 945 ejus
1215 874 1563 944 pervenerat
1623 869 1945 935 ditionem,

292 968 520 1025 Mortuo
549 967 708 1022 enim
739 963 1022 1021 Noradini
1071 960 1211 1031 tilio,
1244 960 1425 1016 frater
1465 957 1811 1017 cotebedini
1842 956 1956 1014 do·

290 1057 440 1114 mini
471 1055 763 1122 Mussuloe,
815 1053 993 1109 fratre
1028 1052 1429 1123 permittente,
1472 1047 1551 1105 ad
1594 1063 1776 1121 quem
1819 1046 1955 1118 jure

291 1143 689 1209 haereditario,
703 1141 985 1198 defuncto
998 1139 1276 1211 praedicto
1298 1136 1696 1205 adolescente,
1709 1134 1783 1190 de
1792 1133 1956 1190 volu-

292 1240 353 1291 ta
372 1233 582 1296 tuerat,
600 1228 964 1302 possidebat.
981 1227 1342 1285 credebatur
1354 1240 1517 1296 ergo,
1550 1225 1720 1280 sicuti
1749 1228 1804 1279 et
1826 1235 1953 1289 erat

293 1320 627 1384 verisimile.
647 1319 808 1393 quod
840 1322 899 1374 ut
923 1333 1057 1373 eam
1083 1315 1291 1371 urbem
1307 1316 1613 1379 obtineret,
1643 1312 1717 1368 ad
1752 1318 1951 1383 partes

290 1410 422 1468 illas
445 1409 798 1467 festinasset.
814 1406 929 1463 Sed
951 1406 1104 1461 sicut
1122 1404 1204 1460 rei
1238 1402 1511 1476 patefecit
1530 1401 1743 1468 exitus,
1771 1402 1950 1470 longe

290 1499 643 1555 sublimiora
686 1501 884 1552 mente
926 1501 1303 1565 conceperat.
1350 1491 1569 1548 Relicta
1619 1493 1780 1547 enim
1814 1494 1953 1562 post

292 1604 354 1645 se
384 1588 532 1645 urbe
562 1586 861 1659 praedicta,
889 1589 943 1639 et
971 1582 1269 1654 Euphrate
1289 1581 1659 1647 transmisso,
1688 1583 1951 1652 Mesopo-

2061 423 2384 495 suppositis
2410 422 2648 494 ignibus
2666 427 2721 479 et
2741 422 2895 494 aliis,
2909 422 3133 495 quibus
3145 429 3447 497 poterant,
3462 426 3706 484 nocendi

2060 511 2291 570 artibus
2342 511 2704 583 dejecerunt.
2760 512 3034 586 Regionis
3081 518 3282 570 autem
3331 514 3704 583 habitatores,

2061 600 2426 675 praecognito
2441 609 2778 657 nostrorum
2799 601 3083 669 adventu,
3098 602 3540 676 cumgregibus
3567 609 3708 663 etar-

2063 690 2304 757 mentis,
2331 706 2470 746 cum
2500 688 2767 747 liberiset
2787 690 3076 747 uxoribus
3093 691 3171 748 ad
3198 692 3334 749 loca
3363 708 3430 748 se
3453 692 3704 751 contule-

2063 784 2197 836 rant
2223 778 2562 836 munitiora.
2598 778 2763 836 Unde
2793 778 3017 836 t'actum
3041 784 3149 846 est,
3181 784 3244 838 ut
3270 781 3502 854 proedo
3531 786 3587 840 et
3601 799 3704 840 ma·

2065 867 2390 925 nubiarum
2413 868 2692 935 autnihil,
2719 872 2821 925 aut
2845 868 3149 927 modicum
3178 884 3386 927 seeum
3417 871 3604 929 nostri
3625 886 3702 930 re·

2064 958 2425 1030 portaverint
2438 974 2454 1023 3
2477 957 2677 1028 fruges
2690 962 2890 1015 tamen
2902 961 2958 1014 et
2984 963 3198 1016 caetera
3208 959 3346 1016 vitoe
3356 960 3702 1027 necessaria,

2063 1061 2200 1119 quae
2224 1046 2301 1103 illi
2328 1046 2619 1103 abeuntes
2647 1061 2856 1103 secum
2899 1046 3216 1104 transferre
3265 1063 3387 1106 non
3419 1054 3704 1122 poterant,

2063 1135 2250 1192 nostri
2278 1135 2371 1192 vel
2399 1135 2699 1202 incendio,
2726 1135 2816 1192 vel
2852 1135 2984 1193 aliis
3011 1135 3235 1209 quibus
3263 1137 3328 1193 id
3359 1138 3566 1195 modis
3591 1136 3702 1195 fieri

2061 1229 2312 1297 poterat,
2351 1230 2876 1297 consumpserunt.
2909 1225 3243 1282 Redeuntes
3272 1242 3418 1283 vero
3447 1227 3707 1300 depopu-

2057 1312 2243 1371 lando
2274 1313 2556 1371 universa
2584 1330 2721 1387 quae
2760 1314 3175 1381 occurrebant,
3214 1315 3391 1387 juxta
3453 1315 3704 1374 nobilem

2061 1402 2215 1458 iltius
2240 1403 2500 1474 regionis
2530 1402 2933 1475 metropolim,
2967 1405 3234 1459 Rostrum
3266 1404 3540 1470 nomine,
3586 1420 3708 1479 qun

2061 1491 2292 1562 vulgari
2334 1490 2738 1564 appellatione
2770 1491 2984 1548 dicitur
3034 1494 3324 1563 Bosseret,
3383 1493 3710 1551 habuerunt

2060 1581 2393 1636 transitum.
2429 1579 2534 1637 Ubi
2561 1596 2700 1637 cum
2727 1580 2802 1637 de
2821 1579 3194 1654 effringendo
3213 1581 3494 1653 ejusdem
3523 1582 3709 1641 civita-

289 1678 489 1736 tamioe
517 1675 693 1732 urbes
716 1671 1254 1747 splendidissimas,
1283 1670 1587 1732 Edessam,
1610 1673 1873 1734 carram,
1892 1673 1951 1725 et
1987 1684 2030 1741 Β
2059 1670 2135 1724 tis
2166 1668 2476 1734 suburbi0,
2510 1669 2659 1725 inter
2683 1674 2924 1726 nostros
2946 1673 3229 1727 tractatus
3257 1669 3602 1742 haberetur,
3633 1673 3708 1728 vi-

291 1766 442 1824 alias
460 1763 851 1838 quamplures
864 1778 999 1818 cum
1029 1760 1269 1833 oppidis
1300 1758 1717 1830 suffraganeis,
1747 1764 1801 1814 et
1827 1759 1952 1813 uni-

290 1871 527 1913 versam
543 1869 693 1926 pene
713 1852 1038 1922 regionem,
1063 1866 1201 1923 quae
1224 1849 1336 1904 sub
1369 1853 1656 1921 potestate
1692 1846 1951 1919 praedicti

288 1942 598 2017 principis,
614 1941 842 1998 domini
865 1938 1136 1995 videlicet
1162 1936 1457 2002 Mussulae,
1476 1937 1638 2008 prius
1656 1936 1947 2006 jacuerat,

291 2038 415 2090 tam
444 2030 667 2087 viribus
708 2045 890 2101 quam
934 2041 1249 2083 munerum
1301 2024 1750 2090 interventione,
1797 2023 1952 2079 intra

290 2135 517 2193 paucos
544 2119 671 2176 dies
701 2118 813 2174 sibi
840 2115 1188 2172 vindicavit.
1224 2113 1529 2185 Corruptis
1561 2114 1721 2169 enim
1759 2113 1954 2170 multa

291 2209 638 2267 liberalitate
664 2207 975 2276 regionum
999 2204 1403 2275 magnatibus,
1432 2202 1536 2276 qui
1562 2202 1814 2259 domino
1835 2218 1950 2257 ste-

290 2298 526 2372 pedicto
568 2297 844 2353 fidelitate
880 2293 1238 2350 tenebantur
1280 2290 1527 2356 astricti,
1577 2290 1951 2363 receptisque

289 2403 499 2444 eorum
529 2384 889 2457 municipiis,
921 2384 979 2438 iu
1004 2399 1179 2438 suum
1196 2381 1549 2455 obsequium
1574 2396 1784 2436 ornnes
1811 2394 1952 2436 con·

288 2480 563 2541 verterat,
598 2477 679 2530 ita
710 2478 771 2529 ut
801 2471 1152 2543 saepedictus
1180 2485 1440 2540 magnus
1469 2473 1525 2526 et
1550 2468 1761 2525 nobilis
1788 2470 1952 2541 prin-

289 2580 429 2637 ceps
443 2578 692 2619 suorum
704 2562 939 2634 penitus
952 2560 1267 2615 destitutus
1289 2558 1527 2625 auxilio,
1551 2559 1601 2615 ei
1616 2574 1946 2626 occurrere,

288 2658 391 2709 aut
410 2653 679 2708 resistere
700 2665 821 2707 non
847 2664 1020 2721 posse
1041 2648 1354 2714 diceretur,
1384 2648 1484 2703 sed
1508 2648 1688 2703 etiam
1709 2646 1947 2721 publice

286 2740 618 2805 dicebatur,
648 2737 815 2812 quod
845 2736 1139 2810 corruptis
1179 2736 1307 2808 ejus
1327 2736 1668 2793 domesticis
1693 2742 1751 2793 et
1779 2735 1947 2792 fami·

2060 1758 2268 1814 dentes
2291 1757 2453 1830 quod
2479 1758 2538 1814 id
2569 1757 2765 1815 subito
2790 1758 2916 1814 fleri
2947 1774 3066 1815 non
3095 1763 3317 1832 posset,
3341 1758 3454 1816 sed
3481 1775 3707 1818 moram

2059 1847 2318 1918 exigeret
2355 1846 2809 1913 diuturniorem,
2870 1863 3056 1921 quam
3107 1852 3307 1905 tamen
3358 1863 3486 1905 non
3537 1848 3712 1906 dabat

2060 1936 2594 2010 aquaruminopia,
2626 1936 2704 1993 ad
2716 1936 3092 1994 redeundum
3121 1952 3185 1993 se
3213 1942 3587 2010 praeparant,
3609 1938 3713 1995 sibi

2060 2031 2119 2084 et
2141 2026 2313 2099 equis
2342 2029 2398 2082 et
2418 2026 2710 2098 jumentis
2735 2027 3020 2083 omnibus
3045 2027 3171 2083 sitis
3193 2026 3589 2084 formidantes
3604 2028 3712 2084 im-

2061 2113 2620 2188 portunitatem.Est
2646 2114 2804 2171 enim
2833 2116 2997 2185 regio
3022 2114 3327 2188 praedicta,
3342 2131 3523 2172 arens
3549 2131 3713 2189 pror-

2061 2221 2163 2259 sus
2213 2209 2270 2260 et
2317 2203 2614 2275 inaquosa
2661 2219 2676 2270 ;
2727 2203 2941 2270 tontes,
2988 2205 3145 2261 rivos
3196 2209 3252 2260 et
3302 2203 3564 2262 flumina
3598 2220 3710 2262 non

2059 2291 2293 2349 habens
2308 2291 2543 2364 penitus
2577 2290 2870 2358 ;bibernis
2881 2292 3040 2349 enim
3056 2291 3360 2349 mensibus
3381 2293 3620 2350 lacunis
3630 2308 3712 2350 so-

2061 2381 2181 2438 lent
2209 2396 2395 2454 aquas
2420 2379 2696 2451 colligere
2735 2381 3044 2453 pluviales,
3076 2388 3133 2436 et
3162 2397 3265 2439 eas
3297 2384 3421 2439 tota
3477 2396 3710 2439 conser-

2061 2486 2200 2527 vare
2230 2469 2554 2542 diligentia,
2590 2469 2667 2525 ad
2716 2485 2860 2525 usus
2902 2470 3278 2527 necessarios
3325 2486 3436 2542 per
3490 2485 3709 2528 annum

2059 2556 2380 2629 integrum,
2413 2556 2609 2614 calore
2622 2557 2785 2625 solis,
2808 2558 3224 2615 etassiduitate
3241 2559 3366 2615 limi
3387 2560 3486 2617 cui
3514 2574 3710 2633 super-

2051 2646 2272 2718 jacent,
2300 2647 2489 2704 factas
2520 2646 2831 2718 insipidas.
2858 2650 2973 2704 llas
3003 2648 3182 2704 etiam
3195 2648 3466 2705 adventu
3495 2654 3710 2706 nostro-

2055 2752 2193 2792 rum
2222 2735 2609 2809 praecognitO,
2641 2734 2897 2792 effractis
2927 2736 3201 2802 lacubus,
3235 2742 3340 2794 aut
3369 2738 3703 2805 emiserant,

284 2829 551 2894 liaribus,
567 2832 776 2901 potum
790 2827 842 2882 ei
863 2824 1253 2890 mortiferum,
1271 2824 1430 2881 unde
1445 2825 1540 2880 vix
1555 2823 1943 2896 postmodum
2056 2830 2159 2881 aut
2182 2824 2467 2881 immissis
2488 2824 3292 2896 corruperantimmunditiis,
3311 2841 3387 2884 ne
3411 2831 3706 2899 pertrans·

283 2918 491 2983 evasit,
517 2917 928 2990 propinasset:
951 2914 1111 2972 unde
1132 2914 1373 2971 liberius
1387 2930 1579 2987 usque
1592 2912 1939 2979 mussulam,
2051 2911 2181 2970 iens
2228 2913 2522 2971 exercitus
2581 2929 2813 2970 moram
2858 2913 2941 2969 ibi
2994 2919 3197 2987 posset
3249 2920 3490 2973 nectere
3548 2931 3564 2983 ;
3608 2914 3706 2973 sed

284 3024 423 3066 cum
457 3008 583 3064 suis
609 3005 1089 3079 expeditionibus
1108 3005 1235 3076 Jam
1265 3005 1608 3076 pervenisse
1640 3003 1825 3076 (tama
1854 3019 1942 3061 re·
1972 3037 2014 3097 C
2052 3019 2248 3076 neque
2275 3002 2806 3077 depopulationem
2833 3008 3126 3077 quantam
3157 3004 3376 3062 vellent
3404 3020 3703 3072 exercere,
3781 3025 3784 3098 ,ς

281 3097 527 3169 ferente)
552 3095 924 3153 credebatur.
974 3096 1180 3152 Varius
1224 3098 1423 3152 tamen
1474 3109 1656 3165 super
1684 3108 1754 3149 eo
1781 3092 1940 3150 facto
2049 3094 2332 3166 temporis
2345 3092 3106 3166 patiebaturparsilla;jam
3120 3093 3706 3166 enimfruges,etcae·
3783 3147 3784 3162 ,

281 3186 445 3260 apud
479 3200 592 3242 nos
621 3185 1130 3241 disseminabatur
1161 3199 1382 3249 sermo,
1416 3183 1750 3239 dicentibus
1784 3182 1935 3249 aliis,
2049 3186 2174 3238 tera
2204 3182 2303 3239 illa
2337 3198 2474 3256 qum
2502 3182 2847 3238 incendium
2878 3182 3025 3239 solet
3053 3197 3434 3249 consumere,
3461 3199 3705 3256 conges-
3783 3171 3784 3214 ³

278 3274 1342 3349 quodprospereincederetetomnia
1361 3272 1439 3328 illi
1464 3272 1939 3344 suppeterentad
2046 3275 2251 3328 serant
2283 3272 2341 3327 in
2386 3272 2620 3338 horrea,
2670 3288 2808 3345 quas
2849 3273 2910 3327 in
2953 3272 3254 3344 specubus
3299 3273 3702 3332 subterraneis

282 3371 519 3429 votum;
554 3362 683 3419 aliis
713 3379 743 3419 e
771 3364 1007 3419 diverso
1037 3360 1461 3429 asserentibus,
1489 3360 1656 3433 quod
1682 3376 1788 3433 per
1813 3376 1938 3417 ma·
2046 3360 2324 3431 regioilla
2339 3361 2885 3416 babet-econsuevit
2905 3376 3087 3433 ;quas
3101 3361 3448 3418 etiamterra
3465 3377 3704 3436 cooper-

273 3452 438 3524 jores
463 3451 701 3508 illarum
740 3451 1055 3521 regionum
1084 3450 1400 3523 principes,
1437 3439 1826 3506 contra‘ittius
1852 3450 1938 3505 in·
2044 3453 2138 3507 tas
2162 3455 2218 3506 et
2248 3454 2372 3505 arte
2392 3450 2719 3505 occultatas
2741 3450 2947 3514 multa,
2972 3449 3212 3506 difficile
3244 3455 3372 3506 erat
3395 3451 3700 3517 invenire;

279 3540 593 3598 solentiam
620 3541 1062 3605 convenientes,
1110 3542 1236 3612 ejus
1286 3538 1437 3595 male
1467 3543 1752 3596 tractatus
1782 3545 1940 3596 esset
2045 3538 2150 3594 sed
2179 3538 2286 3594 etsi
2312 3538 2457 3611 quid
2490 3538 2893 3609 preeriebatur
2917 3537 2978 3593 in
3006 3538 3258 3604 areis,id
3288 3545 3541 3596 exutum
3567 3545 3706 3597 stra-

282 3632 593 3689 exercitus.
2042 3628 2204 3683 mine
2234 3633 2290 3683 et
2316 3626 2673 3684 mundatum
2703 3643 2739 3683 a
2769 3627 2962 3699 palea,
2998 3643 3116 3683 non
3151 3627 3319 3684 facile
3351 3629 3706 3687 admittebat

903 3718 1127 3774 CAPUT
1150 3718 1256 3774 XX.
2043 3715 2412 3789 incendium,
2437 3717 2606 3787 gravi
2627 3715 2944 3772 solitudine
2964 3718 3164 3786 ignem
3187 3732 3308 3774 non
3332 3718 3704 3776 admittente.

351 3810 473 3867 Rex
502 3809 647 3877 fines
670 3808 1166 3864 Damascenorum
1195 3805 1490 3863 hostiliter
1521 3805 1932 3877 depopulatur.
2046 3805 2268 3877 Vixque
2292 3805 2450 3860 aliud
2481 3806 2635 3862 areis
2664 3803 2936 3861 damnun
2962 3811 3234 3877 poterant
3258 3806 3496 3876 inferre,
3523 3823 3704 3882 quam

288 3953 295 3962 ,
349 3900 468 3954 Rex
499 3897 677 3966 igitur
705 3901 763 3953 et
789 3897 953 3968 regni
987 3895 1172 3951 nostri
1206 3894 1518 3969 principes,
1547 3893 1815 3950 videntes
1843 3910 1937 3951 re-
2043 3900 2109 3951 ut
2137 3894 2334 3964 fruges
2354 3893 2798 3967 dispergerent:
2817 3893 2969 3951 etad
2982 3909 3134 3967 opus
3147 3897 3709 3968 equorum,abeun-

277 3985 815 4057 gionemhostium,
834 3985 1055 4041 viribus
1081 3984 1425 4040 destitutam
1442 3982 1935 4048 militaribus,ar-
2043 3988 2131 4041 tes
2170 3999 2377 4039 secum
2412 3981 2725 4039 deferrent.
2769 3982 2924 4040 Multi
2967 3988 3165 4039 tamen
3209 3990 3401 4041 artem
3451 3987 3708 4044 nocendi

272 4075 497 4139 bitrati,
539 4075 760 4130 sicutet
787 4075 993 4130 merito
1009 4072 1193 4128 videri
1208 4077 1457 4145 poterat,
1490 4070 1655 4143 quod
1682 4072 1935 4128 nocendi
2041 4077 2397 4147 quaerentes,
2430 4072 2667 4128 aliunde
2695 4072 3004 4139 stramina,
3033 4072 3274 4129 aliunde
3296 4073 3510 4146 paleas
3534 4075 3704 4147 frugi·

274 4162 549 4220 hostibus
574 4168 778 4234 optata
810 4166 1035 4234 pateret
1059 4162 1299 4218 occasio
1319 4178 1332 4216 :
1352 4176 1544 4234 eoque
1575 4160 1833 4231 amplius
1852 4160 1936 4216 in·
2043 4162 2159 4218 bus
2191 4161 2613 4218 immiscebant
2639 4160 2766 4232 jam
2795 4161 3082 4232 purgatis,
3118 4169 3181 4217 ut
3221 4161 3460 4219 facilius
3504 4164 3712 4223 admit·

275 4251 529 4321 dignati,
559 4249 1493 4324 quodtantamejusquiabierat,
1529 4249 1934 4305 notabantsu-
2045 4256 2164 4307 tere
2197 4255 2441 4322 possent
2485 4250 2780 4306 incendia.
2837 4250 3155 4306 Residuum
3211 4258 3414 4310 autem
3463 4254 3706 4321 militiai,

278 4339 574 4411 perbiam.
609 4337 775 4409 quod
803 4336 1162 4408 contemptis
1195 4337 1359 4408 regni
1391 4337 1640 4403 viribus,
1669 4343 1731 4393 ut
1753 4353 1936 4409 regna
2044 4355 2228 4412 quam
2256 4339 2316 4395 in
2347 4338 2560 4396 eadem
2586 4340 2826 4408 regione
2848 4338 3248 4396 Salahadinus
3262 4342 3477 4400 abiens
3501 4344 3710 4401 dereli-

277 4427 391 4483 sibi
420 4427 747 4483 vindicaret
775 4432 996 4491 extera,
1028 4425 1436 4497 proficiscens,
1487 4442 1626 4481 cum
1660 4441 1796 4496 rege
1828 4441 1938 4483 nec
1969 4392 2017 4448 D
2045 4428 2581 4501 querat,quoniam
2601 4426 2676 4483 de
2700 4426 2923 4483 viribus
2947 4443 3065 4483 non
3088 4429 3710 4499 praesumebauteate-

276 4520 549 4587 treugam
580 4514 1121 4571 nectoedusinierat
1147 4531 1163 4582 ;
1191 4514 1640 4571 communicato
1661 4513 1933 4581 consilio,
2045 4532 2160 4574 nus
2201 4520 2265 4572 ut
2289 4532 2429 4573 cum
2461 4517 2677 4572 nostris
2706 4516 2997 4573 auderent
3032 4517 3339 4589 congredi,
3374 4520 3468 4576 vel
3503 4521 3590 4577 eis
3640 4521 3711 4579 de

275 4605 536 4663 collectis
550 4606 718 4676 regni
741 4604 985 4667 viribus,
1003 4611 1324 4677 assumpto
1342 4603 1452 4659 sibi
1472 4603 1719 4659 vivificae
1742 4604 1936 4659 crucis

273 4693 437 4765 ligno
468 4693 1024 4768 pretios0‚domino
1039 4709 1289 4766 quoque
1303 4692 1641 4765 patriarcha
1660 4708 1763 4749 eos
1796 4708 1936 4765 pro-

277 4788 586 4856 sequente,
628 4782 891 4840 hostium
934 4783 1083 4838 fines
1130 4782 1381 4853 ingressi
1427 4787 1585 4851 sunt,
1630 4781 1936 4852 regionem

276 4888 387 4945 pro
402 4872 629 4929 viribus
654 4871 1097 4946 depopulaturi.
1130 4872 1616 4928 pertranseuntes
1639 4885 1783 4941 ergo
1802 4872 1939 4927 Tra-

277 4961 601 5018 conitidem
614 4961 941 5030 regionem,
964 4976 1097 5034 quas
1116 4959 1782 5017 Bostrensisdioeceseos
1798 4975 1937 5031 pars

277 5054 369 5109 est
394 5065 514 5107 non
543 5050 799 5116 modica,
836 5051 1068 5124 Syriam
1101 5052 1415 5116 minorem,
1443 5049 1616 5120 cujus
1644 5055 1828 5121 caput
1852 5053 1938 5106 est

278 5140 634 5204 Damascus,
664 5141 939 5210 ingressi,
971 5146 1027 5197 et
1047 5140 1126 5196 ad
1152 5139 1501 5196 orientalem
1528 5138 1659 5209 ejus
1691 5137 1937 5210 plagam

276 5229 730 5296 contendentes,
762 5228 964 5285 locum
990 5227 1286 5285 celebrem
1318 5233 1374 5284 et
1398 5226 1729 5292 famosum,
1787 5225 1938 5283 Zora

276 5316 543 5384 nomine,
579 5317 779 5374 multis
809 5318 1089 5375 refertum
1136 5316 1590 5382 habitatoribus,
1621 5316 1725 5389 qui
1753 5331 1790 5372 a
1824 5315 1938 5372 Da-

281 5420 566 5464 mascena
584 5422 706 5463 non
728 5409 986 5466 multum
996 5407 1175 5464 distat
1201 5405 1368 5475 urbe,
1389 5405 1677 5462 violenter
1694 5402 1933 5476 effrege-

276 5498 418 5551 runt
450 5510 465 5563 ;
488 5501 545 5553 et
570 5495 711 5555 inde
736 5496 1041 5569 regionem
1066 5496 1490 5570 perlustrantes
1514 5509 1589 5552 ex
1617 5500 1783 5567 parte
1808 5493 1939 5566 plu-

2047 4606 2318 4678 proximo
2349 4605 2686 4661 ministrare
2711 4605 3235 4677 impedimentum,
3278 4609 3610 4679 gregratim
3637 4610 3712 4668 de

2045 4701 2274 4752 remoto
2320 4693 2745 4767 sequebantur,
2785 4700 2848 4750 ut
2884 4694 3044 4749 circa
3085 4695 3366 4752 abeuntis
3415 4699 3710 4757 exercitus

2047 4783 2398 4857 posteriora,
2425 4782 2656 4856 aliquid
2685 4788 2929 4856 possent
2950 4783 3200 4840 latenter
3224 4784 3444 4841 moliri.
3472 4788 3594 4845 Sed
3617 4803 3712 4846 ne-

2044 4888 2163 4946 que
2219 4873 2303 4927 sic
2363 4874 2582 4928 nostris
2641 4871 3147 4943 impedimentum
3206 4873 3551 4935 ministrare
3607 4893 3710 4952 po-

2045 4966 2304 5027 tuerunt,
2336 4964 2442 5016 aut
2469 4961 2684 5016 loedere
2716 4963 2903 5017 totum
2939 4960 3029 5015 vet
3061 4967 3292 5033 partem
3321 4966 3640 5023 exercitus.

2686 5069 2909 5124 CAPUT
2957 5066 3097 5123 xxi.

2045 5156 2208 5212 Idem
2225 5155 2562 5227 praesidium
2576 5155 2735 5228 quod
2742 5157 3017 5225 proxime
3025 5155 3173 5212 Salo
3181 5155 3445 5215 audinus
3455 5173 3709 5232 occupa·

2116 5227 2550 5356 :fgaczihczg‘b-sidet
2561 5244 2580 5292 ;
2594 5226 2888 5284 obsessum
2899 5234 3166 5297 occupat,
3180 5233 3233 5285 et
3259 5227 3709 5291 christianitati

2115 5408 2479 5463 Transcursa
2507 5404 2688 5476 igitur
2709 5404 2975 5474 regione,
2997 5410 3055 5462 et
3079 5421 3148 5462 ea
3169 5411 3467 5480 quantum
3489 5409 3583 5467 eis
3607 5425 3706 5469 no-

2045 5509 2177 5553 cere
2206 5494 2461 5553 dabatur
2476 5491 2887 5560 damnificata,
2905 5492 3244 5565 redeuntes,
3259 5494 3320 5553 in
3337 5511 3414 5556 ea
3431 5496 3702 5572 eJusdem
