3784 6000
257 220 400 282 12⁹9

325 441 479 497 Sane
509 436 862 511 praeilictam
897 433 1603 499 excommunicationem,
1649 433 1743 488 cui
1770 447 1906 487 om-

247 544 358 586 nes
411 527 688 599 cupimus
739 524 1051 580 haereticos
1097 523 1430 596 subjacere,
1490 523 1568 579 ab
1619 522 1904 577 omnibus

248 616 624 692 patriarchis,
656 613 1038 685 archiepisc.,
1072 613 1257 684 episc.
1292 613 1354 669 in
1407 611 1725 684 praecipuis
1747 609 1905 665 festi-

247 705 551 770 vitatibus,
579 707 635 759 et
673 703 905 775 quoties
953 702 1358 758 solemnitates
1418 700 1759 765 habuerint,
1812 697 1903 753 vei

253 792 521 868 qualibet
553 791 887 857 occasione,
915 791 994 846 ad
1042 790 1296 862 gloriam
1329 791 1426 846 Dei
1482 793 1539 846 et
1587 788 1903 860 reprehen-

251 883 481 940 sionem
510 880 801 937 hoereticse
817 879 1147 952 pravitatis,
1175 879 1474 935 decernim
1487 895 1553 933 us
1585 878 1858 934 innovari
1884 891 1901 942 ;

248 971 596 1028 auctoritate
635 968 964 1041 apostolica
1012 972 1343 1025 statuentes
1395 971 1457 1023 ut
1518 967 1566 1023 si
1640 965 1778 1039 quis
1828 965 1904 1021 de

245 1060 456 1119 ordine
501 1059 922 1133 episcoporum
953 1058 1260 1127 negligens
1314 1057 1373 1112 in
1431 1057 1524 1112 his
1567 1054 1744 1112 fuerit
1810 1053 1904 1111 vel

249 1158 589 1215 desidiosus
618 1158 912 1226 inventus,
940 1171 1048 1229 per
1075 1155 1364 1212 triennale
1392 1154 1656 1227 spatium
1686 1154 1765 1210 ab
1783 1153 1906 1226 epi-

250 1246 475 1319 scopali
502 1245 797 1303 habeatur
826 1245 1110 1317 dignitate
1139 1250 1197 1301 et
1225 1244 1737 1301 administratione
1777 1259 1906 1299 sus-

251 1351 496 1408 pensus.

320 1425 407 1480 Ad
439 1424 588 1487 haec,
632 1423 706 1479 de
761 1423 1087 1494 episcopali
1142 1422 1386 1479 consilio
1408 1428 1468 1478 et
1519 1421 1904 1492 suggestione

251 1512 532 1571 culminis
558 1512 906 1585 imperialiS,
933 1516 990 1568 et
1019 1512 1357 1584 principum
1391 1511 1542 1584 ejuS,
1568 1510 1904 1583 adjecimus

249 1607 313 1660 ut
340 1600 591 1675 quilibet
643 1600 1128 1673 archiepiscopus
1158 1600 1251 1656 vel
1280 1601 1624 1672 episcopuS,
1657 1615 1764 1672 per
1816 1615 1901 1666 se,

251 1691 345 1748 vei
371 1689 864 1747 archidiaconum
905 1705 1104 1753 suum,
1137 1694 1241 1746 aut
1270 1705 1377 1761 per
1424 1687 1574 1745 alias
1611 1689 1901 1745 honestas
1940 1694 1981 1748 Β

248 1780 620 1851 idoneasque
651 1793 961 1850 personas,
993 1778 1091 1834 bis
1123 1778 1214 1836 vel
1244 1777 1428 1834 semel
1450 1779 1508 1834 in
1537 1794 1698 1834 anno
1729 1793 1903 1850 paro-

251 1867 446 1925 chiam
515 1867 576 1923 in
629 1883 751 1940 qua
806 1867 970 1923 fama
1021 1867 1197 1924 fuerit
1242 1867 1554 1924 baereticos
1606 1867 1899 1934 babitare,

250 1957 579 2014 circumeat
606 1974 621 2024 ;
651 1960 710 2013 et
739 1955 821 2012 ibi
852 1960 967 2012 tres
996 1957 1089 2012 vel
1137 1957 1336 2030 plures
1366 1955 1513 2012 boni
1572 1956 1901 2013 testtmonii

250 2045 425 2111 viros,
459 2044 551 2100 vel
579 2044 781 2109 etiam,
818 2044 864 2100 si
883 2045 1163 2118 expedire
1188 2045 1510 2111 videbitur,
1549 2049 1730 2101 totam
1763 2044 1903 2101 vici·

249 2132 416 2190 niam
422 2137 626 2204 jurare
650 2133 970 2206 compellat
997 2134 1162 2207 quod
1185 2134 1236 2190 si
1259 2135 1395 2206 quis
1422 2134 1646 2190 ibidem
1673 2134 1903 2190 haereti·

251 2236 354 2279 cos
379 2221 634 2289 sciverit,
668 2221 761 2278 vel
786 2221 1019 2295 aliquos
1050 2222 1287 2279 occulta
1311 2222 1728 2279 conventicula
1755 2222 1903 2279 cele·

250 2308 516 2376 brantes,
541 2325 642 2366 seu
667 2311 1019 2366 acommuni
1034 2311 1487 2367 conversatione
1504 2309 1771 2366 fidelium
1783 2310 1903 2366 vita

250 2399 310 2453 et
339 2395 611 2453 moribus
640 2395 1020 2466 dissidentes,
1043 2412 1146 2453 eos
1171 2397 1457 2470 episcopo
1489 2396 1579 2454 vel
1603 2395 1902 2454 archidia-

252 2500 408 2543 cono
446 2485 682 2542 studeat
711 2485 993 2542 indicare.
1044 2487 1361 2560 Episcopus
1391 2494 1591 2545 autem
1651 2503 1756 2543 seu
1813 2502 1905 2543 ar1

252 2574 647 2633 chidiaconus
659 2574 738 2631 ad
759 2576 1140 2647 praesentiam
1161 2592 1336 2633 suam
1359 2580 1648 2633 convocet
1659 2591 1905 2633 accusa-

249 2666 342 2720 tos
374 2682 388 2723 ;
422 2663 547 2735 qui,
580 2663 696 2718 nisi
723 2679 788 2719 se
811 2663 889 2720 ad
919 2679 1127 2721 eorum
1158 2664 1472 2721 arbitrium
1489 2665 1662 2737 juxta
1694 2663 1905 2737 patrioe

252 2751 749 2809 consuetudinem
764 2753 842 2809 ab
863 2752 1100 2824 objecto
1112 2759 1277 2810 reatu
1302 2754 1706 2825 purgaverint,
1739 2752 1832 2809 vel
1854 2752 1905 2808 si

251 2848 389 2916 post
426 2841 844 2915 purgationem
871 2842 1179 2899 exhibitim
1219 2843 1280 2898 in
1341 2843 1653 2914 pristinam
1684 2842 1907 2899 fuerint

249 2930 469 3004 relapsi
496 2930 829 3004 perfidiam,
858 2932 1284 3005 episcoporum
1299 2931 1527 3003 judicio
1557 2931 1900 3005 puniantur.

254 3020 312 3078 Si
341 3021 446 3092 qui
472 3036 612 3077 vero
624 3036 698 3076 ex
719 3020 801 3076 eis
821 3020 1187 3091 jurationem
1213 3022 1633 3093 superstitione
1653 3021 1905 3078 damna·
1938 3051 1979 3108 C

249 3108 356 3166 bili
386 3113 755 3182 respuentes,
782 3110 984 3180 jurare
1014 3110 1160 3166 forte
1182 3109 1500 3176 noluerint,
1532 3126 1602 3166 ex
1632 3111 1746 3167 hoc
1771 3110 1905 3182 ipso

251 3196 516 3255 haeretici
539 3197 904 3268 judicentur,
939 3201 996 3255 et
1025 3199 1220 3271 poenis
1267 3215 1405 3272 quoe
1450 3199 1905 3272 praenominatae

253 3289 394 3341 sunt
421 3286 839 3359 percellantur.

330 3375 659 3433 statuimus
686 3376 932 3449 insuper
950 3381 1011 3433 ut
1032 3377 1300 3446 comites,
1324 3378 1604 3445 barones,
1625 3384 1904 3446 rectores,

254 3466 538 3521 consules
602 3465 908 3522 civitatum
975 3470 1033 3523 et
1079 3466 1335 3523 aliorum
1399 3467 1692 3533 locorum,
1733 3468 1909 3539 juxta

252 3554 783 3611 commonitionem
803 3554 1377 3628 archiepiscoporum
1391 3561 1446 3613 et
1458 3557 1904 3629 episcoporum,

214 3629 516 3717 *praestito
544 3644 933 3716 corporaliter
972 3645 1317 3717 juramento
1357 3646 1705 3719 promittant
1740 3644 1909 3719 quod

253 3731 317 3788 in
355 3732 642 3789 omnibus
690 3733 989 3807 praedictis
1048 3734 1272 3792 fortiter
1302 3742 1358 3791 et
1400 3735 1737 3801 efficaciter,
1768 3750 1910 3792 cum

253 3819 334 3879 ab
358 3821 443 3877 eis
472 3822 693 3879 tuerint
738 3823 954 3880 exinde
997 3824 1288 3899 requisiti.
1347 3824 1669 3881 Ecclesiam
1701 3830 1913 3881 contra

250 3918 584 3987 hoereticos,
617 3924 673 3976 et
702 3936 909 3978 eorum
936 3922 1261 3995 complices
1283 3922 1682 3994 adjuvabunt,
1706 3925 1764 3979 et
1792 3927 1913 3979 stu-

255 4006 482 4065 debunt
517 4008 683 4066 bona
727 4009 845 4065 fide
889 4011 1064 4081 juxta
1092 4010 1358 4067 officium
1390 4016 1448 4067 et
1499 4027 1678 4084 posse
1710 4028 1909 4079 suum,

255 4095 654 4154 ecclesiastica
709 4099 975 4156 similiter
1016 4102 1073 4155 et
1101 4100 1439 4170 imperialia
1484 4104 1728 4167 statuta,
1755 4102 1915 4158 circa

255 4200 330 4244 ea
356 4200 494 4258 quoe
529 4186 812 4253 diximus,
850 4189 1210 4245 exsecutioni
1240 4190 1553 4246 mandare.
1590 4190 1650 4246 Si
1687 4206 1826 4247 vero
1852 4189 1914 4246 id

255 4273 581 4332 observare
596 4273 1168 4343 noluerunt,honore
1184 4293 1370 4350 quem
1382 4278 1652 4335 obtinent
1665 4278 1917 4351 spolien-

254 4366 373 4429 tur,
399 4362 558 4418 etad
587 4361 737 4420 alios
767 4364 1106 4422 nullatenus
1138 4375 1549 4434 assumantur,
1587 4369 1670 4424 eis
1700 4368 1917 4425 nihilo·
1947 4404 1993 4460 D

254 4449 461 4508 minus
474 4454 1098 4511 excommunicatione
1111 4455 1370 4525 ligandis
1387 4461 1444 4513 et
1458 4456 1619 4513 terris
1641 4457 1915 4529 ipsorum

255 4539 572 4598 interdicto
621 4542 893 4601 Ecclesiae
949 4544 1382 4617 supponendis.
1445 4545 1663 4602 Civitas
1713 4552 1915 4603 autem

256 4645 395 4705 quae
443 4630 539 4687 his
578 4630 971 4690 decretalibus
1027 4634 1312 4691 institutis
1355 4635 1591 4691 duxerit
1643 4635 1917 4693 resisten-

255 4719 424 4786 dum,
461 4720 554 4778 vel
580 4726 789 4780 contra
827 4723 1361 4781 commonitionem
1405 4724 1673 4797 episcopi
1703 4726 1916 4798 punire

254 4809 578 4880 neglexerit
612 4812 975 4882 resistentes,
1022 4811 1279 4870 aliarum
1325 4819 1523 4871 careat
1552 4815 1915 4871 commercio

255 4899 566 4958 civitatum
590 4906 646 4958 et
693 4902 1020 4976 episcopali
1074 4919 1138 4961 se
1182 4904 1415 4961 noverit
1463 4904 1751 4975 dignitate
1798 4905 1915 4979 pri-

253 4989 544 5046 vandam.

328 5081 549 5137 Omnes
592 5081 770 5138 etiam
820 5081 1082 5140 fautores
1127 5084 1563 5150 haereticorum,
1620 5086 1913 5157 tanquam

254 5173 541 5243 perpetua
570 5170 815 5228 infamia
839 5172 1297 5238 condemnatos,
1329 5171 1409 5230 ab
1431 5173 1824 5230 advocatione
1855 5177 1914 5230 et

256 5257 596 5315 testimonio
627 5264 684 5316 et
722 5260 852 5318 aliis
880 5262 1137 5334 publicis
1169 5262 1380 5320 officiis
1411 5262 1792 5319 decernimus
1823 5278 1911 5320 re-

255 5345 586 5419 pellendos.
621 5351 679 5408 Si
717 5349 989 5425 quivero
1036 5352 1255 5410 fuerint
1282 5353 1408 5428 qui,
1437 5369 1473 5410 a
1517 5352 1650 5424 lege
1688 5353 1910 5412 dioece-

1676 215 1868 274 LUCll
1912 216 1990 275 111
2028 219 2239 284 PAPAE

148 420 156 435 .
254 348 590 408 secundum
688 346 1027 403 sanctiones
1113 343 1413 416 legitimas
1487 342 1895 416 applicandis.
1933 343 1981 401 A
2015 361 2182 405 sanae
2200 350 2640 423 jurisdictionis
2677 351 2965 426 exempti,
2990 350 3102 409 soli
3134 349 3493 423 subjaceant
3520 347 3691 406 sedis

3529 223 3688 285 ¹³⁰0

2013 441 2358 508 apostolicas
2391 443 2686 516 potestati,
2723 441 3120 499 nihilominus
3141 440 3200 496 in
3240 439 3315 496 iis
3340 455 3485 513 quo
3508 454 3692 512 supe-

2013 525 2137 581 rius
2183 535 2323 587 sunt
2349 537 2558 591 contra
2611 532 2923 588 haereticos
2964 531 3232 587 instituta
3271 527 3686 602 archiepisco-

2013 629 2231 686 porum
2252 620 2792 694 velepiscoporum
2836 620 3101 677 subeant
3125 618 3446 691 judicium,
3489 620 3553 674 et
3596 617 3684 674 eis

2013 703 2072 759 in
2124 706 2237 763 hac
2275 715 2464 781 parte,
2518 716 2808 784 tanquam
2860 726 2896 766 a
2944 707 3086 765 sede
3140 707 3476 780 apostolica
3522 704 3684 763 dele·

2013 794 2185 863 gatis,
2227 813 2349 853 non
2397 797 2776 856 obstantibus
2823 796 3120 855 libertatis
3161 811 3290 853 suoe
3323 794 3681 869 privilegiis,

2013 882 2448 958 obsequantur.

2718 992 2966 1050 CLXXII.

2016 1080 2278 1138 Gabriele·
2287 1082 2604 1152 praeposito
2615 1088 2669 1139 ee
2682 1081 2983 1139 canonicis
2996 1080 3041 1136 Α
3050 1079 3385 1153 quileienst‘s
3396 1078 3684 1136 Ecclesia

2083 1167 2216 1223 quae
2234 1156 2367 1223 jam
2389 1154 2737 1211 Alexander
2757 1154 2787 1209 I
2790 1153 2820 1208 I
2824 1154 2850 1207 1
2875 1168 3039 1222 papa
3059 1152 3522 1234 confirmaverat
3543 1150 3681 1222 (33),

2083 1224 2285 1281 eadem
2323 1230 2377 1283 ee
2414 1225 2620 1282 iisdem
2640 1222 3683 1294 verbisasserieprivileqao,liupan-

2084 1295 2165 1350 cis
2196 1296 2436 1353 mutatis
2464 1313 2480 1351 :
2504 1316 2533 1350 α
2563 1298 2881 1363 Praeterea,
2911 1294 3459 1357 sicucBurkardus.
3493 1293 3681 1376 Aqui·

2088 1366 2341 1423 leliemis
2372 1369 2656 1425 Ecclesia*
2683 1368 3042 1431 advocatus,
3062 1372 3117 1423 ec
3142 1373 3349 1436 postea
3377 1366 3683 1422 Hem-scus

2082 1439 2374 1506 placitum
2406 1438 2731 1496 advocatia·
2778 1440 2843 1493 in
2877 1437 3152 1494 manibus
3184 1438 3352 1494 bonae
3383 1435 3685 1493 memoria

2082 1509 2443 1576 patriarchas
2476 1509 2671 1568 Uti-ici
2698 1510 3057 1579 refutarunt
3080 1522 3290 1578 prose,
3324 1530 3354 1558 π
3385 1514 3499 1566 etc.

2533 1599 2829 1671 (Veronae,
2871 1600 3019 1654 Nov.
3066 1598 3145 1668 9.)

2324 1685 2613 1761 [Donum
2645 1686 2826 1744 Italia
2874 1700 3081 1757 sacra,
3138 1686 3209 1752 V,
3242 1684 3358 1757 76.]

2085 1777 2203 1846 Ego
2224 1776 2437 1832 Lucius
2474 1775 2783 1834 catholicas
2825 1774 3099 1832 Ecclesioe
3129 1774 3474 1848 episcopus.

2083 1867 2205 1935 Ego
2235 1867 2497 1922 Joannes
2519 1865 2720 1938 presb.
2755 1863 2920 1920 card.
2948 1864 3033 1921 tit.
3064 1865 3120 1921 8.
3152 1862 3349 1922 Marci.

2085 1956 2205 2023 Ego
2232 1954 2544 2011 Laborans
2571 1953 2771 2027 presb.
2790 1953 2957 2011 card.
2983 1954 3213 2011 Sanctoe
3238 1952 3437 2009 Mario
3458 1954 3679 2010 Trans·

2010 2042 2247 2098 tiberim
2281 2043 2365 2099 tit.
2392 2042 2631 2100 Callisti.

2085 2116 2203 2184 Ego
2238 2114 2487 2172 Ubertus
2520 2116 2601 2171 tit.
2646 2115 2702 2171 S.
2733 2112 3032 2172 Laurentii
3060 2113 3118 2169 in
3155 2115 3417 2170 Damaso
3460 2111 3677 2186 presb.

2012 2201 2182 2260 card.

2081 2291 2204 2361 Ego
2237 2290 2623 2364 Pandulphus
2651 2290 2857 2365 presb.
2882 2291 3052 2349 card.
3093 2290 3362 2349 Basilicae
3391 2291 3493 2348 xn
3524 2296 3678 2364 Apo-

2014 2380 2329 2437 stolorum.

2085 2472 2204 2541 Ego
2233 2469 2469 2526 Ardicio
2498 2469 2657 2527 diac.
2700 2469 2873 2528 card.
2907 2471 2964 2527 S.
2992 2469 3307 2527 Theodori.

2087 2560 2207 2629 Ego
2263 2559 2579 2616 Gratianus
2643 2561 2743 2616 SS.
2806 2559 3037 2615 Cosmae
3083 2564 3139 2615 et
3190 2559 3475 2617 Damiani
3515 2558 3673 2615 diac.

2012 2649 2178 2705 card.

2086 2739 2208 2807 Ego
2238 2737 2551 2795 conradus
2602 2736 2875 2795 Sabinen.
2903 2737 3248 2811 episcopus,
3303 2737 3677 2809 Maguntinae

2013 2826 2171 2883 sedis
2210 2828 2717 2901 archiepiscopus.

2086 2918 2208 2985 Ego
2244 2916 2585 2974 Theodinus
2620 2919 2961 2976 portuensis
3008 2922 3069 2975 et
3121 2919 3179 2975 S.
3231 2915 3472 2974 Rufinae
3510 2915 3671 2973 sedis

2014 3005 2364 3079 episcopus.

2087 3095 2208 3164 Ego
2240 3095 2519 3152 Henricus
2550 3096 2903 3154 Albanensis
2942 3097 3289 3170 episcopus.

2089 3184 2209 3252 Ego
2250 3184 2626 3241 Theobaldus
2674 3185 2966 3243 Ostiensis
2995 3192 3053 3242 et
3104 3183 3529 3241 veliternensis
3558 3183 3682 3257 epi·

2018 3286 2263 3343 scopus.

2089 3363 2210 3431 Ego
2249 3361 2494 3419 Albinus
2513 3363 2672 3422 diac.
2705 3364 2875 3423 card.
2914 3364 2978 3424 S.
3019 3363 3213 3423 Marioe
3254 3365 3461 3421 Novae.

2089 3451 2209 3520 Ego
2241 3451 2521 3509 Soiredus
2551 3455 2607 3511 8.
2649 3455 2841 3512 Marioe
2870 3454 2932 3511 in
2957 3454 3062 3511 Via
3083 3455 3227 3510 Lata
3246 3451 3411 3509 diac.
3438 3450 3614 3509 card.

2087 3538 2299 3596 Datum
2329 3541 2596 3611 Veronoe,
2628 3558 2734 3615 per
2764 3559 3010 3599 manum
3045 3540 3266 3613 Ugonis
3295 3541 3356 3599 S.
3390 3543 3684 3599 Romanas

2017 3627 2286 3685 Ecclesiae
2319 3630 2533 3697 notari,
2569 3648 2603 3687 v
2634 3632 2771 3689 idus
2797 3631 3170 3703 Novembris,
3213 3629 3430 3689 indict.
3464 3645 3557 3695 ιιι,
3589 3630 3688 3686 ln-

2019 3717 2382 3775 carnationis
2414 3721 2734 3777 Dominicoe
2754 3720 3098 3787 ann01184,
3121 3718 3521 3792 pontificatus
3545 3735 3690 3777 vero

2021 3806 2085 3861 D.
2120 3805 2279 3862 Lucii
2312 3822 2487 3882 papae
2513 3811 2584 3866 ill
2607 3826 2769 3867 anno
2800 3826 2880 3867 iv.

2707 3933 2983 3992 CLxxnt.

2020 4036 2119 4094 Aa
2142 4039 2473 4109 capitulum
2492 4040 2971 4112 Rothomaqense.
2998 4070 3064 4082 —
3087 4040 3336 4098 Graiam
3366 4038 3555 4097 habet
3582 4041 3696 4098 ele·

2092 4113 2341 4169 ctionem
2378 4112 2607 4181 factam
2638 4112 2711 4170 de
2745 4110 3153 4169 Line-alniensi
3175 4110 3458 4182 episcopo
3481 4111 3554 4169 in
3588 4113 3691 4170 Ro·

2093 4185 2537 4255 rhomaqensem
2567 4183 3101 4254 archiepiscopum.

2555 4284 2851 4354 (Veronae,
2875 4284 3015 4339 Nov.
3054 4281 3163 4351 17.)

2464 4370 2736 4445 [Mas-res.
2769 4371 2989 4431 Anecd.
3022 4373 3060 4436 1,
3091 4370 3242 4441 622.]

2096 4464 2296 4520 Luctus
2322 4459 2667 4534 episcopus,
2702 4476 2910 4517 servus
2946 4473 3255 4516 servorum
3285 4457 3413 4528 Dei,
3456 4458 3698 4518 dilectis

2023 4550 2159 4608 filiis
2182 4550 2413 4607 decano
2441 4553 2500 4605 et
2527 4548 2790 4621 capitulo
2820 4546 3312 4619 Rothom'agensi,
3343 4545 3618 4606 salutem
3643 4551 3700 4606 et

2024 4640 2418 4714 apostolicam
2446 4637 2950 4695 benedictionem.

2096 4728 2326 4785 Misistis
2355 4726 2432 4784 ad
2459 4743 2570 4798 nos
2598 4725 2847 4783 dilectos
2869 4725 3026 4783 filios
3051 4729 3292 4783 nostros
3322 4727 3696 4798 magistrum

2025 4817 2374 4884 Hubertum,
2406 4815 2900 4873 archidiaconum
2931 4814 3379 4881 Ebroicensem‚
3411 4821 3479 4874 et
3509 4816 3696 4874 mim

2024 4905 2299 4965 Ecclesiae
2316 4910 2520 4963 vestroe
2545 4905 2870 4962 canonicos
2887 4928 2899 4971 ς
2915 4920 3069 4977 quos
3084 4902 3331 4977 quidem
3357 4918 3442 4963 eo
3464 4906 3696 4964 honore

2023 4995 2421 5068 suscepimus,
2452 5010 2635 5067 quem
2665 4999 2721 5050 et
2741 5001 2952 5051 vestras
2978 4992 3316 5050 devotionis
3345 4999 3411 5050 et
3431 4996 3695 5069 proprio

2020 5085 2352 5143 honestatis
2378 5084 2593 5141 intuitu
2623 5084 2821 5141 decuit
2851 5082 3139 5141 exhiberi.
3173 5081 3510 5142 petitiones
3556 5100 3696 5142 vero

2020 5190 2230 5233 eorum
2260 5173 2464 5230 debita
2519 5172 2886 5244 benignitate
2938 5172 3296 5244 recepimus,
3354 5178 3420 5230 et
3459 5178 3696 5248 quanto

2021 5262 2358 5321 secundum
2407 5262 2595 5318 Deum
2648 5266 2704 5318 et
2727 5262 3020 5336 justitiam
3051 5260 3383 5334 potuimus,
3417 5262 3697 5321 votivum

2018 5353 2411 5428 perduximus
2442 5351 2519 5408 ad
2541 5351 2844 5409 effectum.
2879 5353 3034 5409 Sane
3062 5347 3431 5410 electionem
3451 5368 3698 5412 venera·

332 5495 449 5570 (³3)
481 5500 756 5573 Diploma
782 5503 1196 5564 Alexandrini
1224 5505 1435 5566 datum
1460 5511 1549 5566 est
1569 5521 1732 5566 anno
1754 5510 1913 5575 1176,
1943 5504 2060 5566 Jul.
2085 5510 2139 5565 ὅ.
2169 5505 2311 5566 Vide
2324 5505 2694 5579 Patroloqiae
2722 5508 2870 5564 tom.
2899 5503 3005 5563 CC.
