3784 6000
168 210 305 271 {311
1592 202 1784 263 Lucu
1823 200 1904 260 m
1941 201 2156 261 PAPAE

164 332 401 394 nabiles
431 335 889 392 consuetudines
904 335 1169 393 ecclesia
1194 334 1478 409 usquead
1502 327 1820 407 prasentia
1853 329 1904 385 Δ
2601 328 2899 387 chxxn.

167 430 813 498 temporareservatas,
840 425 1174 482 etdecimas
1194 441 1395 499 quasa
1417 420 1823 497 quadraginta
1932 438 2029 496 Aa
2072 439 2358 497 eumdem·
2397 465 2463 485 ,,,
2506 438 2623 495 pro
2659 438 3040 496 ,πυρώσω
3079 437 3389 509 faa-enda
3415 446 3451 496 ι,

171 514 349 574 annis
367 530 554 586 usque
573 530 733 570 nunc
756 514 1095 587 possidetis,
1116 515 1286 571 vobis
1306 513 1654 570 auctoritate
1680 525 1825 582 apo·
2457 511 3042 581 Hierosolymitanae.

174 602 383 659 stolica
425 602 809 658 roboramus.
844 604 993 660 Cum
1038 608 1239 659 autem
1277 600 1554 673 generale
1583 597 1822 656 interdi·
2464 597 2688 674 [Mansa
2719 599 2868 667 xxn,
2903 599 3058 674 4754

172 697 334 749 ctum
369 697 535 747 terrae
564 690 762 756 fuerit,
798 691 974 748 liceat
998 691 1186 759 vobis,
1221 706 1342 749 non
1375 689 1625 762 pulsatis
1654 703 1822 744 cam-
2004 688 2203 746 Lucius
2232 690 2578 762 episcopus,
2607 703 2816 747 servus
2843 704 3159 747 servorum
3178 689 3450 756 Dei,Bnn

171 781 364 854 panis,
399 780 619 837 clausis
659 781 882 853 januis,
914 781 1171 838 exclusis
1205 776 1740 838 excommunicatis
1767 778 1827 832 et
1934 777 2483 849 illustriAnglorum
2498 778 3451 851 regi,sa1utemetapostolieaml

170 868 517 935 interdictis,
533 885 859 941 suppressa
869 885 1036 936 voce,
1059 869 1268 926 divina
1284 868 1486 926 osflcia
1500 864 1822 923 celebrare.
1933 866 2281 927 dictionem.

175 959 555 1031 Sepulturam
577 959 1454 1031 praetereaipsiuslociliberam
1467 971 1597 1012 esse
1616 968 1825 1010 conce·
2007 959 2156 1012 Cum
2181 957 2375 1014 cuncti
2405 957 2882 1029 praedecessores
2907 957 2988 1013 tui
3022 972 3151 1029 proe
3176 957 3451 1015 caeter-ist

172 1047 396 1113 dimus,
414 1053 477 1103 ut
494 1047 1380 1105 eorumdevotionietextremae
1396 1040 1826 1114 voluntati,qui
1939 1045 2312 1118 principibus
2357 1061 2665 1103 armorum
2718 1045 2908 1118 gloria
2953 1049 3011 1102 et
3048 1045 3249 1104 animi
3298 1045 3450 1105 nobi

175 1153 238 1193 se
266 1136 380 1192 illic
407 1136 638 1207 sepeliri
670 1136 1142 1204 deliberaverint,
1169 1138 1279 1193 nisi
1312 1137 1459 1194 sorte
1483 1147 1828 1192 excommu·
1939 1134 2114 1207 longe
2167 1138 2325 1191 retro
2379 1134 2716 1200 claruerint,
2760 1150 2984 1208 eosque
3022 1134 3314 1193 fidelium
3345 1150 3451 1208 po}

173 1225 357 1282 nicati
382 1229 538 1293 sunt,
561 1225 762 1282 nullus
778 1226 1053 1296 obsistat,
1077 1227 1246 1284 salva
1263 1232 1463 1284 tamen
1481 1222 1709 1297 justitia
1737 1235 1829 1276 ec·
1939 1223 2234 1280 haberein
2263 1239 2374 1280 sua
2385 1223 2656 1280 didicerit
2668 1224 3026 1281 adversitate
3048 1227 3451 1296 patr-onosma

176 1313 516 1381 elesiarum,
542 1330 578 1370 a
598 1315 820 1387 quibus
844 1320 1215 1372 mortuorum
1235 1330 1489 1388 corpora
1510 1324 1832 1369 assumun-
1939 1312 2016 1368 ad
2044 1318 2120 1378 te,
2152 1328 2272 1369 non
2300 1317 2530 1369 tantum
2558 1312 2724 1383 regni
2753 1313 2859 1370 sed
2884 1319 3290 1385 paternarum
3321 1313 3451 1369 virtt

176 1407 293 1460 tur.
367 1404 750 1459 Decernimus
802 1419 945 1474 ergo
1008 1411 1071 1460 ut
1120 1404 1266 1462 nulli
1326 1403 1577 1461 omnino
1633 1398 1832 1456 homi·
1939 1400 2852 1475 haeredem,quadamsecuritate
2865 1407 3451 1476 proesumptarecun

175 1507 348 1558 num,
369 1497 500 1556 etc„
519 1491 688 1549 salva
708 1492 868 1549 sedis
881 1492 1227 1565 apostolicas
1247 1492 1596 1549 auctoritate
1616 1487 1830 1546 etdioe·
1945 1490 2043 1547 ubi
2086 1491 2310 1563 populo
2350 1491 2679 1548 Christiano
2720 1491 3035 1548 imminere
3065 1489 3444 1565 periculum,

178 1581 385 1637 cesani
408 1580 672 1653 episcopi
695 1582 987 1638 canonica
1001 1582 1326 1653 iustitia.Si
1350 1597 1470 1653 qua
1493 1579 1694 1651 igitur,
1717 1581 1828 1632 etc.
1942 1579 2359 1636 exterminium
2407 1580 2760 1637 formidatur
2785 1599 2804 1653 ;
2841 1585 2904 1637 ut
2932 1596 3040 1653 per
3071 1579 3411 1637 brachium
3437 1595 3451 1636 ι

253 1671 465 1725 Datum
493 1669 755 1737 Veronae,
785 1686 890 1743 per
916 1687 1167 1727 manum
1195 1670 1433 1736 Alberti,
1466 1675 1687 1725 sanctie
1720 1668 1833 1721 Ro·
1868 1679 1915 1736 Β
1947 1669 2375 1738 magnitudinis
2389 1669 2675 1726 membris
2688 1667 3451 1742 ejusimpendaturpraesid

181 1773 379 1814 manoe
403 1758 674 1815 Ecclesioe
698 1760 1045 1832 praesbyteri
1062 1760 1386 1816 cardinalis
1404 1754 1832 1820 etcancellarii,
1944 1757 2144 1830 quite,
2171 1758 2326 1814 utad
2341 1763 2519 1815 tantas
2532 1758 2737 1830 gloriae
2748 1762 2805 1815 et
2824 1759 3198 1831 praelationis
3221 1759 3451 1831 apiceu

179 1846 418 1904 decimo
451 1847 751 1904 Kalendas
779 1850 1065 1915 Januarii,
1096 1849 1420 1907 indictione
1445 1863 1527 1915 ιιι,
1560 1849 1837 1903 lnearna-
1944 1847 2197 1914 venires,
2231 1863 2344 1904 sua
2365 1848 2582 1919 pietate
2621 1847 2931 1914 concessit,
2973 1853 3031 1905 et
3059 1851 3115 1904 te
3145 1852 3378 1905 eontra
3403 1851 3451 1903 tt

179 1936 356 1993 tionis
377 1936 702 1994 Dominices
718 1952 880 1994 anno
896 1938 1057 2005 1184,
1075 1938 1458 2011 pontificatus
1473 1935 1837 1997 verodomni
1943 1934 2125 1993 minis
2141 1936 2587 2009 impugnatores
2612 1936 2871 1994 nefarios
2893 1951 3139 1993 murum
3169 1936 3450 2009 inexpug

178 2025 342 2082 Lucii
366 2040 539 2100 papae
577 2026 728 2083 tertii
754 2042 915 2085 anno
938 2045 1014 2084 iv.
1942 2024 2061 2081 lem
2083 2025 2404 2084 ordinavit.
2444 2025 2715 2083 Primum
2744 2025 2973 2083 noverit
3001 2025 3314 2082 serenitas
3341 2031 3451 2091 tua,

864 2150 1129 2208 CLXXXI·
1943 2113 2168 2170 crebris
2206 2119 2263 2172 et
2292 2113 2559 2171 molestis
2579 2115 2693 2171 sub
2720 2116 2850 2171 hoec
2868 2114 3112 2188 pulsata
3139 2114 3436 2188 querelis,

493 2249 921 2307 Adflenriwm
952 2250 1281 2320 dumorum
1311 2263 1530 2320 mmm·
1942 2203 2073 2259 liter
2115 2207 2269 2261 terra
2324 2204 2884 2277 Hierosolymitana,
2944 2204 3238 2277 specialis
3295 2204 3451 2262 haere

1945 2292 2239 2359 Crucifixi,
2267 2293 2328 2349 in
2359 2309 2483 2366 qua
2519 2298 2740 2351 nostrae
2780 2292 2991 2350 salutis
3029 2298 3183 2350 sunt
3209 2308 3451 2366 presunt

385 2353 692 2427 [TWffiDf-fl»
721 2357 880 2413 Hm·
913 2357 1111 2428 Anol·
1144 2356 1389 2425 scrip&
1410 2355 1456 2421 1³
1484 2352 1637 2429 ⁶24]
1947 2383 2253 2455 mysteria,
2275 2389 2332 2439 et
2358 2382 2547 2455 ipsius
2576 2383 2660 2440 rei
2677 2382 3041 2440 exhibitione
3062 2382 3404 2454 completa,
3428 2398 3451 2454 ς

254 2467 461 2527 Lucius
492 2486 655 2542 papa
681 2471 882 2527 tertius
912 2470 1123 2528 illustri
1153 2469 1478 2542 Anglorum
1509 2470 1654 2541 regi.
1947 2470 2042 2527 ille
2062 2472 2165 2543 qui
2193 2476 2411 2529 cuncta
2447 2472 2715 2528 condidit
2754 2472 2816 2529 in
2846 2486 3027 2529 suam
3056 2476 3297 2528 sortem
3330 2485 3451 2543 pec:

259 2561 340 2615 Ea
370 2575 504 2632 quas
534 2560 833 2617 credimus
865 2561 943 2617 ad
971 2559 1224 2617 salutem
1254 2566 1419 2617 tuam
1446 2565 1503 2615 et
1528 2557 1839 2616 exaltatio-
1948 2559 2259 2631 privilegio
2272 2561 2602 2633 deputavit,
2634 2561 2876 2633 perfidas
2898 2565 2953 2617 et
2979 2561 3451 2633 spurcissimas

186 2662 328 2704 nem
382 2650 555 2720 regias
595 2648 966 2706 celsitudinis
995 2650 1309 2722 pertinere,
1349 2654 1518 2706 tanto
1558 2647 1838 2706 libentius
1948 2649 2145 2706 attrita
2174 2654 2231 2705 et
2266 2649 2599 2706 convallata
2635 2649 2954 2722 pressuris,
2986 2649 3105 2706 nisi
3138 2650 3197 2706 ei
3227 2647 3406 2705 celen'
3431 2664 3451 2705 ι

187 2740 305 2794 tuae
318 2736 669 2794 sublimitati
683 2739 1082 2808 suggerimus,
1096 2745 1325 2811 quanto
1342 2739 1425 2794 tui
1445 2739 1706 2795 nominis
1719 2739 1840 2808 glo·
1949 2737 2050 2794 dio
2063 2746 2463 2804 succurratur,
2477 2753 2669 2811 prona
2691 2739 2765 2796 sit
2784 2737 2860 2794 ad
2886 2737 3165 2803 ruinam,
3184 2743 3245 2796 et
3267 2736 3429 2809 inde,

185 2826 341 2884 riam
369 2843 508 2883 cum
537 2828 904 2883 incremento
921 2827 1128 2883 salutis
1149 2833 1204 2884 et
1226 2828 1391 2900 pacis
1414 2827 1839 2884 sincerioribus
1950 2827 2126 2893 absit,
2155 2828 2450 2885 sustineat
2473 2827 2920 2900 irreparabilem
2935 2826 3152 2897 religio
3179 2827 3451 2885 Christian

188 2932 428 2988 semper
455 2915 769 2972 affectibus
797 2921 1174 2988 exoptamus.
1215 2918 1358 2973 Hinc
1400 2916 1684 2988 estquod
1724 2923 1839 2973 tuas
1949 2920 2204 2973 cturam.
2247 2916 2345 2974 Ille
2392 2916 2553 2973 enim
2607 2916 2942 2982 Saladinus,
2978 2916 3181 2973 sancti
3219 2923 3281 2974 et
3327 2921 3451 2973 tren

188 3005 556 3062 celsitudinis
583 3006 864 3078 pietatem
905 3006 1300 3077 praesentibus
1329 3005 1609 3062 duximus
1636 3006 1840 3064 litteris
1871 3039 1915 3095 C
1951 3005 3451 3079 nominisimmanissimuspersecutor‚itaspiritui!

192 3094 660 3163 admonendam,
681 3094 1293 3151 utamoremDeiante
1313 3093 1519 3151 oculos
1538 3093 1736 3151 cordis
1760 3095 1841 3152 tui
1950 3095 2282 3165 incanduit,
2322 3100 2381 3151 et
2411 3097 2588 3153 totius
2613 3095 2887 3169 nequitias
2913 3111 3036 3153 suae
3069 3097 3234 3152 vires
3257 3094 3346 3153 ad
3371 3094 3451 3151 int

193 3181 421 3239 salubri
450 3184 926 3240 consideratione
951 3199 1315 3256 proponens,
1338 3189 1394 3240 et
1424 3199 1695 3241 amorem
1725 3185 1841 3255 pias
1950 3184 2187 3241 cionem
2226 3183 2434 3259 populi
2463 3184 2655 3241 fidelis
2684 3188 2936 3251 exercet,
2971 3189 3033 3241 ut
3064 3184 3188 3242 nisi
3219 3184 3451 3242 immae

191 3271 1481 3344 recordatiouisLudovici,regisFrancorum
1497 3273 1573 3329 ad
1589 3280 1843 3330 mentem
1952 3274 2084 3346 ejus
2122 3274 2448 3331 vehemens
2484 3274 2764 3346 impetus,
2797 3274 2972 3348 quasi
3007 3273 3278 3349 objectis
3327 3272 3451 3331 obit

189 3363 870 3428 revocansetreducens‚
892 3361 1121 3418 bonum
1142 3377 1385 3435 quoque
1407 3361 1845 3436 tranquillitatis
1950 3363 2329 3437 reprimatur,
2382 3368 2606 3420 certam
2637 3379 2806 3435 spem
2850 3362 3281 3438 fiduciamque
3319 3378 3451 3420 susc

193 3456 252 3508 et
277 3450 448 3524 pacis
476 3465 611 3524 quoe
662 3450 816 3508 inter
852 3456 907 3508 te
941 3456 998 3507 et
1039 3451 1462 3508 charissimum
1506 3452 1567 3507 in
1614 3452 1843 3508 Christo
1952 3453 2116 3526 quod
2139 3453 2417 3510 Jordanis
2437 3452 2719 3510 influatin
2735 3468 2802 3509 os
2823 3453 2975 3524 eius,
2996 3457 3059 3509 et
3079 3457 3250 3510 terra
3271 3467 3451 3525 asper

190 3539 382 3598 filium
397 3544 663 3596 nostrum
677 3540 968 3597 illustrem
981 3542 1343 3597 Francorum
1357 3556 1556 3612 regem
1574 3557 1843 3598 commu·
1953 3542 2166 3599 vivifici
2189 3541 2500 3615 sauguinis
2511 3546 2881 3607 consecrata,
2907 3542 3337 3614 spurcissimas
3349 3557 3451 3615 sup

194 3629 348 3686 niter
365 3626 1091 3695 desideraturattendens,
1116 3630 1508 3685 cii-castatum
1533 3631 1592 3685 in
1615 3630 1843 3686 Christo
1955 3632 2130 3688 tionis
2161 3632 2347 3702 ipsius
2376 3630 2658 3702 contagio
2687 3631 3006 3704 polluatur,
3037 3637 3103 3687 et
3142 3647 3346 3705 quam
3383 3629 3451 3703 gl·

196 3718 569 3775 charissimae
588 3723 807 3775 nostrae
820 3718 895 3774 Μ.
913 3717 1356 3793 [Margarethae]
1368 3719 1609 3788 regines,
1626 3718 1844 3774 relictas
1955 3724 2014 3777 et
2032 3720 2261 3777 nobiles
2277 3720 2745 3792 praedecessores
2758 3720 2841 3777 tui
2861 3736 2898 3778 a
2917 3719 3206 3778 dominio
3219 3719 3451 3793 gentisi

193 3807 468 3865 videlicet
494 3807 671 3864 bonoe
699 3807 1004 3864 memorioe
1031 3806 1098 3861 Η.
1129 3806 1412 3882 [Henrici]
1440 3806 1541 3863 filii
1566 3807 1651 3863 tui
1680 3808 1845 3881 piam
1955 3811 2111 3867 duloe
2138 3808 2338 3866 multis
2364 3808 2677 3868 laboribus
2702 3814 2760 3866 et
2789 3808 3073 3883 periculis
3095 3817 3451 3867 exemerunt

197 3896 426 3956 habeas
457 3896 895 3969 providentiam
912 3903 970 3953 et
985 3896 1304 3964 cautelam,
1332 3897 1474 3953 utin
1504 3896 1643 3953 dote
1662 3911 1777 3953 sna
1791 3899 1849 3952 et
1956 3917 2059 3956 sus
2071 3898 2333 3955 nefando
2353 3899 2589 3972 tyranni
2602 3898 3239 3972 nequissimidominio
3251 3899 3451 3972 subju1

85 3979 93 3987 '
197 3986 517 4043 donatione
546 3994 792 4058 propter
827 3987 1069 4057 nuptias
1096 3986 1178 4042 ita
1214 4001 1354 4041 cum
1392 4001 1465 4043 ea
1489 4001 1844 4058 componas,
1956 3988 2046 4045 Ob
2082 3988 2240 4045 hanc
2268 3987 2472 4062 itaque
2500 3988 2869 4046 necessitatis
2897 3993 2956 4045 et
2983 3987 3385 4047 imminentis
3410 3987 3450 4044 d

199 4074 364 4147 quod
400 4074 453 4130 ei
483 4080 539 4130 et
567 4074 664 4130 his
711 4074 819 4147 qui
863 4089 972 4146 pro
1001 4088 1072 4130 ea
1102 4078 1260 4140 sunt,
1296 4074 1712 4131 murmurandi
1756 4074 1848 4130 vel
1958 4076 3451 4151 instantiam,magnificentiamtuamapostolieisl

199 4162 610 4238 conquerendi
640 4165 948 4220 materiam
982 4178 1102 4220 non
1133 4163 1458 4238 relinquas,
1485 4179 1597 4220 nec
1630 4167 1692 4221 tu
1722 4164 1849 4236 ipse
1957 4165 3068 4233 duximusexorandam,imodilatatis
3088 4166 3451 4239 proeordiis

198 4257 445 4325 propter
471 4252 587 4308 hoc
616 4251 779 4322 apud
806 4258 1035 4324 patrem
1063 4252 1473 4327 orphanorum
1499 4257 1559 4311 et
1579 4252 1847 4325 judicem
1961 4255 2502 4314 maacclamatione
2516 4255 2896 4329 pulsandam,
2911 4259 3231 4330 quatenus
3248 4257 3451 4314 adher

200 4340 520 4396 viduarum
551 4340 922 4397 districtioris
946 4341 1154 4413 judicii
1186 4342 1539 4399 sententiam
1572 4344 1847 4414 pertime·
1882 4387 1928 4442 D
1959 4346 2149 4419 ipsius
2176 4344 2525 4419 respiciens,
2570 4344 2675 4418 qui
2706 4349 2760 4402 te
2798 4344 3109 4402 constituit
3141 4345 3216 4402 in
3271 4344 3452 4403 eubfii

200 4443 353 4485 scas.
380 4427 534 4497 Quia
575 4428 754 4500 igitur
785 4430 864 4485 ad
888 4430 1233 4487 instantiam
1266 4432 1672 4504 quorumdam
1698 4432 1850 4488 ami·
1954 4439 2130 4509 juxta
2148 4452 2368 4494 nomen
2398 4451 2779 4507 magnorum,
2804 4436 2910 4510 qui
2932 4434 3168 4493 suntin
3193 4436 3403 4503 terris,
3421 4451 3451 4493 n

201 4533 409 4575 corum
440 4534 689 4576 suorum
729 4534 911 4591 super
939 4525 1097 4578 certa
1127 4522 1394 4593 pecuniis
1424 4522 1759 4594 quantitate
1796 4522 1848 4578 ei
1960 4526 2062 4583 tibi
2095 4526 2341 4583 contulit
2377 4525 2725 4598 gloriosum,
2757 4524 2838 4582 ad
2875 4524 3346 4584 desolationem
3377 4541 3450 4600 pr

202 4606 544 4665 satisfacere
564 4608 903 4676 decrevisti,
927 4624 1206 4682 rogamus
1221 4609 1633 4667 excellentiam
1664 4615 1848 4679 tuam,
1962 4621 2124 4673 terrae
2151 4614 2389 4688 pietatis
2417 4615 2615 4672 studio
2653 4621 2708 4672 te
2736 4617 3075 4682 convertas,
3109 4617 3183 4670 et
3231 4620 3303 4673 ut
3331 4618 3451 4688 eJm

201 4700 261 4753 et
279 4698 665 4755 exhortamur
685 4699 744 4754 in
768 4699 1020 4755 Domino
1043 4704 1222 4771 atque
1243 4699 1302 4754 in
1329 4705 1712 4771 peccatorum
1730 4705 1851 4757 tuo·
1959 4704 2113 4762 fusio
2136 4705 2195 4761 in
2223 4705 2337 4761 hac
2361 4709 2528 4776 parte
2558 4703 2816 4774 tollatur,
2842 4703 2944 4777 qui
2975 4717 3089 4777 pro
3125 4707 3188 4760 te
3219 4704 3288 4763 in
3327 4705 3451 4778 ipsa

203 4802 341 4843 rum
359 4787 776 4843 remissionem
793 4788 1186 4860 injungimus,
1201 4794 1421 4863 quaten
1431 4804 1497 4843 us
1510 4790 1562 4844 ei
1584 4788 1664 4845 ad
1680 4790 1853 4846 inter·
1961 4793 2149 4850 voluit
2162 4793 2368 4850 haberi
2385 4792 2668 4859 ludibrio,
2691 4807 2938 4864 operam
2960 4791 3282 4851 adhibeas
3299 4793 3451 4851 efflet

202 4877 544 4934 ventionem
568 4882 834 4933 nostram
861 4893 971 4949 pro
1010 4878 1175 4951 pacis
1199 4878 1623 4950 charitatisque
1652 4884 1850 4936 eusto-
1961 4887 2258 4956 quatenus
2272 4882 3042 4955 praedecessorumtuorum
3057 4883 3341 4957 vestigia
3363 4881 3451 4940 sul

206 4966 308 5023 dia
346 4982 655 5023 summam
698 4982 1029 5038 congruam
1071 4966 1404 5024 secundum
1445 4968 1606 5040 quod
1646 4968 1853 5026 Petrus
1961 4977 2077 5039 tus,
2109 4987 2293 5046 quam
2338 4972 2449 5044 ipsi
2479 4972 2555 5028 de
2595 4970 2875 5045 principis
2920 4967 3339 5029 tenebrarum
3371 4971 3451 5030 fat

207 5055 529 5114 Bermundi
555 5056 733 5114 nobis
758 5072 830 5113 ex
862 5062 1027 5129 parte
1054 5061 1157 5114 tua
1195 5057 1548 5127 significavit
1576 5058 1856 5116 decenter
1963 5062 2327 5134 eripuerunt,
2367 5062 2427 5118 in
2459 5061 2623 5118 cultu
2661 5060 2865 5133 magni
2899 5057 3002 5116 Dei
3032 5074 3151 5131 per
3181 5065 3368 5119 tuam
3396 5061 3452 5119 di

206 5145 535 5217 adaugeas,
555 5151 756 5203 eteam
779 5146 891 5203 sibi
910 5147 970 5202 in
995 5147 1171 5204 certis
1191 5147 1499 5219 assignare
1525 5148 1855 5206 redditibus
1963 5151 2130 5219 tiam,
2158 5151 2478 5208 auxiliante
2521 5149 2797 5215 Domino,
2828 5152 3261 5209 conservetur.
3315 5153 3404 5209 Eo
3445 5169 3451 5203 ε

205 5251 329 5294 ιιοιι
363 5235 629 5302 omittas,
657 5237 741 5294 ita
767 5237 931 5309 quod
961 5236 1096 5309 ipsa
1142 5235 1336 5294 solatii
1370 5237 1552 5308 hujus
1584 5238 1855 5297 consola·
1965 5240 2261 5297 curiosius
2290 5238 2699 5296 celsitudinem
2728 5233 2892 5294 tuam
2921 5237 2984 5293 in
3014 5240 3202 5296 tanta
3226 5254 3451 5313 oppres

208 5325 368 5384 tione
404 5330 643 5397 recepta
672 5326 863 5400 possit
891 5325 949 5381 in
986 5341 1133 5398 pace
1175 5326 1521 5393 consistere,
1550 5333 1609 5383 et
1639 5331 1702 5385 tu
1746 5345 1855 5401 pro
1967 5330 2243 5401 angustia
2261 5328 2536 5386 convenit
2562 5324 3046 5399 laborare,quod
3075 5329 3323 5386 terram
3343 5329 3451 5403 ipsa

207 5416 498 5486 impensae
522 5415 903 5487 benignitatis
927 5415 1138 5473 effectu
1167 5416 1514 5473 indeficiens
1540 5419 1856 5489 praemium
1969 5420 2058 5491 gis
2103 5417 2378 5489 intelligis
2421 5415 2701 5489 praesidio
2729 5414 3107 5484 destitutam,
3141 5422 3206 5475 et
3245 5421 3446 5476 totam

211 5501 290 5558 ab
313 5504 711 5577 omnipotenti
742 5504 996 5563 Domino
1033 5503 1261 5564 debeas
1298 5509 1668 5580 exspectare.
1968 5502 3174 5580 detensionissuoeipsiusproeeresintuo
3198 5505 3450 5582 magnit
