3784 6000
298 221 421 283 2³9

1378 162 1806 282 anthus-Lm
1845 213 2227 280 TYRENSIS
2269 217 2641 282 ARCHIE'P.

3583 221 3704 285 260

298 366 434 408 vero
461 349 734 422 impiger,
763 349 1115 423 quingentos
1144 348 1253 407 sibi
1293 365 1604 406 assumens
1653 347 1941 417 loricatos,
1974 354 2025 420 Α
2053 352 2164 405 rot.
2223 349 2511 406 Fraudem
2561 348 2927 420 imperatoris
2968 353 3027 406 et
3052 364 3295 407 suornm
3344 356 3699 423 compertam

298 440 371 496 ad
404 439 748 512 pradictum
773 446 1006 510 pontem
1040 455 1356 512 properans
1388 439 1641 500 festinat.
1673 443 1731 495 et
1776 453 1949 495 occu-

296 531 402 602 pat
430 526 732 585 violenter.
759 528 888 585 Jam
919 528 1073 584 enim
1108 543 1223 584 non
1255 526 1446 584 solum
1477 526 1586 594 illi,
1608 527 1710 599 qni
1743 528 1800 584 in
1849 541 1951 582 na-

294 617 471 674 vibus
514 616 954 686 descenderant,
1006 615 1199 674 hostes
1227 632 1291 673 se
1338 616 1711 684 exhibebant,
1744 632 1945 672 verum

298 706 565 763 universa
605 706 809 763 civitas
852 709 1056 762 contra
1099 721 1199 760 eos
1250 705 1537 760 hostiliter
1582 704 1943 762 armabatur.

293 793 490 852 Nostri
537 810 672 852 vero
716 800 1134 869 cognoscentes
1164 795 1427 851 studiose
1456 803 1510 851 et
1546 810 1617 851 ex
1659 793 1947 850 industria

292 889 528 956 paratos
557 884 672 941 sibi
701 884 1084 948 adversarios,
1126 884 1302 941 etiam
1328 883 1486 941 cives
1533 884 1833 940 universos
1881 882 1944 938 in

290 987 494 1030 eorum
528 972 839 1045 perniciem
871 971 946 1029 ad
983 989 1149 1030 arma
1184 971 1507 1040 convolare,
1556 973 1690 1044 igne
1735 987 1947 1043 suppo·

293 1060 404 1118 sito
461 1061 734 1118 universa
789 1062 1006 1135 palatia
1063 1062 1123 1119 in
1178 1061 1393 1133 quibus
1438 1060 1708 1132 hospitati
1750 1065 1940 1131 erant,

288 1153 479 1207 tractu
511 1152 787 1208 continno
818 1165 921 1222 per
947 1167 1048 1208 sex
1077 1155 1176 1206 aut
1224 1156 1445 1222 septem
1498 1149 1788 1217 milliaria,
1823 1153 1939 1205 tam

289 1238 644 1310 privatorum
677 1255 856 1312 quam
888 1238 1217 1311 imperialia
1263 1239 1668 1296 succederunt.
1721 1237 1941 1295 Deinde

292 1330 696 1402 strepentibus
727 1328 912 1398 lituis,
944 1329 1311 1386 cornicinum
1343 1329 1742 1385 admonitione
1759 1345 1828 1386 ex
1847 1329 1941 1385 di-

291 1419 472 1474 vcrsls
501 1419 770 1490 partibus
789 1420 862 1475 ad
895 1435 1044 1492 quas
1067 1420 1253 1490 gratia
1274 1419 1604 1490 hospitandi
1635 1434 1698 1475 se
1741 1423 1938 1474 contu·

2058 438 2363 506 habentes,
2389 444 2592 497 contra
2617 439 2746 509 ejus
2765 437 3151 511 muscipulas,
3173 447 3394 511 quanta
3414 446 3701 512 poterant,

2054 544 2119 584 se
2150 530 2461 584 armabant
2488 529 2731 585 cautela.
2765 527 3003 585 Factum
3037 533 3127 583 est
3154 529 3354 601 igitur,
3386 529 3576 601 utqui
3607 547 3702 602 pa·

2054 616 2320 673 balatum
2352 617 2566 687 egressi
2617 621 2778 685 eunt,
2824 632 2928 673 sex
2968 616 3177 672 diebus
3223 617 3521 674 continuis
3572 634 3700 676 cum

2053 705 2298 777 ingenti,
2331 711 2448 760 tam
2480 707 2743 778 equitnm
2776 720 2947 777 quam
2986 707 3246 776 peditum
3300 705 3698 776 multitudino,

2051 795 2391 851 suburbana
2420 811 2522 866 per
2550 794 2862 851 circuitum
2897 809 3080 865 usqne
3101 793 3174 850 ad
3225 796 3527 867 sexaginta
3575 795 3697 852 mil·

2051 882 2216 939 liaria
2244 883 2702 955 confringentes,
2732 887 2957 940 unum
2982 881 3395 940 alimentorum
3425 883 3483 938 in
3508 891 3699 941 castra

2047 971 2142 1028 die
2186 977 2391 1030 octava
2436 970 2806 1028 contulerunt
2855 971 3105 1042 copiam,
3147 977 3214 1028 ut
3256 970 3516 1044 amplius
3545 978 3697 1031 esset

2048 1061 2320 1132 opinione
2353 1061 2654 1116 bominum
2677 1102 2693 1130 ,
2714 1066 2774 1117 et
2793 1059 2884 1116 vix
2912 1075 3156 1133 gregum
3188 1069 3241 1117 ct
3269 1065 3693 1131 armentorum,

2048 1149 2448 1206 vehiculorum
2471 1165 2700 1222 quoque
2730 1156 2788 1207 ct
2808 1150 3213 1221 jumentorum
3240 1149 3442 1207 turbas
3469 1155 3607 1208 ante
3633 1168 3695 1208 se

2047 1238 2278 1296 trahere
2310 1243 2568 1310 possent.

2044 1433 2286 1491 Nuntius
2321 1433 2631 1490 Boamnndi
2660 1344 3215 1502 agzfigfnlticccdii,
3244 1449 3316 1490 ne
3342 1450 3471 1490 cum
3515 1437 3694 1508 impe-

291 1504 503 1574 lerant,
535 1507 883 1579 conglobati,
916 1508 1145 1575 ducem,
1176 1509 1266 1578 qui
1293 1508 1418 1579 jam
1450 1507 1752 1580 dispositis
1783 1507 1936 1564 acie·
2226 1510 2409 1562 roton
2426 1504 2716 1561 conveniat
2740 1507 2976 1577 deposcit
3004 1522 3021 1560 .·
3053 1507 3338 1576 responsio
3364 1504 3541 1563 ducis.

292 1594 428 1664 bus,
459 1598 532 1653 ad
565 1605 798 1670 pontem
831 1597 1181 1662 maturabat,
1213 1595 1389 1653 armis
1419 1596 1701 1668 correptis
1730 1595 1939 1668 prasci·
2116 1611 2264 1667 Dum
2304 1613 2425 1668 haec
2451 1628 2586 1669 vem
2614 1612 2678 1668 in
2722 1612 2927 1667 omri„
2975 1617 3251 1682 aguntur,
3301 1626 3435 1668 ,σω
3473 1612 3693 1670 domini

288 1686 440 1758 Ρῑῑθδ
469 1686 886 1758 Βθῖΰθῧῦῡῑῦΐ·
913 1685 1277 1741 V0¹¹⁰b⁸¹¹²¹¹f
1295 1685 1456 1741 enim
1478 1684 1816 1758 Plurimum»
1839 1684 1935 1755 ‘lui
1969 1717 2015 1782 B
2046 1702 2363 1758 Boamnndi
2388 1703 2631 1758 nuntius
2661 1717 2919 1774 presens
2940 1705 3074 1756 ante
3092 1700 3297 1757 ducem
3317 1701 3527 1768 astitit,
3550 1718 3693 1775 prai-

287 1776 370 1831 1'01
417 1776 688 1833 miliffll'iss
738 1777 1015 1846 m⁸j⁰¹⁸0m
1066 1776 1359 1832 habflbfflt
1386 1775 1819 1847 0¹P0r50¹¹fi⁸m2
1867 1791 1940 1833 ΒΘ
2046 1789 2184 1845 dicti
2258 1791 2541 1862 principis
2598 1790 2821 1845 litteras
2896 1789 3162 1846 deferens
3226 1789 3287 1845 in
3335 1787 3459 1845 hec
3482 1807 3497 1846 ε
3524 1790 3689 1848 Nove·

285 1871 456 1934 ponte
485 1865 558 1920 ab
588 1865 857 1921 hostibus
887 1870 1191 1936 occupato,
1224 1866 1282 1920 in
1313 1864 1456 1921 locis
1503 1864 1939 1938 angustioribus
2046 1882 2139 1946 ris,
2174 1881 2417 1935 virorum
2445 1881 2667 1950 optime,
2712 1877 2853 1950 quod
2898 1878 3004 1933 tibi
3045 1887 3239 1935 contra
3279 1880 3467 1945 feram
3517 1882 3685 1950 peni-

280 1953 518 2023 reperti,
549 1953 779 2010 facilins
826 1961 1236 2024 gravarentur;
1274 1955 1427 2010 unde
1474 1970 1610 2010 cum
1641 1959 1804 2010 tanta
1845 1954 1936 2010 in·
2041 1984 2193 2025 mam
2219 1971 2271 2027 ,ι
2297 1985 2424 2025 cum
2444 1969 2663 2024 homine
2708 1984 2946 2041 „equam
2992 1968 3206 2023 imm
3248 1967 3554 2039 moriam,
3600 1986 3685 2025 ω.

279 2042 499 2098 stantia
530 2041 626 2097 vix
653 2042 1001 2112 exspectatis
1014 2042 1276 2113 peditum
1294 2041 1630 2113 manipulis,
1654 2043 1845 2099 omnis
1861 2042 1937 2099 il·
2042 2057 2129 2122 ,ω
2154 2057 2496 2131 propomam
2512 2067 2591 2114 032
2611 2073 2822 2129 ,emper
2838 2057 3037 2128 salter-0
3054 2062 3104 2113 ει
3128 2072 3344 2112 omnen.
3362 2058 3685 2115 Latinorum

283 2129 381 2188 luc
409 2131 678 2203 equitum
728 2146 943 2187 manus
989 2137 1359 2188 convenerat.
1409 2131 1522 2187 Sed
1574 2148 1933 2204 praecurrens
2041 2151 2319 2204 mmmmm
2347 2147 2605 2220 usquead
2634 2159 2869 2203 monem
2896 2145 3070 2201 modi,
3098 2145 3357 2202 omnibus
3399 2148 3686 2220 mai,-

283 2218 556 2277 dominus
600 2220 922 2277 Balduinns
969 2221 1138 2278 ducis
1183 2221 1378 2288 frater,
1427 2224 1488 2276 ut
1534 2221 1932 2292 proediximns,
2038 2241 2093 2291 et
2134 2237 2275 2307 quoa
2317 2237 2385 2292 φ,
2427 2252 2488 2292 00
2524 2240 2666 2293 recte
2708 2238 2963 2302 gentiam,
2995 2241 3088 2290 tuo
3134 2250 3343 2309 quaqua
3387 2236 3685 2308 aliqua-10

281 2314 519 2381 1²⁰ntem
590 2309 788 2364 inviffl’
854 2309 1121 2365 h⁰⁸tib⁰⁸
1176 2308 1458 2365 ἿῙΟῙΘΜΘΡ
1512 2315 1931 2380 θθθῦβᾶνθΐῑῑῖ
2037 2325 2429 2397 approbabitur
2448 2325 2691 2396 Judicio.
2727 2325 2863 2380 Novi
2888 2326 3043 2380 enim
3071 2328 3383 2380 Groecorum
3411 2325 3685 2382 malitiam

275 2400 334 2452 et
362 2396 448 2453 eis
479 2397 702 2453 abactis
724 2402 781 2454 et
813 2397 872 2453 in
906 2398 1101 2469 fugam
1131 2398 1452 2464 conversis,
1485 2397 1817 2455 ulteriorem
1849 2399 1927 2455 ri·
2034 2425 2088 2471 ,ι
2115 2415 2304 2471 odium
2331 2415 2592 2471 amm-,ug
2640 2415 2964 2470 Latinorum
2992 2429 3192 2469 nomm
3232 2412 3496 2485 pertinax
3522 2423 3574 2470 οι
3596 2415 3687 2472 οὺ.

277 2499 413 2555 pam
443 2482 521 2539 ssu
533 2485 709 2540 minis
738 2484 955 2541 nostris
985 2486 1391 2543 vindicaverat.
1424 2486 1553 2543 Dux
1567 2503 1704 2560 ergo
1723 2493 1781 2543 et
1801 2487 1929 2544 uni·
2033 2506 2325 2559 sanatum,
2359 2504 2495 2560 0040
2520 2520 2670 2573 erqo,
2701 2506 2750 2559 52·
2773 2504 2969 2573 placet,
2995 2501 3130 2559 urbg
3166 2503 3379 2570 relicta,
3398 2503 3469 2559 aa
3504 2507 3685 2574 parte,

270 2586 472 2629 versus
496 2573 801 2639 exercitnS,
835 2589 968 2630 cum
1001 2575 1246 2630 sarcinis
1277 2581 1335 2630 et
1379 2575 1721 2632 omnimoda
1740 2576 1931 2648 snpel·
2034 2594 2554 2664 adrianopolitana,
2573 2595 2656 2649 „31
2675 2595 2824 2648 circa
2854 2592 3300 2664 mag-poppam,
3348 2600 3403 2649 ,ι
3449 2595 3683 2663 ιφῑοω

277 2659 470 2717 lectile
527 2675 658 2728 sua,
707 2661 831 2716 sine
874 2658 1220 2717 difficultate
1274 2666 1665 2730 transeuntes,
1726 2679 1927 2721 rursus
2030 2683 2140 2739 τίω·
2166 2698 2200 2738 a
2233 2683 2460 2738 Domino
2487 2684 2821 2751 commigm‚
2851 2683 2912 2735 i„
2943 2680 3075 2736 ισοξ,
3124 2679 3405 2746 uberibus,
3453 2682 3684 2738 aum

275 2753 412 2806 ante
439 2749 649 2806 urbem
680 2748 1130 2806 inlocisliberis
1145 2750 1334 2807 etlats
1356 2752 1686 2823 patentibus
1707 2754 1927 2810 consti·
2032 2774 2105 2828 a,
2158 2778 2211 2828 ,ι
2262 2776 2370 2828 otio
2414 2773 2650 2844 prm-,pe
2700 2772 2963 2827 recreari,
3040 2772 3158 2840 qu
3208 2776 3421 2839 amem,
3461 2779 3684 2830 amon

276 2838 491 2894 terunt.
527 2835 633 2894 Ubi
663 2837 862 2894 habito
891 2838 1162 2895 conflictu
1189 2839 1341 2896 inter
1357 2841 1665 2897 ecclesiam
1689 2851 1925 2898 sancto-
2031 2861 2283 2928 nom-‚109
2304 2863 2455 2917 circa
2483 2862 2627 2917 vm,
2655 2861 2879 2915 inuium
2901 2859 3136 2927 [mmm
3165 2861 3351 2926 adm-0,
3390 2860 3680 2918 comitium

272 2941 407 2982 rum
440 2931 763 2999 martyrum
792 2930 1012 2984 Cosmte
1041 2932 1099 2985 et
1134 2928 1424 2995 Damiani,
1448 2945 1576 3002 quae
1607 2929 1778 2987 hodie
1806 2931 1926 2988 vul·
2030 2953 2081 3007 ,ι
2111 2949 2390 3006 umnam
2405 2952 2657 3023 fraterno
2682 2947 2968 3014 charitate,
2990 2955 3261 3017 tanquam
3288 2947 3513 3006 domino
3540 2964 3678 3021 meo,

276 3016 401 3088 gari
446 3017 834 3090 appellatione
853 3020 1069 3078 dicitur
1095 3020 1412 3078 Castellum
1464 3021 1809 3092 Boamnndi‚
1865 3027 1924 3081 et
2031 3049 2222 3096 comm
2252 3041 2490 3112 impium
2526 3038 2842 3095 firmorum
2884 3038 3195 3109 principem
3240 3037 3674 3096 ministraturus.

279 3104 560 3177 ΡῑῙῦῑῑῠΦ
592 3110 1007 3179 ”Ovum-‘1¹¹od
1031 3110 1646 3183 diciturffla‘luefflss»
1679 3115 1832 3185 <1⁰0⁶
1858 3115 1917 3169 in
1950 3083 1995 3152 c
2034 3128 2307 3187 Perlectis
2353 3130 2533 3200 igitur
2581 3127 2807 3195 litteris,
2855 3132 2913 3183 et
2954 3141 3153 3183 earum
3205 3134 3400 3183 tenore
3449 3128 3675 3200 plenius

273 3193 491 3264 angnlo
519 3193 774 3252 civitatis
792 3197 961 3266 juxta
991 3205 1223 3268 portum
1257 3200 1436 3255 sitnm
1467 3204 1579 3267 est,
1629 3201 1781 3257 circa
1811 3200 1918 3257 ho-

271 3297 400 3338 ram
456 3284 875 3356 vespertinam,
939 3286 1254 3343 interfectis
1323 3288 1674 3357 innumeris,
1733 3290 1918 3346 nostri

269 3369 500 3428 Grecos
530 3373 763 3444 pondus
796 3373 929 3429 belli
961 3375 1214 3446 amplius
1250 3377 1539 3433 sustinere
1570 3395 1683 3434 non
1715 3380 1918 3435 valen-

264 3465 378 3529 tes,
405 3460 560 3518 infra
590 3465 793 3520 urbem
826 3478 890 3519 se
938 3465 1192 3537 recipere
1238 3466 1669 3538 compulerunt.
1718 3469 1916 3527 Nostri

265 3562 401 3603 vero
430 3562 635 3620 campo
665 3546 911 3605 viriliter
948 3548 1204 3616 obtento,
1243 3556 1523 3621 tanquam
1555 3554 1824 3620 victores,
1852 3553 1916 3611 in

263 3634 389 3692 loco
417 3635 488 3692 ad
536 3635 597 3692 id
623 3652 883 3710 congruo
932 3640 1325 3696 castrametati
1354 3645 1513 3697 sunt.
1563 3645 1632 3698 Et
1668 3643 1915 3699 fortasse

263 3741 498 3783 rursum
519 3726 878 3783 irruentibus
889 3728 1136 3798 civibus,
1155 3730 1491 3802 congressio
1512 3730 1911 3802 periculosior,

259 3819 318 3872 ct
347 3822 568 3888 strages
598 3815 850 3890 amplior
869 3818 1183 3875 subsecuta
1203 3820 1366 3889 foret,
1389 3821 1522 3877 odio
1545 3821 1913 3879 ministrante

256 3904 567 3973 fervorem,
591 3904 705 3963 nisi
737 3923 851 3963 nox
881 3907 1113 3965 irruens
1136 3910 1359 3966 mutuis
1389 3909 1566 3966 finem
1596 3909 1913 3983 imposuis-

260 3995 350 4048 set
378 3993 826 4051 certaminibus.
859 3995 962 4052 Hic
992 3998 1249 4068 primum
1279 4000 1486 4072 patuit,
1512 4004 1571 4056 et
1595 4000 1723 4058 sine
1750 4000 1915 4058 hesi·

272 4077 492 4136 tatione
513 4081 731 4138 factum
755 4087 846 4139 est
864 4086 1270 4155 manifestum,
1289 4104 1406 4159 qua
1426 4087 1744 4146 intentione
1763 4105 1910 4161 prte-

263 4168 458 4225 dictus
490 4186 739 4241 nequam
767 4174 1085 4243 imperator
1105 4180 1295 4233 castra
1312 4180 1609 4235 transferri
1634 4196 1911 4253 princepe·

258 4262 352 4313 rat
375 4273 391 4311 z
424 4256 689 4316 videlicet
710 4265 774 4315 ut
789 4267 1129 4333 suspectum
1149 4265 1427 4337 populum
1448 4267 1506 4323 in
1527 4268 1626 4324 illa
1644 4268 1903 4326 locorum

260 4343 557 4415 angustia,
588 4348 756 4418 quasi
787 4348 940 4405 infra
977 4354 1243 4422 qnaedam
1275 4354 1548 4427 repagula
1593 4363 1901 4416 coerceret.

253 4540 502 4627 Populus
551 4542 622 4599 ad
666 4560 827 4629 arma
879 4548 1147 4630 convolat,
1205 4553 1479 4621 racionem
1543 4552 1905 4625 depopulatur

325 4628 903 4742 ἴθῖιιιέαστεαωειηρσηε
937 4619 1002 4691 fit
1046 4636 1107 4677 in
1150 4626 1345 4679 castris
1392 4624 1717 4682 victualium
1763 4642 1904 4700 opu-

325 4792 533 4849 Postea
586 4794 824 4853 demum
875 4797 1003 4856 lnce
1059 4801 1310 4871 reddita,
1357 4804 1608 4861 edictum
1655 4810 1744 4862 cst
1791 4823 1902 4879 pn-

252 4879 424 4949 blics,
458 4887 520 4939 ut
547 4885 618 4940 ad
653 4903 812 4943 arma
841 4888 1096 4962 populus
1112 4900 1521 4966 consurgeret:
1555 4900 1612 4951 et
1633 4914 1770 4969 pars
1785 4898 1897 4955 sub

1938 4428 1987 4494 1)

2026 3219 2346 3286 intellecto,
2370 3220 2442 3275 de
2464 3219 2763 3275 communi
2781 3217 3110 3290 principum
3128 3214 3376 3273 consilio
3392 3217 3602 3275 litteris
3621 3224 3677 3275 et

2025 3308 2152 3364 viva
2179 3324 2316 3363 voce
2347 3308 2638 3379 respondit
2669 3308 2726 3363 in
2763 3308 2881 3363 hoec
2911 3306 3122 3363 verba:
3148 3308 3301 3375 Novi,
3325 3306 3676 3364 dilectissime

2021 3399 2277 3468 fraisnet
2340 3400 2493 3467 samo
2546 3401 2814 3463 referente
2858 3396 3071 3465 pridem
3105 3396 3320 3453 edoctus
3358 3412 3484 3451 sum
3536 3396 3675 3468 quod

2022 3486 2145 3543 odio
2175 3487 2509 3543 inexorabili
2537 3487 2851 3543 Groecorum
2899 3488 3121 3543 astutiae
3162 3487 3424 3560 populum
3462 3501 3676 3557 semper

2019 3592 2271 3633 nostrum
2298 3579 2551 3649 persequi
2569 3576 2960 3632 ardentissime
2981 3577 3348 3641 studuerunt,
3394 3577 3520 3633 etsi
3544 3574 3675 3647 quid

2019 3666 2162 3722 mihi
2191 3665 2366 3735 defuit
2394 3668 2548 3733 prius
2566 3666 2637 3722 ati
2676 3667 2992 3735 scientiam,
3038 3667 3277 3738 quotidie
3311 3680 3410 3735 per
3452 3666 3670 3736 experi-

2018 3764 2267 3809 mentum
2297 3754 2522 3811 addisco
2552 3754 2767 3825 plenius
2786 3771 2809 3818 ,·
2841 3770 2940 3810 nec
2965 3754 3155 3810 dubito
3194 3754 3334 3824 quin
3354 3753 3510 3824 justo
3555 3752 3674 3808 zeto

2017 3843 2288 3900 adversus
2314 3858 2403 3899 eos
2422 3845 2717 3912 movearis,
2738 3849 2796 3899 et
2815 3842 2881 3899 de
2899 3858 3091 3900 eorum
3112 3842 3358 3913 nequitia
3378 3846 3523 3899 recte
3548 3857 3672 3897 sen-

2018 3935 2154 3989 tias.
2187 3932 2290 3989 Sed
2319 3933 2417 3989 Dei
2445 3935 2699 3991 timorem
2731 3933 2938 3989 habens
2966 3949 3080 4004 proe
3124 3931 3315 4001 oculis,
3345 3940 3397 3989 et
3426 3929 3676 4001 proposi-

2016 4027 2138 4077 tum
2170 4037 2352 4078 meum
2382 4022 2758 4091 considerans,
2816 4038 2977 4078 arma
3030 4021 3347 4092 infidelibus
3391 4019 3571 4076 debita
3608 4022 3668 4073 in

2016 4112 2284 4184 populum
2338 4120 2654 4168 convertere
2702 4111 3081 4167 Christianum
3113 4108 3428 4180 reformido.
3454 4109 3669 4164 Aduen-

2015 4201 2138 4253 tum
2170 4205 2352 4255 tamen
2376 4208 2531 4255 tuum
2553 4197 3151 4264 nobisdesiderabilem,
3170 4200 3223 4252 et
3244 4196 3485 4252 aliorum
3505 4193 3670 4266 prin-

2015 4289 2205 4361 cipum
2239 4292 2343 4348 Deo
2370 4292 2686 4348 devotorum
2715 4291 3072 4361 praesentiam
3116 4286 3453 4355 avidissime,
3478 4288 3584 4344 Deo
3612 4302 3669 4343 a·

2016 4379 2260 4447 mobilis,
2292 4381 2389 4451 qui
2407 4378 2691 4436 nobiscum
2717 4384 2819 4440 est,
2845 4381 3126 4449 exspectat
3143 4375 3432 4434 exercitus.

2009 4577 2320 4647 Imperator
2347 4577 2515 4631 misso
2543 4576 2657 4645 filio
2703 4577 2913 4632 Ioanne
2960 4573 3174 4644 Profiro
3200 4571 3387 4644 genito
3432 4579 3487 4628 et
3540 4572 3663 4628 doio

2080 4648 2289 4713 obside,
2322 4646 2512 4703 ducem
2539 4648 2611 4703 ati
2637 4663 2696 4704 se
2735 4645 2955 4703 invitat.
2984 4646 3113 4701 Dux
3138 4645 3210 4700 ati
3245 4659 3372 4701 eum
3419 4640 3663 4715 ingredi·

2076 4726 2340 4845 atgiue'um
2369 4721 2669 4787 imperator
2705 4716 2935 4790 adoptat
2952 4734 2976 4783 ,⁶
2999 4732 3115 4790 pax
3158 4718 3303 4772 inter
3347 4729 3435 4771 eos
3480 4717 3664 4788 resor-

2080 4897 2405 4968 lmpsrator
2420 4912 2553 4965 ergo
2574 4912 2710 4953 cum
2730 4895 2853 4953 suis
2876 4892 3265 4952 familiaribus
3288 4894 3346 4948 et
3378 4888 3660 4948 doinssti-

251 4969 427 5025 certis
459 4970 709 5031 ducibus
730 4977 1042 5050 deputatis,
1067 4981 1394 5041 universam
1417 4984 1895 5057 perlustraretre·
2006 4984 2092 5043 cis
2121 4986 2331 5042 anxins
2374 4985 2715 5058 plurimum,
2766 4990 2891 5042 tum
2942 4984 3081 5056 qnia
3123 4985 3307 5039 totam
3362 4979 3659 5053 regionem

247 5056 479 5129 gionem
505 5076 520 5126 ;
549 5064 605 5115 et
634 5062 1072 5139 alimentorum,
1104 5087 1351 5143 quorum
1385 5073 1701 5146 imperator
1742 5094 1899 5135 com-

2007 5076 2215 5150 prtedae
2246 5077 2399 5134 videt
2417 5078 2759 5148 expositam,
2782 5091 3023 5132 suorum
3046 5072 3304 5146 gemitus
3324 5075 3383 5128 et
3402 5068 3659 5126 lamenta

249 5146 534 5204 mercium
592 5149 993 5226 interdixerat,
1049 5160 1265 5231 copias.
1319 5161 1403 5220 vel
1463 5163 1760 5235 violenter,
1811 5166 1896 5224 vel
2007 5183 2123 5223 non
2155 5169 2487 5239 perferens3
2517 5171 2631 5221 tum
2652 5166 2792 5237 quia
2811 5164 3035 5221 domiui
3056 5158 3377 5218 Boamnndi
3399 5158 3659 5215 adfuisse

248 5251 380 5293 cum
413 5237 595 5309 pretio
624 5250 1034 5314 comportaret,
1066 5249 1338 5319 gregibus
1367 5257 1427 5308 et
1452 5253 1750 5323 armentis,
1781 5254 1900 5312 frn-

2004 5255 2383 5330 legationem,
2415 5271 2667 5326 eumque
2695 5255 2754 5310 in
2785 5252 3045 5326 proximo
3088 5252 3398 5308 venturum
3447 5261 3658 5321 cogno-

247 5326 418 5397 gibus
446 5332 505 5384 et
535 5331 818 5390 universis
848 5334 1262 5397 alimentorum
1296 5343 1606 5413 generibus
1630 5361 1747 5401 non
1768 5362 1899 5417 pub
2001 5350 2183 5415 verat,
2219 5348 2431 5403 iterum
2466 5345 2687 5403 nuntiis
2718 5345 2843 5402 suis
2871 5342 3175 5402 dominum
3219 5340 3452 5407 ducem,
3487 5342 3553 5394 ut
3581 5337 3653 5394 ad

247 5419 443 5472 centes
467 5434 481 5484 ;
511 5434 646 5489 pars
678 5437 810 5480 vero
833 5440 963 5482 cum
996 5427 1143 5486 duce
1174 5434 1232 5486 et
1252 5432 1606 5502 quibusdam
1625 5434 1756 5492 aliis
1778 5451 1899 5496 ma-

2003 5452 2064 5493 se
2094 5436 2470 5509 ingrediatur,
2496 5434 2810 5493 sollicitat:
2841 5435 3079 5502 timens,
3109 5445 3183 5489 ne
3229 5429 3277 5486 si
3323 5426 3654 5494 conveniat,

244 5501 545 5584 gnatibus,
572 5506 645 5564 ad
667 5510 905 5569 tutelam
925 5518 1251 5574 castrorum
1280 5516 1613 5578 inexercitu
1635 5537 1897 5583 remane·
1999 5525 2103 5599 qai
2130 5525 2358 5584 venturi
2387 5528 2556 5584 erant
2592 5525 2907 5602 principes,
2935 5528 3250 5597 antequam
3277 5518 3492 5577 ducem
3538 5515 3652 5576 eibi
