3784 6000
227 260 350 325 ’183

1299 254 1719 318 GUILLELMI
1760 256 2146 321 'PYRENSIS
2186 257 2557 323 ARCHIEP.

3534 260 3638 325 'm

224 387 1023 465 egredientes,omnemcirca
1044 386 1436 459 seregionem,
1462 392 1527 444 ut
1547 397 1685 446 sunt
1707 390 1879 445 auda·
1908 392 1962 458 Α
1993 392 2324 464 praedictam
2356 395 2592 450 domum
2622 395 2790 449 tanta
2836 390 2967 448 aeris
3016 390 3194 448 alieni
3236 390 3396 448 mole
3442 408 3644 463 grava-

221 496 319 539 ces
336 485 395 539 et
408 478 669 538 bellicosi
684 479 809 547 viri,
829 477 1277 551 depopulantur.
1292 477 1376 535 Ob
1392 479 1510 534 haec
1523 497 1656 551 ergo
1670 479 1873 537 intole-

223 569 429 628 rabilia
444 569 650 626 vicinis
665 584 864 626 eorum
887 566 1192 633 maleficia,
1209 567 1508 640 ingressus
1537 573 1661 625 erat
1681 568 1755 625 ad
1774 585 1871 626 eos

219 659 281 716 in
304 659 516 716 virtute
549 658 736 715 multa
764 663 823 714 et
848 658 1156 715 innumera
1174 674 1348 713 manu
1369 659 1641 715 dominus
1680 658 1867 729 impe-

218 751 394 806 rator.
418 747 643 812 Quibus
663 747 922 804 subactis
957 752 1015 803 et
1050 747 1340 819 precipuo
1376 763 1574 804 eorum
1610 747 1870 821 principe

217 836 574 910 mancipato,
598 835 862 894 redeunti
878 835 1115 894 domino
1138 837 1491 908 imperatori,
1518 841 1650 908 post
1671 838 1870 893 multi-

100 958 109 965 -
216 925 399 999 plices
429 924 652 982 viarum
700 925 954 993 labores,
975 924 1036 981 in
1090 925 1387 997 provincia
1438 925 1769 996 Pelagonia,
1805 926 1868 982 in

216 1014 448 1072 civitate
469 1029 596 1088 quie
609 1014 778 1085 vulgo
796 1012 1009 1069 dicitur
1024 1012 1270 1081 Butella,
1295 1013 1674 1085 occurrimus,
1697 1015 1869 1085 juxta

213 1103 378 1161 illam
399 1104 703 1176 antiquam
733 1106 791 1158 et
820 1102 1042 1158 domini
1063 1101 1462 1159 felicissimiet
1499 1101 1865 1158 invictissimi

215 1196 273 1250 et
292 1190 598 1265 prudentis
619 1190 869 1264 Augusti
894 1190 1162 1262 patriam,
1186 1190 1409 1246 domini
1440 1189 1760 1247 Justiniani
1785 1191 1864 1246 ci-

216 1282 477 1350 vitatem,
499 1280 766 1337 videlicet
784 1279 1096 1337 Justiniam
1121 1279 1397 1352 primam,
1423 1296 1549 1351 quae
1573 1278 1740 1352 vulgo
1764 1279 1866 1336 ho·

216 1369 311 1427 die
339 1368 554 1426 dicitur
580 1369 832 1438 Acreda;
869 1369 969 1425 ubi
993 1384 1027 1425 a
1047 1368 1283 1425 domino
1314 1369 1661 1440 imperatore
1683 1368 1864 1426 hono-

216 1459 377 1517 rifice
412 1458 962 1531 suscepti,benigne
977 1462 1034 1514 et
1069 1457 1358 1530 imperiali
1389 1457 1702 1514 clementia
1734 1461 1860 1513 tra-

215 1549 375 1617 ctati,
407 1548 715 1620 legationis
736 1553 791 1604 et
821 1547 928 1603 vite
982 1563 1246 1612 causam,
1269 1547 1636 1616 formamque
1667 1552 1863 1617 pacto·

214 1652 347 1695 rum
364 1636 676 1708 diligenter
694 1634 1098 1708 exposuimus;
1121 1652 1250 1707 quae
1270 1636 1466 1692 omnia
1501 1635 1629 1691 laeta
1667 1640 1860 1690 mente

1978 481 2081 552 vit,
2114 484 2270 554 quod
2303 500 2418 540 non
2460 486 2586 540 erat
2624 497 2758 553 spes
2802 482 3059 538 solutum
3111 481 3230 537 irit.
3280 484 3422 554 lpse
3469 482 3640 539 etiam

1980 575 2351 644 postmodum
2380 574 2725 645 desperans,
2763 571 3020 628 officium
3064 586 3244 627 suum
3272 571 3560 628 deserens
3591 576 3645 630 et

1975 663 2469 719 administrationi
2495 662 2862 728 renuntians,
2888 661 2948 716 in
2965 666 3202 716 centurn
3226 659 3496 717 millibus
3538 677 3638 718 au·

1977 768 2207 808 reorum
2227 751 2449 808 dimisit
2470 752 2711 808 domum
2735 750 3070 816 obligatam.
3094 749 3176 805 Ea
3194 752 3402 806 tamen
3446 751 3636 806 consi-

1972 841 2272 897 deratione
2307 846 2387 897 tot
2431 844 2489 897 et
2527 843 2718 896 tantas
2766 838 3002 896 misisse
3050 837 3268 895 dicitur
3317 854 3634 911 expensas,

1972 932 2126 1002 quod
2177 934 2341 1002 capta
2388 935 2449 986 et
2496 930 2804 1001 subiugata
2865 928 3128 1000 AEgypto,
3199 928 3457 998 Belbeis‚
3510 946 3632 1002 qun

1972 1019 2108 1074 olim
2149 1019 2304 1074 dicta
2348 1021 2438 1074 est
2483 1018 2803 1085 Pelusium,
2848 1033 2985 1074 cum
3026 1017 3303 1074 universo
3345 1018 3633 1075 territorio

1971 1124 2101 1175 suo,
2125 1108 2245 1179 Juri
2277 1107 2541 1178 ejusdem
2574 1108 2805 1174 domus,
2840 1122 2908 1162 ex
2938 1111 3104 1178 pacto
3136 1106 3301 1179 prius
3334 1122 3474 1164 cum
3504 1123 3634 1180 rege

1969 1196 2135 1266 inito,
2159 1195 2467 1252 cederetin
2518 1198 2881 1267 perpetuum.
2908 1194 3136 1252 Fratres
3165 1198 3372 1251 autem
3418 1195 3633 1252 militis

1967 1284 2214 1357 Templi,
2247 1284 2436 1340 eidem
2470 1301 2532 1340 se
2562 1285 2957 1341 subducentes
2989 1284 3158 1352 sacto,
3205 1288 3311 1341 aut
3358 1284 3502 1356 quia
3554 1285 3634 1341 eis

1970 1379 2168 1431 contra
2198 1374 2613 1430 conscientiam
2645 1390 2813 1430 suam
2834 1372 3172 1439 videbatur;
3204 1379 3306 1429 aut
3337 1374 3482 1446 quia
3515 1390 3634 1429 ma-

1968 1464 2168 1535 gister,
2191 1463 2412 1519 aernulae
2436 1464 2666 1529 domus,
2690 1462 2871 1533 hujus
2906 1461 2985 1517 rei
3023 1456 3229 1517 aucto'r
3262 1466 3324 1517 et
3367 1463 3633 1534 princeps

1965 1553 2288 1618 videbatur,
2311 1551 2464 1608 vires
2487 1552 2719 1623 penitus
2755 1551 3115 1615 ministrare,
3159 1558 3257 1606 aut
3299 1566 3504 1623 regem
3540 1567 3629 1608 se-

1963 1642 2064 1713 qui
2096 1647 2470 1713 negaverunt.
2505 1640 2730 1696 Durum
2761 1639 2915 1696 enim
2942 1640 3249 1696 videbatur
3277 1640 3390 1709 eis,
3442 1642 3629 1697 amico

215 1725 541 1799 suscipiens
576 1731 635 1783 et
669 1729 968 1798 gratanter
1003 1723 1538 1797 amplectens,quod
1577 1724 1859 1796 praeordi-
1888 1759 1935 1823 B
1975 1746 2153 1802 regno
2201 1735 2259 1786 et
2302 1730 2375 1785 de
2424 1737 2617 1785 nostra
2662 1729 2777 1785 nde
2825 1728 3224 1800 praesumonti‚
3285 1733 3498 1785 eontra
3545 1734 3627 1785 ιθ-

215 1821 444 1886 natum,
474 1816 662 1872 fuerat
690 1812 1030 1886 approbavit
1067 1812 1320 1869 Praebitis
1362 1829 1497 1884 ergo
1538 1813 1860 1885 corporali-

215 1909 307 1963 ter
328 1903 464 1961 hinc
492 1904 628 1961 inde
649 1903 1023 1974 Juramentis,
1055 1905 1184 1974 ejus
1224 1902 1570 1959 auctoritate
1606 1903 1863 1975 interpo-

216 1996 354 2062 sita,
386 1996 730 2053 confirmata
758 1999 898 2052 sunt
936 2012 1066 2067 quae
1094 1993 1253 2067 prius
1302 2011 1402 2066 per
1450 1994 1690 2050 nuntios
1739 1995 1867 2050 fue-

215 2090 357 2142 runt
383 2083 669 2143 ordinata.
700 2083 966 2156 Receptis
1003 2100 1140 2156 ergo
1191 2083 1592 2155 imperialibus
1632 2083 1862 2151 litteris,

216 2177 515 2247 pactorum
549 2175 800 2230 formam
829 2189 898 2229 ex
927 2173 1154 2244 integro
1187 2173 1620 2229 continentibus
1648 2179 1702 2228 et
1733 2189 1866 2228 con-

217 2269 511 2321 summata
559 2264 805 2320 feliciter
841 2261 1150 2335 legatione,
1205 2262 1752 2318 munificentissime
1795 2262 1867 2317 de

218 2367 379 2408 more
407 2352 579 2410 solito
609 2350 861 2420 dimissi,
906 2350 1030 2406 Kal.
1073 2350 1304 2407 Octobr.
1346 2351 1454 2408 iter
1495 2351 1564 2406 ad
1612 2352 1863 2408 reditum

218 2441 605 2512 arripuimus.

867 2549 1098 2606 CAPUT
1139 2551 1206 2605 V.

219 2660 335 2717 Rex
359 2661 420 2715 in
451 2659 747 2731 AEqyplum
783 2674 908 2713 cum
948 2658 1065 2712 suis
1097 2656 1407 2719 descend&
1431 2660 1483 2712 et
1525 2663 1715 2711 contra
1756 2655 1865 2727 [ω-

291 2731 440 2787 deris
472 2733 730 2801 sormam,
766 2745 929 2802 quam
963 2745 1088 2785 cum
1126 2726 1404 2801 AEqyptiis
1439 2733 1745 2800 peremerat,
1787 2728 1868 2783 eis

292 2803 495 2859 bellum
525 2801 714 2874 insert.

295 2910 521 2967 Interea
548 2911 746 2968 statim
778 2915 910 2983 post
946 2908 1162 2966 exilum
1214 2914 1500 2979 nostrum,
1548 2910 1863 2978 antequam

222 3009 642 3059 reverteremur
687 3000 756 3056 ad
823 3000 1077 3073 propria,
1127 3004 1440 3071 antequam
1509 2997 1581 3054 de
1651 2996 1865 3053 auxilio

221 3089 444 3148 donnini
491 3090 862 3164 imperatoris
906 3105 1008 3162 per
1038 3097 1292 3145 nostram
1343 3086 1691 3158 legationem
1745 3102 1864 3143 cer-

220 3184 318 3237 tus
352 3180 516 3237 fieret
546 3195 666 3249 rex,
718 3179 868 3236 sama
906 3177 1142 3252 publica
1170 3177 1484 3249 personuit,
1522 3180 1588 3232 ut
1624 3176 1860 3248 dicitur,

220 3269 376 3341 quod
395 3269 572 3326 Savar
591 3268 868 3326 soldanus
887 3267 1215 3341 AEgyptius,
1239 3266 1564 3339 frequentes
1584 3266 1653 3322 ad
1685 3265 1864 3322 Nora-

217 3357 425 3415 dinum
449 3357 732 3431 dirigebat
757 3357 1071 3432 legationes
1092 3365 1146 3426 et
1166 3358 1291 3428 ejus
1323 3355 1549 3412 occulte
1587 3354 1860 3426 implora-

212 3445 314 3503 bat
343 3445 694 3514 subsidium,
726 3445 924 3502 dicens
951 3464 962 3501 :
999 3445 1202 3511 Quodn
1227 3446 1405 3515 poclis
1423 3460 1544 3515 quae
1577 3459 1700 3499 cum
1733 3458 1860 3513 reqe

208 3538 514 3609 pepiqerat,
558 3537 719 3593 vellet
758 3536 1007 3592 recedere
1021 3541 1116 3600 ;et
1153 3534 1301 3606 quod
1338 3534 1551 3589 invitus
1587 3549 1710 3589 cum
1738 3532 1858 3589 ini-

210 3627 352 3683 mico
377 3628 596 3699 populo,
627 3627 814 3696 aliquo
848 3627 1005 3697 pacis
1024 3626 1224 3696 soedcre
1253 3624 1611 3695 junqeretur;
1649 3621 1859 3693 quodsi

207 3715 273 3771 de
308 3715 425 3787 ejus
463 3715 676 3773 auxilio
713 3724 893 3773 certus
929 3716 1093 3786 soret,
1131 3721 1286 3786 pacta
1323 3715 1628 3785 sranyerec,
1684 3713 1753 3769 ab
1794 3729 1853 3769 eo

202 3806 424 3876 penitus
444 3804 712 3863 recedens.
737 3804 901 3861 Unde
938 3820 1056 3869 rex,
1100 3808 1162 3857 ut
1199 3802 1428 3869 dicitur,
1462 3802 1629 3871 justa
1669 3800 1852 3872 indig-

204 3894 440 3950 natione
470 3898 682 3964 motus,
714 3899 1023 3949 convocato
1055 3906 1230 3963 regno
1262 3890 1554 3957 universo,
1595 3888 1853 3945 collectis

201 3983 466 4055 equitum
496 3985 878 4056 peditumque
908 3982 1113 4054 copiis,
1166 3981 1224 4035 in
1248 3983 1562 4051 AEgyptum
1621 3977 1853 4035 festinat

201 4071 573 4130 descendere.
605 4072 756 4128 Sunt
785 4070 885 4142 qui
925 4070 1144 4137 dicant,
1179 4069 1450 4140 praedicta
1484 4068 1681 4124 omnia
1719 4067 1851 4124 fleta

200 4159 399 4227 fulsse,
431 4164 489 4216 et
516 4160 668 4231 quod
706 4163 881 4215 Savar
926 4158 1170 4215 soldano
1217 4157 1536 4224 innocenti,
1593 4160 1651 4213 et
1702 4156 1848 4213 nihil

199 4246 309 4303 tale
336 4246 600 4317 merenti,
624 4251 789 4318 pacta
817 4249 876 4302 et
907 4245 1357 4301 conventionum
1400 4248 1660 4301 tenorem
1697 4246 1849 4302 bona

198 4333 312 4390 fide
334 4335 613 4403 servanti,
632 4339 834 4391 contra
853 4333 941 4390 t'as
961 4342 1015 4390 et
1037 4334 1222 4407 pium,
1250 4333 1476 4389 illatum
1497 4334 1569 4388 sit
1588 4332 1842 4403 bellum;

193 4424 298 4482 sed
321 4428 386 4481 ut
406 4425 624 4481 factum
651 4428 770 4480 tam
794 4423 1048 4480 notabile
1065 4423 1316 4496 aliquam
1339 4422 1577 4478 baberet
1605 4438 1842 4478 excusa-

1975 1836 2175 1875 norem
2253 1823 2553 1890 pactorum
2630 1822 2688 1874 et
2761 1821 2964 1874 contra
3031 1817 3187 1888 juris
3262 1816 3627 1890 religionem,

1975 1908 2279 1964 immeritis
2310 1915 2363 1963 et
2392 1906 2566 1963 fidem
2599 1907 2970 1963 servantibus
2993 1905 3216 1962 bellum
3239 1905 3524 1963 indicere.

2613 2011 2845 2069 CAPUT
2885 2012 2982 2069 vl.

1974 2105 2274 2163 obsidetur
2318 2105 2510 2159 civitas
2565 2103 2833 2165 Belbez's:
2874 2110 2924 2158 et
2964 2111 3317 2174 expuqnaeur
3387 2101 3626 2159 obsessa.

2047 2177 2319 2232 soldanus
2340 2190 2521 2245 reyem
2543 2174 2766 2244 infinita
2785 2177 3057 2246 promissa
3074 2173 3278 2247 decipit
3297 2176 3560 2247 pecunia.

2044 2264 2355 2322 Accinctus
2392 2264 2572 2334 igitur
2591 2267 2649 2319 et
2688 2263 2932 2335 praeliari
2970 2265 3287 2319 instructus
3318 2268 3627 2336 apparatu,

1976 2354 2140 2427 regni
2167 2354 2393 2410 viribus
2423 2352 2770 2420 convocatis,
2802 2369 2956 2409 anno
3008 2351 3169 2423 regni
3212 2352 3345 2423 ejus
3394 2352 3626 2424 quinto,

1977 2459 2177 2500 mense
2204 2442 2458 2508 Octobri,
2491 2442 2788 2498 descendit
2817 2442 2878 2498 in
2923 2440 3277 2514 AEgyptum;
3328 2448 3382 2497 et
3433 2448 3629 2498 trans-

1976 2549 2149 2589 cursa
2177 2549 2394 2598 eremo,
2427 2547 2553 2603 quae
2588 2532 2771 2587 media
2794 2532 2968 2602 jacet,
3019 2530 3185 2601 quasi
3239 2530 3454 2587 itinere
3502 2531 3628 2587 dis-

1977 2638 2107 2678 rum
2149 2622 2373 2689 decem,
2433 2620 2727 2677 Pelusium
2786 2618 3055 2692 applicat,
3088 2635 3268 2692 quam
3330 2637 3469 2676 mox
3525 2621 3625 2677 ob-

1977 2711 2203 2767 sidione
2259 2710 2518 2781 cingens,
2574 2709 2728 2765 inl'ra
2793 2709 3054 2764 triduum
3113 2707 3395 2765 violenter
3452 2724 3627 2782 expu-

1976 2805 2135 2874 gnat,
2157 2804 2672 2873 expugnatamque
2695 2799 2844 2857 ferro
2864 2799 3070 2871 aperit,
3096 2804 3152 2856 et
3178 2815 3322 2855 suos
3355 2800 3625 2856 immittit

1976 2891 2397 2947 incunctanter.
2429 2889 2650 2946 Accidit
2681 2895 2873 2945 autem
2906 2888 3032 2954 hoc,
3068 2887 3239 2944 tertio
3285 2887 3488 2945 Nonas
3515 2889 3625 2944 No·

1976 2981 2250 3038 vembris.
2275 2980 2454 3053 Capta
2478 2979 2652 3052 igitur
2673 2979 2925 3047 civitate,
2949 2978 3174 3035 civibus
3209 2979 3338 3051 ejus
3359 2993 3431 3035 ex
3466 2983 3627 3053 parte

1979 3071 2234 3127 maxima
2262 3070 2451 3141 gladio
2500 3069 2839 3141 peremptis,
2873 3084 2986 3124 non
3029 3068 3289 3140 pascitur
3318 3068 3501 3137 aetati,
3533 3075 3628 3123 aut

1893 3133 1938 3201 c
1976 3160 2174 3228 sexui3
2206 3164 2263 3216 et
2295 3160 2394 3232 qui
2429 3163 2670 3216 mortem
2704 3173 3056 3230 quocunque
3088 3156 3621 3215 casuinvenieban-

1967 3253 2066 3306 tur
2094 3249 2437 3319 declinasse,
2461 3250 2755 3319 jacturam
2802 3247 3106 3315 libertatis,
3166 3263 3296 3318 quae
3355 3246 3622 3304 honestis

1966 3340 2107 3395 viris
2134 3340 2293 3396 omni
2326 3354 2534 3411 genere
2567 3337 2766 3395 mortis
2798 3337 3116 3409 suspectior
3150 3339 3264 3405 est,
3324 3336 3628 3393 incurren-

1965 3434 2070 3497 tes,
2104 3428 2328 3485 miserae
2360 3427 2626 3483 servituti
2660 3427 3144 3497 subjugabantur.
3179 3425 3507 3496 Captisunt
3536 3425 3620 3480 in-

1963 3522 2051 3575 ter
2081 3525 2316 3575 caeteros
2347 3518 2608 3588 ejusdem
2668 3515 3016 3572 conditionis
3072 3514 3393 3582 blahasam,
3456 3514 3615 3570 iilius

1963 3608 2194 3665 soldani
2224 3613 2280 3663 et
2310 3608 2548 3679 quidam
2578 3606 2706 3678 ejus
2738 3621 2937 3676 nepos,
2970 3606 3071 3675 qui
3121 3603 3247 3659 urbi
3300 3609 3612 3676 praeerant,

1962 3699 2247 3754 exercitus
2270 3697 2384 3752 illic
2411 3697 2741 3767 congregati
2779 3710 2979 3749 curam
3023 3693 3323 3749 habentes.
3361 3693 3610 3749 Effracta

1961 3786 2142 3859 igitur
2170 3787 2420 3856 civitate,
2450 3785 2804 3841 irruentibus
2838 3784 3053 3856 passim
3083 3788 3139 3838 et
3187 3782 3313 3839 sine
3369 3783 3603 3839 delectu

1959 3875 2182 3944 cuneis,
2221 3875 2530 3948 penitiores
2569 3872 2997 3930 domiciliorum
3040 3877 3350 3943 penetrant
3381 3873 3601 3936 aditus,

1959 3968 2218 4023 reserant
2239 3963 2578 4038 penetralia,
2607 3968 2663 4020 et
2682 3962 2896 4034 eosqui
2925 3966 3168 4018 mortem
3209 3960 3604 4019 delitescendo

1956 4058 2228 4127 effugisse
2246 4055 2612 4121 videbantur,
2646 4050 3007 4123 compeditos
3053 4051 3389 4112 educentes.
3442 4052 3604 4124 igno·

1958 4149 2206 4206 miniose
2226 4146 2298 4201 ad
2325 4160 2522 4201 necem
2546 4141 2919 4215 protrahunt,
2948 4156 3092 4212 quos
3115 4140 3299 4196 {etatis
3343 4140 3601 4212 integrae,

1956 4242 2011 4295 et
2032 4251 2325 4295 armorum
2354 4238 2615 4306 potentes
2645 4232 2966 4302 reperiunt,
3003 4229 3211 4301 gladiis
3245 4232 3606 4287 transverbe-

1957 4331 2124 4384 rant:
2159 4326 2252 4382 vix
2291 4324 2532 4380 senibus
2565 4320 2819 4391 parcitur
2865 4323 2923 4376 et
2967 4319 3186 4391 pueris,
3237 4324 3297 4375 et
3336 4321 3602 4377 secundae

1954 4418 2092 4474 sorti
2117 4431 2229 4471 non
2255 4412 2483 4485 plenius
2505 4411 2863 4482 indulgetur.
2888 4408 3060 4465 Facta
3079 4411 3221 4464 sunt
3239 4408 3600 4466 desiderabi-

191 4515 432 4582 tionem,
454 4512 551 4570 hic
572 4514 730 4570 color
769 4513 996 4569 videtur
1024 4512 1334 4584 quaesitus;
1370 4511 1522 4567 unde
1543 4514 1600 4566 et
1644 4511 1840 4567 Domi·
1870 4508 1918 4573 D
1948 4506 2026 4562 lia
2045 4520 2270 4572 eorum,
2303 4502 2559 4558 bostium
2606 4498 2827 4572 praeda3
2853 4503 2912 4554 et
2950 4513 3196 4570 quasque
3235 4498 3507 4569 speciosa
3543 4498 3599 4554 in

191 4620 357 4672 num,
382 4604 613 4676 justum
639 4606 996 4660 secretorum
1035 4606 1092 4659 et
1136 4599 1624 4657 conscientiarum
1678 4599 1831 4656 arbi-

1946 4593 2348 4660 sortem,dum
2376 4591 2488 4647 sibi
2509 4590 2777 4646 dividunt
2796 4587 3004 4660 spolia.
3045 4586 3147 4643 His
3185 4585 3364 4657 igitur
3403 4603 3598 4643 rumo-

186 4697 368 4762 trum,
398 4708 633 4750 omnem
667 4692 885 4749 nostris
913 4692 1218 4749 conatibus
1267 4689 1628 4746 subtraxisse
1687 4689 1835 4747 lavo-
1944 4687 2109 4744 ribus
2131 4686 2314 4741 Savar
2343 4687 2538 4738 mente
2562 4676 3136 4748 consternatus,quid
3160 4674 3329 4732 saciat
3348 4675 3594 4749 ignorat,

186 4800 333 4853 rem,
379 4788 670 4853 asserunt,
713 4788 772 4839 et
799 4781 1089 4855 praedictis
1141 4779 1580 4848 moliminibuss
1608 4779 1833 4851 justitia
1942 4775 2224 4833 deliberat
2242 4778 2411 4845 prout
2431 4768 2709 4842 temporis
2723 4765 3063 4824 etrerumin
3077 4769 3241 4823 arcto
3269 4766 3596 4837 positarum

183 4872 403 4941 vacuis,
436 4889 744 4945 prosperos
765 4888 1005 4945 negasse
1030 4877 1355 4928 successus.
1389 4868 1638 4926 Causam
1663 4884 1830 4941 porro
1939 4864 2270 4937 patiebatur
2290 4862 2576 4933 angustia,
2599 4876 2672 4917 an
2697 4874 2889 4930 regem
2913 4854 3248 4914 muneribus
3269 4859 3462 4912 tentet
3491 4872 3596 4912 ex-

178 4969 235 5019 et
283 4961 636 5019 incentivum
687 4962 868 5033 hujus
916 4961 1079 5027 mali,
1112 4964 1176 5016 ut
1219 4959 1403 5027 aiunt,
1467 4957 1831 5015 ministrabat
1939 4970 2221 5029 pugnare,
2254 4962 2307 5009 et
2334 4951 2792 5021 indignationem
2813 4947 2943 5018 ejus
2971 4946 3108 5002 data
3127 4942 3392 5001 emolliat
3423 4960 3596 5016 pecu·

177 5049 516 5119 Gerbertus,
547 5055 927 5122 cognomento
976 5048 1236 5116 Assallit,
1270 5045 1548 5119 magister
1615 5047 1827 5102 domus
1937 5044 2054 5110 nia,
2087 5061 2158 5101 an
2192 5043 2469 5098 finitimos
2501 5037 2932 5109 superstitionis
2962 5051 3084 5092 suae
3160 5033 3481 5106 principes,
3522 5032 3592 5089 ad

173 5137 512 5213 Hospitalis,
545 5155 671 5210 quae
701 5143 789 5195 est
817 5137 1256 5211 Hierosolymis,
1291 5136 1377 5190 vir
1414 5136 1827 5207 magnanimus
1934 5134 2024 5192 sui
2050 5132 2331 5190 auxilium
2356 5128 2626 5203 precibus
2649 5126 2948 5199 pretioque
2982 5123 3278 5180 sollicitet.
3321 5122 3590 5179 Tandem

171 5232 229 5286 et
247 5230 494 5301 quadam
519 5227 862 5284 liberalitate
885 5226 1138 5284 donandi
1167 5224 1440 5297 profusus
1467 5242 1482 5291 ς
1514 5228 1712 5279 tamen
1735 5227 1824 5279 in·
1933 5223 2142 5295 placet,
2161 5228 2476 5292 utrumque
2492 5221 2780 5274 maturata
2799 5213 3122 5285 provisione
3136 5216 3379 5269 tentare.
3407 5213 3590 5269 Missa

170 5316 399 5373 stabilis
418 5323 476 5373 et
498 5322 690 5374 mente
710 5333 910 5388 vagus.
934 5316 1038 5372 Hic
1070 5330 1274 5372 omnes
1312 5314 1571 5385 ejusdem
1610 5312 1822 5370 domus
1930 5329 2067 5384 ergo
2100 5311 2389 5383 legatione
2416 5309 2485 5363 ad
2533 5307 2914 5371 Noradinum‚
2947 5302 3221 5374 implorat
3252 5302 3592 5358 subsidium

167 5403 477 5461 thesauros
507 5421 823 5478 exponens,
856 5408 1095 5476 insuper
1123 5409 1178 5460 et
1205 5402 1446 5459 infinitas
1477 5402 1823 5473 quantitatis
1928 5407 1984 5459 et
2029 5403 2298 5473 impetrat
2346 5397 2756 5469 imploratum3
2805 5400 3006 5450 vocato
3054 5391 3213 5449 enim
3284 5389 3588 5453 Siracono,

166 5493 476 5568 pecuniam
500 5499 764 5553 mutuam
788 5511 1044 5565 sumens,
1067 5492 1263 5551 omnia
1293 5492 1581 5548 militibus
1612 5507 1820 5565 eroga·
1928 5492 2098 5563 cujus
2119 5490 2333 5563 saepius
2357 5487 2601 5546 fecimus
2626 5484 3002 5553 mentionem,
3023 5487 3246 5554 partem
3265 5483 3589 5553 exercitus,

164 5583 670 5660 vit,qnoacunquo
699 5577 957 5645 invenire
979 5582 1169 5659 potuit
1207 5580 1321 5639 sibi
1347 5579 1636 5652 alliciens;
1663 5582 1817 5640 unde
1925 5582 1983 5638 et
1998 5576 2285 5636 nobilium
2307 5589 2552 5633 suorum
2572 5574 2792 5648 partem
2818 5584 2936 5629 non
2971 5567 3266 5628 modicam
3305 5581 3448 5626 cum
3481 5582 3589 5626 sa·—
