3784 6000
1720 172 1912 233 Lucu
1949 170 2028 230 111
2069 168 2282 231 PAPAE

3603 176 3730 236 m
3781 150 3784 159 .

296 304 629 364 sentiarum
658 304 815 376 juste
842 307 900 358 et
926 298 1215 357 canonice
1239 294 1525 370 possidet,
1553 299 1661 351 aut
1688 294 1749 349 in
1785 292 1948 348 tntu·
1979 294 2028 346 Δ
2129 293 2254 361 zgo
2273 290 2844 348 Andreasdiaeouus
2865 291 3412 351 cardinalissuicti
3431 292 3728 354 flanderi

297 410 433 452 rum
464 394 853 451 concessione
884 387 1253 462 pontificum,
1284 384 1595 455 largitione
1622 396 1833 453 regum
1856 381 1948 437 vel

298 484 667 558 principum,
678 478 979 536 oblatione
992 475 1143 532 fideli
1154 492 1255 530 um
1272 472 1367 529 vel
1380 472 1513 529 aliis
1526 471 1707 543 justis
1728 470 1946 534 modis,

296 578 615 646 prestante
637 568 889 625 Domino
918 566 1131 637 poterit
1153 563 1423 629 adipisci,
1454 560 1630 616 firma
1658 558 1829 615 vobis
1846 572 1950 613 ve-

298 662 553 732 strisque
586 655 1061 721 successoribus,
1092 658 1151 709 et
1180 651 1409 708 illibata
1440 651 1851 722 permaneant.
1886 649 1948 702 ln

294 750 521 822 quibus
548 748 679 803 hoec
718 743 979 818 propriis
1021 742 1305 799 duximus
1350 737 1747 812 exprimenda
1776 751 1952 793 voca·

292 837 455 895 bulis
488 852 505 893 ε

368 926 591 983 locum
608 926 811 997 ipsum
840 923 901 979 in
928 935 1055 995 quo
1076 918 1329 977 ecclesia
1358 920 1690 973 memorata
1718 914 1835 970 sita
1856 917 1954 971 est

288 1030 430 1074 cum
458 1014 746 1071 omnibus
768 1009 1266 1083 adiacentiisquae
1282 1006 1361 1063 ad
1386 1021 1520 1062 eam
1540 1006 1866 1076 pertinent;
1887 1003 1950 1059 in

287 1106 527 1162 civitate
538 1103 761 1173 Regina
782 1099 1077 1173 capellam
1094 1095 1293 1155 Sancti
1318 1095 1627 1167 Stephani,
1647 1092 1946 1164 capellam

288 1193 489 1253 Sancti
516 1191 804 1255 Faustini,
829 1188 1122 1262 capellam
1147 1184 1343 1242 Sancti
1374 1182 1737 1254 Apollinaris
1759 1196 1950 1255 prope

286 1289 525 1356 portam
554 1283 905 1348 tiemonem,
932 1275 1229 1349 capellam
1261 1274 1463 1329 Sancti
1494 1272 1719 1329 lai-tini
1740 1270 1821 1326 de
1852 1270 1950 1325 Vi-

288 1386 405 1430 nea
427 1371 690 1445 passiva,
712 1366 1006 1441 capellam
1026 1365 1221 1422 Sancti
1245 1361 1491 1421 lauritii
1520 1361 1581 1417 in
1609 1362 1823 1425 Strata,
1849 1374 1948 1416 ca-

286 1459 509 1534 pellam
549 1458 748 1516 Sancti
793 1455 1101 1512 adalberti
1138 1453 1197 1508 in
1232 1453 1361 1508 vico
1404 1450 1749 1506 Disbrecato
1772 1450 1948 1520 iuxta

295 1549 597 1607 civitatem
629 1563 648 1614 ;
688 1546 750 1603 in
778 1544 1067 1601 comitatu
1096 1556 1239 1598 vero
1274 1539 1510 1613 plebem
1560 1538 1637 1595 de
1686 1539 1948 1609 Bagnolo

2057 379 2406 451 subscripsi.

2129 470 2252 539 Ego
2279 467 2602 525 Gratianus
2649 470 3006 527 Sanctorum
3049 473 3282 529 cosme
3339 476 3408 529 et
3447 472 3724 532 Damiani

2057 557 2354 614 diaconus
2377 557 2704 615 cardinalis
2749 558 3106 632 subscripsi.

2131 648 2254 718 Ego
2275 644 2564 702 Girardus
2592 647 2792 704 Sancti
2810 647 3058 705 Adriani
3077 648 3384 707 diaeonus
3403 652 3724 709 cardinalis

2058 733 2414 806 subscripsi.

2129 823 2252 893 Ego
2279 824 2642 880 Octavianus
2677 824 2975 881 diaconus
2999 825 3332 883 cardinalis
3363 828 3722 887 Sanctorum

2061 912 2243 981 Sergii
2281 917 2338 968 et
2365 912 2576 968 Bacchi
2607 912 2965 985 subscripsi.

2131 1000 2254 1074 Ego
2280 1000 2528 1057 Albinus
2553 1002 2784 1059 Sancto
2797 1002 2996 1059 Narin
3013 1005 3522 1063 semaiaeonns
3545 1008 3723 1065 cardi·

2059 1089 2214 1145 nalis
2236 1091 2592 1163 subscripsi.

2129 1181 2343 1235 Datum
2385 1180 2574 1251 Sign.,
2617 1195 2722 1252 per
2754 1197 3008 1238 manum
3049 1184 3316 1256 nugonis
3343 1186 3596 1243 Sancta!
3621 1188 3720 1243 llo-

2057 1283 2255 1324 manae
2277 1268 2557 1325 Ecclesia
2589 1271 2821 1337 notarii,
2855 1269 3058 1327 idibus
3083 1273 3368 1343 Augusti,
3403 1273 3722 1333 indictione

2056 1358 2276 1430 prima,
2329 1356 2760 1415 lncarnationis
2796 1359 3126 1417 Dominicae
3169 1376 3342 1418 anno
3383 1362 3558 1430 ¹¹83,
3585 1379 3719 1437 pon·

2057 1446 2318 1503 titicatus
2347 1462 2486 1503 vero
2513 1447 2722 1504 domni
2745 1447 2906 1505 Lucii
2937 1447 3006 1504 ΙΙΙ
3037 1465 3214 1523 papo
3235 1466 3414 1509 anno
3437 1454 3714 1511 mundo.

2797 1572 2960 1628 CXV.

288 1652 433 1695 cum
463 1634 709 1709 capellis
736 1640 793 1691 et
836 1630 1208 1706 pertinentiis
1246 1630 1394 1695 suis,
1437 1628 1667 1684 tertiam
1710 1632 1945 1700 partem
1979 1646 2025 1704 B
2056 1662 2154 1718 Aa
2177 1663 2482 1718 unt-verm,
2511 1661 2850 1718 Germania,
2865 1663 3176 1732 mvnda·
3205 1693 3280 1705 -
3299 1663 3712 1723 obn-‚mmm

286 1725 481 1800 plebis
505 1726 581 1781 de
612 1722 935 1780 Nebularia
962 1736 1103 1778 cum
1135 1717 1506 1792 pertinentiis
1535 1717 1679 1783 suis,
1713 1716 1946 1773 tertiam

289 1818 522 1889 partem
533 1813 731 1888 plebis
743 1813 942 1870 Sancti
958 1808 1245 1883 Stephani
1261 1823 1401 1864 cum
1416 1805 1782 1879 pertinentiis
1798 1805 1944 1871 suis,

288 1910 348 1962 et
392 1906 621 1962 tertiam
653 1906 884 1975 partem
922 1900 1100 1957 curioe
1138 1897 1409 1969 eiusdem
1458 1895 1593 1963 loci,
1630 1893 1946 1951 ecclesiam

285 1993 485 2051 Sancti
513 1991 739 2049 Martini
765 1991 840 2047 de
871 1990 1087 2055 Pinizo,
1111 1985 1426 2043 ecclesiam
1451 1985 1650 2042 Sancti
1670 1983 1945 2041 Dalmatii

287 2082 365 2141 de
420 2082 603 2147 sisso,
650 2079 960 2138 eeclesiam
1009 2076 1208 2135 Sancti
1260 2075 1508 2132 loannis
1562 2073 1639 2129 de
1689 2072 1944 2144 corigia,

288 2173 569 2231 Braidam
585 2171 660 2229 de
686 2172 1010 2228 Fontaneto
1033 2182 1175 2224 cum
1196 2169 1394 2236 segete
1417 2169 1476 2221 et
1503 2163 1787 2221 omnibus
1812 2178 1943 2236 per·

287 2262 547 2322 tinentiis
566 2261 716 2318 suis.

360 2354 649 2409 Praeterea
673 2348 972 2406 libertates
989 2351 1049 2403 et
1067 2344 1480 2402 immunitates
1495 2359 1531 2399 a
1547 2341 1946 2415 praedecesso·

287 2442 457 2501 ribus
490 2437 842 2499 venerabilis
867 2435 1063 2493 fratris
1097 2434 1284 2492 nostri
1322 2433 1524 2503 Regini
1551 2432 1817 2505 episcopi
1847 2447 1946 2487 ra-

290 2530 650 2589 tionabiliter
680 2527 846 2584 vobis
862 2531 919 2581 et
941 2524 1423 2581 antecessoribus
1441 2521 1655 2578 vestris
1680 2519 1945 2579 indultas

291 2624 350 2677 et
377 2619 663 2675 hactenus
685 2617 1036 2672 observatas
1063 2628 1172 2669 nec
1200 2627 1318 2668 non
1350 2610 1732 2668 rationabiles
1758 2615 1815 2666 ct
1838 2625 1944 2666 an-

292 2709 491 2783 tiquas
520 2704 985 2764 consuetudines
1016 2701 1206 2774 ipsius
1241 2699 1517 2757 Ecclesiae
1545 2700 1809 2769 integras
1836 2699 1946 2756 illi-

287 2796 588 2870 batasque
612 2809 852 2852 manere
879 2792 1153 2865 praesenti
1179 2789 1418 2846 decreto
1438 2790 1769 2845 sancimus.
1792 2790 1941 2846 Cum

291 2892 494 2946 autem
525 2882 801 2957 generale
827 2880 1207 2938 interdictum
1239 2883 1409 2934 terrae
1433 2877 1621 2944 tuerit,
1647 2876 1824 2934 liceat
1840 2893 1947 2935 vo·

2128 1735 2158 1790 1
2197 1734 2709 1803 archiepiscopum
2759 1733 3182 1804 numantinum
3225 1735 3330 1804 pie
3363 1737 3710 1808 defunctus·

2121 1806 2400 1876 precibus
2435 1821 2640 1862 eorum
2674 1806 3064 1863 commendat.

2584 1894 2852 1965 (Signioe,
2898 1895 3056 1966 Sept.
3088 1896 3170 1967 2.)

2427 1992 2650 2064 wast,
2680 1991 2936 2060 concil„
2969 1992 3126 2060 xxii,
3157 1992 3316 2068 ⁴80]

2125 2084 2324 2140 Lectus
2352 2082 2694 2153 episcopus,
2726 2096 2934 2137 servus
2963 2097 3282 2139 servorum
3321 2085 3452 2151 Dei,
3479 2100 3714 2146 venera-

2050 2171 2272 2228 bilibus
2301 2169 2585 2226 Iratribus
2610 2170 3093 2242 archiepiscopis,
3121 2171 3462 2244 episcopis,
3499 2180 3562 2230 et
3581 2173 3715 2231 dile-

2050 2260 2158 2317 ctis
2188 2260 2325 2316 filiis
2365 2258 2710 2325 abbatibus,
2765 2258 3183 2327 conventibus,
3215 2258 3487 2334 aliisque
3513 2263 3714 2335 prola·

2051 2350 2125 2406 tis
2149 2349 2418 2405 Ecclesiae
2443 2347 2796 2414 Teutonicae,
2831 2346 3088 2404 salutem
3107 2353 3166 2404 et
3193 2349 3598 2421 apostolicam
3623 2352 3714 2408 be-

2050 2437 2466 2496 nedictiouem.

2123 2528 2210 2584 Ad
2250 2534 2511 2583 vestram
2564 2524 2842 2582 volumus
2877 2526 3152 2584 notitiam
3191 2528 3518 2599 pervenire
3557 2530 3704 2604 quod

2051 2617 2226 2674 bonoe
2253 2616 2556 2673 memoriis
2581 2614 2972 2681 Christianus,
3005 2617 3394 2686 Hoguntinus
3424 2619 3704 2692 archiepi-

2050 2723 2288 2779 scopus,
2325 2705 2412 2761 vir
2426 2704 2601 2761 valde
2623 2702 2908 2777 providus
2928 2709 2987 2760 et
3007 2705 3376 2775 magnificus
3411 2723 3558 2765 cum
3581 2708 3704 2765 eha-

2048 2794 2289 2853 rissimo
2309 2795 2368 2850 in
2387 2794 2620 2852 Christo
2638 2793 2763 2849 filio
2789 2799 2996 2850 nostro
3014 2794 3339 2862 Friderieo,
3367 2795 3586 2854 illustri
3609 2797 3702 2854 llo-

2049 2901 2369 2944 manorum
2383 2883 2725 2956 imperatori
2738 2887 2796 2939 et
2811 2890 3356 2956 semperAugusto,
3371 2886 3562 2958 longo
3573 2892 3704 2945 tem.

287 2976 399 3043 bis,
418 2974 636 3033 clausis
656 2971 880 3045 januis,
908 2983 1029 3027 non
1052 2967 1302 3042 pulsatis
1329 2968 1663 3041 campanis,
1686 2966 1943 3026 exclusis
1973 3008 2015 3064 C
2049 2992 2195 3049 pore
2227 2973 2549 3048 magnifiee
2570 2971 2924 3040 servivisset,
2947 2979 3005 3030 et
3032 2979 3246 3032 eontra
3267 2974 3462 3033 officii
3503 2978 3596 3035 sui
3617 2976 3705 3035 (10-

284 3061 819 3123 excommunicatis
857 3067 912 3117 et
939 3057 1285 3124 interdictis,
1324 3071 1653 3129 suppressa
1682 3072 1825 3114 voce
1853 3057 1942 3114 di-

286 3155 430 3212 vina
454 3151 655 3211 officia
672 3149 995 3207 celebrare.
1024 3145 1411 3203 Prohibemus
1437 3146 1680 3218 insuper
1704 3151 1764 3202 ut
1791 3147 1939 3204 nulli

286 3242 463 3302 liceat
483 3241 546 3298 in
575 3256 683 3297 vos
704 3245 808 3296 aut
833 3237 1109 3294 subditos
1129 3241 1352 3292 vestros
1380 3234 1510 3291 sine
1536 3236 1855 3292 manifesta
1880 3242 1937 3293 et

282 3328 626 3391 rationabili
654 3342 838 3385 causa
865 3324 1157 3383 interdicti
1175 3323 1262 3381 vel
1294 3324 1936 3382 excommunicationis

283 3419 642 3480 sententiam
664 3416 1069 3490 promulgare.

354 3509 740 3568 Decernimus
772 3519 917 3577 ergo
955 3509 1019 3560 ut
1046 3501 1192 3560 nulli
1222 3503 1472 3560 omnino
1518 3503 1833 3560 hominum
1863 3504 1935 3561 li-

282 3605 412 3659 ceat
430 3596 742 3671 praetatum
767 3593 1196 3651 monasterium
1212 3597 1430 3649 temere
1452 3594 1799 3665 perturbare
1829 3599 1933 3650 aut

280 3690 412 3762 ejus
437 3686 847 3761 possessiones
871 3682 1125 3748 auterre,
1147 3688 1250 3737 aut
1273 3680 1506 3738 ablatas
1524 3683 1797 3753 retinere,
1821 3684 1931 3740 mi-

282 3792 485 3842 nuere,
527 3790 634 3831 seu
662 3770 1032 3847 quibuslibet
1066 3769 1482 3826 vexationibus
1521 3770 1791 3842 fatigare,
1824 3772 1932 3829 sed

278 3865 484 3926 omnia
503 3865 735 3934 integra
750 3869 809 3918 et
836 3860 1059 3917 illibata
1082 3865 1531 3925 conserventur,
1556 3874 1788 3928 eorum,
1822 3876 1930 3933 pro

278 3970 540 4031 quorum
579 3951 1011 4023 gubernatione
1056 3964 1128 4005 ae
1170 3948 1603 4006 sustentatione
1642 3965 1931 4007 concessa

273 4047 415 4102 sunt
441 4042 653 4100 usibus
679 4038 1039 4097 omnimodis
1054 4036 1385 4109 protutura,
1406 4038 1576 4094 salva
1600 4038 1759 4095 sedis
1789 4054 1909 4112 apo

277 4133 504 4191 stolicae
525 4129 874 4188 auctoritate
904 4133 961 4182 et
986 4126 1313 4183 dioecesani
1344 4127 1608 4199 episcopi
1635 4130 1931 4186 canonica

269 4221 501 4294 justitia
550 4219 605 4275 Si
641 4232 766 4289 qua
793 4215 970 4286 igitur
997 4215 1057 4271 iu
1090 4215 1356 4271 futurum
1385 4214 1791 4274 ecclesiastica
1821 4234 1928 4274 soe-

274 4308 570 4367 cularisve
600 4318 879 4377 persona,
906 4308 1016 4360 etc.

347 4397 469 4468 Ego
506 4393 723 4450 Lucius
764 4390 1070 4449 catholicoe
1121 4391 1389 4449 Ecclesioe
1423 4393 1745 4468 episcopus
1788 4397 1927 4454 sub-
1962 4365 2008 4422 D

271 4482 506 4557 scripsi.

342 4576 463 4645 Ego
505 4570 709 4629 Theod
715 4611 825 4630 .....
896 4569 1236 4627 portuensis
1290 4574 1347 4626 et
1404 4571 1636 4629 Sanctae
1698 4573 1928 4632 Ruflnoe

273 4664 595 4738 episcopus
626 4659 981 4733 subscripsi.

342 4752 464 4822 Ego
496 4750 779 4808 flenricus
807 4748 1164 4806 albanensis
1188 4747 1507 4822 episcopus
1538 4751 1885 4825 subscripsi.

340 4840 462 4912 Ego
475 4840 679 4896 Petrus
696 4837 1011 4911 presbyter
1026 4836 1346 4895 cardinalis
1374 4838 1545 4895 titulo
1561 4840 1795 4897 Sanctae
1820 4844 1927 4898 Eu·

268 4929 527 5006 phemioe
558 4925 915 5000 subscripsi.

341 5019 463 5090 Ego
476 5018 753 5074 vivianus
770 5013 937 5072 titulo
951 5015 1440 5087 SanctiStephani
1458 5017 1516 5073 in
1535 5018 1712 5076 Coelio
1729 5021 1923 5078 Monte

267 5110 540 5185 presbyt.
571 5104 894 5164 cardinalis
931 5104 1280 5176 subscripsi.

342 5200 458 5269 Ego
488 5195 797 5252 Laborans
827 5193 1089 5266 presbyt.
1122 5192 1440 5251 cardinalis
1464 5193 1699 5254 Sanctoe
1727 5197 1921 5256 Μανία)

268 5291 433 5346 trans
463 5284 716 5341 Tiberim
746 5281 918 5340 titulo
946 5281 1153 5340 Calixti
1181 5282 1529 5359 subscripsi.

340 5376 458 5446 Ego
474 5373 631 5431 Pand
642 5410 751 5429 .....
778 5370 979 5445 presb.
1008 5370 1333 5431 cardinalis
1360 5372 1527 5432 titulo
1553 5374 1810 5436 Basilicae
1836 5392 1918 5436 ιιι

265 5459 689 5538 apostolorum
717 5459 1070 5535 subscripsi.

2047 3067 2241 3124 bitum
2268 3065 2615 3121 excessisset
2641 3062 2702 3119 in
2723 3061 2956 3135 multis;
2983 3079 3120 3119 cum
3141 3065 3567 3123 Romanorum
3591 3082 3704 3140 per·b

2046 3156 2279 3225 fidiam,
2317 3153 2423 3225 qui
2453 3152 2878 3225 patrimonium
2911 3151 3186 3210 Ecclesia
3209 3151 3515 3211 hostiliter
3541 3154 3704 3212 deva·

2045 3250 2268 3302 stantes
2305 3241 2711 3298 Tusculanum
2760 3240 3033 3313 nequiter
3098 3240 3496 3309 obsidebant,
3549 3244 3706 3302 aliter

2044 3332 2441 3406 comprimere
2469 3345 2591 3387 non
2620 3344 2957 3402 possemus,
2987 3330 3274 3387 eumdem
3306 3331 3704 3406 archiepisco·

2043 3437 2190 3497 pum
2230 3420 2309 3478 ad
2334 3418 2698 3491 obsequium
2745 3417 3014 3475 Ecclesia
3043 3420 3557 3489 convocavimus,
3581 3422 3702 3495 ipse

2041 3527 2182 3569 vero
2209 3510 2401 3567 iactus
2430 3506 2720 3565 obediens
2778 3521 2968 3579 usque
3022 3506 3102 3565 ad
3126 3514 3413 3576 mortem,
3471 3516 3536 3568 ut
3565 3512 3706 3568 sicut

2041 3606 2220 3660 antea
2242 3599 2595 3656 exhibuerat
2623 3594 2898 3653 membra
2917 3611 3027 3653 sua
3053 3596 3356 3669 iniquitati
3385 3599 3472 3656 ad
3498 3599 3702 3673 iniqui·

2042 3695 2244 3756 tatem,
2275 3689 2355 3744 ita
2380 3704 2446 3744 se
2470 3692 2528 3742 et
2548 3702 2691 3741 suos
2711 3684 3100 3743 exhiberetad
3126 3687 3530 3745 serviendum
3536 3690 3700 3760 justi·

2041 3779 2134 3836 tiae
2160 3780 2218 3835 in
2231 3774 2763 3834 sanctificationem
2775 3773 2929 3841 vitae,
2956 3774 3112 3831 aeris
3136 3774 3571 3850 intemperiem
3581 3793 3701 3851 par·

2039 3867 2374 3940 vipendens,
2393 3864 2464 3922 ad
2479 3862 2940 3921 succurrendum
2959 3861 3231 3919 Ecclesiae
3242 3862 3572 3924 fluctuanti
3581 3883 3698 3924 cum

2037 3956 2264 4028 ingenti
2280 3955 2570 4012 exercitus
2590 3952 2966 4010 multitudine
2977 3951 3697 4029 properavit,tactumque

2038 4051 2148 4112 est,
2184 4044 2415 4101 volente
2457 4042 2735 4113 Domino,
2767 4041 2927 4116 quod
2974 4042 3224 4098 Romani
3256 4041 3350 4098 bis
3384 4044 3473 4100 ad
3525 4043 3694 4103 solius

2040 4134 2301 4193 nominis
2340 4133 2472 4204 ejus
2499 4137 2783 4188 terrorem
2822 4130 3122 4201 fugerunt.
3162 4129 3270 4188 lllo
3317 4138 3532 4191 autem
3573 4136 3696 4191 Tus·

2037 4224 2322 4281 culanum
2352 4221 2648 4293 ingresso,
2677 4235 2885 4276 muros
2913 4219 3165 4276 civitatis
3173 4220 3561 4294 jampridem
3588 4220 3696 4279 eol-

2036 4328 2244 4387 lapsos
2273 4327 2383 4384 pro
2413 4324 2636 4382 magna
2674 4314 2843 4383 parte
2868 4324 2974 4381 per
2999 4307 3160 4365 illius
3185 4309 3517 4378 auxilium,
3547 4318 3698 4370 ante-

2034 4417 2221 4476 quam
2251 4400 2585 4466 decederet,
2612 4398 2862 4455 fecimus
2890 4397 3177 4471 reparari.
3207 4399 3491 4459 Tandem
3513 4401 3695 4458 Domi.

2038 4506 2152 4548 nus
2171 4489 2449 4546 misertus
2470 4486 2648 4554 illius,
2667 4492 2732 4543 ut
2749 4484 3448 4560 salubriterimpleretin
3459 4488 3696 4563 eoquod

2037 4579 2276 4653 legitur:
2306 4578 2416 4636 Ubi
2440 4583 2494 4635 te
2507 4578 2814 4641 invenero,
2829 4575 2913 4631 ibi
2937 4580 2994 4632 te
3004 4574 3322 4646 judicabo,
3351 4576 3544 4636 febris
3569 4594 3695 4636 eum

2034 4667 2386 4740 :egritudine
2433 4665 2782 4737 flagellavit,
2822 4663 2996 4736 juxta
3024 4663 3191 4736 quod
3215 4662 3520 4737 scriptum
3571 4671 3694 4726 est:

2037 4758 2218 4828 Quem
2245 4755 2444 4827 diliqit
2466 4755 2748 4813 Dominus
2759 4753 3009 4823 corripit
3038 4774 3060 4824 ,-
3073 4753 3330 4825 flavello
3351 4761 3564 4814 autem
3591 4771 3692 4813 om·

2033 4862 2165 4905 nem
2177 4846 2374 4915 filium
2385 4859 2557 4918 quem
2580 4842 2821 4914 recipit5
2847 4841 3007 4899 unde
3025 4841 3187 4898 idem
3209 4841 3695 4918 archiepiscopus

2032 4937 2094 4994 in
2150 4949 2288 4992 vera
2326 4933 2704 4991 confessione
2754 4937 2812 4988 et
2844 4930 3030 4989 multa
3087 4930 3458 4990 contritione
3485 4933 3692 4998 cordis.

2031 5024 2272 5082 servitio
2295 5024 2452 5080 beati
2501 5022 2649 5078 Petri
2679 5027 2736 5078 et
2767 5024 3050 5077 Romame
3099 5019 3382 5078 Ecclesia
3437 5026 3600 5080 totus
3623 5022 3698 5078 in-

2034 5113 2305 5183 tendens,
2328 5117 2639 5183 assumpta
2676 5126 2851 5167 cruce
2878 5115 2933 5166 et
2965 5109 3277 5178 resignatis
3305 5109 3697 5182 dignitatibus

2032 5202 2338 5267 universis,
2373 5217 2467 5256 vm
2518 5200 2641 5256 Kal.
2675 5198 3040 5272 Septembris
3063 5196 3222 5254 diem
3262 5196 3486 5257 clausit
3520 5206 3694 5258 extre-

2028 5307 2219 5349 mum.
2252 5289 2403 5359 Quia
2423 5295 2622 5346 autem
2655 5288 2910 5344 multum
2949 5290 3221 5343 tenemur
3243 5285 3316 5343 de
3331 5286 3498 5344 illius
3523 5289 3694 5346 salute

2027 5396 2158 5438 esse
2187 5379 2435 5445 solliciti,
2461 5376 2569 5452 qui
2599 5393 2707 5450 pro
2734 5376 2971 5435 servitio
3017 5374 3376 5434 universalis
3425 5377 3693 5436 Ecclesia

2027 5468 2181 5529 mori
2210 5483 2333 5527 non
2358 5465 2675 5537 recusavit,
2706 5469 2857 5523 etex
2890 5464 2941 5538 ej
2954 5479 3023 5522 us
3053 5462 3171 5522 fine
3201 5477 3692 5542 magnampossi·
