3784 6000
132 230 139 239 .
191 183 269 241 55
1290 182 1640 245 ARNULFI
1687 180 2205 243 LEXOVIENSIS
2248 177 2598 241 EPISGOPI
3539 180 3618 242 56

191 313 348 386 quod
374 312 526 371 alins
556 312 746 370 adhuc
773 331 989 372 vacans
1018 314 1531 374 archidiaconatus
1561 317 1620 372 in
1650 316 1851 373 eadem
1888 316 1940 383 A
1973 314 2151 371 riensi
2199 280 2633 385 archiepiscopo
2663 317 2721 370 et
2750 313 2927 372 totius
2969 312 3193 386 anglis
3224 312 3489 387 primati,
3511 317 3640 373 Aa·

188 407 457 460 servatur
505 402 782 475 Ecclesia,
842 405 1051 462 minori
1120 405 1393 477 nepotulo
1440 405 1850 475 conterendus,

187 505 368 562 quam
391 490 504 549 cito
526 491 585 548 in
608 491 927 565 legitimam
949 497 1178 549 oetatem
1201 493 1492 549 videbitur
1504 494 1844 551 excrevisse.

188 579 474 636 Pmterea
519 580 709 652 priore
737 580 978 638 claustri
1024 584 1271 650 remoto,
1311 581 1449 653 quia
1483 581 1722 639 acrioris
1752 582 1850 638 in-

187 667 344 737 genii
371 667 733 736 credebatur,
761 677 820 726 et
849 671 918 725 ad
940 670 1189 742 injurias
1211 669 1480 727 Ecclesiae
1500 686 1614 726 non
1638 670 1850 728 silebat

190 772 262 814 ex
301 757 677 827 conscientia,
717 758 1027 833 epiecopus
1068 759 1321 831 priorem
1371 759 1669 817 constituit
1704 759 1851 817 idio·

188 851 332 913 tam,
363 850 430 902 ut
459 847 583 917 ipse
610 847 828 904 scilicet
857 848 1052 905 locum
1081 848 1350 921 suppleat
1368 848 1581 922 idiotas,
1613 852 1674 906 et
1702 849 1856 906 bona

184 949 388 992 eorum
409 934 469 991 in
491 951 636 993 ueue
659 937 919 1008 proprios
941 938 1068 994 sine
1109 937 1562 995 contradictione
1612 954 1851 997 conver-

190 1025 297 1080 tat.
326 1022 493 1097 Agite
536 1040 695 1096 ergo,
724 1030 782 1082 et
810 1026 1190 1098 apostolicam
1212 1027 1377 1083 vobis
1408 1028 1739 1084 domesticas
1770 1044 1851 1085 ee-

184 1112 449 1171 veritatie
496 1118 761 1173 revocate
810 1116 1202 1187 prudentiam,
1251 1125 1314 1173 ut
1365 1117 1520 1188 quod
1551 1118 1854 1174 sanctitati

182 1208 389 1260 vestrm
418 1202 755 1274 sebreptum
787 1208 896 1272 eet,
931 1204 1058 1276 ipsa
1080 1207 1361 1262 sanctitas
1382 1209 1581 1262 vestra
1611 1204 1854 1264 reducat

184 1290 257 1346 ad
286 1289 557 1359 formam,
589 1297 879 1364 quatenus
909 1299 1123 1350 sanctae
1153 1294 1544 1351 institutionis
1577 1295 1854 1352 reforme-

184 1380 285 1436 tur
310 1378 631 1452 integritas,
656 1381 801 1438 etad
833 1382 981 1439 vires
1002 1383 1278 1455 pristinae
1309 1390 1426 1440 tam
1458 1387 1652 1441 vestra
1671 1401 1849 1457 quam

186 1468 677 1540 praedecessorum
705 1475 1030 1528 vestrorum
1080 1472 1379 1545 privilegia
1417 1473 1852 1532 convalescant,

185 1555 283 1613 Sic
307 1558 466 1614 enim
487 1559 821 1616 obstruetur
839 1577 897 1617 os
917 1561 1258 1634 loquentium
1279 1563 1470 1635 iniqua
1493 1563 1667 1633 (Paul.
1692 1565 1849 1635 nxn),

185 1651 240 1702 et
268 1645 329 1704 in
356 1645 591 1704 laudem
623 1658 678 1705 et
702 1648 946 1722 gloriam
980 1651 1235 1708 nominis
1266 1651 1442 1708 vestri
1485 1651 1624 1707 tides
1672 1654 1848 1710 vestri

184 1735 634 1794 libertatesolita
655 1739 1120 1811 proclamabunt,
1142 1744 1199 1797 et
1219 1740 1467 1812 exempli
1483 1745 1699 1798 terrore
1712 1744 1852 1800 sub-

186 1824 303 1882 lato
332 1829 528 1885 status
556 1826 821 1885 Ecclesia
847 1830 1275 1902 tranquillitate
1310 1831 1555 1903 pristina
1574 1833 1851 1904 conquie-

186 1923 328 1975 scet.
370 1917 572 1974 Timeo
620 1935 694 1975 ne
740 1919 1023 1976 audacius
1073 1920 1219 1976 forte
1254 1920 1486 1979 locutus
1518 1923 1629 1978 sim
1673 1938 1853 1994 quam

184 2008 388 2062 vestra
415 2004 714 2063 debuerim
738 2009 1052 2081 majestati,
1079 2010 1178 2064 sed
1209 2025 1302 2065 me
1322 2017 1536 2066 sanctes
1557 2010 1855 2082 opinionis

187 2098 389 2152 vestro
431 2097 592 2154 zelus
639 2096 873 2170 impulit
919 2098 992 2153 ad
1052 2097 1434 2170 loquendum,
1486 2103 1542 2156 et
1585 2100 1851 2158 Ecclesiae

166 2182 348 2241 illius
378 2184 621 2259 indigna
640 2187 937 2256 contritio,
972 2186 1063 2243 cui
1086 2187 1288 2244 multis
1318 2205 1387 2243 ex
1417 2190 1617 2246 causis
1638 2190 1711 2246 ab
1743 2206 1855 2246 an-

185 2273 351 2346 tiquo
379 2288 514 2330 eum
565 2274 821 2346 plurIma
869 2273 1151 2331 charitate
1191 2275 1518 2332 devinctus.
1559 2277 1690 2335 Scio
1715 2278 1855 2350 quia

186 2362 477 2434 acceptior
504 2361 617 2419 erit
661 2361 720 2418 in
753 2362 997 2419 auribus
1042 2362 1254 2420 vestris
1298 2362 1599 2437 diligentis
1645 2366 1854 2424 devota

186 2447 566 2521 praeumptio
595 2463 772 2521 quam
805 2448 983 2507 fallax
1013 2450 1333 2508 assentatio
1373 2450 1749 2512 blandientis.

907 2556 1137 2615 xxxn.

505 2658 581 2700 an
608 2660 881 2706 somnum
909 2661 1102 2703 raram
1130 2663 1534 2706 autumnans.

250 2751 488 2818 Quoties
518 2751 735 2824 aliquis
755 2753 908 2824 apud
948 2755 1310 2824 maiestatem
1332 2763 1580 2813 vestram
1606 2757 1852 2817 humili-

183 2839 325 2896 tatis
351 2843 563 2898 nostrai
583 2841 854 2914 precibus
883 2842 1102 2914 expetit
1127 2844 1413 2915 adjuvari,
1438 2844 1762 2904 honestatis
1793 2854 1852 2906 et

180 2929 430 3002 justitio
452 2930 797 3004 diligentius
819 2932 1147 2990 habendam
1161 2935 1464 2993 considero
1482 2936 1786 3009 rationem,
1800 2940 1850 2997 si

185 3036 533 3094 apersonam
582 3021 863 3080 honestas
904 3022 993 3080 vel
1046 3040 1284 3082 caueam
1350 3026 1617 3084 videatur
1651 3030 1848 3101 JustIti

185 3112 617 3170 commendare.
670 3112 767 3170 His
807 3113 1023 3170 etenim
1073 3114 1202 3171 dua».
1249 3116 1491 3174 virtutes
1531 3124 1673 3176 aunt
1702 3138 1851 3194 quae

185 3201 341 3272 apud
362 3200 765 3258 excellentiam
783 3209 1028 3259 vestram
1054 3203 1214 3260 nullo
1237 3206 1559 3277 patrocinio
1576 3208 1847 3267 novimus

183 3287 468 3361 indigere,
494 3288 708 3361 quibus
728 3288 877 3347 ultro
900 3290 1149 3363 gratiam
1181 3292 1490 3363 exhibetis,
1512 3309 1644 3350 cum
1667 3295 1849 3355 altera

183 3393 285 3434 vos
331 3377 394 3434 in
439 3378 818 3450 proeconium,
869 3378 1049 3437 altera
1095 3379 1320 3439 mundo
1367 3388 1738 3456 proposuerit
1773 3388 1843 3443 ad

183 3470 536 3540 exemplum.
571 3468 688 3525 Hoc
728 3468 1002 3526 nimirum
1049 3474 1330 3542 praetextu
1384 3489 1487 3545 pro
1538 3473 1599 3529 P.
1650 3474 1847 3533 Picta-

182 3555 368 3614 vienei
416 3557 828 3616 archidiacono
873 3564 1216 3632 precaturus
1261 3564 1493 3632 accedo,
1529 3580 1705 3636 quem
1736 3569 1848 3623 Ec-

183 3644 372 3703 cleeiae
402 3662 522 3703 suoe
553 3647 756 3706 utilem
798 3648 1105 3720 perhibent
1151 3653 1277 3707 tum
1326 3652 1612 3710 sedulitas
1642 3653 1842 3718 officii,

182 3736 313 3791 tum
343 3735 729 3794 beneficentIa
755 3737 816 3795 in
838 3739 1155 3811 subjectos,
1189 3743 1312 3796 tum
1346 3742 1577 3799 bonitas
1616 3743 1676 3799 in
1707 3760 1844 3802 con·

182 3828 391 3891 sortes,
442 3829 566 3883 tum
614 3826 868 3899 denique
916 3827 1067 3885 cIrca
1117 3828 1430 3886 Ecclesiam
1465 3848 1634 3888 suam
1668 3850 1843 3891 nova·

183 3927 314 3969 rum
342 3914 719 3987 amplificatio
750 3916 1111 3976 facultatum.
1138 3917 1356 3977 Idcirco
1384 3920 1634 3979 sicausee
1656 3921 1842 3994 ipsius

182 4000 437 4072 qualitas
482 4002 831 4075 inquiratur,
881 4006 940 4062 id
983 4007 1131 4077 juris
1161 4024 1226 4066 se
1263 4008 1323 4065 iu
1365 4010 1619 4082 quodam
1652 4011 1841 4069 archi-

180 4088 580 4161 presbyteratu
628 4107 734 4148 suo
781 4095 1082 4151 contendit
1118 4096 1354 4166 habere,
1387 4100 1539 4171 quod
1571 4104 1693 4157 tam
1726 4101 1840 4174 ipsi

180 4190 358 4249 quam
380 4178 657 4236 omnibus
676 4177 807 4237 aliis
829 4181 1248 4241 archidiaconis
1274 4186 1333 4242 in
1356 4189 1633 4245 omnibus
1653 4189 1840 4246 archi-

178 4266 668 4338 presbyteratibus
715 4269 843 4326 suis
890 4273 1058 4326 vetus
1089 4272 1357 4331 Ecclesia
1390 4274 1550 4332 illius
1580 4292 1835 4336 consue-

1960 419 2177 460 nunrus
2242 400 2607 459 Lexoviensie
2672 401 2937 460 Ecclesiae
3018 401 3265 460 humilis
3341 403 3637 475 minister,

1970 492 2222 550 salutem
2265 497 2323 549 et
2368 492 2626 549 debitam
2655 507 2793 550 cum
2843 491 3099 564 plurima
3128 493 3431 552 devotione
3471 510 3639 553 reve·

1970 583 2243 640 rentiam.

2031 670 2277 729 Litterae
2306 668 2683 728 beatitudinis
2706 677 2906 728 vestrm
2936 674 3101 729 tanto
3132 670 3342 744 majori
3373 671 3637 745 suscepi·

1963 777 2097 818 mus
2126 759 2440 829 hilaritate,
2474 767 2691 832 quanto
2722 774 2819 817 eae
2860 775 2932 816 ex
2977 758 3238 816 uberiori
3270 759 3637 833 pinguedine

1961 849 2260 908 charitatis
2282 849 2549 906 novimus
2572 848 2942 922 processisse.
2956 849 3174 906 Praeter
3194 847 3358 906 illam
3377 863 3636 922 namque

1963 937 2337 1010 purissimam
2394 952 2569 1008 quam
2616 952 2756 1008 erga
2798 953 2908 994 nos
2956 936 3187 994 habetis
3237 936 3633 1007 affectionem,

1961 1026 2278 1100 quamdam
2309 1026 2436 1083 vitis
2461 1026 2772 1083 novitatem
2801 1025 3111 1099 zelumque
3133 1025 3377 1098 justitioe
3416 1026 3638 1086 redole-

1962 1118 2125 1183 bant,
2154 1117 2299 1173 adeo
2325 1123 2388 1172 ut
2417 1115 2634 1188 singuli
2664 1115 2859 1188 apices
2880 1115 3138 1187 pristina
3170 1116 3624 1188 magnificentia

1960 1205 2208 1278 vitaeque
2237 1204 2508 1261 novitatis
2555 1203 2928 1262 dulcedinem
2976 1203 3289 1262 stillarent.
3342 1205 3440 1261 Sic
3485 1220 3624 1278 ergo

1965 1299 2187 1353 etatum
2236 1297 2515 1367 susceptae
2565 1293 2866 1367 dignitatis
2924 1293 2999 1350 ab
3045 1310 3111 1351 eo
3159 1294 3263 1367 qui
3304 1310 3409 1353 voe
3453 1292 3630 1367 elegit

1960 1383 2269 1456 temperari
2334 1382 2611 1454 petimus.
2675 1389 2735 1440 ut
2809 1382 3309 1454 magnificentiam
3374 1387 3630 1442 vestram

1958 1473 2231 1530 sanctitas
2279 1488 2393 1529 non
2442 1472 2684 1540 adimat,
2742 1488 2850 1529 nec
2906 1471 3346 1545 magnificentia
3392 1472 3630 1531 minuat

1961 1562 2353 1629 sanctitatem,
2405 1560 2508 1618 sed
2536 1561 2719 1633 aequie
2756 1565 3104 1618 concurrant
3136 1561 3433 1634 passibus,
3463 1565 3528 1619 et
3551 1562 3625 1619 ad

1963 1651 2174 1707 divinae
2203 1651 2449 1707 formam
2476 1650 2956 1708 sanctificationis
2994 1649 3208 1707 Christi
3249 1649 3630 1708 sanctificent

1963 1743 2021 1797 et
2047 1739 2374 1811 glorificent
2402 1739 2777 1795 sacerdotem.
2812 1737 3089 1796 Sanctitas
3119 1738 3277 1795 enim
3320 1741 3373 1796 ct
3402 1739 3627 1812 magni·

1962 1828 2184 1898 licentia
2227 1830 2287 1884 in
2317 1826 2754 1898 sanctificatione
2789 1829 2905 1900 ejus
2934 1828 3111 1899 (Psal.
3143 1828 3308 1900 xcv);
3343 1844 3455 1886 nec
3495 1845 3629 1886 ma-

1963 1918 2054 1990 gis
2084 1934 2201 1974 una
2230 1933 2404 1989 quam
2434 1915 2631 1985 altera,
2667 1931 2770 1973 nec
2800 1933 2918 1974 una
2945 1920 3235 1990 quantum
3265 1933 3379 1974 non
3412 1917 3617 1987 altera,

1963 2008 2062 2063 sed
2096 2006 2250 2063 sicut
2276 2021 2509 2079 semper
2545 2005 2629 2062 ita
2656 2009 2715 2062 et
2742 2005 2959 2078 pariter
2986 2005 3349 2077 sempiterna
3379 2006 3620 2065 deitatis

1964 2095 2255 2151 illustrant
2312 2099 2370 2151 et
2426 2094 2749 2152 clarificant
2808 2095 3195 2167 majestatem.
3247 2094 3488 2167 Repleta
3536 2102 3629 2157 est

1963 2180 2145 2256 igitur
2192 2183 2389 2240 anima
2435 2199 2567 2240 mea
2603 2181 2995 2254 jucunditatis
3042 2182 3339 2240 interioris
3379 2184 3547 2257 adips
3576 2194 3634 2243 et

1963 2273 2263 2331 exterioris
2291 2272 2621 2344 pinguedine
2648 2272 2823 2343 (Psal.
2856 2272 3018 2345 Lxu),
3045 2272 3296 2346 dignum
3327 2274 3400 2331 ad
3433 2273 3628 2348 digni-

1962 2367 2138 2419 tatem
2170 2362 2372 2418 videne
2411 2361 2631 2419 evocari
2662 2376 2833 2434 quem
2865 2360 3138 2434 plurimis
3168 2362 3391 2434 experti
3423 2379 3627 2423 eumue

1962 2450 2195 2508 indiciis
2224 2450 2414 2507 zelum
2444 2450 2659 2508 babere
2687 2459 2741 2507 et
2762 2449 3025 2523 peritiam
3057 2450 3173 2507 sibi
3204 2451 3475 2509 subditos
3507 2471 3623 2525 gu-

1961 2539 2246 2597 bernandi
2271 2557 2285 2608 ;
2314 2539 2453 2612 quia
2500 2540 2752 2612 profecto
2777 2540 3046 2611 propheta
3087 2557 3319 2612 maanus
3364 2536 3628 2600 surrexit

1963 2631 2026 2688 in
2054 2629 2231 2698 nobis,
2278 2634 2334 2686 et
2383 2629 2519 2686 Deus
2557 2630 2798 2687 visitavit
2841 2632 3055 2704 plebem
3096 2646 3256 2687 suam
3302 2631 3454 2704 (Luc.
3493 2632 3622 2704 vu).

1961 2717 2335 2791 imperabitis
2366 2717 2510 2774 mihi
2540 2722 2815 2790 tanquam
2847 2726 3057 2787 vestro,
3098 2719 3377 2792 quoniam
3406 2724 3527 2777 tam
3558 2721 3619 2776 in

1962 2829 2213 2884 persona
2255 2828 2432 2885 quam
2467 2811 2838 2870 facultatibus
2869 2810 3055 2884 parati
3086 2826 3292 2868 sumus
3324 2811 3620 2869 universis

1962 2905 2171 2963 vestris
2199 2905 2598 2963 voluntatibus
2638 2904 2882 2978 obsequi
2931 2908 2988 2963 et
3019 2904 3372 2963 utilitatibus
3431 2905 3624 2963 deser-

1958 2996 2101 3053 vire.
2134 2995 2353 3054 Valete.

1882 3074 1928 3144 C
2032 3087 2160 3143 Hoec
2190 3091 2387 3143 autem
2417 3086 2620 3158 scripsi
2653 3085 2814 3143 vobis
2844 3085 2904 3141 in
2937 3085 3041 3142 hac
3071 3085 3371 3153 brevitate,
3404 3101 3520 3143 non
3554 3092 3621 3145 ut

1958 3181 2160 3232 vestrae
2212 3175 2586 3232 rescriberem
2620 3174 2930 3245 maJestati,
2971 3174 3071 3232 sed
3105 3178 3165 3231 ut
3200 3174 3401 3231 sciatis
3433 3191 3540 3232 noe
3562 3179 3619 3232 et

1958 3266 2233 3322 nuntium
2265 3269 2523 3322 vestrum
2553 3263 2783 3331 vidisse,
2813 3267 2871 3320 et
2891 3270 3091 3321 vestrae
3121 3262 3483 3336 dignationis
3515 3263 3616 3321 lit-

1957 3358 2116 3411 teras
2149 3354 2488 3426 suscepisse.

2659 3478 2910 3536 XXXIV.

1953 3606 2029 3645 an
2051 3605 2313 3646 sanorum
2331 3604 2568 3645 ‘rnoum
2593 3605 2658 3643 ca
2667 3603 3068 3645 multaret-<ssu
3086 3601 3614 3658 necareriscoruu.

2024 3715 2354 3774 Venerabili
2403 3720 2458 3771 et
2487 3714 2696 3772 dilecto
2745 3713 3003 3781 domino,
3035 3718 3093 3771 et
3123 3713 3276 3770 Patri
3307 3729 3415 3770 suo
3455 3714 3616 3770 Tuo·

1954 3823 2075 3875 we,
2123 3804 2224 3862 Dei
2298 3803 2483 3876 gratia
2536 3802 2938 3860 Cantuarienei
3019 3800 3480 3875 archiepiscopo,
3539 3802 3614 3858 ad

1953 3896 2364 3969 properitatem
2413 3898 2470 3950 et
2512 3892 2758 3951 salutem
2789 3892 3003 3964 spiritu
3030 3892 3264 3951 consilii
3295 3901 3351 3949 et
3379 3892 3611 3950 fortitu·

1950 3986 2106 4044 dinis
2131 3984 2452 4059 pervenire.

2021 4076 2294 4149 Magnam
2326 4073 2471 4130 mihi
2503 4072 2760 4130 laetitiam
2791 4071 3144 4145 dignationis
3172 4073 3372 4128 vestrm
3401 4070 3610 4128 litteras

1948 4164 2334 4225 contulerunt.
2369 4164 2587 4231 Quibus
2612 4161 2922 4234 diligenter
2959 4161 3245 4232 siquidem
3278 4163 3366 4218 ter
3395 4161 3610 4219 iterata

1947 4256 2190 4312 lectione
2240 4251 2552 4327 perspectis
2600 4251 2746 4307 nihil
2796 4251 3093 4308 inventum
3140 4254 3252 4321 est,
3300 4252 3456 4323 quod
3493 4269 3606 4309 non

179 4355 320 4412 tudo
339 4358 667 4414 confirmat.
689 4359 862 4417 Porro
889 4376 1248 4431 supervacua
1267 4363 1500 4421 videtur
1521 4368 1836 4438 quaestione
1944 4348 2046 4399 ⁸⁰¹³
2092 4342 2488 4399 humilitatem
2527 4345 2776 4411 saperem
2806 4343 2906 4397 “ut
2934 4339 3401 4441 ²⁰¹⁰m‚j¹3⁸ti¹iae
3433 4340 3605 4398 καθ’

176 4446 543 4514 vexari,cnm
558 4446 684 4505 sola
702 4447 781 4504 sit
808 4449 880 4505 de
902 4450 1029 4507 sola
1044 4452 1532 4525 archipresbyteri
1554 4455 1833 4516 electione
1866 4430 1912 4495 D
1944 4431 2101 4490 leret·
2136 4430 2362 4487 P¹³⁰¹¹it
2384 4430 2525 4487 mihi
2545 4430 2705 4487 ²⁰¹¹¹⁸
2736 4434 2946 4497 ”³²⁶⁸
2972 4430 3108 4501 (μὴ
3131 4446 3329 4501 ¹9⁸⁰OE
3362 4431 3604 4488 mmm*

174 4536 490 4606 contentio,
522 4552 658 4595 cum
687 4538 760 4596 ab
788 4538 1194 4597 archidiacono
1227 4541 1376 4599 tacta
1403 4544 1472 4599 ad
1508 4545 1834 4619 episcopale

173 4625 245 4682 de
275 4626 696 4684 consuetudine
723 4628 1004 4685 referatur
1023 4630 1352 4703 arbitrium,
1380 4649 1627 4706 eamque
1644 4640 1834 4709 potest

172 4716 514 4775 auctoritate
560 4733 689 4789 sua,
723 4718 837 4775 nisi
888 4719 1055 4776 luerit
1086 4720 1311 4791 idonea,
1346 4725 1672 4795 reprobare.
1704 4728 1829 4783 Ces·—

169 4809 360 4862 terum
389 4806 441 4864 si
469 4821 537 4864 eo
566 4806 746 4866 invito
775 4808 836 4864 in
866 4807 1339 4867 archidiaconatu
1371 4813 1498 4883 ejus
1538 4815 1828 4889 archipre-

173 4894 371 4967 sbyter
389 4895 564 4952 ruerit
592 4896 924 4969 institutus,
957 4897 1280 4971 plurImum
1313 4900 1667 4960 utilitatibus
1699 4906 1827 4977 eius

169 4988 229 5041 et
257 4984 462 5043 honori
489 4989 784 5047 constabit
807 5005 932 5048 esse
976 4992 1369 5063 subtractum,
1401 5010 1533 5052 cum
1564 4996 1615 5052 ei
1646 4996 1704 5053 in
1732 5016 1823 5055 ar-

169 5072 578 5132 chidiaconatu
599 5092 706 5134 suo
736 5078 885 5137 alius
916 5081 1349 5152 quodammodo
1379 5085 1827 5145 archidiaconus

166 5164 536 5223 adnascatur.

867 5292 1119 5353 XXXIII.

282 5396 356 5436 an
396 5396 638 5440 ‘reomau
670 5398 1140 5443 CANTUAMRNSEM
1169 5403 1685 5449 ancaramscorum.

236 5484 592 5548 Charissimo
622 5491 857 5552 domino
877 5509 979 5555 suo
998 5493 1224 5555 Tuom
1249 5501 1330 5555 De
1359 5498 1547 5572 gratla
1565 5500 1816 5561 Cantus·

1944 4521 2392 4580 commendabat
2435 4519 2760 4587 humilitas,
2811 4524 3134 4591 mutuoque
3190 4518 3302 4575 eibi
3349 4520 3602 4577 invicem

1946 4613 2137 4669 favore
2178 4610 2333 4668 zelus
2380 4614 2436 4667 et
2478 4610 2773 4666 humilitas
2821 4608 3262 4666 concurrebant.
3313 4609 3409 4666 Sic
3440 4610 3602 4667 enim

1938 4706 2165 4774 oportet
2196 4704 2254 4756 ut
2288 4698 2586 4758 humilitas
2619 4698 2856 4756 fervoris
2885 4699 3156 4756 incendia
3203 4702 3510 4771 temperet,
3542 4704 3604 4757 et

1937 4789 2287 4848 humilitatis
2319 4788 2663 4846 modestiam
2696 4788 2855 4845 zelus
2884 4788 3093 4846 excitet
3114 4792 3173 4843 et
3192 4787 3493 4856 accendat,
3526 4805 3602 4847 ne

1938 4879 2114 4937 autin
2146 4878 2688 4951 pusillanimitatem
2710 4877 3026 4935 descendat
3054 4875 3379 4946 humilitas,
3413 4877 3601 4935 autin

1936 4967 2191 5024 furorem
2256 4966 2414 5023 zelus
2458 4965 2735 5022 incitatus
2776 4965 3036 5022 excedat.
3089 4964 3188 5020 Hie
3245 4965 3425 5035 igitur
3469 4981 3603 5023 sese

1934 5056 2182 5114 invicem
2205 5060 2413 5113 mutua
2433 5055 2712 5113 charitate
2737 5053 3051 5125 complexis
3077 5052 3331 5111 intellexi
3359 5056 3597 5114 tertiam

1934 5145 2162 5202 duabus
2192 5144 2509 5202 accessisse
2537 5141 2947 5207 constantiam,
2978 5157 3108 5215 quae
3152 5141 3377 5198 eanctis
3405 5142 3595 5199 initiis

1932 5233 2090 5292 laetos
2137 5233 2326 5291 exitus
2372 5238 2429 5291 et
2471 5231 2663 5291 felices
2707 5231 2841 5288 forti
2888 5231 3179 5303 patientia
3229 5231 3590 5302 repromittit

1931 5328 2217 5382 eventus:
2267 5323 2390 5381 haec
2437 5323 2727 5396 siquidem
2778 5321 2838 5377 in
2885 5321 3047 5378 vobis
3095 5335 3201 5378 nec
3238 5319 3454 5377 damna
3483 5338 3592 5380 nec

1929 5414 2162 5472 labores
2175 5414 2445 5486 attendit,
2457 5413 2559 5471 sed
2581 5410 2740 5471 omni
2753 5411 2949 5470 studio
2961 5411 3195 5469 sincerae
3217 5410 3588 5469 conscientiae

1927 5503 2322 5565 testimonium
2335 5501 2878 5580 quaerene,fcrtunoe
2908 5500 3085 5563 simul
3099 5504 3426 5573 etpersonae
3448 5516 3599 5563 nau-
