3784 6000
176 280 257 349 99
1230 277 1579 340 ARNULFI
1623 272 2145 339 LEXOVIENSIS
2188 272 2538 337 EPISCOPI

3476 274 3593 336 100

175 420 511 478 desiderato
536 421 635 477 diu
658 418 945 476 libertatis
965 418 1266 489 coeperunt
1285 414 1456 471 initia
1472 413 1824 482 consecrari,
1855 414 1908 480 Α
1938 412 2094 467 dam.
2120 410 2306 482 Super
2318 413 2446 482 :quo
2477 409 2628 479 apud
2648 407 3051 465 excellentiam
3081 413 3333 466 vestram
3372 409 3591 466 multo-

173 498 427 584 benigne
472 508 789 581 suscipite3
831 505 1062 578 ipsique
1110 504 1181 560 ad
1214 503 1648 560 exsecutionem
1680 501 1829 559 tanti

172 599 366 673 operis
388 599 774 656 necessariam
798 597 868 653 de
900 594 1336 668 magnificentia
1356 592 1586 649 virtutis
1601 599 1828 665 aposto·

171 687 300 745 linas
337 688 593 744 conferte
642 685 940 750 fiduciam,
973 687 1038 738 ut
1070 682 1346 755 primitia
1379 689 1588 739 nostrae
1618 680 1829 738 vestris

169 767 401 849 semper
414 775 690 846 auspiciis
714 773 1124 829 convalescant
1139 772 1332 828 etloeto
1346 774 1831 827 consummentur

169 866 399 923 effectu.
434 864 516 919 Ad
549 880 648 920 voa
678 863 942 919 omnium
969 862 1232 918 fidelium
1264 860 1440 929 oculi,
1470 860 1543 916 ad
1576 876 1676 916 vos
1707 876 1830 916 om·

170 955 335 1011 nium
366 951 763 1010 Ecclesiarum
795 959 925 1008 vota
952 951 1269 1023 suspirant,
1302 954 1367 1006 ut
1395 966 1465 1006 ex
1492 949 1602 1006 hoc
1630 949 1726 1020 qui
1757 947 1829 1003 li-

171 1042 455 1099 bertatem
489 1041 711 1098 habent
740 1039 1027 1097 retinendi
1056 1037 1358 1107 fiduciam,
1379 1044 1434 1095 et
1463 1037 1701 1109 quinon
1722 1036 1825 1092 ha-

173 1130 315 1188 bent
343 1146 513 1203 spem
544 1129 882 1202 concipiant
896 1127 1221 1185 obtinendi.
1240 1128 1324 1183 Ad
1355 1128 1496 1194 bec,
1526 1126 1637 1183 hoc
1656 1142 1825 1198 opus,

171 1216 282 1275 hoc
313 1218 601 1285 studium,
630 1216 753 1273 baec
780 1215 1048 1289 martyris
1071 1214 1408 1287 illinsjugis
1439 1213 1549 1271 fuit
1577 1212 1828 1271 intentio

170 1305 464 1374 Ecclesia,
495 1303 589 1361 cui
622 1308 888 1377 praeerat,
922 1304 1209 1360 redimere
1237 1302 1605 1373 libertatem;
1638 1301 1733 1358 hic
1753 1300 1828 1358 la-

173 1396 330 1454 boris
358 1398 608 1467 fructus,
640 1394 764 1451 haec
795 1410 1013 1452 merces
1035 1393 1366 1466 sanguinis,
1389 1393 1499 1451 hoc
1520 1393 1828 1466 praemium

175 1485 491 1561 passionis.
508 1484 651 1551 Quia
671 1501 804 1541 vero
823 1484 918 1541 ille
936 1485 1090 1540 hunc
1113 1484 1268 1541 velut
1291 1484 1577 1540 boeredem
1609 1488 1668 1539 et
1687 1499 1829 1539 suc-

146 1566 462 1633 cessorem
495 1575 901 1631 conservande
949 1574 1234 1630 libertatis
1268 1572 1461 1645 elegit,
1509 1572 1827 1645 gloriosum

173 1666 341 1724 vobis
370 1672 458 1722 est
477 1664 778 1736 cooperari
804 1664 1044 1736 martyri
1064 1668 1122 1719 et
1143 1663 1332 1737 ipsius
1364 1661 1548 1719 initiis
1571 1666 1827 1719 vestrum

173 1754 386 1813 addere
416 1753 934 1825 complementum,
968 1756 1033 1808 ut
1060 1752 1381 1825 operationi
1413 1753 1543 1823 ejus
1571 1749 1826 1822 operatio

173 1847 364 1901 vestra
376 1841 532 1900 velut
544 1840 745 1899 eodem
760 1840 968 1914 spiritu
988 1845 1255 1913 vegetata
1274 1844 1602 1897 concurrat.
1626 1838 1826 1910 Ipsum

173 1949 308 2007 ergo
356 1931 430 1990 ad
479 1948 629 2005 opus
657 1932 727 1987 ad
776 1932 931 2003 quod
964 1935 1083 1987 tam
1117 1934 1338 1995 sancte,
1378 1934 1497 1986 tam
1526 1929 1830 1986 celebriter

171 2025 514 2092 assumptus
538 2023 649 2086 est,
677 2033 809 2075 cum
842 2017 1003 2074 omni
1027 2019 1396 2075 festinatione
1419 2016 1713 2084 remittite,
1755 2030 1828 2073 ne

171 2110 246 2167 de
271 2109 531 2168 absentia
578 2109 711 2179 ejus
752 2108 1119 2165 occasionem
1168 2107 1391 2164 malitia
1438 2106 1741 2165 contrahat
1769 2109 1828 2161 et

170 2196 427 2256 rediviva
439 2196 713 2270 potentiis
734 2196 1035 2253 saecularis
1057 2196 1613 2268 incipiantgermina
1631 2195 1827 2268 pullu-

168 2287 329 2356 lare;
380 2287 482 2343 sed
537 2301 635 2356 per
685 2286 864 2341 istum
907 2285 1202 2341 beatitudo
1241 2290 1428 2342 vestra
1457 2287 1826 2341 renascentes

171 2374 446 2450 parvulos
493 2379 682 2430 teneat
732 2379 791 2429 et
837 2372 1038 2429 allidat
1086 2374 1159 2429 ad
1208 2381 1449 2444 petram,
1479 2372 1828 2444 sublatoque

170 2466 429 2538 pristinis
461 2462 757 2520 servitutis
787 2462 997 2535 elogio,
1048 2461 1300 2520 Ecclesia
1354 2463 1451 2519 Dei
1494 2460 1827 2519 laetabunda

172 2552 468 2628 procedat,
484 2551 826 2621 meritisque
851 2550 1010 2606 illius
1031 2550 1303 2608 etvestris
1324 2551 1397 2608 de
1415 2551 1656 2622 antiqua
1675 2565 1830 2607 sem·

172 2657 275 2716 per
318 2639 623 2712 iniquitate
670 2637 1066 2712 triumphans,
1111 2638 1377 2696 hostibus
1417 2639 1542 2696 suis
1583 2637 1828 2709 incipiat

172 2745 455 2805 apparere
467 2727 750 2786 terribilis
767 2732 829 2784 ut
842 2735 1163 2784 castrorum
1179 2728 1333 2785 acies
1346 2729 1633 2785 ordinata.
1648 2729 1826 2785 Porro

173 2819 462 2891 intelllgat
481 2819 767 2892 sapientia
786 2823 976 2876 vestra
988 2835 1100 2875 non
1124 2819 1314 2876 solum
1341 2819 1651 2891 provinciae
1672 2817 1829 2875 illius

176 2916 235 2968 et
254 2910 415 2985 regni
424 2952 439 2980 ,
466 2910 563 2967 sed
583 2908 832 2967 aliorum
854 2909 1028 2966 etiam
1054 2925 1363 2982 regnorum
1378 2909 1663 2967 desideria
1681 2925 1829 2981 sup-

178 3000 415 3077 plicare,
441 3000 511 3058 ad
562 3016 924 3073 quaecunque
953 3000 1138 3056 sancti
1188 2999 1345 3056 illius
1394 3004 1514 3057 tam
1546 2997 1827 3057 relatione

179 3105 358 3164 quam
410 3090 674 3163 prasenti
704 3090 1060 3161 inspectione
1091 3089 1386 3163 magnalia
1415 3093 1821 3161 pervenerunt.

325 3286 400 3327 an
426 3284 787 3326 wmuffluu
829 3286 1330 3328 cssouannnusm
1359 3286 1706 3326 spiscopus«.

252 3357 472 3416 Verum
492 3362 581 3416 est
599 3360 659 3414 in
689 3358 1111 3431 archiepiscopi
1129 3358 1408 3415 electione
1436 3357 1832 3432 suffraganeo·

182 3462 315 3506 rum
350 3447 670 3504 desiderari
701 3448 1091 3520 praesentiam,
1125 3452 1187 3503 ut
1212 3464 1438 3517 eorum,
1459 3447 1670 3519 quibus
1699 3462 1833 3519 proe·

180 3551 311 3595 esse
330 3536 527 3607 babet,
545 3536 792 3594 consilio
816 3551 908 3593 res
930 3535 1149 3592 utiliter
1168 3536 1397 3608 disponi
1423 3535 1608 3607 possit
1627 3543 1680 3591 et
1699 3552 1834 3592 con-

180 3625 437 3683 niventia
467 3626 822 3683 confirmari.
845 3627 1128 3681 Asserunt
1152 3630 1345 3681 autem
1369 3624 1634 3681 canonici
1652 3624 1837 3681 Turo-

179 3730 392 3773 nenses
406 3730 469 3771 se
481 3713 632 3771 nibil
651 3713 711 3770 in
726 3713 1003 3771 offensam
1016 3716 1266 3770 vestram
1286 3713 1356 3768 de
1382 3711 1832 3783 praesumptione

177 3809 282 3863 aut
295 3804 566 3877 snperbia
581 3804 770 3862 facere
783 3801 1072 3870 voluisse;
1102 3802 1200 3859 aed
1224 3800 1474 3874 plurima
1494 3800 1833 3857 necessitate

175 3894 514 3968 compulsos
533 3896 888 3952 accelerasse
908 3894 1062 3966 quod
1091 3893 1308 3949 factum
1327 3900 1436 3947 est.
1454 3890 1762 3958 Quoniam,
1780 3890 1833 3945 si

175 3984 506 4052 differrent,
540 3983 727 4040 multa
759 3984 832 4039 iis
853 3981 1290 4056 impedimenta,
1320 3980 1381 4036 in
1412 3980 1830 4036 detrimentum

173 4074 441 4131 Ecclesia
479 4071 669 4129 multa
697 4073 998 4129 obstacula
1037 4070 1470 4144 comparebant.
1520 4070 1630 4127 Sed
1672 4069 1830 4126 etde

171 4171 495 4235 opportuno
507 4161 1166 4236 episcoporumadventu
1193 4159 1442 4216 maxime
1456 4158 1827 4219 dubitabant.

173 4268 308 4309 cum
327 4255 651 4323 tempestas
680 4250 827 4322 ipsa,
849 4265 973 4323 quai
999 4252 1461 4320 circumquaque
1480 4247 1828 4322 estldiffusa,

173 4339 435 4413 singulos
466 4339 526 4395 in
551 4339 820 4411 precibus
835 4339 961 4396 suis
985 4338 1233 4395 detineat
1256 4341 1315 4393 et
1333 4335 1539 4393 multis
1556 4336 1825 4407 ‚necessi-

174 4429 747 4503 tatibusoccupatos.
781 4428 1129 4484 Audivimus
1162 4431 1355 4483 autem
1386 4424 1589 4482 multis
1622 4441 1824 4482 eorum

1938 517 2070 557 rum
2093 499 2401 556 desideriis
2419 497 2776 555 desiderium
2808 501 3076 554 nostrum
3107 503 3167 556 et
3185 514 3383 570 preces
3413 514 3597 571 prect-

1939 590 2052 647 bus
2082 589 2358 645 duximus
2388 588 2812 659 adjungendas,
2850 596 2910 643 ut
2931 589 2999 644 ad
3023 603 3379 645 consensum
3400 588 3594 660 operis

1936 685 1995 736 et
2011 680 2280 738 effectum
2313 681 2501 736 vestra
2533 678 2863 751 benignitas
2892 677 3244 735 inclinetur:
3277 682 3336 734 et
3361 694 3513 748 ¹eum
3534 679 3591 735 id

1939 770 2007 824 ad
2038 785 2138 825 vos
2168 767 2555 840 principalius
2585 767 2797 824 habeat
2827 766 3138 837 pertinere,
3188 771 3378 824 vestra
3408 767 3595 840 possit

1938 858 2263 929 promptior
2311 857 2375 913 in
2425 856 2613 930 operis
2661 857 3028 913 exsecutione
3083 860 3141 912 et
3168 855 3595 928 complemento

1937 948 2123 1017 gratia
2168 945 2527 1020 recognosci.
2576 945 2878 1018 Siquidem
2928 944 3039 1003 hoc
3077 947 3227 1002 facto
3271 945 3589 1003 multorum

1935 1034 2099 1092 vobis
2127 1033 2363 1093 laudem
2393 1039 2451 1091 et
2478 1035 2731 1108 gratiam
2763 1034 3093 1107 acquiretis,
3145 1050 3331 1104 neque
3369 1034 3589 1092 bonum

1935 1127 2028 1181 est
2074 1130 2132 1180 ut
2161 1123 2438 1181 sanctitas
2486 1127 2681 1181 vestra
2719 1122 2872 1180 inter
2917 1126 3002 1180 tot
3040 1124 3506 1196 perturbationes
3534 1128 3592 1181 et

1937 1213 2232 1283 scandala,
2278 1230 2406 1286 quas
2435 1229 2503 1270 ex
2533 1214 2693 1270 omni
2725 1220 2907 1286 parte,
2940 1212 3190 1285 peccatis
3220 1213 3437 1270 nostris
3466 1214 3592 1270 exi—

1936 1301 2229 1374 gentibus,
2256 1302 2615 1359 incessanter
2634 1306 2961 1375 emergunt.
2992 1301 3077 1357 Ad
3101 1301 3413 1358 vindictam
3444 1301 3592 1359 tole-

1937 1389 2231 1462 rabilisinj
2241 1389 2614 1459 uriae,vestro
2631 1389 3093 1460 Ecclesioe,quus
3106 1393 3389 1462 tanquam
3404 1391 3595 1462 major

1936 1484 1995 1537 et
2035 1480 2456 1553 primogenitus
2486 1481 2642 1536 filius
2671 1480 2828 1548 estis,
2869 1483 3103 1536 tantum
3134 1480 3591 1553 perturbationis

1937 1568 2150 1625 inferat
2178 1575 2235 1625 et
2273 1568 2514 1627 laboris.
2546 1568 2617 1625 Et
2662 1585 2754 1624 res
2786 1568 3051 1624 fortassis
3082 1568 3155 1624 ad
3188 1569 3459 1641 superius
3480 1572 3589 1626 de-

1938 1657 2113 1714 ducia
2132 1657 2423 1729 judicium
2449 1673 2758 1730 prosperos
2790 1657 3070 1713 sortietur
3094 1665 3350 1714 eventus.
3374 1658 3592 1714 Satius-

1936 1763 2049 1818 que
2078 1747 2250 1804 debet
2278 1763 2407 1804 esse
2436 1748 2758 1820 prudentias
2789 1751 2994 1803 vestrae
3015 1762 3208 1803 omme
3230 1747 3309 1803 rei
3331 1746 3592 1820 comple·

1937 1843 2222 1906 mentum,
2253 1837 2424 1909 quasi
2445 1837 2518 1893 de
2546 1844 2732 1893 vestro
2764 1834 3043 1892 beneficio
3074 1852 3209 1892 cum
3243 1835 3443 1892 multia
3462 1852 3595 1908 gra-

1937 1923 2157 1981 tiarum
2189 1925 2518 1982 actionibus
2556 1924 2878 1997 provenire,
2911 1941 3089 1997 quam
3122 1924 3285 1981 vobis
3326 1923 3528 1981 invitis
3558 1943 3592 1982 a

1937 2013 2225 2085 superiori
2256 2013 2561 2086 procedere
2592 2017 2892 2087 potestate.

2669 2101 2864 2158 Lxxl.

2292 2210 2367 2250 An
2398 2209 2667 2250 commum
2699 2210 2890 2249 parsu
2917 2208 3139 2251 Luctum
3160 2209 3244 2249 ιιι.

2008 2283 2255 2352 Quidam
2286 2285 2358 2340 de
2379 2284 2677 2341 canonicis
2703 2284 2917 2341 nostris
2937 2282 3409 2353 Lexoviensibus,
3431 2299 3590 2341 anno

1937 2374 2243 2446 praeterito,
2270 2375 2340 2429 de
2386 2389 2728 2446 paucorum,
2762 2390 2877 2430 non
2908 2373 2981 2429 de
3021 2373 3418 2429 universitatis
3447 2389 3589 2430 con-

1936 2465 2198 2535 scientia,
2214 2467 2285 2522 ad
2303 2467 2667 2535 majestatem
2689 2469 2941 2521 vestram
2961 2463 3182 2521 litteras
3197 2463 3584 2537 pertulerunt,

1935 2555 2115 2611 libere
2137 2555 2448 2611 adversum
2469 2570 2561 2610 me
2584 2570 2943 2628 qurecuuque
2955 2556 3261 2611 voluerunt
3283 2553 3593 2610 mendacia

1934 2645 2393 2702 conscribentes.
2428 2644 2575 2711 Quia
2595 2659 2726 2702 vero
2755 2644 3067 2700 adversum
3099 2660 3193 2700 me
3232 2643 3303 2699 de
3336 2641 3498 2698 nulla
3529 2642 3588 2699 in

1937 2735 2144 2791 falsum
2195 2739 2462 2808 poterant
2507 2736 2745 2792 veritate
2791 2734 3103 2800 confidere,
3154 2738 3212 2789 et
3243 2751 3336 2791 me
3372 2737 3591 2791 sancta

1934 2829 2207 2882 Romanae
2232 2825 2519 2893 Ecclesioe,
2550 2824 2624 2881 ab
2649 2824 2887 2880 ineunte
2908 2823 3301 2881 adolescentia
3322 2841 3455 2881 mea
3478 2840 3590 2881 no-

1933 2919 2064 2970 tum
2097 2919 2376 2971 noverant
2398 2918 2454 2970 et
2483 2923 2806 2984 acceptum,
2839 2914 3121 2985 famaeque
3166 2929 3309 2970 mea
3338 2913 3590 2985 integri-

1934 3007 2113 3062 tatem
2147 3005 2329 3063 multa
2358 3005 2514 3078 apud
2545 3018 2668 3061 eam
2692 3002 2879 3077 gloria
2899 3003 3290 3075 resplendere,
3322 3005 3394 3060 ad
3419 3020 3591 3061 men-

1935 3093 2196 3150 tiendum
2219 3094 2480 3150 securius
2513 3091 2764 3149 mirabili
2787 3107 3112 3163 processere
3142 3097 3496 3161 commento,
3526 3096 3594 3149 ut

1941 3182 2122 3239 multa
2150 3182 2309 3239 velut
2338 3183 2566 3239 infinita
2594 3182 3016 3255 confingerent,
3050 3189 3111 3237 ut
3149 3181 3308 3238 velut
3335 3182 3595 3239 auctori-

1940 3275 2120 3326 tatem
2171 3272 2379 3327 faceret
2421 3270 2645 3327 falsitas
2695 3269 2957 3336 falsitati,
3007 3286 3113 3326 nec
3143 3272 3254 3342 ipsi
3287 3272 3595 3328 mendaces

1939 3363 2180 3431 possent
2202 3360 2272 3415 de
2304 3364 2387 3416 tot
2415 3357 2773 3415 falsitatibus
2811 3359 3109 3428 aestimari,
3144 3363 3202 3415 et
3231 3358 3472 3415 fasiltati
3504 3365 3597 3416 te-

1939 3448 2280 3505 stimonium
2330 3448 2502 3504 fallax
2539 3448 2829 3504 videretur
2857 3447 3097 3504 assertio
3130 3448 3457 3520 perbibere.
3491 3449 3597 3506 Vix

1938 3539 2091 3596 enim
2124 3539 2281 3595 credi
2313 3542 2536 3608 poterat
2565 3538 2720 3609 quod
2742 3537 2935 3610 quivis
2957 3543 3334 3609 praesumeret
3364 3538 3602 3595 sinceri·

1937 3631 2119 3685 tatem
2142 3637 2393 3685 vestram
2424 3631 2510 3685 tot
2530 3634 2589 3684 et
2613 3628 2793 3683 tantis
2810 3626 3097 3684 offuscare
3120 3627 3464 3695 mendaciis,
3487 3643 3595 3684 nec

1934 3717 2150 3790 aliquis
2162 3717 2395 3789 eratqui
2412 3732 2536 3774 meo
2552 3720 2747 3788 posset
2759 3716 2995 3773 nomine
3014 3716 3366 3788 respondere
3387 3737 3404 3785 ς
3428 3717 3599 3774 satis-

1937 3821 2050 3880 que
2078 3811 2197 3862 erat
2229 3806 2299 3862 iis
2330 3806 2377 3861 si
2405 3807 2492 3862 vel
2525 3807 2595 3863 ad
2627 3810 2991 3862 momentum
3029 3805 3363 3878 opinionem
3399 3820 3595 3863 meam

1937 3899 2178 3967 possent
2205 3894 2264 3950 in
2294 3893 2491 3966 aliquo
2523 3894 2848 3967 denigrare,
2881 3901 3246 3966 vestramque
3285 3894 3358 3949 ad
3388 3893 3594 3950 ambi-

1936 4003 2117 4060 guum
2167 3987 2539 4059 aliquatenus
2605 3986 2836 4042 trahere
2882 3986 3273 4042 sanctitatem.
3326 3985 3596 4043 Audistis

1934 4092 2057 4144 eos,
2078 4080 2135 4132 et
2152 4075 2339 4149 magis
2364 4093 2541 4150 quam
2557 4076 2851 4147 expediret
2874 4075 3207 4132 mibietiam
3230 4074 3548 4130 exaudistis
3577 4092 3592 4142 ;

1935 4169 2214 4242 quoniam
2237 4170 2450 4226 absens
2462 4167 2835 4238 etinnoceus‚
2858 4166 3137 4238 nulloque
3148 4167 3358 4222 citatus
3379 4166 3594 4233 edicto,

1933 4259 2175 4330 punitus
2189 4272 2319 4315 snm
2336 4261 2395 4314 et
2412 4273 2706 4329 exmagna
2726 4255 2902 4314 officii
2925 4256 3275 4329 episcopalis
3298 4254 3408 4310 mei
3431 4258 3595 4326 parte

1933 4362 2283 4419 suspensus,
2307 4346 2583 4419 ipsosque
2603 4345 2675 4400 ad
2698 4345 2942 4401 dicenda
2963 4349 3021 4400 et
3033 4343 3299 4402 facienda
3315 4333 3443 4416 quse
3466 4342 3595 4400 vel-

1935 4434 2055 4492 lent
2085 4435 2396 4493 remisistis
2425 4434 2679 4505 amplius
2711 4435 3023 4499 animatos,
3057 4439 3199 4491 utet
3227 4433 3325 4490 alii
3347 4431 3595 4505 quilibet

174 4537 290 4578 non
320 4518 628 4594 displicere
657 4521 813 4592 quod
842 4519 1057 4575 suctum
1106 4522 1232 4587 θδῑῖ
1266 4518 1365 4575 sed
1394 4516 1657 4573 &dhibstO
1696 4532 1829 4573 0οὓ-
1858 4494 1905 4561 D
1938 4525 2170 4583 invitari
2203 4529 2441 4597 possent
2486 4528 2544 4581 et
2591 4524 2847 4596 amplius
2884 4523 3151 4580 animari.
3186 4522 3427 4579 Miratus
3455 4538 3592 4578 sum

175 4612 406 4669 firmare
442 4624 755 4681 consensu,
788 4608 1062 4681 quoniam
1103 4608 1153 4665 si
1183 4607 1326 4679 quid
1357 4606 1417 4662 in
1454 4606 1657 4663 ordine
1689 4606 1825 4662 facti

174 4701 374 4758 minus
419 4700 793 4758 observatum
839 4700 950 4769 est,
1012 4701 1149 4755 nota
1198 4695 1511 4753 laudabilis
1567 4712 1826 4768 persona

173 4791 382 4850 merita
430 4793 898 4864 recompensant.
930 4789 1079 4846 Sane
1108 4793 1175 4843 ut
1204 4788 1266 4845 in
1305 4786 1690 4844 electionibus
1718 4803 1823 4843 or-

172 4880 328 4936 dinis
359 4878 665 4953 diligentia
694 4879 1049 4953 inquiratur,
1074 4875 1412 4934 institutum
1441 4880 1551 4944 est,
1586 4881 1649 4933 ut
1678 4892 1827 4933 cau-

173 4969 287 5025 tius
315 4971 372 5024 et
391 4968 622 5026 fidelius
645 4970 832 5041 possit
859 4969 931 5026 de
953 4984 1202 5043 persona
1221 4962 1443 5023 ¹idonea
1469 4964 1704 5023 utilitati
1724 4966 1826 5024 Ec·

172 5055 366 5116 clesiae
395 5055 706 5129 provideri,
728 5073 1074 5130 semperque
1107 5072 1367 5128 personae
1390 5055 1665 5112 meritum
1687 5071 1823 5129 spe·

172 5146 380 5204 cialiua
401 5145 872 5218 amplectendum
894 5150 999 5217 est,
1023 5163 1199 5218 quam
1225 5145 1531 5218 principali
1562 5144 1712 5202 bono
1733 5145 1824 5203 ob·

173 5234 480 5293 servantiis
511 5233 873 5309 quibuslibet
900 5233 1329 5291 obsistendum.
1357 5234 1522 5299 Quod
1551 5235 1706 5291 enim
1745 5235 1824 5291 fa·

172 5340 310 5383 vore
339 5324 592 5396 alicuius
608 5325 1010 5382 introductum
1024 5327 1132 5393 est,
1152 5323 1261 5379 boc
1286 5324 1357 5380 ad
1378 5322 1673 5381 laesionem
1693 5326 1823 5397 ejus

172 5415 496 5488 retorqueri
519 5432 634 5473 non
651 5416 822 5473 debet
839 5432 854 5471 ε
880 5414 1183 5487 maiorque
1200 5414 1362 5471 favor
1378 5429 1642 5487 personas
1653 5415 1827 5473 debet

173 5517 300 5560 esse
338 5518 516 5576 quam
543 5505 788 5573 ordinis,
816 5519 992 5578 quem
1014 5502 1353 5562 institutum
1372 5506 1607 5562 constat
1631 5505 1705 5563 ad
1732 5505 1824 5563 in·

174 5592 525 5674 quirendam
553 5594 746 5670 potius
774 5609 1085 5669 personam
1114 5593 1385 5653 idoneam
1414 5607 1592 5667 qnam
1618 5593 1826 5655 tollen·

1930 4631 2061 4687 ego,
2091 4622 2147 4670 et
2186 4613 2574 4670 nihilominus
2614 4613 2716 4685 qui
2751 4613 2988 4669 audiere
3045 4612 3235 4668 mirati
3279 4615 3440 4679 sunt,
3472 4627 3594 4683 qua

1931 4704 2153 4760 ratione
2184 4703 2242 4758 in
2263 4702 2473 4773 fllium,
2497 4702 2816 4774 ipsumque
2839 4701 3172 4773 specialem,
3198 4705 3318 4757 tam
3345 4700 3596 4755 immitis

1930 4794 2132 4850 statim
2154 4791 2439 4849 sententia
2458 4790 2854 4863 processisset.
2874 4789 3149 4847 Continui
3166 4797 3356 4845 tamen
3379 4803 3592 4845 manus

1929 4897 2113 4949 meas,
2129 4896 2319 4953 neque
2338 4896 2438 4937 aas
2460 4880 2639 4937 etiam
2659 4896 2845 4953 usque
2862 4880 2932 4937 ad
2953 4878 3370 4953 protectionem
3385 4878 3596 4948 capitis

1930 4971 2042 5029 mei
2061 4970 2481 5027 tremebundus
2492 4970 2760 5043 opposui,
2774 4979 2826 5027 et
2840 4970 2913 5026 ad
2932 4967 3351 5025 demissionem
3364 4967 3586 5038 episco-

1928 5068 2123 5134 patus,
2139 5076 2319 5132 quam
2334 5076 2564 5132 semper
2575 5065 2933 5133 optaveram,
2946 5068 3139 5117 vestra
3152 5075 3244 5114 me
3260 5058 3463 5131 indign
3472 5058 3588 5115 atio

1928 5149 2307 5207 confirmavit.
2339 5148 2524 5221 Super
2544 5164 2658 5219 quo
2688 5153 2892 5206 vestrae
2922 5150 3139 5221 gratias
3169 5146 3352 5203 refero
3383 5144 3590 5204 sancti-

1928 5240 2059 5309 tati,
2098 5240 2253 5310 quod
2303 5254 2397 5295 me
2443 5242 2566 5294 tam
2616 5238 3065 5295 misericorditer
3109 5236 3180 5292 ab
3228 5235 3592 5308 importabili

1926 5343 2101 5386 onere
2149 5326 2464 5396 liberastis,
2523 5336 2577 5383 et
2623 5329 2698 5384 ad
2747 5327 3170 5399 providendum
3208 5325 3419 5382 animas
3449 5341 3593 5382 meo

1927 5418 2257 5477 liberiorem
2295 5418 2603 5489 procedere
2636 5417 3008 5487 permisistis.

2001 5505 2333 5562 Adversarii
2364 5518 2496 5562 vero
2523 5501 2662 5573 mei,
2690 5504 2902 5563 litteris
2918 5510 2979 5563 et
3000 5504 3302 5588 judicibus
3321 5505 3396 5562 ad
3426 5502 3578 5561 arbi-

1925 5594 2106 5654 trium
2153 5594 2478 5667 imperatis,
2524 5594 2878 5654 studuerunt
2907 5609 3096 5652 meum
3128 5592 3331 5653 multis
3358 5592 3586 5652 artibus
