3784 6000
197 240 313 306 159

1252 243 1595 306 ARNULFI
1637 241 2161 310 LEXOVIENSIS
2200 239 2558 306 EPlSCOPI

3494 186 3682 313 1501

190 384 252 434 ut
278 377 495 452 possitis
524 378 795 435 sustinere
814 378 861 451 (1
903 377 1022 436 Cor.
1068 377 1148 451 x).
1200 378 1320 436 lmo
1350 378 1525 436 etiam
1554 381 1625 437 ad
1657 382 1842 439 conti-
1870 384 1924 453 Α
1956 381 2062 438 bus
2109 380 2334 455 placeat
2382 375 2706 452 pluralitas.
2758 372 3156 446 exemplorum
3202 373 3438 433 infinita
3493 376 3611 435 iere

193 469 449 526 dentiam
473 467 720 525 victorias
735 467 1060 524 obtinendas
1081 483 1185 524 suo
1211 484 1315 525 nos
1332 468 1540 526 invitat
1553 471 1840 544 exemplo.

196 557 479 629 confidite,
523 557 726 628 inquit,
777 571 871 626 eqo
910 555 1017 612 vici
1061 557 1322 614 mundum
1372 560 1546 629 (loun.
1606 562 1739 633 xvi).
1780 560 1840 619 Si

192 645 372 704 semel
426 645 605 702 victus
653 647 762 715 est,
814 661 927 701 non
977 649 1100 702 erat
1143 646 1497 706 invincibilis
1538 650 1835 707 mundus:

194 734 420 792 facilius
450 733 617 790 nobis
650 733 757 790 erit
785 733 1021 791 victoria
1043 735 1260 794 victum
1283 737 1511 796 vincere
1540 755 1715 812 quam
1747 739 1839 797 in-

188 823 427 879 victum.
479 822 750 879 Christus
782 824 1134 882 vincendum
1164 842 1479 900 aggressus
1508 832 1618 900 est,
1650 833 1706 884 et
1735 830 1840 886 de-

189 911 343 969 vicit.
379 911 692 968 Dicebatur
722 912 1037 985 aliquando
1063 932 1076 970 :
1107 915 1234 973 Vide
1275 917 1518 988 Domine,
1566 924 1618 974 ec
1656 920 1836 975 consi·

187 999 340 1070 dero,
372 999 633 1073 quoniam
662 1010 871 1058 erectus
902 1007 979 1060 est
1020 1003 1282 1062 inimicus
1302 1006 1533 1079 (Thren.
1569 1007 1650 1080 1);
1681 1024 1838 1064 nunc

191 1094 389 1147 autem
415 1090 651 1161 dicitur,
676 1092 952 1164 quoniam
967 1093 1228 1166 dejectus
1244 1100 1330 1152 est
1349 1096 1645 1155 inimicus.
1672 1098 1842 1154 Fidu-

191 1178 413 1236 cialiter
443 1180 682 1253 aggredi
709 1185 1318 1254 possumusjacentem
1349 1189 1407 1244 et
1426 1187 1638 1243 victum
1664 1207 1678 1257 ;
1702 1189 1841 1261 quia

190 1269 243 1329 si
274 1270 534 1342 dejectus
564 1275 674 1342 est,
701 1289 815 1330 non
838 1279 1138 1347 resurget;
1173 1276 1216 1332 si
1241 1275 1450 1347 victus,
1481 1293 1596 1335 non
1631 1296 1841 1351 praesu-

192 1367 327 1418 met.
359 1359 529 1417 Nulla
550 1361 733 1434 ipsius
774 1379 841 1418 ex
872 1362 980 1421 hoc
1015 1381 1172 1422 nunc
1194 1369 1556 1438 resurrectiO,
1594 1369 1679 1424 vel
1702 1386 1842 1442 prae-

188 1449 448 1520 sumptio
481 1450 830 1522 praevalebit.
872 1452 1070 1511 Timeo
1102 1457 1322 1526 tamen,
1353 1473 1425 1513 ne
1454 1457 1665 1530 aliquis
1697 1459 1840 1516 sorte

187 1538 649 1611 submurmuret,
665 1543 1378 1614 praesumptuosumdicens
1391 1547 1651 1604 aemulari
1667 1551 1838 1605 tantoe

188 1625 559 1697 perfectionis
579 1627 933 1698 exemplum.
963 1650 992 1680 «
1010 1630 1218 1700 Facile,
1245 1632 1597 1706 inquit,erat
1610 1633 1839 1691 Christo

190 1714 474 1771 mundum
526 1715 773 1785 vincere,
826 1717 927 1791 qui
974 1724 1266 1779 creaverat
1296 1725 1604 1782 mundum.
1638 1747 1666 1775 »
1701 1727 1840 1782 Om-

191 1802 459 1876 nipotens
490 1805 647 1861 enim
688 1822 898 1864 nomen
929 1809 1080 1882 ejus,
1115 1811 1209 1869 cui
1255 1812 1411 1870 idem
1459 1819 1549 1870 est
1594 1817 1652 1870 et
1697 1812 1842 1872 velle

189 1897 244 1948 et
283 1908 492 1965 posse:
528 1894 672 1950 mihi
713 1912 829 1954 non
871 1897 970 1968 ita,
1019 1903 1277 1972 qvoniam
1324 1902 1583 1974 infirmus
1620 1920 1763 1976 sum,
1788 1910 1842 1959 ee

185 1984 515 2040 conturbata
559 1989 687 2041 sunt
733 1987 923 2043 omnia
960 2004 1078 2046 ossa
1134 2007 1257 2047 mea
1303 1993 1476 2064 (Psal.
1525 1995 1622 2066 vi).
1656 1993 1839 2050 Omne

189 2069 413 2128 scilicet
463 2075 642 2131 robur
705 2080 927 2135 naturae
975 2095 1115 2137 meae
1191 2082 1411 2154 peccati
1468 2083 1842 2157 corruptione

186 2164 278 2219 est
320 2177 696 2229 concussum,
749 2173 804 2223 et
853 2167 981 2225 ideo
1028 2168 1361 2227 substantia
1405 2188 1536 2229 mea
1565 2180 1840 2246 tanquam

188 2250 444 2308 nihilum
489 2269 681 2310 coram
733 2257 881 2329 ipsc.
932 2259 1043 2315 Sed
1085 2274 1483 2333 nequaquam,
1533 2261 1753 2319 domini
1785 2270 1840 2320 et

190 2338 384 2396 Patres
409 2340 518 2397 mei
529 2382 544 2408 ,
567 2341 975 2414 diffidendum,
998 2363 1372 2420 nequaquam
1403 2350 1837 2422 desperandum

188 2430 296 2497 est,
329 2426 488 2499 quia,
521 2429 669 2485 sicut
698 2432 872 2488 verba
901 2432 1112 2492 Christi
1157 2436 1325 2493 nobis
1370 2438 1442 2495 ad
1492 2439 1837 2509 doctrinam,

185 2513 266 2570 ita
295 2531 472 2588 opera
500 2524 914 2591 proponuntur
937 2524 1011 2579 ad
1032 2524 1301 2582 sormam.
1334 2528 1402 2584 Et
1431 2529 1582 2586 sicut
1612 2546 1710 2601 per
1729 2531 1835 2587 do-

187 2603 438 2661 ctrinam
468 2605 832 2681 impossibile
864 2612 1031 2669 nobis
1061 2622 1147 2671 est
1177 2615 1432 2674 scientiae
1463 2618 1622 2677 illius
1645 2622 1836 2695 pleni-

187 2693 455 2751 tudinem
486 2697 768 2769 obtinere,
806 2700 882 2757 ita
912 2718 1016 2774 per
1039 2704 1304 2777 exempla
1332 2708 1404 2764 ad
1442 2711 1835 2781 aequalitatem

186 2781 474 2840 virtutum
505 2786 633 2857 ejus
677 2804 793 2845 non
836 2791 1155 2863 poterimus
1187 2797 1504 2867 pervenire.
1536 2798 1671 2868 Sed,
1704 2799 1840 2861 licet

188 2871 472 2946 attingere
497 2891 611 2932 non
630 2877 928 2937 valeamus
942 2881 1318 2942 eminentiam
1334 2888 1680 2961 majestatis,
1707 2908 1836 2964 pro·

186 2959 356 3020 ficere
406 2969 597 3022 tamen
629 2969 951 3040 poterimus
999 2973 1068 3029 ad
1100 2990 1349 3049 anquam
1392 2977 1599 3036 saltem
1629 2980 1838 3039 simili·

1954 475 2275 544 martyrum
2308 466 2493 524 millia
2523 464 2690 523 nobis
2724 466 3045 532 occurrent,
3080 463 3179 536 qni
3208 464 3282 521 ad
3314 467 3605 531 certamen

1951 560 2114 619 istud
2143 564 2260 617 toto
2292 555 2582 613 desiderio
2611 555 3013 619 occurrerunt,
3062 556 3122 609 et
3149 553 3392 611 demum
3422 553 3603 617 victo,-

1952 649 2099 708 riam
2131 651 2430 707 cruentam
2463 644 2719 718 quidem,
2769 643 2869 700 sed
2901 645 3100 699 tamen
3141 658 3275 700 cum
3319 641 3523 705 latitia
3550 648 3609 703 et

1946 739 2133 814 gloria
2179 736 2583 813 perceperunt.
2632 732 2909 804 Nunquid
2962 747 3080 789 non
3127 731 3284 789 ibant
3330 734 3605 807 apostoli,

1945 828 2251 902 pandentes
2279 843 2315 883 a
2352 827 2634 897 conspectu
2662 819 2906 892 concilii,
2956 819 3219 893 quoniam
3244 821 3405 893 diesi
3432 821 3610 881 habui

1948 927 2078 976 sunt
2106 934 2207 990 pro
2248 917 2470 973 nomine
2514 916 2642 970 lesu
2688 908 3084 968 contumeliam
3128 910 3299 983 pati?
3344 911 3489 981 (Act.
3521 912 3603 986 v.)

1948 1007 2219 1080 Nunquid
2272 1021 2385 1061 non
2436 1001 2765 1075 Stephanus
2808 1000 2959 1056 inter
3006 999 3231 1072 lapides
3279 1000 3442 1072 ipsos
3493 1017 3597 1074 pro

1950 1097 2349 1171 lapidantibus
2378 1093 2665 1166 supplicat
2694 1098 2746 1149 et
2793 1098 2987 1147 exorat
3013 1091 3043 1146 ⁴?
3068 1090 3218 1164 (Aet.
3268 1090 3393 1162 vu.)
3432 1090 3603 1160 Nun-

1951 1189 2088 1263 quid
2120 1203 2233 1245 non
2278 1184 2391 1259 (57)
2423 1184 2623 1241 Petrus
2660 1185 2715 1238 et
2763 1181 3028 1236 Andreas
3072 1179 3143 1236 de
3191 1194 3362 1238 cruce
3391 1180 3599 1255 predi·

1949 1281 2086 1336 cant
2114 1276 2408 1334 veritatem
2436 1273 2465 1328 ’ἰ
2494 1270 2767 1344 Nunquid
2801 1284 2918 1326 non
2939 1268 3282 1327 Laurentius
3327 1270 3400 1326 de
3432 1269 3600 1353 crati·

1949 1366 2081 1423 cula
2109 1370 2354 1436 tyranno
2403 1360 2769 1419 laetabundus
2818 1357 3116 1415 insultat?
3163 1357 3443 1434 Nunquid
3484 1375 3604 1416 non

1948 1455 2250 1514 carnifices
2280 1454 2437 1526 ipsos
2468 1451 2538 1508 ad
2562 1449 2874 1523 equuleum
2902 1447 3214 1521 praevenire
3246 1447 3608 1506 invincibilis

1948 1543 2236 1601 Vincentii
2269 1542 2548 1599 fortitudo
2572 1537 2852 1596 festinat?
2882 1536 3144 1606 Sed,etsi
3178 1538 3251 1594 de
3280 1536 3607 1595 infirmiore

1948 1650 2091 1691 sexu
2140 1636 2437 1705 quaeratur
2484 1628 2839 1701 exemplum,
2891 1625 3143 1698 Agathos
3197 1625 3497 1684 laetissime
3549 1629 3607 1683 et

1948 1723 2303 1799 gratulanter
2344 1720 2466 1776 ibat
2520 1719 2592 1776 sd
2643 1732 2957 1785 carcerem,
2987 1719 3046 1773 et
3090 1716 3255 1789 quasi
3289 1716 3360 1772 ad
3393 1715 3602 1791 epulas

1949 1813 2214 1883 invitata,
2230 1826 2475 1885 agonem
2489 1823 2663 1867 suum
2676 1805 2924 1864 Domino
2939 1804 3207 1877 precibus
3223 1805 3603 1863 commenda·

1950 1904 2070 1963 bat.
2120 1903 2291 1958 Prius
2335 1915 2425 1956 me
2462 1897 2692 1954 deficiet
2737 1896 2886 1965 dies,
2936 1894 3054 1951 imo
3097 1897 3285 1952 totum
3315 1892 3603 1971 longioris

1949 1993 2088 2053 anni
2119 1989 2377 2065 spatium
2408 1986 2745 2060 exspirabit,
2770 2001 2949 2059 quam
2979 1989 3317 2041 sanctorum
3348 1984 3602 2043 victoriis

1950 2081 2123 2159 plane
2154 2079 2381 2139 valeant
2409 2076 2689 2136 enarrari.
2723 2076 2794 2134 Hi
2832 2090 3028 2133 revera
3065 2075 3221 2132 fuere
3259 2074 3365 2131 vlri
3400 2075 3600 2147 fortes,

1948 2176 2007 2231 et
2035 2172 2105 2229 ad
2139 2168 2294 2227 bella
2345 2165 2691 2233 doctissimi,
2746 2164 2848 2238 qui
2878 2162 3211 2221 humilitate
3232 2163 3598 2237 superbiam,

1949 2261 2311 2336 tyrannidem
2375 2257 2629 2331 patienta
2688 2254 3043 2312 devicerunt.
3103 2252 3387 2310 Caeterum
3437 2253 3598 2310 beni-

1947 2350 2123 2425 gnius
2170 2351 2292 2424 agit
2334 2364 2467 2406 cum
2524 2344 2860 2403 infirmitate
2917 2346 3118 2401 nostra
3166 2341 3495 2400 misericors
3540 2345 3597 2397 et

1947 2441 2250 2498 miserator
2283 2436 2583 2495 Dominus.
2617 2433 2917 2508 lpseenim
2939 2431 3210 2490 conscius
3234 2438 3323 2488 est
3351 2429 3597 2488 infirmi·

1946 2530 2083 2587 tatis
2112 2533 2342 2595 nostrae,
2375 2529 2572 2598 utpote
2601 2524 2699 2596 qui
2727 2522 2886 2580 novit
2924 2521 3268 2595 figmentum
3300 2523 3591 2583 nostrum.

1944 2617 2326 2677 Tolerabilem
2358 2617 2553 2688 itaque
2583 2614 2714 2671 iacit
2745 2612 3086 2686 patientiam
3116 2615 3400 2669 nostram.

2019 2708 2285 2777 Reverat,
2319 2705 2471 2763 sicut
2499 2702 2721 2761 dictum
2752 2705 2865 2767 est,
2897 2700 3035 2757 facit
3063 2715 3200 2758 cum
3237 2699 3437 2757 labore
3463 2716 3592 2773 pro·

1946 2803 2203 2856 ventum.
2244 2794 2418 2852 Nulla
2446 2809 2582 2867 ergo
2630 2795 2941 2848 adversum
2980 2806 3090 2846 nos
3128 2788 3334 2846 veteris
3365 2787 3595 2847 saevitixs

1947 2888 2279 2943 commenta
2325 2880 2669 2956 procedunt,
2729 2878 2847 2935 imo
2879 2876 3053 2935 etiam
3093 2877 3460 2934 sustinemur
3485 2875 3599 2949 (58)

1948 2975 2007 3033 in
2039 2973 2205 3047 equis
2235 2980 2286 3029 st
2314 2970 2583 3027 curribus
2613 2965 2935 3036 ambulare,
2977 2967 3035 3022 in
3072 2963 3301 3039 magnis
3327 2965 3597 3036 quando-

187 3051 452 3110 tudinem
499 3057 849 3117 sanctitatis.
913 3060 1176 3122 Proderit
1222 3065 1462 3134 imitari,
1511 3068 1620 3126 etsi
1669 3087 1839 3128 nemo
1952 3080 2065 3138 que
2094 3068 2150 3120 et
2182 3060 2544 3119 mirabilibus
2581 3074 2760 3132 super
2791 3073 2895 3114 nos
2936 3055 3160 3129 epulari
3200 3054 3461 3129 qnotidie
3489 3054 3601 3127 (59)

185 3140 377 3198 valeat
407 3143 724 3218 adaequari.
776 3149 933 3207 Citra
972 3153 1386 3225 perfectionem
1416 3158 1545 3228 eJus
1575 3157 1841 3218 subsistit
1870 3136 1916 3206 fl
1953 3152 2279 3227 splendide,
2345 3149 2616 3224 pretiosis
2674 3148 2838 3204 indui
2891 3146 3231 3215 honoribus,
3281 3152 3339 3203 et
3382 3143 3604 3202 divitiis

189 3234 390 3289 nostra
418 3233 715 3305 perfectio.
759 3238 1034 3314 Prosequi
1086 3242 1384 3313 debemus,
1413 3246 1522 3303 etsi
1561 3248 1839 3322 consequi

189 3335 305 3376 non
351 3322 666 3394 possimus.
724 3326 849 3384 Non
896 3330 1117 3388 eisdem
1178 3334 1472 3406 passibus,
1503 3336 1606 3393 sed
1636 3340 1838 3396 eodem

188 3408 440 3479 tramite,
474 3412 696 3470 eisdem
728 3420 817 3472 est
861 3418 1120 3493 vestigiis
1150 3420 1565 3481 insistendum.
1600 3428 1760 3493 Quod
1791 3427 1839 3483 si

191 3495 390 3570 aliqua
427 3500 603 3559 etiam
658 3503 729 3562 de
775 3504 1112 3565 hominibus
1159 3511 1422 3583 exempla
1483 3524 1837 3587 quaerantur,

192 3587 407 3645 multos
428 3589 695 3651 homines
722 3594 957 3654 victores
989 3600 1195 3657 mundi
1215 3602 1538 3675 poterimus
1557 3602 1834 3665 invenire.

193 3676 508 3738 Videamus
554 3685 922 3759 Apostolum,
968 3688 1263 3748 hominem
1305 3690 1528 3750 scilicet
1572 3704 1838 3768 peccato-

189 3782 334 3838 rem,
368 3770 515 3829 sicut
544 3777 603 3830 et
648 3792 774 3847 nos,
804 3793 918 3835 non
951 3784 1235 3852 quantum
1288 3798 1419 3852 nos,
1459 3783 1556 3856 qui
1590 3785 1745 3842 dicat
1773 3800 1836 3843 se

189 3857 500 3919 minimum
534 3866 945 3938 apostolorum,
976 3873 1033 3926 et
1053 3868 1360 3942 indignum
1388 3873 1578 3929 vocari
1604 3878 1834 3943 aposto-

185 3943 335 4017 lum,
368 3951 640 4020 quoniam
691 3963 1028 4027 persecutus
1073 3962 1158 4016 est
1200 3959 1519 4018 Ecclesiam
1555 3962 1690 4020 Dei:
1723 3965 1833 4021 Bo-

184 4051 339 4106 num,
366 4037 576 4110 inquit,
613 4051 889 4102 certamen
909 4050 1138 4118 certavi,
1162 4065 1387 4107 cursum
1433 4052 1832 4122 consummavi,

182 4124 343 4196 fidem
385 4126 655 4185 servavi:
704 4130 770 4185 de
817 4140 1012 4191 cetero
1064 4142 1298 4208 reposita
1339 4144 1396 4195 et
1446 4142 1593 4197 milei
1628 4158 1834 4199 corona

173 4216 416 4286 justiliae
445 4218 519 4289 (11
541 4219 674 4274 Tim.
711 4222 807 4291 iv).
856 4221 1107 4281 Certavit
1134 4228 1468 4298 Apostolus,
1524 4234 1592 4288 de
1640 4237 1835 4289 certa-

182 4302 338 4357 mine
388 4305 708 4375 victoriam,
760 4308 830 4365 de
869 4311 1106 4369 victoria
1151 4322 1500 4376 consecutus
1547 4325 1637 4376 est
1668 4336 1830 4376 coro-

181 4406 338 4446 nam.
387 4390 655 4451 Cucurrit
700 4400 758 4452 et
805 4403 1236 4458 consummavit
1283 4420 1540 4477 cursum,
1586 4409 1831 4481 ideoque

1952 3241 2272 3302 abundare.
2302 3243 2705 3312 Paupertatem
2747 3236 2960 3294 Christi
2993 3234 3164 3292 verbo
3195 3233 3603 3307 predicamus,

1950 3331 2050 3389 sed
2085 3330 2282 3387 minus
2321 3327 2663 3385 exhibemus
2693 3324 2997 3397 exempio;
3035 3322 3146 3380 nisi
3186 3321 3329 3395 quia
3356 3322 3604 3379 sortasse

1950 3423 2350 3494 paupertatem
2382 3418 2513 3489 ejus
2542 3416 2600 3471 in
2636 3414 2802 3471 nobis
2840 3412 3229 3487 spiritualiter
3264 3410 3603 3469 divitiarum

1946 3514 2320 3582 contemptus
2349 3511 2406 3563 et
2434 3504 2738 3562 humilitas
2787 3505 2995 3561 sancta
3044 3504 3349 3559 restaurat.
3402 3499 3603 3572 Neque

1945 3600 2101 3657 enim
2135 3598 2448 3670 requiritur
2476 3612 2511 3652 a
2540 3594 2710 3651 nobis
2756 3592 3088 3649 divitiarum
3119 3585 3459 3663 indigentia,
3493 3588 3598 3645 sed

1944 3691 2336 3760 contemptus.
2367 3685 2611 3755 Divitia»,
2642 3681 2857 3755 inquit,
2905 3681 2958 3737 si
2993 3680 3264 3752 affluant,
3296 3678 3478 3735 nolite
3503 3693 3599 3733 cor

1942 3793 2220 3853 apponere
2240 3776 2419 3849 (Psal.
2470 3774 2621 3846 axo:
2657 3789 2771 3829 non
2803 3771 2949 3828 dixit
2980 3786 3051 3827 ne
3094 3769 3353 3837 affluant,
3382 3768 3487 3825 sed
3520 3784 3591 3825 ne

1941 3887 2041 3928 cor
2070 3870 2415 3941 apponatur.
2451 3865 2625 3921 Porro
2673 3880 2771 3920 cor
2818 3861 3115 3936 prohibuit
3142 3873 3455 3933 apponere,
3488 3856 3592 3914 sed

1943 3976 2058 4017 non
2096 3971 2358 4015 manum.
2392 3954 2653 4011 Proiecto
2677 3951 2966 4025 Propheta
2997 3951 3058 4006 in
3104 3947 3264 4005 omni
3291 3946 3595 4005 affluentia

1942 4047 2278 4107 divitiarum
2312 4058 2629 4116 pauperem
2663 4057 2727 4098 se
2757 4039 3031 4113 praedicat
3059 4043 3115 4095 et
3144 4052 3420 4111 egenum.
3453 4036 3593 4093 Pos-

1941 4156 2147 4199 sumus
2196 4138 2393 4210 itaque
2441 4135 2599 4192 licite
2644 4132 2874 4190 divitias
2921 4130 3240 4202 possidere,
3292 4127 3342 4183 si
3389 4130 3592 4184 tamen

1939 4246 2139 4288 earum
2177 4244 2282 4284 nos
2333 4242 2448 4282 non
2501 4221 2957 4295 reputaverimus
3002 4217 3290 4288 dominos,
3340 4216 3441 4273 sed
3476 4216 3590 4272 mi-

1940 4318 2199 4384 nistros;
2231 4316 2280 4373 si
2307 4313 2765 4372 intellexerimus
2800 4308 3217 4385 patrimonium
3266 4321 3590 4380 pauperum

1937 4424 2067 4465 esse
2099 4405 2514 4480 patrimonium
2547 4401 2780 4471 Christi,
2813 4402 2863 4458 si
2896 4399 3269 4473 proventibus
3299 4395 3590 4471 Ecclesia,

176 4478 439 4538 bravium
455 4490 757 4542 assecutus
779 4491 885 4542 est.
912 4487 1071 4545 Idem
1098 4489 1384 4562 brasium,
1408 4495 1562 4565 quod
1587 4511 1816 4555 corona.
1855 4507 1900 4572 ι)
1932 4498 1981 4553 si
2041 4510 2361 4571 pauperum
2430 4492 2872 4549 necessitatibus
2918 4492 3252 4562 erogantur.
3309 4482 3585 4556 Alioquin

175 4571 257 4628 Tu
289 4581 480 4630 autem
519 4574 653 4647 quis
701 4590 764 4632 es
808 4578 905 4650 qui
938 4580 1147 4652 quaeris
1185 4596 1458 4640 coronam
1487 4585 1615 4643 sine
1645 4587 1825 4645 victo·
1936 4589 2095 4644 i'ures
2125 4587 2183 4643 et
2209 4582 2461 4639 latrones
2511 4598 2625 4638 non
2658 4581 2807 4638 ratio
2847 4578 3152 4636 manifesta
3179 4573 3503 4642 convincet,
3534 4573 3588 4631 si

176 4660 284 4733 ria,
332 4662 458 4720 sine
487 4664 916 4723 concertatione
952 4668 1249 4727 victoriam
1280 4670 1308 4727 2
1339 4672 1704 4747 Impossibile
1733 4682 1823 4734 est

174 4749 246 4807 de
296 4751 468 4823 facte,
518 4755 647 4812 sine
693 4758 1118 4817 concertatione
1158 4760 1382 4819 vicisse.
1431 4762 1822 4836 Improbabile

174 4844 265 4898 est
292 4842 512 4915 dejure
560 4861 857 4918 coronam,
908 4847 1035 4906 sine
1087 4850 1326 4909 victoria
1368 4853 1680 4926 postulare,
1711 4857 1819 4913 Ne·

175 4945 280 5003 que
307 4933 456 4987 enim
495 4935 848 4992 coronabitur
876 4940 989 4995 nisi
1016 4942 1115 5011 qui
1160 4941 1401 5013 leyitime
1428 4944 1715 5003 certaverit
1746 4946 1820 5019 (11

175 5020 308 5075 Tim.
353 5021 438 5091 11).
489 5021 605 5078 Lex
631 5027 824 5081 autem
874 5029 1213 5087 certaminis
1253 5034 1677 5105 perseverantia
1706 5040 1817 5093 est.

174 5106 282 5177 Qui
319 5109 465 5163 enim
509 5115 935 5179 perseveraverit
982 5134 1151 5193 usque
1192 5121 1252 5176 in
1287 5122 1476 5192 finem,
1525 5124 1612 5180 hic
1638 5124 1821 5182 salvus

170 5198 281 5253 erit
310 5197 519 5269 (Mami.
554 5202 730 5272 xx1v).
764 5202 923 5260 Idem
958 5208 1207 5276 proiecto
1248 5211 1429 5280 salus,
1478 5214 1632 5285 quod
1680 5213 1821 5271 bra-

169 5285 659 5348 viumetcorona.
690 5291 958 5366 Amplius
986 5295 1037 5353 si
1066 5299 1253 5370 major
1282 5300 1444 5358 vobis
1473 5303 1544 5360 de
1565 5301 1817 5361 homini·

264 5491 303 5547 5
387 5494 448 5550 B.
479 5510 598 5554 om.
641 5512 774 5554 non.

235 5490 362 5641 {58
390 5564 452 5624 B.
487 5566 860 5630 sustinentur.

1931 4693 2024 4734 res
2053 4674 2271 4732 alienas
2292 4671 2491 4727 invitis
2520 4669 2775 4727 dominis
2806 4676 3002 4726 nostro
3035 4661 3586 4738 praesumpserimus

1932 4762 2172 4822 arbitrio
2202 4764 2579 4818 contrectare.
2611 4758 2754 4828 Quia
2775 4758 2953 4832 igitur
2981 4752 3400 4813 distribuendo
3423 4758 3585 4824 sunt,

1932 4870 2048 4912 non
2079 4849 2395 4908 retinendas
2426 4846 2659 4916 divitia,
2683 4863 2977 4921 nusquam
3004 4845 3246 4917 justius,
3285 4857 3582 4914 nusquam

1933 4945 2180 5018 possunt
2208 4937 2506 4996 liberalius
2534 4937 2781 5011 erogari,
2832 4952 3009 5007 quam
3063 4934 3125 4990 in
3155 4948 3253 4990 eos
3283 4932 3383 5005 qui
3412 4945 3583 4988 exsu-

1930 5035 2148 5091 lantem
2165 5026 2477 5085 Ecclesiam
2502 5029 2956 5100 prosequuntur,
2975 5023 3072 5097 qui
3091 5024 3323 5096 propter
3338 5036 3583 5077 causam

1929 5116 2141 5178 Christi
2173 5129 2364 5171 rerum
2394 5128 2635 5170 suarum
2657 5110 2962 5186 dispendia
2983 5107 3366 5182 pertulerunt.
3390 5105 3586 5161 Causa

1930 5212 2257 5269 communis
2293 5215 2401 5276 est,
2426 5207 2525 5263 sed
2555 5204 2616 5259 in
2649 5218 2745 5259 eos
2770 5216 2945 5259 omne
2973 5196 3418 5262 detrimentum,
3449 5210 3586 5251 om-

1931 5300 2023 5357 nis
2044 5306 2129 5358 est
2160 5313 2438 5356 conversa
2466 5294 2708 5352 vexatio.
2732 5290 2851 5348 Nos
2871 5290 3027 5348 enim
3051 5287 3204 5343 intra
3226 5284 3582 5342 domesticos

1997 5500 2117 5577 (59)
2145 5500 2206 5562 Β.
2237 5514 2355 5561 om.
2382 5495 2646 5573 quotidie.
