3784 6000
430 252 610 312 HIST.
653 253 912 312 RERUM
950 250 1444 312 TRANSMARIN.
1484 278 1553 290 —
1585 244 1724 304 LIB.
1763 244 1939 302 XXII.
1978 243 2386 303 BALDUINUS
2426 245 2497 303 lv
2535 244 2705 303 REX.

198 398 334 440 cum
357 398 429 439 eo
456 382 620 456 quod
638 381 1062 456 injungebatur
1092 396 1338 439 munere
1358 394 1521 436 com·
1553 374 1600 429 A
1631 371 1866 430 Domini
1886 370 2650 440 civitas,descenderuntin
2678 386 2968 447 campum
2987 387 3286 447 magnum

206 474 406 546 Impar
448 472 607 529 enim
662 477 720 529 et
769 473 1000 530 viribus
1061 480 1116 531 et
1173 475 1515 548 prudentia,

175 562 526 636 inportabile
570 563 839 619 humeris
888 563 1200 636 imposuit,
1228 565 1519 639 parabola

173 659 457 715 sedoctus
506 653 870 723 evangelica,
923 671 1047 729 qua
1100 658 1436 728 suggeritur
1464 657 1518 714 ei

171 765 206 804 n
233 751 358 806 vult
385 751 705 817 aedificare,
731 758 788 808 ut
822 752 1037 808 sedens
1069 751 1231 823 prius
1267 764 1520 820 compu-

169 843 277 905 ωε,
327 844 385 895 et
426 840 706 899 discutiat
745 841 1059 914 diligenter
1096 845 1295 896 utrum
1343 853 1519 910 pares

168 933 345 1000 ‚mpto
372 931 679 1002 proposito
704 932 856 987 vires
877 931 1116 997 habeat,
1137 944 1211 985 ne
1235 927 1520 984 deficiens

165 1017 258 1074 'ste
284 1018 451 1075 homo
490 1020 660 1090 caepit
692 1021 1003 1091 aediticare,
1058 1025 1111 1075 et
1167 1033 1287 1075 non
1325 1015 1517 1088 potuit

163 1121 297 1163 tare.

479 1214 702 1271 CAPUT
734 1215 908 1272 xxv1.

159 1325 266 1366 nus
295 1325 428 1367 cum
474 1312 814 1382 inqentibus
872 1313 1052 1384 copiis
1102 1314 1252 1382 fines
1282 1317 1515 1370 nostros

158 1397 253 1446 us,
282 1383 443 1440 circa
453 1389 655 1453 parces
668 1385 1196 1456 Scythopolieanas
1219 1382 1478 1441 consedit
1494 1399 1518 1448 ,·

156 1460 479 1511 occurrunt
505 1456 576 1512 ei.

153 1575 211 1630 go
273 1561 437 1634 apud
485 1578 596 1618 nos
624 1579 686 1619 se
726 1563 807 1621 ita
832 1563 1208 1630 habentibus,
1255 1562 1516 1619 exercitu

151 1655 347 1707 nostro
377 1655 540 1725 apud
571 1653 884 1726 Sephorim
909 1655 966 1709 in
1003 1670 1211 1720 unum,
1247 1668 1318 1709 ex
1349 1657 1515 1724 parte

1631 463 1726 518 cui
1752 477 1965 518 nomen
1998 466 2170 517 vetus
2192 460 2495 517 Esdrelon.
2512 460 2681 518 Unde
2702 461 2999 520 ordinatis
3019 463 3287 529 aciebus.

1634 552 1882 623 etjuxta
1933 551 2250 607 militarem
2276 549 2659 622 disciplinam
2691 551 2874 609 modo
2920 553 3291 626 competenti

1629 639 1959 712 dispositis,
1994 655 2200 695 versus
2231 639 2456 696 fontem
2503 639 2809 707 Tubaniae‚
2856 640 2962 698 ubi
3013 657 3168 715 soepe
3197 642 3293 699 di-

1628 735 1760 786 ctus
1786 728 2205 798 SalahadinuS,
2240 744 2380 785 cum
2411 728 2638 799 ingenti
2686 729 3067 801 egregiorum
3096 735 3155 787 et
3203 747 3293 787 se-

1627 818 1920 874 lectorum
1946 817 2201 873 militum
2228 831 2412 873 manu
2440 832 2614 874 secus
2640 833 2833 891 aquas
2865 834 2926 874 se
2964 818 3289 892 locaverat,

1629 922 1854 964 cuneos
1881 906 2147 977 dirigunt
2175 923 2189 972 ;
2222 906 2398 978 quasi
2430 907 2803 980 propositum
2844 907 3155 976 habentes,
3186 909 3293 967 ho·

1629 996 1820 1053 stibus
1850 994 2133 1068 expulsis,
2158 1010 2455 1067 aquarum
2481 995 2593 1051 sibi
2625 995 2926 1053 vindicare
2956 997 3290 1055 commodi·

1630 1088 1832 1142 tatem.
1867 1086 1998 1152 Quo
2019 1084 2455 1157 pervenientem
2481 1084 2594 1141 rati
2629 1090 2788 1152 sunt,
2813 1085 2978 1158 quod
3010 1102 3134 1144 non
3160 1087 3290 1146 sine

1626 1173 1982 1230 difficultate
2031 1179 2087 1228 et
2117 1171 2463 1243 periculosis
2502 1173 3038 1243 congressionibus
3089 1190 3288 1248 aquas

1626 1267 1875 1335 possent
1902 1261 2173 1319 obtinere
2203 1277 2217 1328 ;
2252 1261 2451 1319 subito
2476 1261 2883 1318 Salahadinus
2932 1267 3128 1320 castra
3167 1263 3290 1321 sol-

1626 1366 1792 1418 vens,
1827 1367 1901 1407 ex
1924 1350 2228 1424 insperato
2256 1349 2481 1408 iontem
2510 1350 2735 1408 deserit
2764 1351 3131 1425 inferiusque
3158 1368 3290 1409 ver-

1626 1456 1728 1497 sus
1761 1441 2045 1506 Bothsan,
2075 1439 2252 1496 sontis
2275 1440 2550 1512 ejusdem
2577 1440 2802 1498 fluenta
2840 1456 3121 1515 sequens,
3188 1441 3284 1501 vix

1629 1529 1805 1585 unius
1831 1528 2088 1586 milliarii
2119 1529 2313 1602 spatio
2343 1544 2379 1586 a
2398 1530 2621 1586 nostris
2649 1533 2939 1596 semotus,
2967 1534 3288 1588 castrame-

1625 1622 1783 1675 tatus
1811 1623 1920 1675 est.
1943 1617 2147 1685 Porro,
2177 1621 2501 1691 antequam
2551 1618 2736 1675 nostri
2790 1618 2869 1676 ad
2901 1633 3038 1676 eum
3079 1633 3285 1692 perve-

177 1747 560 1812 congrggatQ
579 1742 1366 1815 soepedjcmsgalahadinus,
1383 1746 1514 1814 post
1551 1723 1593 1777 B
1625 1706 2065 1764 nissentlocum
2106 1707 2312 1763 hostes
2336 1707 2642 1763 turmatim
2664 1722 2728 1763 se
2751 1705 3088 1764 dividentes
3107 1723 3284 1766 ama·

149 1827 661 1897 deliberationem,
700 1833 900 1889 accitis
921 1833 1033 1888 sibi
1054 1832 1280 1888 viribus
1327 1830 1402 1886 de
1432 1845 1516 1886 re·

146 1933 213 1974 ιω
246 1923 408 1975 trans
456 1921 815 1993 Euphratem
845 1927 951 1988 est,
984 1921 1325 1978 convocatis
1356 1936 1513 1993 quas

144 2023 260 2080 que
302 2011 497 2080 potuit
543 2009 832 2066 asciscere
884 2011 1155 2084 equitum
1199 2009 1403 2082 copiis,
1452 2010 1512 2065 in

148 2096 244 2153 ine
292 2101 453 2168 gravi
488 2107 544 2156 et
588 2100 666 2157 ad
710 2116 970 2170 unguem
1016 2106 1268 2165 armata,
1314 2100 1510 2156 novis·

141 2200 260 2242 ines
292 2192 526 2245 nostros
559 2189 866 2259 ingressus
921 2195 1026 2246 est.
1085 2188 1293 2246 Subito
1350 2189 1512 2245 enim

141 2290 210 2332 sa
239 2278 586 2333 Auranitide
603 2279 863 2350 regione,
887 2295 1058 2336 secus
1083 2279 1513 2337 mare'l'iberia·

138 2366 528 2437 ampestribus
554 2369 854 2439 Jordanis,
882 2385 953 2425 eo
991 2369 1122 2426 loeo
1163 2369 1256 2425 cui
1288 2384 1510 2425 nomen

135 2469 194 2518 n,
215 2471 353 2512 cum
380 2457 502 2512 suis
531 2456 870 2527 legionibus
896 2460 1195 2530 apparuit,
1216 2459 1275 2515 in
1309 2464 1510 2531 partes

133 2542 417 2601 tistributo
456 2548 713 2603 exercitu
748 2564 761 2613 ;
798 2545 954 2604 unde
984 2547 1307 2619 profectus,
1340 2563 1511 2604 secus

131 2630 373 2691 ;ssuenta
388 2650 594 2691 versus
612 2636 1020 2710 Scythopolim
1035 2641 1337 2709 properat.
1369 2634 1511 2710 Scy-

151 2730 372 2788 autem,
404 2729 464 2780 ut
496 2726 899 2797 saepedictum
916 2730 1021 2791 est,
1055 2741 1128 2782 ea
1147 2731 1232 2782 est
1254 2742 1386 2799 quae
1406 2725 1512 2782 ho-

127 2816 214 2867 tur
241 2813 512 2880 Bethsan,
541 2815 684 2871 olim
709 2816 995 2872 universoe
1033 2815 1382 2888 metropolis
1408 2817 1512 2873 Ga-

129 2901 262 2973 ujus
288 2903 614 2961 nobilitatis
637 2910 1016 2976 argumenta,
1034 2922 1103 2962 ex
1119 2905 1510 2962 aedificiorum

125 2989 469 3059 istinorum,
501 2999 557 3051 et
588 2994 776 3051 multo
801 3011 1118 3065 marmore,
1155 2994 1319 3069 quod
1341 2994 1404 3053 in
1432 2994 1512 3052 ef·

122 3081 349 3137 zditiciis
370 3082 687 3150 invenitur,
718 3090 804 3141 est
835 3085 1148 3156 colligere;
1184 3101 1343 3142 nunc
1371 3100 1512 3141 vero
1541 3087 1584 3146 C

124 3187 225 3228 um
246 3171 509 3238 redacta,
541 3189 677 3230 raro
712 3173 991 3230 incolitur
1019 3174 1377 3240 habitatore,
1411 3190 1510 3230 so-

119 3258 252 3327 lulo,
268 3261 426 3333 quod
449 3263 509 3317 in
527 3262 848 3335 paludibus
863 3263 1042 3320 situm
1057 3270 1162 3329 est,
1178 3279 1509 3334 paucorum

117 3350 216 3406 oni
241 3357 562 3408 reservato.
599 3352 661 3408 Hi
692 3368 852 3420 vere,
907 3353 1042 3410 licet
1083 3353 1266 3410 armis
1296 3360 1354 3410 et
1390 3354 1510 3409 vic-

115 3454 259 3511 spro
308 3456 419 3496 suo
449 3457 722 3508 numero,
755 3446 813 3498 et
840 3442 954 3499 loci
986 3441 1313 3514 capacitate
1365 3442 1510 3498 satis

114 3533 263 3595 rent,
307 3528 382 3585 de
429 3531 688 3604 praesidii
736 3537 935 3589 tamen
990 3532 1320 3589 munitione
1358 3532 1512 3590 diffi-

127 3625 445 3693 antequam
475 3621 710 3678 hostilis
735 3623 981 3679 omnino
1007 3622 1317 3680 accederet
1343 3637 1510 3679 exer-

109 3713 335 3768 astrum
365 3710 775 3779 deseruerant,
809 3710 1026 3769 relictis
1058 3710 1508 3784 impedimentis

107 3815 168 3869 is,
197 3798 569 3855 'tiberiadem
616 3816 678 3856 se
742 3798 1180 3857 transferentes.
1217 3800 1380 3857 Unde
1414 3798 1505 3857 sa-

105 3892 142 3944 st
168 3888 327 3960 quod
346 3887 550 3945 hostes
581 3889 658 3945 ad
682 3890 1026 3961 praedictum
1046 3890 1401 3947 accedentes
1426 3889 1508 3947 lo·

117 3992 376 4033 vacuum
402 3978 773 4051 reperientes,
802 3994 940 4036 eum
965 3994 1073 4051 pro
1112 3979 1359 4036 arbitrio
1390 3983 1508 4036 tra-

109 4067 536 4141 ntzquidquid
586 4083 916 4140 armorum,
967 4068 1262 4142 quidquid
1296 4069 1503 4136 victus,

105 4155 156 4211 id
189 4156 417 4212 utilium
451 4157 709 4230 denique
758 4158 915 4213 intus
962 4163 1105 4227 erat,
1168 4173 1372 4214 secum
1403 4158 1508 4213 de-

105 4263 133 4300 ι.
169 4247 332 4302 Unde
365 4245 628 4318 profecti,
660 4247 970 4320 divisoque
985 4246 1376 4319 procedentes
1405 4263 1508 4304 ex-

105 4350 237 4407 pars
289 4335 569 4407 quaedam
624 4337 782 4392 circa
835 4334 1081 4403 fontem,
1136 4335 1230 4393 cui
1284 4352 1507 4393 nomen

105 4439 144 4489 ι.
170 4425 275 4497 qui
306 4424 383 4481 ad
409 4423 640 4480 radices
673 4425 891 4480 montis
942 4425 1156 4482 Gelboe
1185 4425 1393 4492 oritur,
1421 4442 1508 4482 se·
1543 4430 1585 4485 b

109 4529 205 4570 em
238 4514 568 4587 antiquitus
622 4514 905 4580 nobilem,
939 4531 1074 4587 quae
1102 4515 1260 4572 dicta
1298 4521 1391 4573 est
1416 4517 1508 4572 Je-

106 4618 221 4658 unc
249 4609 449 4660 autem
484 4602 712 4674 vulgari
740 4604 1134 4675 appellatione
1150 4604 1508 4677 diciturpar-

105 4692 335 4758 trinum,
369 4699 564 4749 castra
592 4693 955 4759 locaverunt,
1017 4693 1505 4750 commoditatem

105 4797 157 4837 m
181 4782 384 4836 secuti.
410 4781 599 4837 Nostri
628 4788 827 4837 autem
855 4782 958 4854 qui
980 4782 1143 4853 apud
1169 4782 1394 4839 fontem
1415 4784 1510 4839 Se-

105 4884 245 4926 num
269 4869 365 4942 (de
382 4885 504 4943 quo
526 4870 922 4941 saepissimam
955 4870 1013 4925 in
1046 4871 1139 4926 his
1161 4872 1510 4927 tractatibus

105 4958 341 5016 fecimus
364 4961 753 5032 mentionem)
777 4960 977 5017 adhuc
998 4960 1421 5018 detinebantur
1449 4961 1509 5019 in

105 5055 506 5121 exspectantes
545 5051 842 5121 suspensi,
906 5065 978 5106 ex
1029 5065 1297 5123 quanam
1344 5055 1511 5123 parte

131 5138 191 5193 in
214 5143 482 5193 nostram
505 5138 809 5208 regionem
845 5137 1056 5194 vellent
1079 5139 1408 5211 irrumpere
1429 5140 1513 5196 le-

105 5242 114 5280 :
156 5228 517 5298 cognitoque
544 5226 708 5299 quod
744 5228 1101 5299 campestria
1135 5227 1511 5285 Bethsaniam

109 5320 147 5382 t,
172 5320 228 5371 et
259 5315 703 5373 multiformiter
733 5316 962 5388 partitis
1015 5317 1357 5390 legionibus
1383 5318 1511 5389 jam

105 5411 257 5460 ssent
289 5405 419 5461 illas
449 5387 667 5476 p’arteS,
689 5406 974 5477 correptis
1001 5407 1186 5463 armis
1217 5408 1509 5464 unanimi·

105 5493 252 5550 iticoe
282 5495 474 5550 crucis
504 5494 733 5567 lignum
761 5495 1043 5567 regiaque
1061 5494 1275 5552 vexilla
1304 5496 1510 5564 secuti,

107 5581 222 5641 rsis
248 5582 576 5651 montibus,
615 5582 676 5640 in
695 5582 917 5657 quibus
942 5583 1056 5643 sita
1085 5588 1178 5642 est
1202 5584 1512 5645 Nazareth.

1619 1795 1853 1868 joribus
1884 1796 2094 1869 copiis,
2129 1796 2439 1867 regionem
2479 1795 2859 1866 adjacentem
2900 1796 3172 1864 circuire,
3225 1801 3284 1854 et

1624 1900 1780 1941 more
1809 1883 2007 1941 hostili
2038 1890 2290 1941 tractare
2332 1882 2459 1955 jam
2520 1885 2908 1957 inceperant:
2942 1901 3015 1941 ex
3060 1884 3285 1959 quibus

1624 1973 1872 2046 quidam
1887 1973 2084 2029 vicum
2100 1988 2287 2044 supra
2312 1973 2711 2040 nominatum,
2727 1972 2998 2030 videlicet
3024 1988 3284 2046 parvum

1624 2062 1928 2126 Gerinum,
1950 2061 2384 2132 confregerant,
2415 2067 2633 2117 cuncta
2678 2076 2814 2135 qum
2871 2062 2933 2118 in
2989 2077 3062 2119 eo
3085 2077 3282 2135 reper-

1622 2156 1805 2217 erant,
1840 2151 2144 2208 tradentes
2175 2150 2528 2207 exterminio
2553 2150 2657 2217 ;de
2686 2150 2800 2208 loci
2827 2155 3028 2208 tamen
3045 2150 3283 2209 habita-

1623 2241 1852 2298 toribus
1872 2256 2122 2313 paucos,
2139 2246 2241 2297 aut
2261 2239 2456 2296 nullos
2477 2240 2733 2312 reperire
2747 2242 3071 2312 potuerunt
3092 2257 3106 2307 ;
3136 2255 3282 2299 nam

1622 2329 1884 2386 hostium
1909 2329 2175 2387 adventu
2203 2328 2592 2401 praecognito,
2626 2328 2705 2385 ad
2718 2329 2851 2386 loca
2876 2329 3280 2388 munitiorase

1621 2417 2018 2474 contulerant.
2034 2415 2288 2484 Quidam
2304 2422 2506 2473 autem
2519 2432 2657 2473 eum
2672 2415 2893 2482 locum,
2912 2417 3017 2490 qui
3048 2417 3282 2488 vulgari

1621 2505 2023 2578 appellatione
2052 2505 2268 2561 dicitur
2302 2504 2595 2571 Forbelet,
2626 2505 2943 2573 adeuntes,
2967 2506 3168 2563 vicum
3196 2505 3280 2563 ef-

1620 2593 1943 2665 fregerunt,
1977 2596 2193 2650 cuncta
2222 2608 2357 2666 quae
2381 2593 2500 2649 illis
2527 2608 2590 2648 se
2620 2593 2852 2651 dabant
2880 2593 3122 2651 obviam
3155 2598 3278 2652 tra-

1620 2686 1845 2740 ctantes
1872 2681 2287 2749 hostiliter3alii
2312 2697 2454 2739 vero
2471 2682 2600 2739 vias
2621 2683 2806 2739 secuti
2826 2681 3122 2754 publicas,
3144 2684 3277 2757 qui-

1618 2772 1733 2828 bus
1763 2771 1839 2829 ad
1863 2776 2157 2840 nostrum,
2188 2786 2261 2827 ex
2282 2769 2555 2844 partibus
2579 2770 2855 2839 diversis,
2884 2777 3008 2828 tam
3048 2771 3278 2845 equites

1618 2877 1805 2934 quam
1830 2860 2063 2933 pedites
2102 2858 2506 2933 properabant
2533 2861 2879 2929 exercitum,
2908 2860 3277 2918 transeunti-

1623 2950 1737 3007 bus
1770 2947 2786 3022 multipliciaint'erebantpericula,·
2814 2950 2896 3007 ita
2927 2953 3123 3008 utnon
3143 2949 3275 3009 sine

1614 3039 1967 3108 ,discrimine
1996 3042 2055 3096 et
2107 3039 2310 3095 mortis
2348 3038 2686 3112 dispendio,
2719 3038 2800 3096 ad
2842 3042 3116 3097 nostrum
3175 3039 3279 3098 ali-

1621 3128 1819 3186 cunde
1858 3128 2267 3197 perveniretur
2318 3128 2665 3185 exercitum.
2701 3128 2979 3186 Nonnulli
3024 3144 3167 3187 vero
3201 3144 3277 3187 ex

1620 3217 1868 3284 eisdem,
1897 3217 1959 3275 in
1989 3221 2251 3274 montem
2280 3216 2519 3274 Thabor
2548 3218 2737 3290 (quod
2764 3217 2931 3290 prius
2953 3217 3149 3276 fuerat
3175 3217 3270 3277 in·

1622 3307 1918 3381 auditum)
1932 3306 2335 3364 ascenderunt
2349 3323 2363 3373 ;
2377 3312 2435 3363 et
2446 3306 2885 3364 monasterium
2906 3307 3247 3366 Groecorum
3258 3349 3273 3376 ,

1618 3396 1786 3469 quod
1815 3396 2032 3452 dicitur
2059 3394 2261 3452 Sancti
2287 3395 2438 3461 Eliae,
2463 3410 2573 3468 pro
2594 3395 2787 3453 libero
2813 3401 3136 3456 tractantes
3176 3412 3275 3456 ar-

1619 3484 2029 3557 bitrio,ipsum
2042 3484 2222 3541 etiam
2242 3484 2441 3556 majus
2460 3484 2806 3541 coenobium
2817 3484 3132 3557 effringere
3150 3491 3277 3544 ten·

1619 3577 1897 3633 taverunt
1924 3589 1939 3640 ;
1975 3572 2083 3629 sed
2105 3578 2452 3645 receperant
2473 3588 2536 3629 se
2563 3572 2716 3629 infra
2763 3579 2934 3646 septa
2966 3581 3273 3633 monaste-

1618 3663 1709 3730 rii,
1741 3678 1877 3737 quas
1902 3676 2078 3719 muro
2102 3666 2160 3718 et
2185 3661 2448 3719 turribus
2478 3665 2649 3718 erant
2678 3660 2924 3730 vallata,
2956 3666 3080 3719 tam
3139 3678 3274 3721 mo-

1618 3752 1795 3810 nachi
1825 3767 2011 3827 quam
2043 3766 2254 3808 eorum
2286 3750 2564 3807 universa
2595 3749 2842 3817 familia.
2863 3756 2922 3809 et
2950 3750 3027 3807 de
3057 3750 3272 3810 viculis

1616 3839 1890 3898 nonnulli
1921 3839 2194 3896 finitimis
2215 3856 2229 3906 ;
2258 3839 2356 3911 qui
2376 3840 2594 3912 eosqui
2613 3839 2673 3897 in
2696 3842 2964 3897 montem
2988 3840 3275 3898 ascende-

1616 3935 1749 3987 rant
1765 3928 1991 3996 hostes,
2007 3928 2087 3985 ab
2114 3929 2393 3985 universo
2411 3928 2759 3986 monasterii
2774 3927 3004 3985 ambitu
3030 3926 3276 3987 viriliter

1616 4019 1966 4090 abegerunt.
1988 4017 2401 4075 Ascenderunt
2428 4016 3035 4084 etiam,nihilominus
3060 4033 3132 4075 ex
3166 4033 3273 4076 eo·

1614 4109 1755 4165 dem
1783 4107 2092 4174 comitatu,
2151 4107 2210 4163 in
2241 4102 2381 4163 eum
2414 4110 2702 4177 montem,
2733 4120 2916 4178 super
2943 4122 3128 4181 quem
3157 4108 3273 4165 Na-

1614 4212 1833 4254 zarena
1862 4195 1974 4252 sita
2003 4200 2092 4254 est
2118 4195 2329 4253 civitas
2359 4196 2477 4259 ;ita
2535 4199 2599 4252 ut
2647 4196 2724 4252 de
2781 4194 3272 4269 prominentibus

1616 4286 1871 4343 collibus
1897 4284 2235 4342 universam
2262 4284 2417 4341 infra
2436 4300 2500 4341 se
2517 4284 2778 4357 positam
2802 4284 3167 4357 respicerent
3197 4286 3278 4342 ei·

1616 4376 1859 4432 vitatem
1886 4391 1904 4443 ;
1927 4375 2032 4448 qui
2050 4376 2226 4430 tantm
2254 4373 2491 4430 suerunt
2515 4373 2820 4430 formidini
2847 4373 3196 4431 mulieribus
3217 4378 3277 4433 et

1616 4463 1908 4537 parvulis,
1942 4462 2206 4530 senibus,
2239 4468 2342 4520 aut
2372 4461 2673 4519 debilibus
2700 4462 2806 4536 qui
2837 4461 2897 4517 in
2939 4461 3083 4519 urbe
3105 4467 3278 4521 erant

1616 4553 1823 4619 relicti.
1854 4552 2083 4609 utdum
2113 4552 2383 4608 certatim
2413 4552 2474 4607 in
2498 4551 2793 4623 majorem
2824 4549 3036 4607 ecclesi
3053 4567 3151 4608 am
3182 4551 3278 4609 in-

1619 4640 1935 4697 veniendoe
1980 4640 2170 4711 gratia
2226 4640 2435 4696 salutis
2484 4655 2548 4695 se
2593 4638 2863 4695 conferre
2920 4638 3271 4712 niterentur,

1620 4729 1794 4787 multi
1820 4745 1857 4786 a
1882 4729 2057 4786 turba
2086 4728 2390 4801 praeiocati
2421 4727 2713 4783 interiisse
2771 4726 3130 4785 dicerentur.
3162 4730 3270 4785 Ar·

1621 4819 2039 4893 mipotentium
2063 4817 2220 4873 enim
2250 4830 2472 4887 magna
2493 4831 2634 4890 pars
2654 4815 2895 4882 civium,
2939 4821 3041 4873 aut
3071 4821 3274 4875 castre.

1620 4908 1810 4966 secuti
1835 4912 2005 4963 erant
2030 4911 2088 4963 et
2116 4904 2556 4977 expeditionem
2572 4903 2880 4977 publicam
2901 4920 2917 4971 ς
2944 4911 3048 4962 aut
3076 4905 3156 4963 ad
3179 4921 3274 4963 ur·

1618 4998 1726 5055 bes
1747 4995 2381 5064 maritimas,maxime
2410 4992 2869 5060 Ptolemaidem,
2896 5009 3036 5051 cum
3064 4995 3187 5052 suis
3211 5009 3276 5053 se

1620 5085 2051 5146 transtulerant
2080 5082 2342 5140 famulis.

2209 5172 2436 5230 CAPUT
2468 5172 2681 5228 XXVH.

1621 5264 1831 5321 Fames
1882 5262 1947 5317 in
2002 5260 2270 5319 exercitu
2323 5260 2523 5317 oritur
2575 5259 2825 5330 vatida,·
2853 5259 3095 5317 tandem
3151 5260 3279 5318 sine

1695 5333 1997 5392 commisso
2044 5332 2273 5401 praecio,
2329 5337 2451 5390 tam
2498 5332 2691 5389 nostri
2744 5347 2925 5404 quam
2976 5331 3170 5390 hostes
3199 5332 3277 5390 ab

1693 5406 1944 5463 invicem
1975 5402 2309 5461 discedunt.

1694 5494 1787 5550 Sic
1817 5492 1999 5566 igitur
2027 5493 2128 5566 qui
2161 5508 2198 5549 a
2244 5491 2472 5563 maj0re
2513 5491 2778 5548 hostium
2831 5500 2894 5548 se
2948 5490 3279 5550 diviserant

1625 5583 1912 5652 exercitu,
1932 5580 2113 5656 longe
2161 5581 2399 5657 lateque
2437 5595 2545 5655 per
2596 5580 2942 5640 universam
2969 5581 3277 5657 regionem
