3784 6000
284 252 403 315 779

1349 247 1781 314 GUILLELMI
1822 246 2212 314 TYRENSIS
2256 244 2623 311 ARcflmP.

3581 252 3691 315 ’180

280 389 446 448 mira!
475 386 820 452 altitudinis,
860 385 1079 442 Pharos
1117 384 1277 443 diota
1307 405 1322 456 3
1357 386 1429 443 ad
1471 400 1646 458 quam
1697 387 1924 446 facibus
1956 390 2011 459 Α
2037 400 2340 460 quousque
2369 384 2479 442 iter
2523 383 2596 440 ad
2640 383 3005 441 redeundum
3048 383 3318 456 arripuit,
3370 386 3433 442 in
3485 388 3686 445 castris

278 477 556 546 accensis,
589 480 647 534 et
676 477 808 549 igne
838 474 1096 547 copioso,
1143 489 1304 532 more
1341 475 1551 534 sideris
1588 477 1927 549 micantem,

277 567 468 641 ignari
507 565 788 631 locorum,
845 567 1166 621 nocturnas
1209 565 1610 637 navigationes
1649 567 1926 638 dirigunt.

276 656 424 716 Nam
458 652 808 713 Alexandria
825 667 975 711 caeco
997 653 1166 722 mari,
1191 663 1246 710 et·
1276 654 1604 728 periculoso
1627 656 1805 713 nimis
1828 673 1927 714 sc-

273 760 460 814 cessu,
491 747 550 801 et
575 742 737 800 vadis
768 740 1078 800 fallacibus
1102 742 1333 813 aditur;
1360 759 1470 814 quo
1494 748 1810 817 autequam
1842 746 1929 802 in·

270 833 607 908 gradiantur
625 831 988 905 navigantes,
1012 831 1270 905 ignibus,
1297 834 1397 906 qui
1419 832 1700 891 continuo
1724 835 1927 892 fomite

270 925 329 980 et
347 921 687 995 sumptibus
712 920 964 995 publicis
985 937 1161 994 super
1180 937 1315 978 eum
1337 923 1924 995 nutriuntur,edocti,

265 1010 645 1069 imminentia
671 1011 855 1068 vitant
895 1010 1224 1085 naufragia,
1269 1015 1325 1068 et
1352 1012 1427 1069 ad
1476 1029 1683 1070 cursus
1709 1029 1772 1069 se
1818 1013 1927 1070 eri-

264 1104 414 1175 gunt
439 1100 939 1173 salutares.Super
957 1101 1109 1157 hanc
1132 1100 1387 1157 victorias
1414 1102 1676 1175 signum,
1700 1102 1925 1159 domini

265 1192 423 1264 regis
449 1190 719 1248 vexillum
750 1189 1036 1262 erigitur;
1066 1195 1124 1247 et
1153 1191 1303 1262 quod
1337 1191 1503 1262 prius
1530 1192 1732 1263 paucis
1753 1192 1922 1248 inno-

262 1282 468 1349 tuerat,
502 1279 568 1336 sst
599 1279 874 1337 omnibus
895 1278 1066 1352 signo
1096 1280 1360 1336 contuito
1396 1281 1922 1346 manifestum.Quo

261 1368 407 1440 viso,
439 1368 541 1442 qui
572 1370 800 1427 cautius
829 1384 893 1427 ss
921 1368 1203 1426 habentes
1232 1368 1302 1425 ad
1317 1369 1509 1442 prima
1537 1371 1709 1427 tracti
1744 1370 1921 1426 foede·

264 1459 345 1517 ris
374 1458 568 1530 verba,
602 1457 822 1516 nostris
850 1473 911 1516 se
940 1457 1306 1516 commIttere
1333 1458 1772 1531 pertimuerant,
1790 1458 1918 1530 jam

263 1547 338 1604 de
366 1562 508 1621 pace
529 1546 666 1603 facti
697 1545 992 1616 certiores,
1020 1561 1135 1603 non
1160 1545 1452 1603 timentes
1474 1546 1688 1604 nostris
1713 1547 1919 1618 adjun-

264 1651 401 1711 gere
441 1639 500 1693 et
549 1636 621 1692 de
669 1634 807 1692 fidei
869 1639 1083 1692 nostres
1133 1650 1489 1707 praesumere
1537 1635 1870 1693 sinceritate
1898 1654 1913 1705 ς

263 1740 450 1782 unum
472 1740 591 1796 prae
603 1725 880 1782 omnibus
893 1724 1270 1792 admirantes,
1292 1725 1443 1795 quod
1458 1728 1681 1782 tantam
1696 1724 1912 1782 civium

262 1812 726 1881 multitudinem,
757 1817 1100 1886 tantamque
1130 1815 1482 1870 advenarum
1516 1816 1912 1872 numerosita-

158 1934 163 1943 ·
260 1907 402 1975 tem,
425 1902 528 1977 qui
550 1919 755 1961 omnes
771 1903 842 1961 ad
862 1903 1107 1960 tutelam
1132 1902 1386 1960 civitatis
1408 1903 1656 1961 fideliter
1675 1919 1911 1977 operam

263 1993 694 2064 ministrabant,
745 2000 866 2050 tam
907 1993 1174 2050 modicus
1223 1993 1511 2050 exercitus
1556 1993 1710 2051 intra
1747 1993 1912 2050 urbis

262 2085 480 2143 moenia
512 2083 678 2141 facile
709 2087 1041 2141 coercuerat
1068 2087 1124 2140 et
1171 2084 1241 2139 ad
1273 2083 1722 2157 ignominiosam
1750 2084 1914 2154 juxta

270 2173 507 2231 libitum
536 2173 944 2244 compulerant
973 2171 1325 2229 deditionem
1350 2190 1366 2244 ;
1396 2173 1491 2229 vix
1525 2172 1680 2229 euim
1714 2173 1786 2229 de
1818 2189 1921 2229 no-

262 2263 405 2322 stris
425 2263 652 2336 equites
682 2267 851 2319 erant
882 2262 1212 2334 quingenti,
1246 2262 1509 2334 peditum
1538 2267 1788 2335 quatuor
1816 2265 1923 2319 aut

263 2352 527 2427 quinque
554 2350 758 2420 millia3
781 2352 1159 2408 obsessorum
1187 2355 1403 2422 autem,
1435 2352 1537 2424 qui
1562 2367 1728 2409 arma
1750 2355 1920 2424 pote·

266 2445 398 2499 rant
427 2440 692 2510 educere,
722 2456 904 2513 supra
935 2439 1365 2513 quinquaginta
1388 2439 1597 2499 millia.

865 2528 1102 2588 CAPUT
1146 2528 1354 2586 XXXI.

270 2621 382 2678 Rex
410 2617 641 2676 victoria
666 2619 892 2691 potitus,
930 2616 1165 2690 receptis
1192 2617 1310 2675 suis
1354 2617 1647 2686 universis,
1697 2618 1768 2675 ad
1794 2634 1928 2692 pro-

853 2690 985 2762 pria
1013 2692 1335 2747 revertitur.

339 2781 626 2855 Egressus
657 2778 839 2853 igitur
856 2778 1247 2839 Salahadinus
1271 2779 1342 2836 ad
1377 2778 1681 2837 dominum
1711 2793 1931 2853 regem,

2040 476 2280 543 mansit,
2311 477 2445 531 dato
2483 473 2593 530 sibi
2645 472 2908 540 custode,
2955 472 3222 546 quicum
3269 478 3552 533 tractaret
3599 476 3691 535 ho·

2037 571 2200 626 ueste
2228 569 2285 622 et
2327 564 2770 621 temerariorum
2797 563 2868 619 ab
2897 578 2966 620 eo
3011 563 3380 637 propulsaret
3418 565 3688 639 injurias.

2033 659 2105 714 At
2131 674 2264 715 vero
2290 654 2570 713 soldanus
2594 671 2728 711 cum
2782 654 3058 711 tubarum
3094 654 3392 729 clangore,
3439 661 3502 714 et
3539 663 3691 731 tym-

2035 748 2224 821 panis,
2269 754 2324 802 et
2366 744 2580 815 choris,
2636 748 2695 800 et
2743 744 2904 800 omni
2948 759 3157 817 genere
3203 744 3572 804 musicorum
3607 747 3690 805 in-

2034 841 2516 904 strumentorum,
2589 833 2843 906 stipatus
2880 833 3238 905 agminibus,
3293 841 3684 908 praecurrente

2032 926 2342 982 innumera
2368 922 2765 996 apparitorum
2789 938 2922 979 man
2933 939 2992 990 u,
3013 923 3476 982 vociferantibus
3498 942 3684 984 arma-

2032 1019 2231 1072 torum
2260 1013 2491 1079 turmis,
2525 1028 2624 1083 per
2666 1016 2864 1084 portas
2890 1011 3156 1081 civitatis,
3206 1030 3341 1071 cum
3379 1014 3678 1089 triumpho

2032 1113 2313 1177 tanquam
2340 1103 2527 1160 victor
2565 1102 2893 1174 ingressus,
2933 1106 3156 1160 terrore
3190 1103 3346 1161 cives
3382 1106 3680 1174 concutit;

2033 1194 2140 1250 hos
2172 1195 2431 1261 damnat,
2453 1191 2585 1247 illos
2617 1189 2886 1258 absolvit;
2917 1196 2975 1248 et
3000 1190 3564 1251 delictadiscutlens
3582 1210 3681 1267 po-

2032 1286 2241 1350 tenter,
2259 1281 2532 1338 omnibus
2553 1279 2854 1338 distribuit
2875 1281 3115 1354 praemia
3139 1283 3513 1341 meritorum.
3530 1284 3683 1340 Tan-

2031 1372 2162 1430 dem
2192 1371 2253 1428 in
2283 1376 2441 1428 certa
2462 1370 2720 1441 pecuniae.
2735 1371 3061 1441 quantitate
3082 1372 3308 1430 civibus
3329 1374 3686 1431 condemna·

2036 1462 2136 1531 tis,
2167 1465 2570 1533 procuratores
2599 1459 2953 1517 tributorum
2966 1461 3215 1532 ordinat,
3235 1462 3609 1535 vectigalium
3631 1470 3684 1521 et

2027 1552 2289 1608 civilium
2349 1549 2716 1607 functionum
2788 1550 3043 1607 instituit
3100 1556 3426 1609 exactores.
3471 1553 3683 1611 Exacta

2026 1641 2223 1713 itaque
2243 1639 2478 1696 infinita
2507 1639 2773 1710 pecunia,
2806 1639 3078 1697 fidelibus
3109 1640 3235 1697 suis
3266 1658 3473 1699 curam
3494 1643 3684 1714 injun·

2024 1746 2165 1804 gens
2211 1728 2486 1797 civitatis,
2525 1728 2587 1784 in
2635 1732 2829 1785 castra
2878 1729 3173 1801 gloriosus
3221 1747 3283 1789 so
3325 1732 3569 1804 recepit.
3614 1735 3683 1789 At

2023 1835 2158 1876 vero
2193 1818 2375 1876 nostri
2405 1816 2477 1873 ad
2507 1817 2759 1874 reditum
2792 1818 3142 1890 aspirantes,
3176 1819 3279 1891 qui
3309 1820 3551 1895 navigio
3579 1838 3683 1878 ve-

2024 1912 2255 1974 nerant,
2305 1906 2564 1979 sumptis
2597 1906 2669 1962 ad
2729 1907 2839 1964 iter
2895 1908 3256 1977 necessariis,
3309 1925 3486 1968 naves
3537 1926 3682 1968 con-

2029 1998 2335 2063 scendunt,
2367 2001 2424 2052 et
2452 2013 2515 2052 se
2544 1996 2781 2053 flatibus
2812 1998 3272 2067 committentes,
3318 1999 3393 2055 ad
3446 1999 3682 2073 propria

2022 2103 2157 2145 cum
2186 2088 2399 2159 gaudio
2430 2090 2818 2144 revertuntur.
2854 2087 2975 2144 Rex
3001 2104 3232 2160 quoque
3261 2089 3528 2147 incensis
3560 2105 3682 2146 ma·

2024 2176 2307 2244 chinis,et
2331 2175 2666 2248 compositis
2687 2176 2955 2245 sarcinis,
2974 2193 3179 2234 versus
3199 2177 3558 2252 Babylonem
3575 2180 3681 2237 iter

2027 2265 2244 2338 dirigit.
2277 2265 2584 2337 Adjunctis
2613 2280 2750 2339 ergo
2781 2265 2893 2321 sibi
2928 2283 3075 2339 quos
3105 2267 3185 2323 ibi
3203 2266 3537 2336 dimiserat,
3569 2269 3681 2326 sol-

2027 2356 2179 2411 dano
2211 2355 2269 2410 in
2316 2370 2424 2410 sua
2466 2354 2966 2413 administratione
3010 2356 3380 2426 confirmato,
3428 2356 3679 2416 exclusis

2029 2445 2318 2513 hostibus,
2350 2445 2475 2501 suis
2505 2444 2603 2515 qui
2642 2445 2796 2516 capti
2835 2445 3066 2503 fuerant
3110 2447 3383 2520 receptis,
3432 2464 3518 2504 ιιι
3550 2448 3670 2507 Kal.

2032 2533 2393 2606 Septembris
2424 2532 2772 2591 Ascalonem
2805 2535 3097 2607 ingressus
3156 2539 3262 2604 est,
3313 2552 3472 2594 anno
3523 2539 3682 2611 regni

2035 2624 2165 2695 ejus
2197 2630 2435 2694 quarto;
2469 2623 2542 2679 ab
2574 2623 2979 2682 incarnatione
3009 2623 3243 2682 Domini
3275 2640 3414 2683 vero
3441 2626 3607 2686 1167.

1202 3112 1608 3203 INCIPIT
1684 3111 2023 3205 LIBER
2096 3114 2750 3210 VIGESIMUS-

812 3445 1044 3503 CAPUT
1085 3444 1395 3504 PRIMUM.

280 3535 545 3593 Dominus
607 3536 908 3590 Her-nesius
955 3533 1321 3591 Caesariensis
1371 3532 1827 3607 archiepiscopus,
1874 3544 1926 3593 et

351 3605 461 3664 Ode
483 3607 553 3663 de
588 3604 786 3663 Sancto
828 3606 1097 3674 Amantio,
1148 3607 1330 3675 regius
1376 3606 1659 3676 pincerna,
1698 3623 1733 3662 a
1782 3610 1930 3665 Con-

349 3676 713 3750 stantinopoli
756 3677 1007 3738 redeunt.
1037 3692 1265 3733 uoeorem
1293 3679 1544 3746 futuram
1588 3680 1709 3747 reqi
1745 3694 1930 3737 secum

351 3749 627 3806 ducentes.
678 3750 792 3805 Rex
841 3751 902 3805 in
959 3749 1187 3806 ecclesia
1249 3749 1475 3821 Tyr-ensi
1524 3756 1842 3814 coronatur,
1876 3757 1929 3808 et

352 3837 582 3878 uxorem
610 3820 779 3877 ducit.

348 3909 572 3968 Interea
599 3910 873 3967 dominus
902 3908 1240 3976 Hernesius,
1266 3909 1430 3965 bonae
1465 3907 1778 3972 memorias,
1809 3909 1926 3962 (ἰω-

278 3997 557 4056 sariensis
599 3998 1088 4070 archiepiscopuS,
1140 3998 1262 4055 Odo
1310 4015 1539 4071 quoque
1596 3998 1668 4053 de
1716 3997 1927 4053 Sancto

277 4088 563 4159 Amando,
594 4092 736 4145 tunc
758 4086 948 4156 regius
979 4089 1278 4160 pincerna,
1299 4091 1600 4158 procurata
1624 4090 1741 4143 tam
1777 4102 1924 4158 pru-

276 4177 483 4234 denter
504 4191 678 4248 quam
711 4175 963 4232 fideliter
999 4176 1224 4233 domini
1268 4177 1422 4247 regis
1471 4176 1780 4248 legatione,
1824 4190 1928 4246 pro

279 4281 398 4336 qua
421 4264 589 4320 missi
608 4265 861 4332 fuerant,
880 4264 1034 4337 apud
1058 4264 1366 4321 dominum
1398 4265 1726 4322 manuelem
1750 4264 1932 4335 irnpe-

281 4355 537 4409 ratorem
569 4351 1293 4424 Constantinopolitanum,
1319 4353 1627 4425 impetrato
1659 4350 1817 4425 quod
1836 4367 1932 4423 pe-

281 4442 500 4500 tierant
540 4445 676 4515 post
704 4446 902 4499 actum
935 4441 1265 4508 biennium,
1318 4442 1546 4512 navigio
1593 4442 1926 4511 redeuntes,

279 4531 503 4590 domini
551 4530 925 4605 imperatoris
984 4531 1387 4590 Protosevasto
1432 4530 1639 4600 filiam,
1688 4530 1927 4586 domino

276 4620 397 4693 regi
427 4636 664 4679 uxorem
695 4621 952 4680 futuram
982 4622 1286 4688 ducentes,
1308 4620 1462 4693 apud
1494 4622 1704 4691 Tyrum
1739 4620 1927 4692 appli-

276 4714 430 4768 cant.
462 4710 586 4777 Quo
618 4710 875 4784 cognito,
907 4709 1183 4768 dominus
1214 4727 1313 4768 rex
1342 4725 1475 4766 cum
1504 4708 1802 4767 celeritate
1821 4709 1929 4781 Ty-

274 4814 408 4857 rum
438 4801 721 4873 pervenit,
750 4801 1190 4872 convocatisque
1231 4799 1605 4858 ecclesiarum
1647 4796 1925 4872 praelatis,

279 4892 338 4946 et
355 4889 519 4962 regni
542 4890 1209 4963 principibus,eamdem
1234 4889 1495 4958 Mariam,
1521 4888 1692 4961 regiae
1711 4888 1925 4945 unctio·

277 4978 370 5035 nis
399 4981 459 5035 et
492 4980 941 5037 consecrationis
973 4996 1190 5037 munus
1213 4980 1504 5050 adeptam,
1536 4979 1662 5051 ipse
1692 4995 1925 5052 quoque

278 5067 485 5125 habitu
515 5069 672 5141 regio
702 5070 948 5143 insignis
978 5074 1035 5127 et
1063 5070 1217 5125 avito
1248 5069 1573 5125 diademate
1598 5068 1925 5137 laureatus,

275 5173 380 5230 per
404 5173 644 5215 manum
676 5159 896 5216 domini
929 5159 1269 5232 patriarchas
1299 5157 1598 5227 Amalrici,
1635 5159 1793 5214 bonae
1813 5174 1930 5215 me-

286 5248 508 5314 moriae,
538 5247 599 5305 in
629 5250 874 5307 ecclesia
894 5249 1156 5322 Tyrensi,
1181 5265 1316 5305 cum
1338 5249 1536 5305 debita
1553 5248 1928 5322 magnificen-

272 5334 355 5392 tia
378 5351 436 5393 νι
466 5337 593 5394 Kal.
626 5337 982 5410 Septembris
1001 5355 1234 5396 uxorem
1295 5339 1481 5394 duxit.
1534 5337 1639 5393 Hic
1667 5336 1927 5396 Joannes

276 5421 696 5498 Protosevasto,
729 5430 898 5500 cujus
935 5429 1140 5500 filiam,
1169 5431 1236 5485 ut
1274 5428 1559 5498 diximus,
1598 5442 1698 5484 rex
1736 5427 1926 5500 duxit,

276 5510 543 5584 sJusdem
571 5516 795 5576 domini
824 5518 1191 5591 imperatoris
1217 5533 1289 5576 ex
1318 5517 1493 5577 fratre
1530 5521 1670 5576 natu
1710 5518 1927 5592 priore,

275 5606 443 5662 ortus
471 5605 564 5662 sst
592 5621 790 5682 nepos.
838 5607 1005 5668 Misit
1051 5611 1246 5666 autem
1291 5605 1561 5665 dominus
1605 5605 1927 5679 imperator

1960 3451 2012 3519 C.
2041 3469 2174 3510 cum
2205 3454 2479 3527 praedicta
2509 3460 2679 3530 nepte
2708 3474 2834 3526 sua,
2865 3456 3019 3516 viros
3051 3455 3311 3515 illustres
3332 3464 3388 3516 et
3409 3457 3687 3532 magnifi-

2038 3545 2198 3612 cos,','
2219 3544 2536 3616 imperialis
2597 3545 2924 3604 eminentiss
2974 3545 3309 3617 familiares,
3375 3547 3686 3604 dominum

2037 3631 2422 3706 Palaeologum
2479 3639 2539 3691 et
2586 3635 2913 3694 Manuelem
2976 3640 3267 3704 sevaston,
3334 3636 3689 3709 consangui-

2038 3738 2213 3779 neum
2245 3739 2444 3793 suum,
2476 3740 2610 3781 curn
2643 3724 2847 3782 multis
2878 3724 3031 3792 aliis,
3063 3724 3165 3798 qui
3205 3725 3516 3794 magnifice
3561 3741 3687 3784 eam

2038 3812 2273 3867 domino
2299 3812 2419 3884 regi
2452 3813 2764 3883 traderent,
2796 3818 2855 3871 et
2885 3814 2955 3871 de
2985 3814 3266 3885 injunctis
3292 3813 3689 3870 solemnitati-

2038 3901 2149 3958 bus
2181 3901 2327 3957 nihil
2360 3903 2619 3960 sinerent
2650 3904 2933 3974 preteriri.
2964 3902 3204 3977 Tyr-ensi
3245 3906 3444 3959 autem
3489 3902 3685 3960 Eccle-

2039 3990 2137 4048 siae
2167 3995 2432 4062 proecrat,
2465 3993 2523 4049 in
2555 4009 2670 4064 qua
2698 3993 2821 4050 haec
2853 3995 3006 4050 lacta
3034 3997 3193 4060 sunt,
3222 3993 3503 4051 domiuus
3543 3992 3681 4050 Fre·-

2039 4082 2288 4149 dericus,
2318 4081 2418 4154 qui
2449 4098 2518 4138 ex
2547 4084 2879 4139 Acconense
2907 4082 3167 4139 Ecclesia
3193 4081 3265 4138 sd
3296 4080 3462 4138 illam
3501 4082 3684 4140 fuerat

2039 4173 2380 4229 translatus.
2414 4171 2536 4241 Hic,
2569 4172 2761 4228 triduo
2793 4175 3104 4243 postquam
3135 4186 3235 4226 rex
3263 4169 3324 4226 in
3355 4171 3564 4228 eadem
3602 4169 3682 4227 ci·

2038 4266 2212 4321 vitate
2240 4270 2546 4321 coronatus
2565 4262 2750 4320 iuerat
2765 4270 2817 4319 et
2835 4260 3068 4334 nuptias
3090 4260 3506 4330 celebraverat,
3532 4275 3682 4332 pre-

2038 4363 2196 4412 sente
2215 4360 2272 4411 et
2301 4359 2539 4427 rogante
2571 4352 2807 4409 domino
2839 4368 2990 4426 rege,
3021 4355 3077 4408 et
3105 4350 3239 4407 aliis
3270 4349 3481 4407 multis
3511 4350 3683 4407 hone-

2038 4445 2143 4502 stis
2168 4444 2327 4513 viris,
2357 4443 2894 4501 archidiaconatum
2925 4441 3185 4513 ejusdem
3216 4438 3516 4508 Ecclesiae,
3536 4439 3680 4497 unde

2036 4536 2309 4592 dominus
2340 4532 2672 4590 Willelmus
2701 4532 2774 4588 ad
2804 4534 3192 4588 Acconensem
3211 4528 3536 4586 Ecclesiam
3565 4529 3682 4586 fue·

2040 4632 2120 4684 rat
2148 4628 2408 4692 vocatus,
2442 4624 2610 4681 nobis
2637 4621 2957 4679 liberaliter
2986 4618 3254 4678 contulit.

1957 4831 2003 4897 D
2034 4863 2371 4921 Andronicus
2394 4861 2616 4935 quidum
2639 4858 2996 4932 imperatoris
3027 4856 3497 4925 consanguineas,
3523 4853 3683 4912 Theo-

2106 4937 2315 4993 doram.
2351 4934 2614 4991 Balduini
2671 4931 2817 5003 reqis
2863 4929 3107 4999 viduam,
3138 4943 3317 4984 secum
3361 4943 3467 5000 per
3509 4935 3681 4985 terras

2110 5007 2346 5064 hostium
2374 5007 2616 5062 abducit.

2110 5138 2214 5193 Per
2269 5134 2426 5191 idem
2475 5140 2724 5202 tempus,
2755 5126 3122 5185 Andronicus
3165 5123 3406 5198 quidam
3467 5123 3682 5182 nobilis

2037 5227 2271 5284 Graecus
2302 5228 2359 5280 et
2385 5226 2609 5295 potens,
2630 5218 2850 5276 domini
2877 5214 3249 5289 imperatoris
3269 5213 3683 5271 Constantino·

2037 5316 2280 5390 politani
2312 5313 2802 5385 consanguineus,
2835 5308 2905 5365 de
2933 5305 3194 5381 partibus
3247 5304 3466 5363 Gilioiae
3510 5305 3685 5363 adve-

2038 5412 2226 5478 niens,
2278 5423 2410 5464 cum
2463 5403 2644 5462 multa
2686 5401 2915 5468 militia,
2957 5400 3100 5456 dum
3149 5395 3435 5455 dominus
3477 5411 3582 5452 rex
3626 5393 3683 5450 in

2035 5500 2281 5573 AEgypto
2297 5497 2489 5554 adhuc
2505 5495 2888 5562 detineretur,
2910 5503 3092 5563 usque
3109 5487 3184 5546 ad
3211 5487 3345 5560 ejus
3367 5486 3682 5544 adventum

2038 5592 2194 5668 apud
2226 5606 2331 5650 nos
2367 5601 2591 5649 moram
2630 5582 2768 5644 fecit
2802 5580 2976 5642 nobis
3023 5574 3480 5639 consolatoriam
3515 5594 3534 5650 3
3581 5573 3680 5636 ssd
