3784 6000
289 229 425 290 1171

1003 350 1284 410 Lxxxnt.

283 444 566 504 Abbatem
589 449 645 502 et
676 441 992 501 monachos
1029 441 1371 523 Uranenses:
1392 441 1565 523 Jubet
1614 438 1937 510 archiepis·

718 529 863 584 copo
887 514 1216 570 Ravennati
1239 512 1492 569 obedire.

807 601 1088 674 (velletri,
1123 601 1248 658 Maii
1295 601 1407 672 18.)

285 693 672 769 [Murmura
705 691 927 748 Annal.
959 689 1333 759 camaldul„
1359 691 1445 758 lv,
1476 690 1655 762 App„
1690 704 1752 760 p.
1786 685 1933 760 tlh]

350 783 549 839 Lucius
577 781 920 852 episcopus,
951 793 1159 835 servus
1184 793 1497 835 servorum
1527 777 1651 842 Dei,
1699 776 1932 834 dilectis

280 870 419 928 filiis
446 869 650 928 abbati
682 874 740 927 et
786 867 1106 925 monachis
1161 866 1236 924 de
1290 869 1505 938 Urano,
1576 866 1833 923 salutem
1877 870 1935 922 et

284 959 683 1034 apostolicam
706 956 1211 1015 benedictionem.

352 1047 722 1122 Significavit
801 1045 976 1104 nobis
1053 1043 1413 1102 venerabilis
1499 1044 1679 1101 frater
1730 1047 1935 1101 noster

279 1137 775 1209 archiepiscopus
796 1133 1308 1209 Ravennasquod,
1321 1149 1460 1191 cum
1482 1149 1611 1203 vos,
1628 1132 1931 1198 monaehi,

279 1228 354 1285 ab
370 1225 750 1298 officio,quia
770 1240 889 1281 uon
907 1223 1208 1294 eligebatis
1222 1222 1522 1290 abbatem,
1551 1238 1660 1279 nec
1685 1237 1933 1294 suspen-

278 1316 512 1374 sionem
533 1312 834 1380 servastis,
854 1328 965 1370 nec
976 1311 1050 1368 de
1075 1315 1420 1384 contemptu
1444 1317 1648 1369 senten
1659 1311 1935 1378 tiae,sicut

276 1404 671 1477 injunximus,
704 1402 1052 1460 satisfacere
1097 1402 1228 1472 jam
1272 1401 1434 1457 dicto
1479 1399 1932 1471 archiepiscopo

277 1491 906 1561 curavistis,abbatem
922 1506 1030 1546 vos
1047 1489 1305 1560 elegistis
1323 1489 1402 1546 ad
1416 1489 1774 1545 mandatum
1787 1504 1931 1561 apo·

277 1581 560 1639 stolicum
588 1581 887 1637 iteratum.
903 1578 1199 1646 Quoniam
1214 1578 1390 1650 igitur
1412 1593 1449 1635 a
1476 1583 1739 1648 tempore
1762 1578 1928 1651 quod

1741 221 1931 284 LUCII
1968 222 2042 281 111
2076 221 2289 287 ,PAPAE

1970 350 2017 404 A
2045 347 2399 406 discretioni
2433 351 2646 404 vestrm
2675 361 2782 420 per
2800 345 3136 419 apostolica
3180 343 3405 417 scripta
3458 342 3709 401 manda·

3575 214 3707 275 1172

2047 453 2207 504 mus,
2238 441 2540 510 quatenus
2568 435 3057 508 praescriptarum
3082 432 3473 490 eeclesiarum
3505 433 3708 490 deten-

2045 531 2202 583 tores
2252 541 2354 582 eas
2411 524 2676 598 praefatis
2740 523 3055 581 monachis
3110 522 3442 589 restituere,
3516 519 3612 578 vel
3649 522 3705 577 in

2046 615 2355 686 praesentia
2389 618 2579 669 vestra
2603 611 3147 685 plenamjustitiam
3162 610 3446 669 exhibere
3461 626 3705 668 monea-

2044 703 2115 760 tis
2144 700 2488 773 diligentius
2521 706 2579 756 et
2606 700 3009 757 ecclesiastica
3030 699 3399 756 districtione
3449 699 3702 771 cogatis.

2119 795 2334 849 Datum
2366 789 2624 856 velletri,
2649 806 2687 846 x
2721 789 3019 846 Kalendas
3037 791 3064 846 J
3073 788 3218 845 unii.

2432 880 2507 936 In
2525 879 2793 949 plumbo,
2821 879 3025 935 Luctus
3052 893 3185 934 rara
3208 877 3305 934 111.

2762 986 3001 1043 LXXXV.

2041 1076 2402 1134 Sententiam
2431 1076 2506 1132 ab
2536 1075 2975 1145 archiepiscopo
3015 1074 3331 1132 Viennensi
3352 1079 3408 1130 et
3433 1073 3705 1143 episcope

2080 1147 2389 1205 Genevensi
2400 1148 2458 1203 in
2470 1147 2726 1203 comitem
2741 1147 3116 1205 Genevensem
3129 1145 3672 1214 latam,eonfirmet.

2580 1234 2861 1305 (velletri,
2897 1237 2924 1292 J
2934 1251 3034 1291 un.
3087 1236 3161 1307 l.)

2046 1323 2237 1400 [Spem
2256 1323 2411 1381 Hist.
2432 1323 2505 1380 de
2516 1318 2754 1387 Geneve,
2781 1323 2923 1379 edit.
2946 1324 3102 1391 ¹730,
3117 1323 3293 1386 iix-12.
3310 1329 3350 1378 t.
3376 1322 3475 1389 Ill,
3493 1337 3556 1395 p.
3589 1320 3706 1396 et]

2111 1414 2315 1472 Lucius
2346 1413 2685 1484 episcopus,
2717 1428 2930 1468 servus
2961 1428 3271 1469 servorum
3299 1412 3422 1476 Dei.
3451 1426 3706 1467 venera-

2042 1502 2264 1560 bilibus
2286 1500 2565 1559 fratribus
2589 1501 2899 1558 Viennensi
2918 1500 3378 1572 archiepiscopo
3400 1506 3462 1556 et
3481 1501 3705 1557 Geben-

2042 1593 2204 1649 nensi
2218 1589 2756 1665 episcop0,salutem
2771 1596 2829 1647 et
2840 1590 3212 1663 apostolicam
3228 1589 3701 1647 benedictionem.

274 1670 592 1728 hominum
623 1668 856 1726 Θῐῦθᾱὶῑ
878 1668 1257 1733 memoriam»
1287 1682 1500 1723 0m⁰0⁸
1529 1666 1780 1723 abbat&
1807 1682 1931 1723 ¹1¹0·
1970 1673 2014 1728 Β
2114 1680 2353 1748 Quoties
2372 1681 2432 1736 in
2450 1679 2861 1737 malefactores
2874 1677 3273 1737 Ecclesiarum
3286 1678 3705 1736 ecclesiastico

276 1759 521 1818 nasterii
546 1756 723 1814 vestri
748 1771 934 1828 nsque
959 1756 1039 1811 ad
1070 1754 1355 1812 dilectum
1381 1755 1569 1811 tilium
1593 1759 1873 1811 nostrum
1893 1755 1933 1808 P

275 1862 438 1905 nunc
451 1845 955 1904 Camaldulensem
968 1844 1794 1916 priorem‚proedecessoribus
1810 1845 1934 1900 suis

274 1934 631 1994 obedientioe
673 1933 1017 2007 juramento
1047 1932 1256 1990 asserit
1307 1931 1670 2005 promisisse,
1705 1930 1934 1998 ubi,fili

275 2024 489 2091 abbas,
507 2038 615 2096 per
643 2020 977 2095 apostoliea
1005 2021 1227 2094 scripta
1259 2019 1626 2078 mandamus
1650 2025 1707 2078 et
1734 2021 1938 2077 distri-

279 2117 370 2169 cte
401 2111 808 2185 praecipimus,
840 2114 1137 2183 quatenus
1167 2125 1411 2168 omnem
1439 2110 1847 2166 obedientiam
1876 2113 1935 2166 et

273 2201 664 2258 reverentiam
693 2197 850 2256 infra
872 2215 947 2255 ιι.
975 2199 1103 2255 dies
1165 2203 1298 2271 post
1341 2198 1558 2255 horum
1600 2198 1936 2270 susceptio-

274 2304 416 2347 nem
427 2288 622 2346 eidem
645 2287 1097 2361 archiepiscopo
1112 2286 1428 2358 promittas
1443 2293 1498 2343 et
1520 2302 1935 2360 serves,quam

274 2378 750 2453 proedecessores
779 2377 858 2433 tui
874 2377 1006 2450 ejus
1025 2375 1504 2433 antecessoribus
1532 2376 1931 2447 archiepisco·

276 2468 370 2541 pis
396 2466 712 2541 promittas
716 2503 924 2522 .....
969 2505 983 2522 .
1010 2480 1130 2522 non
1157 2465 1431 2523 obstante
1443 2463 1607 2538 quod
1617 2465 1742 2537 jam
1775 2464 1937 2521 dicto

279 2556 458 2630 priori
472 2559 694 2613 sanetae
709 2553 1225 2612 reeordationisA.
1254 2591 1270 2607 .
1309 2595 1323 2610 .
1359 2596 1373 2610 .
1406 2570 1570 2628 papa
1609 2555 1938 2626 praedeces-

282 2659 381 2701 sor
402 2647 607 2701 noster
627 2658 737 2715 pro
765 2647 1030 2715 tempore
1051 2641 1830 2715 personaliterdignoscitur
1851 2642 1939 2699 in-

280 2731 560 2791 dulsisse.
582 2731 675 2789 Ad
701 2732 831 2788 haee
862 2731 1242 2804 proesentium
1286 2732 1637 2789 auctoritate
1680 2730 1941 2803 injungi-

282 2837 420 2881 mus
428 2859 688 2878 ......
726 2819 1145 2878 concessiones
1238 2820 1595 2877 Ravennatis
1648 2819 1938 2887 Ecclesiae,

280 2926 436 2985 quas
468 2910 680 2968 tenetis
710 2908 1167 2983 archiepiscopo
1193 2909 1320 2965 sine
1367 2908 1715 2965 difficultate
1723 2947 1938 2965 .....

279 2999 376 3059 vel
405 2999 455 3057 si
488 3016 626 3057 cum
658 3015 730 3056 eo
759 2998 1144 3072 nequiveritis
1175 2997 1568 3057 amicabiliter
1621 2999 1944 3057 convenire
1982 3023 2025 3082 G

287 3128 489 3147 .....
519 3087 967 3146 venerabilibus
996 3087 1282 3145 fratribus
1301 3090 1615 3145 Feretrano
1637 3093 1695 3145 et
1719 3090 1944 3147 Faven-

281 3178 406 3236 tino
437 3177 759 3252 episcopis,
800 3182 854 3234 et
876 3175 1092 3233 dilecto
1112 3175 1240 3233 tilio
1279 3178 1594 3251 Proeposito
1628 3180 1943 3236 Feretrano

392 3310 408 3327 .
438 3308 452 3323 .
496 3309 512 3324 .
544 3266 690 3323 ratis
716 3266 962 3339 justitias
992 3265 1364 3339 plenitudine
1396 3266 1698 3324 exhibere.

357 3356 573 3414 Datum
603 3354 851 3422 velletri,
881 3370 960 3411 xv
989 3355 1116 3412 Kal.
1149 3354 1326 3412 Junii.

355 3448 477 3517 Ego
529 3448 732 3502 Petrus
779 3443 1108 3501 Turriensis
1159 3447 1415 3501 cesenas
1479 3444 1742 3514 tabellio,
1793 3446 1945 3503 sieut

282 3533 403 3593 vidi
432 3539 487 3592 et
514 3532 809 3607 perlegiin
836 3532 1368 3591 litterisCatholieis
1390 3533 1583 3605 sigillo
1610 3534 1943 3606 apostolico

285 3623 560 3696 signatis,
589 3623 674 3681 ita
692 3622 907 3696 scripsi
926 3627 982 3680 et
1011 3622 1370 3695 exemplavi.

1004 3711 1278 3768 LXXXIV.

293 3799 674 3860 vizeliacensi
700 3807 752 3858 et
790 3800 1244 3859 Flavinianensi
1300 3799 1611 3858 abbatibus
1665 3802 1940 3869 mandat,

357 3880 567 3947 coyant
585 3872 903 3930 canonicos
934 3871 1355 3930 Cabilonenses
1384 3878 1438 3929 et
1458 3871 1939 3941 Matisconenses,

355 3951 424 4002 ut
452 3945 810 4002 monasterio
842 3945 1255 4002 frenet-riensi
1290 3942 1629 4002 subtractas
1670 3946 1944 4004 ecclesiae

356 4018 704 4075 restituant.

824 4084 1098 4159 (velletri,
1150 4085 1279 4144 Maii
1307 4087 1424 4158 23.)

282 4175 526 4252 [lustum
551 4176 748 4233 Nouv.
782 4175 944 4232 Hist.
975 4174 1049 4232 de
1081 4176 1372 4241 Tem-nus,
1404 4175 1939 4252 Preuves,p.179.]

357 4265 564 4322 Luctus
591 4262 936 4334 episeopus,
969 4278 1179 4320 servus
1209 4277 1521 4321 servorum
1551 4264 1677 4332 Dei,
1712 4264 1942 4323 dilectis

287 4349 791 4422 flliisVigilaeensi
805 4355 858 4407 et
884 4350 1672 4426 Flaviniacensiabbatibus,
1689 4354 1946 4413 salutem
1978 4385 2025 4442 D

289 4444 350 4500 et.
371 4440 769 4514 apostolicam
790 4439 1298 4499 benedictionem.

360 4530 678 4599 Querelam
694 4529 1050 4587 dilectorum
1066 4529 1327 4588 filiorum
1339 4535 1684 4591 nostrorum
1698 4533 1944 4592 abbatis

288 4625 346 4680 et
368 4620 812 4679 monachorum
835 4619 1278 4677 ‘trenorciensis
1319 4622 1663 4678 monasterii
1721 4622 1800 4680 ad
1831 4639 1944 4681 nos

289 4710 554 4768 delatam
586 4708 954 4783 accepimus,
982 4710 1146 4784 quod
1175 4708 1374 4767 dilecti
1400 4709 1503 4767 tilii
1532 4712 1808 4768 canonici
1840 4711 1945 4770 Ca·

289 4799 635 4858 bilonenses
657 4797 976 4856 ecelesiam
1007 4798 1084 4855 de
1109 4799 1379 4870 Giniaco,
1400 4799 1715 4857 ecelesiam
1746 4799 1821 4857 de
1834 4803 1948 4859 Mo-

288 4889 455 4955 lesia‚
470 4888 558 4945 eis
573 4893 782 4945 eontra
802 4887 1101 4960 justitiam
1116 4888 1508 4946 abstulerunt.
1536 4888 1627 4946 Ad
1644 4890 1772 4947 hoec
1786 4892 1951 4962 prior

291 4982 351 5036 et
376 4976 653 5035 canonici
677 4976 983 5047 regulares
1014 4976 1278 5035 ecclesiae
1334 4979 1531 5036 Sancti
1586 4979 1732 5036 Petri
1782 4981 1948 5038 Mati-

294 5066 629 5134 sconensis3
645 5065 959 5124 ecelesiam
971 5066 1283 5139 deflSaneto
1297 5069 1490 5125 Tauro
1506 5069 1669 5140 apud
1684 5074 1949 5125 castrum

271 5154 561 5230 ,Rainaldi
587 5155 716 5227 jam
747 5155 921 5213 dictis
952 5156 1283 5223 monachis,
1311 5156 1462 5213 sicut
1483 5158 1953 5231 asseritur,prae-

295 5242 955 5317 sumpseruntauferre.
981 5244 1252 5302 Nolentes
1274 5245 1451 5318 igitur
1472 5245 1763 5303 sustinere
1784 5247 1952 5320 quod

268 5383 275 5389 .
295 5331 613 5406 praet'atum
631 5333 976 5392 coenobium
989 5334 1081 5390 sui
1094 5335 1114 5406 j
1126 5335 1244 5390 uris
1257 5333 1646 5407 dispendium
1663 5335 1948 5409 patiatur,

2042 1769 2435 1827 districtionis
2456 1769 2748 1826 sententia
2777 1784 2887 1843 pro
2907 1784 3119 1826 eorum
3148 1767 3497 1827 excessibus
3527 1782 3706 1825 cano·

2043 1859 2175 1917 nice
2205 1857 2642 1931 promulgatur,
2668 1857 2878 1915 tandiu
2926 1857 2988 1915 in
3045 1873 3156 1915 sua
3198 1856 3380 1915 debet
3425 1856 3705 1914 firmitate

2043 1949 2365 2007 consistere
2390 1948 2585 2004 donee
2611 1946 3025 2004 malefactores
3049 1946 3164 2019 ipsi
3208 1949 3510 2018 cogantur
3571 1961 3704 2002 eum

2045 2036 2449 2095 satisfactione
2470 2035 2772 2109 condigna
2818 2051 2956 2109 quae
3014 2050 3332 2109 perperam
3389 2038 3707 2108 gesserant

2044 2125 2388 2184 emendare.
2440 2126 2584 2182 Hinc
2612 2128 2703 2181 est
2766 2123 2935 2197 quod
2983 2125 3340 2181 sententiam
3391 2138 3590 2197 quam
3642 2123 3705 2179 in

2042 2215 2318 2273 comitem
2358 2215 2811 2272 Gebennensem
2836 2222 2893 2270 et
2920 2219 3142 2271 terram
3165 2213 3297 2286 ejus
3318 2229 3432 2285 pro
3462 2212 3706 2271 damnis

2044 2310 2101 2363 et
2124 2304 2359 2376 injuriis
2390 2302 2803 2360 Gebennensis
2833 2302 3105 2360 Ecclesiae
3128 2304 3422 2359 canonice
3441 2300 3709 2376 promul·

2045 2393 2252 2464 gestis,
2266 2392 2493 2450 auctori
2502 2397 2617 2449 tate
2633 2391 2963 2464 apostolica
2978 2390 3418 2448 confirmamus
3434 2396 3497 2449 et.
3512 2405 3705 2464 usque

2046 2483 2125 2540 ad
2142 2481 2608 2539 satisfactionem
2637 2480 2904 2537 debitam
2934 2480 3317 2554 proecipimus
3341 2480 3681 2538 inviolabili

2045 2575 2132 2630 ter
2152 2570 2485 2629 observari.

2134 2663 2349 2718 Datum
2380 2658 2635 2726 velletri,
2668 2657 2969 2715 Kalendas
3006 2657 3165 2716 Julii.

2727 2746 2994 2805 LXXXVI.

2121 2837 2397 2897 Ecclesia
2424 2837 2887 2898 Basenvillensis
2910 2837 3339 2896 immunitatem
3368 2839 3705 2900 confimat.

2596 2926 2874 2994 (velletri,
2905 2927 3044 2993 Jun,
3074 2926 3154 3000 2.)

2435 3018 2705 3091 [mareu.
2737 3016 3044 3085 Anecdot„
3076 3018 3120 3085 l,
3163 3015 3317 3091 582]

2125 3110 2327 3165 Luctus
2356 3106 2695 3179 episeopus,
2728 3122 2937 3162 servus
2968 3120 3275 3163 servorum
3307 3107 3435 3172 Dei,
3476 3107 3706 3167 dilectis

2053 3196 2191 3254 filiis
2220 3194 2400 3268 priori
2428 3200 2487 3251 et
2514 3194 2799 3252 fratribus
2822 3194 2898 3251 de
2952 3194 3306 3263 Basenvilla,
3348 3195 3620 3256 salutem
3659 3204 3715 3256 et

2054 3284 2447 3360 apostolicam
2477 3283 2981 3341 benedictionem.

2124 3374 2304 3431 iustis
2317 3374 2647 3448 petentium
2658 3373 2970 3431 desideriis
2985 3372 3217 3432 facilem
3236 3373 3412 3432 decet
3422 3389 3543 3433 nos
3564 3391 3711 3451 prs»-

2052 3464 2194 3522 bere
2224 3478 2567 3530 assensum,
2594 3468 2652 3519 et
2682 3468 2819 3520 vota
2844 3478 2980 3535 quas
3018 3463 3320 3520 arationis
3338 3465 3583 3523 tramite
3597 3482 3708 3523 non

2053 3553 2421 3619 discordant,
2448 3550 2660 3610 effectu
2672 3558 3073 3626 prosequente
3088 3551 3418 3625 complere.
3454 3555 3710 3629 Baprop-

2051 3648 2159 3707 ter,
2186 3641 2384 3699 dilecti
2408 3641 2469 3698 in
2494 3642 2747 3698 Domino
2763 3641 2888 3708 filii,
2923 3641 3131 3699 vestris
3152 3641 3333 3713 justis
3361 3643 3711 3714 postulatio-

2052 3731 2232 3789 nibus
2258 3736 2430 3802 grato
2458 3736 2879 3789 concurrentes
2931 3747 3208 3798 assensu,
3265 3730 3710 3791 immunitatem

2052 3826 2110 3879 et
2139 3820 2583 3878 absolutionem
2627 3820 2688 3877 in
2740 3820 3094 3886 redditibus,
3154 3822 3707 3893 procurationibus,

2052 3908 2613 3977 consuetudinibus,
2670 3909 3079 3967 exactionibus
3130 3912 3189 3966 et
3227 3909 3385 3977 aliis,
3453 3911 3709 3985 exeeptis

2053 3998 2243 4056 feodis
2272 3997 2551 4063 militum,
2586 4013 2621 4054 a
2647 3998 2832 4055 nobili
2859 3999 2985 4056 viro
3007 3998 3249 4056 Simone
3275 3997 3352 4055 de
3380 3998 3590 4057 Nealfa
3602 4015 3703 4074 pro

2053 4088 2259 4145 anima
2278 4086 2494 4145 nobilis
2508 4086 2611 4143 viri
2626 4087 2887 4145 Simonis
2911 4087 2987 4145 de
3012 4091 3348 4159 maurepast
3370 4089 3459 4160 (8)
3482 4088 3543 4146 in
3569 4105 3710 4162 prte-

2052 4177 2243 4235 sentia
2271 4177 2447 4233 bonoe
2470 4178 2774 4234 memoriae
2811 4177 2874 4235 L.
2906 4175 3219 4250 quondam
3254 4176 3511 4234 illustris
3539 4180 3713 4236 Fran·

2053 4281 2263 4322 corum
2284 4265 2439 4336 regis
2468 4271 2525 4323 et
2556 4264 2915 4322 venerabilis
2941 4264 3145 4322 fratris
3192 4265 3393 4322 nostri
3429 4266 3532 4323 W.
3580 4271 3713 4323 tune

2054 4354 2438 4421 Senonensis,
2487 4369 2648 4411 nune
2699 4370 2835 4412 vero
2884 4354 3193 4412 Remensis
3273 4354 3712 4429 archiepiscopi

2053 4443 2220 4503 vebis
2252 4447 2309 4501 et
2338 4444 2789 4501 successoribus
2819 4444 3031 4502 vestris
3085 4444 3184 4516 pia
3225 4443 3558 4503 devotione
3605 4446 3711 4503 fae·

2053 4539 2199 4601 tam,
2234 4532 2469 4589 sicutin
2501 4532 2855 4590 authenticis
2918 4532 3223 4605 rescriptis
3281 4532 3709 4605 praedictarum

2057 4637 2451 4695 personarum
2478 4622 2757 4684 habetur.
2784 4623 3085 4680 devotioni
3126 4626 3340 4678 vestras
3362 4623 3712 4681 auctoritate

2056 4711 2383 4785 apostolica
2400 4710 2852 4778 confirmamus,
2881 4716 2938 4768 et
2956 4710 3268 4786 praesentis
3290 4711 3506 4784 scripti
3526 4718 3713 4785 patre·

2041 4800 2214 4857 ‘cinio
2228 4800 2679 4857 communimus
2706 4815 2719 4855 ε
2751 4804 3097 4867 statuentes,
3159 4805 3224 4855 ut
3261 4797 3413 4856 nulli
3471 4800 3713 4857 omnino

2057 4889 2375 4947 hominum
2402 4888 2572 4946 liceat
2602 4889 2759 4946 hanc
2808 4890 3097 4962 paginam
3147 4893 3367 4946 nostro
3400 4888 3715 4947 conflrma-

2061 4979 2236 5036 tionis
2260 4977 2601 5049 infringere,
2629 4979 2723 5035 vel
2760 4980 2810 5035 ei
2842 4994 2995 5035 ausu
3019 4977 3336 5036 temerario
3396 4978 3711 5036 contraire.

2060 5068 2117 5124 Si
2149 5067 2286 5140 quis
2306 5071 2507 5124 autem
2538 5067 2654 5124 hoc
2685 5072 2974 5124 attentare
3031 5067 3516 5140 praesumpserit,
3577 5066 3714 5124 indi·

2061 5158 2409 5229 gnationem
2428 5157 2857 5230 omnipotentis
2890 5158 2991 5214 Dei
3012 5161 3071 5214 et
3116 5156 3437 5213 beatorum
3486 5156 3641 5213 Petri
3669 5163 3715 5212 et

2062 5245 2229 5305 Pauli
2257 5246 2667 5318 apostolorum
2700 5249 2831 5320 ejus
2863 5261 2925 5301 se
2958 5246 3189 5302 noverit
3228 5245 3653 5304 incursurum.

2138 5338 2351 5392 Datum
2390 5335 2641 5403 velletri,
2667 5352 2721 5391 iv
2759 5338 2961 5392 Nonas
3002 5335 3183 5391 Junii.

367 5445 446 5517 (8)
475 5447 625 5505 vide
654 5447 934 5506 Ludovici
967 5449 1125 5523 regis
1170 5449 1394 5507 litteras
1423 5450 1498 5507 de
1539 5451 1941 5511 satisfactione
2007 5454 2268 5511 Simonis
2297 5454 2373 5512 de
2400 5452 2603 5512 Nealt'a
2620 5467 2731 5529 pro
2761 5453 3060 5512 occisione
3128 5451 3390 5511 Simonis
3444 5452 3530 5511 de
3589 5448 3710 5510 usl-

267 5523 515 5592 sapam,
532 5519 751 5592 militis,
778 5535 878 5595 ap.
906 5524 1184 5590 uertens,
1211 5521 1383 5583 Thes.
1409 5522 1723 5593 anecdot„
1751 5524 1798 5596 1,
1825 5528 1957 5585 58⁹.

3741 5847 3781 5968 ιη’-
3765 5783 3776 5792 .
