3784 6000
114 252 235 313 'tw

642 250 845 314 Hls‘r.
890 253 1169 317 RERUM
1216 252 1760 317 TRANSMARIN.
1808 286 1884 297 —
1926 252 2075 313 LIB.
2122 251 2277 313 xlx.
2323 250 2775 316 AMALRICUS
2821 251 2997 314 REX.

3405 252 3522 315 750

114 400 282 441 mum
315 383 472 456 regia
507 385 756 453 quadam
788 387 1117 442 constantia
1163 401 1514 445 conservans
1544 386 1764 457 imper·
1790 388 1845 456 A
1872 385 2284 443 necessitatibus
2314 386 2471 458 reqni
2488 388 2600 458 sui,
2630 387 2683 444 si
2698 390 2841 459 torte
2871 387 3174 462 inopinatae
3202 393 3520 457 occurrant,

110 474 407 531 territum.
458 473 686 532 Modica
725 473 1013 531 litteratus
1053 480 1196 545 erat,
1244 482 1303 532 et
1352 476 1529 532 fratre
1575 474 1762 531 multo

111 562 353 632 minum
387 565 490 620 sed
523 562 745 636 ingenii
773 563 1096 634 vivacitate,
1130 576 1187 621 et
1216 566 1436 621 tenacis
1469 564 1761 621 memorius

104 653 417 720 beneflcio,
447 652 904 721 interrogatione
944 654 1253 725 frequenti,
1283 654 1509 727 legendi
1544 655 1759 723 studio,

106 757 241 798 cum
270 741 499 814 aliquid
540 742 641 798 otii
688 742 854 814 regni
900 744 1308 814 occupationes
1354 744 1759 815 indulgebant,

100 832 275 900 juxta
306 831 364 886 id
397 831 553 903 quod
585 831 823 904 regibus
854 831 998 888 solet
1027 834 1384 905 contingere,
1417 835 1559 889 satis
1588 849 1758 889 com-

109 921 281 977 mode
309 925 437 977 erat
469 921 798 978 instructus
823 939 839 989 ς
863 921 923 976 in
956 923 1367 993 quaestionibus
1400 924 1675 992 argutior,
1698 922 1758 977 in

108 1025 317 1067 earnm
348 1008 748 1067 solutionibus
780 1008 1101 1082 plurimum
1143 1013 1528 1068 recreabatur.
1564 1011 1761 1067 Histo-

111 1100 359 1168 riarum,
391 1115 509 1170 prae
542 1101 770 1155 caeteris
797 1096 1165 1167 lectionibus,
1208 1105 1332 1156 erat
1363 1100 1564 1156 avidus
1592 1099 1764 1156 audi-

112 1193 224 1256 tor,
246 1202 474 1244 memor
501 1193 807 1258 perpetuo,
841 1193 1149 1260 promptus
1180 1193 1236 1244 et
1264 1188 1644 1245 fidelissimus
1675 1204 1760 1245 re-

110 1275 339 1333 citator.
372 1275 555 1333 Totus
599 1276 811 1333 eratin
842 1275 1051 1344 seriis;
1101 1275 1161 1331 in
1205 1276 1458 1333 mimicis
1502 1277 1588 1332 vel
1635 1277 1762 1334 alea

111 1380 443 1437 nunquam.
504 1364 858 1436 Accipitrum
915 1369 974 1422 et
1021 1365 1397 1422 herodiorum
1458 1365 1653 1423 volatu
1702 1371 1760 1422 et

110 1454 327 1525 prada,
358 1453 637 1511 libentius
659 1453 1080 1511 delectabatur.
1108 1456 1340 1511 Patiens
1359 1464 1481 1511 erat
1502 1455 1754 1526 laboris3

107 1543 261 1600 sicut
309 1551 427 1599 erat
455 1541 849 1614 corpulentior
876 1551 928 1598 et
962 1542 1195 1615 pinguis
1227 1544 1498 1613 nimium,
1540 1543 1756 1616 algoris

106 1632 436 1704 calorisque
466 1631 839 1689 inclementia
870 1648 985 1688 non
1009 1630 1253 1688 multum
1279 1634 1620 1705 angebatur.
1655 1633 1758 1689 De·

1867 476 2157 543 consulat,·
2189 485 2238 532 et
2272 478 2329 532 in
2348 493 2409 533 eo
2437 493 2588 548 casu,
2612 492 2794 546 recem
2811 479 3121 551 providum,
3149 484 3393 551 oportere
3411 490 3525 535 esse

1867 566 2083 621 abunde
2111 567 2459 636 munificum,
2479 571 2531 623 et
2560 567 2866 639 sumptibus
2884 571 3107 626 omnino
3136 586 3251 625 non
3271 584 3519 641 parcere,

1868 662 1931 710 ut
1963 670 2072 710 non
2099 656 2226 722 sibi,
2258 655 2352 710 sed
2382 655 2543 723 reqni
2590 655 2799 723 usibus,
2835 656 3097 729 quidquid
3121 657 3176 714 id
3203 663 3305 728 est,
3335 660 3520 718 videa-

1869 747 1961 799 tur
1983 746 2280 814 possidere.
2315 743 2526 799 Horum
2562 742 2809 800 alterum
2852 747 2910 801 in
2959 762 3027 802 eo
3059 747 3258 817 fuisse,
3291 765 3395 804 nec
3424 748 3520 805 in-

1869 833 1983 888 vidi
2013 833 2142 903 ejus
2174 839 2416 903 possunt
2449 849 2680 905 negare.
2717 833 2857 890 Nam
2891 835 2950 889 in
2975 835 3136 906 regni
3168 837 3527 894 necessitati·

1871 922 1977 977 bus
2023 939 2127 978 nec
2156 923 2428 994 expensis
2483 925 2779 994 parcebat,
2833 940 2938 979 nec
2989 925 3210 996 proprii
3257 926 3519 999 corporis

1869 1010 2208 1082 fatigatione
2239 1011 2640 1068 revocabatur.
2685 1011 2801 1068 Sed
2830 1029 2945 1068 non
2976 1016 3099 1068 erat
3127 1017 3253 1069 tuta
3283 1014 3520 1074 omnino

1868 1098 2265 1169 subjectorum
2308 1099 2654 1171 opulentia:
2704 1100 2776 1154 ad
2823 1117 3075 1172 quorum
3124 1102 3520 1160 exhaurienda

1868 1187 2241 1260 patrimonia,
2263 1192 2501 1261 sumpta
2514 1187 2776 1261 qualibet
2790 1187 2900 1246 levi
2916 1190 3239 1259 occasione,
3255 1190 3522 1264 frequen·

1870 1277 1986 1334 tius
2014 1280 2365 1334 recurrebat.

2503 1385 2740 1443 CAPUT
2779 1386 2876 1444 111.

1872 1476 1944 1531 De
1998 1476 2246 1545 corporis
2292 1474 2653 1540 habitudine;
2694 1485 2748 1532 et
2792 1475 2859 1531 de
2902 1476 3138 1547 quadam
3182 1477 3378 1548 quoesti
3393 1493 3517 1547 one,

1939 1563 2107 1620 quam
2139 1546 2363 1602 cuidam
2390 1562 2490 1602 suo
2517 1546 2798 1618 familiari
2825 1548 3147 1604 solvendam
3175 1549 3389 1604 obtulit.

1939 1635 2204 1708 Corporis
2234 1640 2427 1691 autem
2461 1636 2716 1708 quadam
2755 1636 3056 1694 favorabili
3089 1642 3318 1694 statura
3346 1639 3518 1710 quasi

105 1720 316 1787 cimas,
347 1720 407 1775 in
437 1736 505 1777 ea
536 1723 696 1791 parte
715 1719 805 1776 vir
823 1721 1214 1790 evangelicus,
1247 1737 1383 1777 cum
1414 1722 1574 1777 omni
1607 1722 1755 1778 inte·
1787 1751 1835 1816 B
1868 1724 2378 1796 proportionaliter
2424 1730 2549 1780 erat
2598 1724 2989 1794 modificatus,
3025 1731 3090 1781 ut.
3119 1726 3512 1785 mediocribus

103 1812 341 1884 gritate,
372 1817 431 1867 et
461 1811 588 1867 sine
618 1809 889 1866 molestia
913 1810 1178 1867 Ecclesiae
1206 1811 1331 1866 dari
1363 1811 1756 1883 praecipiebat.

106 1901 355 1957 Missam
389 1900 555 1956 omni
582 1898 676 1955 die
707 1898 845 1971 (nisi
877 1899 1156 1971 aegritudo
1184 1905 1286 1956 aut
1315 1900 1599 1970 ingruens
1622 1918 1760 1973 prae·

106 1991 335 2064 pediret
383 1989 722 2058 necessitas)
772 1989 1046 2046 audiebat
1097 1991 1357 2047 devotus.
1418 1991 1757 2048 Maledicte-

105 2096 240 2136 rum
275 2079 791 2151 conviciorumque
814 2080 1015 2149 quaein
1038 2095 1171 2135 eum
1194 2083 1252 2135 et
1274 2079 1502 2150 publice
1519 2080 1754 2151 smptus,

103 2180 159 2228 et
190 2169 345 2226 clam
385 2168 742 2236 ferebantur,
793 2169 970 2224 etiam
1004 2186 1036 2224 a
1064 2168 1277 2225 vilibus
1307 2174 1365 2226 et-
1404 2169 1755 2242 contempti·

104 2258 326 2314 bilibus
358 2256 644 2329 personis,
678 2257 1145 2328 patientissimus
1189 2262 1457 2330 exceptor
1485 2263 1542 2315 et
1572 2258 1752 2315 dissi-

104 2347 366 2403 mulator
394 2350 519 2402 erat
543 2346 830 2418 egregius,
864 2352 928 2401 ut
958 2363 1063 2402 nec
1093 2363 1220 2418 quae
1251 2347 1531 2415 audierat,
1555 2363 1623 2403 ea
1652 2364 1757 2405 au-

103 2436 589 2493 dissevideretur.
617 2437 679 2493 In
705 2436 835 2493 cibo
849 2441 1106 2508 potuque
1136 2439 1385 2507 sobrius,
1416 2439 1472 2493 in
1510 2445 1756 2510 utroque

102 2528 449 2583 ebrietatem
500 2524 972 2582 abominabatur.
1039 2529 1517 2583 procuratoribus
1577 2528 1753 2585 etiam

102 2617 231 2674 suis
264 2621 487 2672 tantam
518 2616 822 2672 dicebatur
849 2616 1063 2672 habere
1093 2617 1290 2684 fidem,
1323 2622 1386 2672 ut
1413 2634 1480 2673 ex
1510 2634 1626 2689 quo
1656 2634 1757 2675 eos

102 2706 363 2778 negotiis
411 2705 736 2776 praefecerat
771 2706 919 2772 suis,
951 2721 1059 2762 nec
1090 2706 1373 2761 rationem
1415 2707 1487 2762 ab
1518 2708 1604 2762 eis
1634 2707 1752 2762 exi·

98 2803 291 2869 geret,
325 2808 429 2850 nec
457 2795 528 2850 de
556 2811 756 2850 eorum
791 2794 1132 2852 infidelitate
1163 2797 1605 2866 suggerentibus
1639 2812 1752 2852 au-

102 2901 242 2942 rum
270 2883 587 2956 praeberet3
622 2884 776 2955 quod
817 2889 1013 2940 tamen
1055 2885 1289 2956 quidam
1331 2885 1623 2942 ducebant
1649 2902 1752 2958 pro

100 2975 248 3031 vitio
272 2992 289 3036 ς
319 2972 775 3046 quidam2virtuti
801 2975 1178 3043 ascribentes,
1201 2980 1613 3045 argumentum
1638 2975 1754 3031 sin·
1811 3037 1814 3041 ,

103 3080 251 3120 σοι-ω
294 3063 427 3120 fidei
473 3064 816 3119 asserebant
862 3078 1008 3120 esse.
1056 3063 1157 3118 His
1207 3063 1387 3119 animi
1436 3065 1667 3120 dotibus
1696 3069 1752 3122 et

101 3152 278 3208 bonis
308 3151 649 3224 potioribus,
680 3151 1060 3208 detrahebant
1101 3152 1361 3222 quaedam
1394 3152 1451 3207 in
1484 3169 1550 3209 eo
1582 3158 1750 3210 nota·
1781 3118 1832 3184 C

102 3239 270 3309 bilia,
304 3257 432 3313 quas
468 3240 629 3312 prius
665 3240 839 3297 dictis
869 3243 1084 3297 nubem
1118 3241 1433 3312 quamdam
1476 3242 1757 3299 inducere

99 3328 471 3386 videbantur.
513 3327 868 3386 Taciturnus
916 3330 1072 3385 enim
1103 3335 1228 3386 erat
1260 3329 1413 3385 ultra
1437 3329 1666 3397 decenS,
1699 3337 1756 3388 et

100 3418 333 3476 eximie
380 3418 732 3476 urbanitatis
787 3435 1010 3489 expers.
1067 3419 1437 3475 Affabilitatis
1480 3420 1752 3492 gratiam,

101 3523 236 3580 qno
267 3507 518 3564 maxime
549 3508 912 3579 principibus
929 3508 1328 3577 subiectorum
1361 3510 1534 3564 corda
1565 3509 1756 3564 conci-

98 3596 231 3665 liat,
254 3597 488 3669 penitus
512 3614 625 3654 non
649 3597 918 3653 habebat.
940 3596 1105 3652 ‘Raro
1131 3612 1388 3667 unquam
1418 3614 1587 3667 quem
1601 3596 1752 3669 piam

100 3685 532 3758 alloquebatur,
564 3686 679 3741 nisi
720 3685 1063 3757 compulsus
1094 3688 1458 3753 necessitate,
1495 3690 1597 3741 aut
1625 3702 1754 3744 ser-

102 3790 278 3831 mone
310 3774 474 3847 prius
504 3773 852 3842 lacessitus;
899 3777 1179 3844 tantoque
1228 3773 1285 3828 in
1330 3789 1396 3829 eo
1443 3774 1756 3831 notabilior

97 3863 447 3920 occurrebat
476 3864 587 3919 iste
638 3863 912 3931 defectus,
972 3867 1190 3933 quanto
1241 3862 1298 3918 in
1345 3862 1521 3919 fratre
1571 3864 1751 3920 fuerat

98 3953 391 4009 sermonis
407 3952 652 4022 jucundi
678 3954 735 4006 et
751 3967 839 4006 am
851 3950 1165 4022 plectenda.»
1186 3951 1544 4007 affabilitatis
1564 3954 1753 4024 gratia

98 4040 474 4098 cumulatior.
510 4040 754 4097 Lubrico
777 4041 947 4095 etiam
982 4041 1195 4109 carnis,
1221 4045 1284 4096 ut
1306 4039 1535 4109 dicitur,
1568 4041 1753 4113 impa-

98 4130 313 4187 tienter
347 4129 628 4186 laborans
658 4129 839 4201 (quod
876 4129 927 4185 ei
961 4128 1277 4185 clementer
1307 4128 1612 4200 indulgeat
1640 4130 1749 4187 Do-

102 4219 323 4287 minus)
357 4216 550 4273 aliena
587 4221 871 4272 attentare
904 4215 1277 4272 matrimonia
1305 4216 1625 4274 dicebatur.
1659 4217 1753 4274 Li-

101 4307 344 4363 bertatis
366 4320 597 4378 quoque
620 4303 1009 4360 Ecclesiarum
1027 4304 1338 4360 vehemens
1357 4304 1750 4378 impugnator,

102 4411 308 4452 earum
343 4394 693 4466 patrimonia
713 4395 929 4450 crebris
950 4399 1007 4449 et
1027 4393 1309 4450 indebitis
1326 4396 1748 4468 exactionibus,

1872 1814 2078 1885 major,
2131 1822 2184 1869 et
2230 1812 2584 1884 longissimis
2626 1813 2820 1870 minor
2848 1819 3020 1870 esset.
3055 1814 3223 1871 Facie
3248 1824 3515 1885 venusta,

1867 1907 1925 1957 et
1975 1918 2100 1973 quas
2151 1902 2361 1973 ignotis
2408 1901 2582 1958 etiam
2635 1903 2931 1959 reverendi
2982 1903 3267 1975 principis
3303 1904 3513 1962 merito

1867 1992 2256 2062 praetenderet
2285 1991 2647 2063 dignitatem.
2671 1990 2866 2048 Oculis
2888 1990 3274 2063 fulgentibus,
3309 1993 3517 2050 medio

1866 2080 2241 2152 quantitatis;
2295 2096 2436 2136 naso
2487 2080 2671 2136 instar
2718 2081 2910 2137 fratris
2958 2079 3152 2152 aquilo
3202 2081 3512 2152 decenter3

1864 2167 2076 2238 capillo
2127 2167 2294 2237 ssavo,
2344 2168 2660 2239 refugoque
2728 2166 3029 2238 pusillum.
3083 2168 3284 2238 Barba,
3336 2184 3514 2240 genas

1866 2261 2248 2329 mentumque
2298 2261 2463 2329 grata
2528 2258 2776 2329 quadam
2829 2257 3188 2328 plenitudine
3245 2259 3514 2315 vestitus.

1864 2346 2066 2403 Risum
2100 2351 2297 2403 tamen
2330 2345 2578 2403 habebat
2606 2347 3081 2418 incompositum,
3114 2352 3171 2404 et
3201 2364 3311 2419 quo
3356 2352 3519 2405 totus

1863 2436 1921 2491 in
1956 2437 2044 2492 rid
2058 2440 2205 2493 endo
2236 2436 2696 2493 concutiebatur.
2740 2436 3129 2492 prudentibus
3154 2440 3212 2493 et
3241 2437 3513 2494 discretis

1865 2525 2027 2593 viris,
2061 2530 2119 2582 et
2151 2531 2504 2582 remotorum
2539 2524 2798 2581 locorum
2834 2524 3103 2595 peritiam
3136 2525 3514 2596 habentibus,

1861 2621 1918 2671 et
1947 2622 2312 2670 externarum
2336 2614 2831 2670 consuetudinum
2856 2614 3191 2671 tenentibus
3213 2617 3516 2689 experien-

1861 2705 2024 2772 tiam,
2060 2703 2450 2760 libentissime
2481 2703 2987 2759 confabulabatur.
3031 2703 3264 2760 Memini
3298 2721 3391 2761 me
3420 2720 3515 2762 se·

1863 2794 1996 2862 mel,
2030 2793 2103 2847 ab
2133 2809 2198 2848 eo
2240 2791 2604 2847 familiariter
2651 2797 2976 2855 evocatum,
3010 2793 3150 2848 dum
3182 2794 3242 2848 in
3274 2792 3514 2851 castello

1860 2882 2126 2954 Tyrensi,
2179 2880 2460 2936 febricula
2510 2879 2687 2948 lenta,
2739 2897 2852 2937 non
2904 2881 3152 2937 multum
3191 2883 3516 2954 periculose

1858 2970 2167 3038 laboraret,
2213 2970 2372 3027 boris
2402 2969 2615 3042 quietis
2645 2975 2703 3026 et
2733 2969 2925 3027 lucido
2976 2970 3299 3042 iuterva110,
3354 2971 3506 3028 sicut

1860 3061 1920 3115 in
1953 3060 2318 3132 interpolatis
2364 3059 2621 3117 febribus
2652 3058 2796 3114 solet
2825 3059 3183 3132 contingere,
3232 3060 3513 3116 secretius

1866 3166 2001 3204 cum
2030 3166 2095 3206 eo
2132 3147 2318 3203 multa
2340 3148 2657 3204 contulisse
2682 3166 2696 3214 ;
2727 3156 2782 3205 et
2804 3149 2871 3204 ad
2896 3151 3177 3221 quasdam
3202 3150 3332 3222 ejus
3352 3165 3510 3222 quas-

1866 3238 2105 3305 stiones,
2149 3244 2433 3309 quantum
2485 3254 2587 3310 pro
2640 3242 2898 3310 tempore
2931 3239 3291 3306 occurrebat,
3342 3238 3511 3295 adhi-

1865 3328 2063 3384 buisse
2094 3326 2418 3383 solutiones
2452 3343 2466 3395 ;
2511 3324 2758 3383 multum
2790 3326 2945 3382 enim
2981 3336 3171 3384 nostra
3200 3326 3510 3385 collatione

1866 3416 2252 3473 recreabatur.
2299 3416 2455 3471 lnter
2493 3432 2625 3486 quas
2658 3431 2833 3471 unam
2869 3416 3038 3472 nobis
3084 3416 3297 3473 obtulit
3342 3432 3507 3490 qun-

1864 3505 2139 3569 stionem,
2164 3504 2320 3558 unde
2341 3519 2432 3559 me
2457 3504 2700 3559 multum
2723 3504 2909 3559 monit
2930 3504 3204 3560 interius:
3226 3511 3349 3560 tum
3370 3505 3512 3576 quia

1865 3593 2212 3650 inusitatum
2261 3596 2385 3647 erat
2430 3591 2581 3648 illud
2628 3592 2829 3663 quaeri,
2871 3593 3008 3664 quia
3058 3609 3163 3648 nec
3201 3593 3514 3663 quaestione

1863 3684 2110 3754 dignum
2145 3681 2470 3747 videbatur,
2494 3682 2646 3752 quod
2672 3682 2815 3737 tides
2843 3680 3188 3737 universalis
3204 3682 3510 3751 edocebat,

1862 3778 1921 3830 et
1945 3772 2284 3828 firmissime
2302 3771 2620 3827 tradiderat
2640 3772 2993 3828 credendum
3019 3790 3035 3841 ς
3062 3777 3187 3829 tum
3209 3774 3348 3845 quia
3377 3775 3510 3831 ani-

1863 3879 1959 3918 mo
1980 3862 2226 3933 graviter
2245 3860 2460 3916 vulnus
2483 3859 2878 3931 imprimebat,
2921 3860 2966 3917 si
3000 3860 3269 3934 princeps
3306 3862 3508 3920 ertho-

1862 3952 2050 4008 doxus
2079 3952 2135 4005 et
2165 3949 2618 4006 orthodoxorum
2653 3947 2830 4017 tilius,
2850 3948 2908 4005 in
2931 3965 2990 4005 re
3021 3956 3137 4006 tam
3160 3958 3314 4006 certa
3342 3954 3510 4022 pate-

1862 4045 2023 4098 retur
2051 4038 2421 4110 scrupulum,
2455 4046 2506 4093 et
2539 4039 2597 4093 in
2627 4037 2984 4094 conscientia
3003 4038 3314 4096 dubitaret.
3341 4043 3509 4110 Que-

1861 4129 1998 4187 sivit
2027 4145 2165 4185 sane
2195 4145 2209 4184 ε
2244 4127 2308 4184 Si
2332 4136 2539 4199 proeter
2568 4126 2876 4183 doctrinam
2903 4127 3207 4184 Salvator-is
3228 4133 3280 4186 et
3306 4134 3512 4188 sancto·

1862 4238 1991 4277 rum
2021 4222 2121 4292 qui
2153 4218 2433 4276 Christum
2465 4220 2635 4274 secuti
2655 4224 2806 4284 sunt,
2836 4218 2902 4275 de
2927 4236 3035 4292 qua
3062 4237 3172 4275 non
3200 4220 3511 4291 dubitabat,

1857 4320 2035 4382 posset
2077 4310 2226 4364 ratio
2275 4310 2535 4375 inveniri,
2566 4324 2674 4378 qua
2706 4312 2874 4378 posset
2921 4309 3144 4379 probari
3170 4308 3513 4381 aryumentis

1862 4398 2200 4454 evidentibus
2228 4404 2278 4451 et
2307 4398 2652 4464 necessariis,
2708 4400 3163 4453 resurrectionem
3206 4400 3458 4468 suturam
3484 4398 3514 4452 Σ)

103 4484 314 4540 diebus
365 4481 507 4546 suis,
550 4498 739 4555 usque
799 4483 867 4538 ad
916 4497 1253 4553 supremam
1303 4484 1756 4543 exinanitionem
1789 4494 1837 4557 1)
1867 4487 1949 4542 Ad
1984 4486 2135 4557 quod
2170 4484 2419 4540 novitate
2450 4490 2751 4557 permotus
2791 4485 2969 4554 verbi,
3003 4486 3275 4557 respondi
3299 4502 3313 4541 ε
3337 4485 3511 4558 Suffi-

105 4570 345 4641 attrivit,
390 4570 470 4627 ita
513 4571 669 4643 quod
717 4588 829 4627 aere
879 4571 1065 4628 alieno
1115 4572 1340 4644 gravari
1386 4573 1757 4646 compelleret

107 4664 233 4720 loca
260 4663 636 4731 venerabilia,
669 4679 838 4734 supra
866 4681 1105 4720 suarum
1136 4663 1549 4721 obventionum
1581 4666 1754 4723 vires.

107 4751 371 4809 Pecuniae
402 4752 651 4823 cupidus
673 4770 853 4825 supra
878 4769 1054 4825 quam
1080 4753 1300 4825 regiam
1333 4754 1558 4811 deceret
1581 4754 1752 4812 hone·

107 4846 347 4897 statem.
368 4840 694 4898 Interventu
713 4858 1019 4899 munerum
1037 4843 1334 4899 auferebat
1346 4859 1518 4914 saepe,
1533 4844 1759 4903 differe·

106 4930 273 4985 rebat
310 4930 540 5001 sapius,
592 4931 759 4986 aliter
790 4948 964 5002 quam
1010 4946 1278 4988 censurae
1322 4932 1498 5005 rigor,
1525 4937 1582 4990 et
1602 4934 1759 5006 juris

106 5018 398 5077 modestia
423 5024 730 5090 pateretur.
765 5022 1031 5077 Avaritiae
1064 5025 1254 5077 tamen
1284 5038 1403 5077 suae
1431 5024 1757 5080 excusatio-

104 5126 237 5166 nem
262 5110 656 5182 praetendens,
679 5111 822 5166 mibi
845 5111 1017 5167 etiam
1048 5111 1399 5167 familiarius
1422 5111 1757 5183 colloquen-

103 5200 170 5269 ti,
203 5215 414 5256 causas
462 5199 755 5256 nitebatur
802 5201 1123 5272 assignare,
1155 5199 1354 5256 dicens
1379 5217 1392 5254 ε
1443 5201 1759 5273 Principem

102 5289 420 5361 quemlibet,
443 5298 496 5346 et
509 5292 759 5346 maxime
779 5307 976 5362 recem,
1001 5305 1211 5361 semper
1232 5290 1373 5345 lianc
1390 5290 1758 5363 deberepenes

102 5393 157 5433 se
186 5377 597 5450 providentiam
627 5378 847 5448 habere,
879 5394 949 5434 ne
985 5386 1163 5449 e9eat,
1211 5387 1434 5451 propter
1460 5379 1609 5433 duo:
1641 5385 1758 5436 tum

102 5466 237 5541 quia
266 5471 391 5523 tuta
419 5472 501 5526 est
527 5469 809 5541 opulentia
826 5469 1216 5541 subjectorum,
1246 5468 1345 5525 ubi
1371 5483 1481 5523 non
1510 5472 1626 5540 eyet
1659 5471 1759 5527 im·

97 5559 370 5635 peratum
399 5560 523 5614 tum
549 5557 770 5633 quidem
798 5562 860 5616 ut
894 5574 1011 5634 proe
1038 5557 1297 5615 manibus
1348 5555 1567 5630 habeat,
1615 5557 1761 5618 unde

1864 4590 1987 4630 cere
2009 4573 2227 4630 Domini
2273 4589 2340 4629 ac
2389 4573 2761 4645 Redemptoris
2802 4577 2981 4630 nostri
3027 4574 3357 4641 doctrinam,
3404 4589 3516 4646 qua

1866 4662 2318 4732 munilestissime
2375 4662 2568 4716 multis
2639 4662 2767 4717 locis
2830 4662 2886 4716 in
2954 4661 3266 4730 Evanqetio,
3330 4663 3514 4717 carnis

1862 4754 2321 4808 resurrectionem
2349 4752 2603 4821 futuram
2618 4750 2803 4806 edocet
2823 4766 2844 4811 ,·
2875 4765 2971 4806 ven
2981 4757 3168 4804 turum
3181 4763 3238 4805 se
3257 4749 3510 4816 iudicem,

1854 4841 2123 4913 judicare
2145 4842 2290 4896 vivos
2321 4847 2375 4893 et
2395 4844 2639 4895 mortuos
2665 4845 2718 4894 et
2746 4839 3012 4896 soecutum
3035 4856 3136 4911 per
3163 4837 3349 4909 ignem
3377 4854 3503 4911 pro·

1862 4931 2077 4994 mittit;
2118 4928 2378 4983 daturum
2425 4942 2480 4982 se
2526 4927 2714 4984 electis
2761 4944 3008 5000 repnte-m,
3053 4931 3431 5000 praeparatum
3474 4944 3511 4984 a

1860 5022 2255 5078 constitutione
2281 5019 2512 5077 mundi:
2550 5021 2737 5091 impiis
2784 5026 2971 5075 autem
3001 5021 3190 5091 ionem
3217 5026 3510 5088 arternum,

1863 5111 1961 5186 qui
2006 5118 2232 5182 paratus
2275 5116 2355 5164 est
2392 5108 2613 5164 diabolo
2661 5113 2711 5165 et
2753 5110 2964 5180 anqetis
3008 5111 3148 5183 ejus,
3193 5110 3512 5182 pollicetur.

1863 5206 2195 5260 Sanctorum
2245 5213 2452 5270 quoque
2515 5199 2904 5270 apostotorum,
2954 5206 3005 5256 et
3043 5201 3278 5256 Patr-um
3343 5197 3516 5255 etiam

1869 5292 2077 5348 Veteris
2127 5288 2455 5343 Testamenti
2498 5289 2768 5356 sufficere
2806 5291 2960 5360 piam
3006 5290 3382 5344 assertionem.
3423 5287 3509 5343 Ad

1867 5380 2021 5454 quod
2054 5377 2151 5434 ille
2177 5377 2327 5432 :Hoec
2353 5378 2539 5432 omnia
2566 5377 2864 5448 firmissine
2895 5386 3043 5435 teneo
3068 5396 3084 5445 ς
3115 5377 3208 5433 sed
3237 5378 3512 5434 rationem

1865 5484 2073 5544 quoero,
2103 5483 2213 5540 qua
2239 5463 2415 5521 alicui
2456 5464 2572 5522 ltoec
2606 5470 2856 5537 nepanti,
2886 5472 2937 5524 et
2974 5467 3282 5525 doctrinam
3312 5466 3514 5522 Christi

1867 5573 1976 5618 non
1998 5556 2308 5632 recipienti,
2322 5556 2575 5638 suturam
2596 5559 3059 5617 resurrectionem
3076 5563 3130 5615 et
3148 5557 3321 5616 aliam
3340 5558 3512 5616 vitam
