3784 6000
202 236 327 300 619

1273 214 1698 284 GUILLELMI
1740 209 2131 275 TYRENSlS
2171 207 2541 275 Ancillae.

3453 164 3476 179 O
3519 168 3534 177 ι

204 372 406 440 sarils,
437 368 741 428 mensibus
770 359 1016 435 singulis
1038 354 1413 432 persolvenda
1439 365 1750 410 aureorum
1771 346 1850 402 vi-
1878 351 1929 417 Α
1960 347 2053 402 tra
2097 343 2503 411 Damascenos,
2547 342 2847 416 Sanguine
2896 341 3256 413 adbaeserat3
3290 344 3452 401 unde
3479 350 3629 416 erat,

208 478 350 522 cena
372 460 588 529 mill1a;
621 458 858 526 insuper
887 455 944 510 ct
970 450 1138 507 hoste
1168 464 1203 504 a
1232 444 1451 502 linibus
1482 440 1605 500 suis
1635 437 1849 497 violen-

207 556 298 610 ter
319 551 548 616 abacto,
582 548 785 604 urbem
818 537 1269 606 Paneadensem,
1291 532 1496 607 paucis
1523 533 1657 587 ante
1679 526 1853 586 annia

208 658 245 700 a
267 639 437 698 nobis
467 636 742 694 violenter
768 625 1235 701 ablatam,pactis
1257 617 1713 690 inserit,nostris
1728 619 1857 675 aba·

208 745 322 803 que
344 724 800 785 contradictione
849 718 1267 777 restituendam
1294 734 1310 785 ς
1341 717 1401 771 et
1429 726 1602 783 super
1624 709 1697 765 iis
1727 724 1857 765 om-

206 818 381 875 nibus
408 812 859 872 conventionum
892 806 1180 872 articulis,
1204 812 1267 861 ut
1316 804 1402 861 eia
1444 802 1585 858 fides
1605 797 1859 871 amplior

207 906 509 973 habeatur,
540 903 832 960 nobilium
864 898 1039 959 lilios,
1063 901 1315 969 quantos
1335 892 1586 964 expedit,
1618 888 1855 945 obsiies

209 1012 270 1055 ae
327 995 565 1052 daturos
621 990 945 1064 pollicetur.
989 985 1092 1042 His
1147 983 1381 1049 auditis,
1432 980 1708 1035 dominus
1737 992 1856 1046 rex,

206 1098 534 1143 convocans
555 1080 857 1137 universos
878 1075 1039 1147 regni
1068 1073 1380 1146 principes,
1403 1067 1712 1140 legationis
1736 1082 1859 1121 mo-

208 1175 349 1231 dum
378 1177 435 1229 et
462 1170 769 1227 verborum
798 1166 1006 1223 seriem
1021 1164 1104 1220 eis
1123 1160 1459 1232 diligentius
1482 1156 1687 1229 aperit3
1716 1171 1860 1211 con-

214 1260 415 1320 silium
448 1258 723 1332 postulat,
756 1255 894 1328 quid
926 1254 1011 1312 eis
1053 1266 1227 1322 super
1259 1245 1601 1321 hujusmodi
1632 1243 1861 1318 petitio·

213 1352 390 1408 nibus
424 1346 890 1420 respondendum
915 1343 1202 1399 videatur.
1225 1338 1604 1408 Tandemque
1620 1348 1861 1391 commu.

215 1438 406 1496 nicato
438 1436 760 1493 adinvicem
792 1432 1137 1498 consilio,et
1156 1425 1592 1486 deliberationis
1622 1423 1861 1496 provido

211 1525 541 1593 libramine,
593 1524 856 1596 partibus
913 1519 1190 1593 pensatis,
1230 1515 1515 1588 optimum
1565 1512 1860 1584 judicant,

214 1616 470 1675 Ainardo
502 1618 559 1670 et
583 1610 974 1676 Damascenis,
997 1613 1199 1665 contra
1227 1606 1456 1663 bostem
1490 1600 1860 1659 immanissi-

1958 434 2114 506 quod
2145 433 2217 491 ad
2248 433 2379 504 boc,
2397 439 2464 491 ut
2484 431 2721 490 domino
2744 433 2862 504 regi
2887 433 3486 501 traderetur,fldelius
3501 434 3628 493 cla-

1963 523 2278 592 borabant3
2312 522 2593 580 malentes
2623 537 2755 578 eam
2811 520 3160 579 Christianis
3190 523 3446 595 restitui,
3477 540 3627 596 quo-

1961 627 2095 669 rum
2123 610 2312 683 gratia
2340 611 2702 681 fruebantur,
2728 625 2903 682 quam
2936 612 3002 667 ut
3036 608 3228 667 hostis
3257 626 3467 668 eorum
3503 617 3624 671 tam

1963 704 2274 773 suspectus
2326 705 2561 772 tamque
2610 699 3021 770 formidabilis,
3060 716 3190 756 eam
3243 700 3579 773 possideret
3609 718 3624 760 ε

1969 791 2120 847 unde
2151 790 2403 862 gravius,
2436 789 2522 847 eis
2539 793 2597 847 et
2625 788 2798 861 quasi
2818 790 2890 847 de
2918 788 3107 847 vicino
3132 805 3344 847 nocere
3375 794 3627 863 poterat,

1964 885 2022 938 et
2054 880 2307 950 maiores
2338 879 2552 936 inferre
2583 877 2902 936 molestias.

2608 984 2841 1043 CAPUT
2880 985 2977 1042 lx.

1963 1078 2225 1146 Princeps
2254 1076 2621 1132 Antiocheam
2646 1083 2698 1131 et
2749 1076 3049 1145 Tripolitan
3061 1092 3121 1133 as
3147 1091 3329 1132 comes
3356 1075 3434 1132 nd
3460 1091 3618 1132 eam-

2035 1148 2158 1205 dem
2213 1151 2474 1206 accedunt
2531 1147 2889 1215 obsidionem,
2920 1154 2974 1203 et
3003 1149 3406 1218 amentissime
3433 1147 3626 1222 impu·

2037 1223 2244 1291 quatur
2279 1220 2504 1277 civitas.

2039 1329 2159 1383 Ista
2186 1333 2272 1383 est
2306 1331 2686 1398 Paneas,quae
2714 1325 2942 1400 vulgari
2975 1325 3359 1399 appellatione
3392 1327 3629 1385 Belinas

1966 1415 2197 1484 dicitur,
2229 1413 2367 1471 olim
2400 1420 2534 1471 ante
2566 1414 2872 1472 introitum
2903 1415 3156 1473 filiorum
3193 1416 3375 1472 lsrael
3421 1416 3481 1474 in
3514 1421 3629 1473 ter-

1968 1521 2093 1561 ram
2128 1503 2556 1576 promissionis,
2580 1503 2736 1560 dicta
2789 1506 3006 1574 Lesen;
3041 1522 3219 1578 quam
3279 1511 3482 1578 postea
3524 1508 3630 1562 filii

1970 1594 2094 1651 Dan
2117 1598 2463 1663 acceperunt
2496 1592 2555 1649 in
2580 1598 2797 1650 sortem
2813 1597 2870 1651 et
2899 1601 3248 1651 vocaverunt
3269 1596 3452 1653 Leseu
3479 1596 3626 1666 Dan,

217 1720 376 1762 mum
426 1707 483 1760 et
531 1702 765 1774 utrique
821 1704 1154 1770 suspectum
1187 1709 1384 1766 regno,
1419 1706 1586 1763 opem
1617 1705 1748 1745 esse
1776 1689 1860 1745 le·
1895 1723 1943 1791 B
1973 1685 2123 1739 sicut
2156 1681 2368 1751 legitur
2420 1681 2480 1736 iu
2525 1682 2718 1749 Josue,
2749 1682 2851 1737 ubi
2901 1683 3180 1754 scriptum
3213 1688 3303 1740 est
3334 1700 3349 1738 ε
3386 1685 3627 1740 Ascend-

213 1795 490 1862 rendam3
525 1788 916 1847 ministranda
945 1786 1120 1842 etiam
1154 1785 1339 1856 gratis
1369 1782 1734 1848 subsidia,ne
1755 1777 1863 1836 bo-

214 1881 323 1938 stis
363 1879 678 1953 potentior,
710 1892 813 1950 per
859 1879 1118 1931 nostram
1160 1872 1472 1941 desidiam,
1504 1869 1564 1926 in
1611 1872 1865 1925 nostram

213 1969 554 2043 perniciem,
587 1982 765 2039 regno
822 1962 1131 2037 acquisito,
1164 1961 1328 2034 regni
1366 1958 1646 2031 suscipiat
1670 1957 1865 2013 incre-

214 2065 499 2116 mentum.
534 2057 809 2112 Praeterea
851 2063 906 2111 et
953 2054 1165 2111 additae
1215 2051 1600 2115 conditiones,
1631 2062 1862 2104 causam

213 2149 462 2204 reddunt
510 2143 766 2217 amplius
809 2142 1224 2209 favorabilem3
1255 2141 1430 2212 idque
1496 2137 1859 2211 potissimum

210 2252 416 2294 omnes
436 2235 613 2292 trabit
635 2234 695 2289 in
727 2233 879 2289 banc
926 2238 1148 2305 partem
1192 2228 1584 2302 procliviores,
1609 2225 1763 2298 quod
1791 2225 1866 2280 de

211 2326 353 2382 urbe
403 2323 767 2381 paneadense
798 2323 856 2377 in
891 2320 1004 2377 tine
1033 2321 1342 2376 verborum
1373 2324 1464 2374 eat
1493 2317 1859 2388 adjunctum.

839 2427 1074 2485 CAPUT
1113 2425 1261 2484 vm.

216 2520 505 2577 obsidetur
554 2518 751 2576 civitas
806 2517 1199 2584 Pancadensis,
1242 2515 1594 2571 Damascenis
1614 2511 1866 2584 praeben-

808 2589 952 2645 tibus
981 2588 1292 2644 auxilium.

286 2681 618 2754 Approbato
673 2694 811 2751 ergo
858 2676 1113 2751 generali
1163 2674 1429 2743 consilio,
1460 2672 1866 2745 susceptisque

209 2772 336 2844 jam
368 2770 540 2825 dictis
569 2767 873 2824 obsidibus
901 2771 959 2822 et
987 2766 1045 2821 in
1079 2763 1532 2831 tutocollocatis,
1558 2761 1863 2819 confestim

216 2875 285 2917 ex
315 2857 593 2915 omnibus
627 2855 787 2929 regni
811 2856 1024 2911 finibus
1044 2854 1197 2926 apud
1219 2853 1586 2909 Tiberiadem
1613 2851 1868 2923 praecipi-

215 2954 332 3016 tur,
364 2953 481 3004 tam
512 2945 768 3019 equitum
802 2961 978 3018 quam
1031 2944 1289 3017 peditum
1322 2942 1631 2998 innumera
1655 2956 1868 2997 manus

1971 1778 2208 1844 rumque
2228 1772 2343 1843 filii
2373 1773 2509 1841 Dan,
2540 1777 2597 1829 ee
2642 1778 3025 1844 puqnavcrunt
3076 1779 3268 1831 contro
3297 1777 3488 1843 lesen,
3537 1793 3630 1832 cc-

1970 1867 2276 1935 peruntquc
2304 1877 2426 1918 cam
2460 1864 2510 1918 et
2551 1867 2939 1933 percusserunt
2976 1878 3096 1919 cam
3127 1866 3186 1919 in
3215 1879 3309 1920 ore
3327 1864 3532 1935 aladii,
3565 1882 3631 1922 cc

1969 1951 2350 2024 possederunt,
2381 1961 2435 2007 ee
2492 1950 2877 2008 habitaverunt
2928 1954 2989 2007 in
3020 1967 3104 2020 ca,
3137 1960 3395 2010 vocantes
3427 1969 3630 2010 nornen

1972 2043 2092 2110 eius
2140 2042 2304 2097 Lesen
2364 2040 2502 2106 Dan,
2564 2056 2634 2097 cx
2680 2043 2904 2099 nominc
2954 2041 3067 2097 Dan
3113 2042 3291 2113 patris
3345 2045 3437 2098 sui
3491 2045 3631 2112 (Jos.

1972 2147 2091 2199 xix,
2122 2131 2234 2201 47).
2259 2131 2693 2202 Consequenter
2721 2141 2913 2187 autem
2947 2132 3102 2188 dicta
3144 2137 3236 2188 est
3265 2132 3471 2189 eadem
3505 2135 3630 2189 Caz-

1974 2236 2142 2277 sarea
2162 2219 2518 2289 Philippi,eo
2545 2220 2703 2290 quod
2725 2220 3031 2292 Philippus
3055 2220 3629 2287 tetrarcha,senioris

1974 2309 2214 2366 Herodis
2246 2307 2427 2377 iilius,
2458 2308 2515 2365 iu
2549 2309 2825 2365 bonorem
2850 2309 3062 2365 Tiberii
3088 2309 3330 2366 Caesaris
3351 2325 3481 2367 eam
3507 2327 3631 2368 am·

1973 2396 2259 2469 pliaverit,
2291 2400 2349 2452 et
2378 2396 2638 2454 aediflciis
2667 2397 3113 2454 admirabilibus
3137 2399 3458 2455 reddiderit
3481 2399 3631 2456 insi·

1972 2501 2171 2558 gnem,
2204 2488 2280 2542 ita
2319 2496 2379 2543 ut
2419 2487 2494 2544 ad
2545 2504 2754 2544 nomen
2788 2488 3024 2546 Caesaris
3053 2493 3109 2545 et
3130 2490 3497 2561 ampliatoris
3527 2507 3629 2547 vo-

1974 2574 2275 2643 cabulum,
2324 2593 2499 2632 unam
2551 2578 2934 2649 proetenderst
2973 2577 3444 2650 appellationem.
3477 2580 3630 2636 Con-

1973 2667 2158 2722 versis
2182 2665 2362 2738 igitur
2382 2669 2452 2722 ad
2486 2667 2689 2724 urbem
2720 2668 3150 2741 agminibus,et
3170 2669 3243 2725 ad
3272 2685 3402 2726 eam
3434 2686 3629 2741 perve-

1975 2757 2203 2813 nientes
2233 2756 2363 2814 Kal.
2400 2757 2559 2825 Maii,
2584 2757 2873 2815 civitatem
2914 2758 3178 2831 undique
3239 2759 3458 2816 vallant
3487 2760 3638 2817 obsi-

1977 2845 2170 2901 dione.
2202 2846 2493 2901 Ainardus
2522 2862 2655 2902 cum
2698 2846 2822 2903 suis
2852 2847 2925 2903 ab
2955 2847 3210 2911 Oriente,
3244 2848 3399 2904 inter
3427 2851 3630 2906 urbem

1977 2939 2034 2991 et
2054 2934 2255 2991 silvam
2292 2951 2531 2992 suorum
2572 2935 2727 2992 locat
2754 2935 3171 3008 expeditiones,
3196 2936 3254 2992 in
3279 2953 3346 2992 eo
3371 2937 3498 2994 loco
3529 2938 3635 3012 qui

217 3038 544 3096 convenire.
576 3036 913 3108 Sanguinus
941 3040 1132 3090 autem
1167 3032 1618 3090 iumultitudine
1638 3031 1866 3088 virtutis
1980 3025 2191 3081 dicitur
2219 3025 2519 3098 Cobagar3
2555 3042 2655 3083 rex
2710 3031 2902 3083 autem
2934 3031 2990 3082 et
3020 3033 3218 3083 noster
3232 3030 3527 3086 exercitus
3555 3030 3627 3086 ab

218 3144 510 3192 eumcum
533 3125 834 3181 immensis
855 3126 1116 3197 equitum
1141 3122 1604 3194 copiisejusdem
1630 3122 1870 3192 provin·
1899 3092 1952 3160 C·
1981 3113 2311 3181 Occidente,
2337 3130 2537 3171 versus
2567 3115 2921 3187 campestria
2949 3131 3088 3172 suas
3116 3113 3311 3171 locant
3340 3117 3626 3187 legiones.

216 3217 318 3273 ciae
351 3216 495 3272 fines
527 3216 850 3287 ingressus,
875 3213 1075 3270 relicta
1110 3217 1240 3284 post
1259 3227 1317 3267 se
1348 3211 1649 3278 Damasco,
1683 3226 1866 3282 usque

219 3305 291 3363 ad
325 3320 460 3361 eum
493 3304 685 3359 locum
720 3302 820 3375 qui
850 3301 1060 3358 dicitur
1074 3299 1867 3371 Rasaline,pervenerat;ihi·

217 3408 352 3467 que,
383 3409 487 3465 per
514 3391 737 3463 aliquot
767 3388 1048 3461 temporis
1074 3387 1471 3455 intervallum,
1496 3388 1770 3444 dubitans
1798 3390 1868 3443 de

217 3489 552 3539 nostrorum
585 3480 857 3547 adventu,
879 3494 1017 3535 cum
1055 3477 1176 3535 suis
1225 3476 1553 3549 legionibus
1582 3479 1864 3534 consede-

216 3580 325 3628 rat.
357 3570 562 3627 Certus
590 3569 746 3627 enim
778 3584 906 3627 esse
934 3567 1237 3624 videbatur
1273 3567 1450 3639 quod,
1491 3565 1603 3622 nisi
1635 3571 1866 3624 nostro·

212 3675 344 3716 rum
376 3658 529 3715 vires
572 3657 703 3729 ejus
750 3657 1114 3730 propositum
1160 3655 1537 3727 impedirent,
1584 3654 1750 3711 lacile
1788 3656 1860 3711 ad

211 3755 472 3820 optatum
508 3752 706 3820 posset
739 3748 1085 3820 pertingere.
1119 3746 1430 3803 Nuntiatur
1455 3761 1589 3812 ergo
1622 3746 1862 3813 nostris,

211 3838 576 3912 Sanguinum
601 3838 659 3893 in
689 3837 961 3909 praedicto
995 3837 1117 3893 loco
1164 3837 1522 3896 consistere:
1552 3834 1862 3893 Damasce-

206 3941 315 3982 nos
345 3940 571 3997 quoque
602 3924 746 3979 urbe
771 3923 890 3993 iam
924 3937 1212 3995 egressos,
1244 3920 1468 3977 domini
1501 3920 1650 3992 regis
1680 3927 1738 3976 et
1759 3939 1860 3978 no-

208 4020 470 4072 strorum
503 4015 656 4088 apud
710 4012 971 4069 Nuaram
1003 4012 1322 4085 prestolari
1355 4016 1708 4068 adventum:
1742 4029 1860 4085 quo

204 4103 456 4175 cognito,
491 4110 702 4159 nostroe
735 4118 965 4173 quoque
995 4099 1146 4159 acies
1175 4100 1385 4158 castris
1415 4101 1646 4167 solutis,
1677 4101 1862 4158 vexil-

202 4191 275 4246 lis
302 4190 785 4262 praecedentibus,
814 4191 885 4243 ad
919 4191 1265 4262 predictum
1291 4189 1483 4246 locum
1507 4190 1860 4247 unanimiter

203 4282 585 4334 contendunt.
614 4276 780 4339 Quod
809 4279 1053 4333 audiens
1067 4278 1424 4350 sanguinus,
1444 4280 1679 4349 timens,
1704 4282 1861 4337 sicut

205 4362 296 4419 vir
323 4368 444 4420 erat
472 4363 817 4431 industrius,
850 4364 908 4419 in
960 4369 1115 4422 terra
1159 4366 1416 4422 bostium
1466 4383 1595 4424 cum
1627 4370 1858 4437 gemino

1971 3203 2066 3260 Sic
2097 3203 2276 3275 igitur
2320 3205 2600 3260 ordinatis
2658 3205 2715 3259 in
2748 3220 2950 3277 gyrum
2983 3206 3336 3262 stationibus
3368 3208 3630 3264 studiose

1973 3298 2340 3365 procuratur,
2372 3298 2436 3348 ut
2467 3293 2709 3350 inclusis
2731 3293 3075 3365 generaliter
3102 3294 3296 3351 omnis
3320 3295 3632 3353 interdica-

1972 3386 2139 3438 catur
2168 3382 2382 3453 aditus,
2426 3399 2530 3439 nec
2580 3382 2806 3454 ingredi
2848 3382 2931 3439 vel
2963 3382 3160 3453 egredi
3190 3382 3531 3442 volentibus
3560 3385 3632 3442 li·

1970 3471 2110 3527 bera
2141 3476 2334 3543 pateat
2359 3471 2639 3545 evagandi
2678 3475 2957 3545 potestas.
2992 3471 3186 3528 Placet
3243 3480 3547 3543 praeterea,
3569 3477 3629 3529 ct

1969 3558 2041 3616 de
2097 3562 2390 3617 communi
2448 3561 2708 3618 sancitur
2762 3560 3024 3628 consilio,
3076 3566 3375 3633 quatenus
3423 3561 3624 3619 missia

1968 3651 2194 3707 nuntiis
2225 3649 2516 3719 fidelibus,
2546 3652 2846 3707 dominum
2896 3649 3289 3706 Raimundum
3310 3651 3628 3708 Antioche-

1969 3754 2175 3793 norum
2195 3738 2513 3809 principem
2525 3742 2582 3794 et
2596 3739 2895 3794 dominum
2910 3738 3177 3795 comitem
3193 3738 3616 3810 Tripolitanum

1966 3832 2286 3883 convocent
2312 3828 2381 3881 ad
2417 3828 2717 3899 praesentis
2747 3828 2939 3899 operia
2971 3827 3300 3884 subsidium
3338 3829 3530 3900 :quod
3558 3834 3615 3885 et

1966 3918 2186 3974 factum
2219 3922 2326 3974 est.
2371 3918 2488 3990 Ipsi
2555 3918 2938 3974 nibilominus
2995 3919 3213 3975 interca
3245 3935 3373 3975 cum
3407 3920 3618 3977 Turcis

1965 4022 2131 4079 teque
2180 4006 2554 4078 ferventibus,
2588 4005 2662 4062 ad
2715 4023 3061 4070 congressus
3117 4008 3496 4080 quotidianos
3526 4025 3623 4066 ac-

1963 4096 2193 4158 cinctis,
2252 4098 2529 4153 obsessos
2586 4097 2903 4153 assultibus
2961 4101 3170 4168 urgent
3199 4098 3502 4166 assiduis3
3563 4103 3622 4155 et

1965 4188 2255 4244 machinis
2306 4186 2696 4257 jaculatoriis,
2729 4203 2875 4258 quas
2923 4186 3199 4257 petrarias
3245 4192 3477 4257 vocant,
3513 4188 3620 4244 im·

1962 4276 2165 4332 missis
2197 4292 2424 4349 magnis
2456 4278 2803 4348 quantitatis
2850 4277 3195 4347 molaribus,
3232 4276 3444 4332 moenia
3475 4293 3619 4335 con-

1962 4365 2210 4433 cutiunt,
2243 4365 2687 4421 etinl'raurbem
2727 4368 3038 4421 conterunt
3085 4363 3488 4434 domicilia3ad
3508 4366 3619 4424 boc

197 4452 563 4510 committere
589 4453 863 4522 exercitu,
891 4454 1230 4527 priusquam
1265 4455 1449 4510 nostri
1479 4472 1614 4512 cum
1636 4456 1848 4515 Dama·
1882 4451 1933 4518 Ι)
1961 4458 2021 4510 et
2075 4453 2321 4510 telorum
2381 4453 2872 4522 immissionibus,
2917 4459 2975 4509 et
3031 4452 3218 4510 multa
3268 4456 3617 4525 sagittarum

196 4541 390 4601 scenis
418 4542 813 4612 convenirent,
845 4542 1035 4599 locum
1060 4542 1394 4617 preadictum
1417 4543 1714 4614 deserens,
1738 4547 1847 4603 de-

192 4632 429 4690 clinatis
467 4632 687 4689 nostris
716 4637 774 4689 et
793 4631 1288 4690 Damascenorum
1311 4634 1380 4690 ad
1402 4631 1603 4690 laevam
1637 4635 1843 4707 copiis,

194 4723 388 4795 lugam
423 4723 743 4792 accelerat3
784 4727 842 4779 et
871 4723 930 4779 in
963 4739 1092 4780 eam
1144 4722 1438 4794 regionem
1472 4740 1603 4796 quae
1633 4724 1849 4781 dicitur

189 4809 361 4883 vulgo
381 4808 564 4868 Vallis
588 4811 1139 4878 flaccet-,maturatis
1165 4826 1228 4867 se
1258 4813 1484 4868 confert
1514 4812 1842 4871 itineribus.

188 4897 387 4954 Nostri
413 4905 603 4957 autem
635 4900 1019 4958 nibilominus
1044 4902 1112 4958 ad
1138 4900 1329 4957 locum
1357 4903 1697 4972 praedictum
1721 4918 1848 4976 per-

187 4985 506 5058 venientes,
540 4989 914 5048 Damascenis
961 4990 1250 5063 permisti,
1283 4992 1356 5047 de
1405 4993 1670 5050 discessu
1702 4992 1844 5050 San·

183 5074 348 5150 guini
377 5076 568 5134 edocti
598 5077 850 5151 plenius,
880 5080 950 5136 de
979 5079 1274 5136 communi
1291 5081 1841 5155 consilio,sicutpa·

183 5164 294 5223 etis
324 5165 750 5239 continebatur,
773 5173 973 5225 contra
1011 5166 1333 5227 Pancadem
1366 5171 1668 5228 universos
1690 5171 1841 5228 diri-

178 5258 328 5327 gunt
355 5256 661 5313 exercitus.
693 5256 854 5313 Hanc
911 5256 1136 5327 urbem,
1168 5261 1231 5314 ut
1271 5258 1667 5330 praediximus,
1701 5260 1840 5316 Dol-

182 5342 477 5416 dequinus
538 5345 1035 5404 Damascenorum
1087 5363 1208 5415 rex,
1241 5350 1444 5421 paucis
1499 5352 1633 5407 ante
1670 5348 1843 5407 annis

181 5430 438 5490 volenter
463 5440 850 5508 occupaverat
871 5454 886 5506 ς
911 5437 1010 5493 sed
1036 5439 1413 5508 postmodum
1445 5439 1840 5512 magistratus,

180 5518 285 5592 qui
314 5535 440 5580 eam
469 5526 917 5595 commiseram
968 5527 1344 5586 Damascenis
1391 5528 1845 5600 deficiens,con-

1958 4546 2265 4618 grandine,
2297 4546 2441 4602 adeo
2473 4545 2720 4617 fatigant
2759 4545 3103 4617 oppidanos,
3131 4550 3193 4601 ut
3223 4544 3424 4602 nullus
3456 4547 3614 4605 intra

1950 4652 2151 4692 muros
2183 4640 2349 4692 tutus
2380 4635 2450 4690 ad
2473 4633 2774 4690 latendum
2799 4634 3160 4692 inveniretur
3180 4634 3374 4704 locus;
3398 4635 3613 4709 vixque

1950 4740 2118 4782 muro
2162 4729 2218 4780 et
2259 4722 2714 4796 propugnaculis
2767 4725 2924 4791 tecti,
2949 4729 3397 4795 contorquentes
3439 4740 3609 4808 saxa,

1946 4816 2050 4868 aut
2079 4813 2332 4868 arcubus
2360 4817 2610 4880 utentes,
2643 4829 2742 4870 eos
2785 4815 2886 4884 qni
2934 4813 3149 4870 deforis
3178 4813 3612 4885 impugnabant

1949 4902 2232 4960 auderent
2260 4902 2611 4972 conspicere.
2640 4903 2858 4959 Intueri
2877 4902 3094 4959 eratibi
3128 4909 3337 4974 praeter
3365 4904 3609 4961 solitum

1949 4991 2152 5049 hostes
2181 4992 2255 5048 ab
2285 4991 2553 5048 hostibus
2586 4993 2765 5049 Marte
2813 4992 3136 5049 soevissimo
3165 4992 3474 5063 provocari
3501 5009 3517 5062 ς
3553 4996 3612 5049 et

1953 5080 2185 5138 fictione
2212 5081 2497 5153 deposita,
2518 5082 2669 5138 serio
2700 5081 2879 5138 nimis
2910 5082 2969 5137 in
3010 5096 3207 5139 eorum
3236 5081 3448 5138 armari
3475 5098 3612 5155 per-

1952 5171 2162 5227 niciem
2199 5187 2213 5239 ;
2248 5186 2357 5227 nec
2390 5169 2557 5226 l'acile
2602 5174 2727 5226 erat
2755 5172 3087 5228 discernere
3113 5176 3247 5227 utra
3278 5170 3605 5242 protervius

1952 5265 2156 5317 contra
2187 5275 2532 5316 communes
2553 5259 2917 5315 adversarios
2946 5275 3112 5316 arma
3136 5258 3449 5330 corriperet
3479 5275 3611 5316 ma·

1955 5367 2087 5419 nus,
2119 5355 2221 5408 aut
2269 5352 2330 5407 in
2388 5348 2905 5424 congressionibus
2962 5350 3209 5407 instaret
3256 5348 3499 5418 acrius,
3530 5368 3610 5408 au

1952 5441 2316 5498 diuturniore
2370 5439 2814 5511 longanimitate
2872 5441 2931 5498 ln
2993 5439 3128 5498 belli
3183 5438 3438 5514 pondere
3477 5458 3610 5515 per·

1952 5533 2279 5601 severaret3
2312 5533 2433 5588 erat
2454 5545 2710 5604 namque
2734 5530 2956 5588 nostris
3006 5526 3295 5588 militibus
3315 5545 3455 5590 cum
3491 5531 3608 5590 Da-
