3784 6000
257 250 404 315 1075

1689 248 1887 313 Lucu
1923 247 2004 311 111
2040 247 2250 311 PAPAE

3530 256 3678 320 wie

249 386 517 441 castrum
546 380 727 440 etiam
754 378 920 454 quod
948 376 1161 435 dicitur
1191 376 1570 436 Fundanium
1595 392 1736 436 cum
1762 393 1898 435 om-
1927 376 1976 434 Δ
2010 393 2147 450 quse
2172 377 2248 435 de
2277 378 2664 439 concessione
2691 380 2782 439 vel
2809 381 3266 442 confirmatione
3285 383 3674 458 predecesso-

244 471 427 528 nibus
448 469 814 543 pertinentiis
832 468 954 524 suis
979 485 992 534 ;
1023 483 1255 525 necnon
1277 472 1543 525 castrum
1564 467 1639 524 de
1658 467 1900 524 Decimo

243 565 302 617 et
328 560 637 632 plebem...
662 575 799 614 cum
831 556 1115 613 omnibus
1147 573 1282 630 quae
1308 557 1384 614 ad
1417 573 1548 614 eam
1582 557 1897 629 pertinent.

248 648 487 706 Plebem
504 647 751 703 etiam...
772 651 829 701 et
849 651 1069 701 terram
1090 645 1164 700 de
1188 646 1540 715 cerignana,
1558 649 1616 699 et
1637 650 1900 699 castrum

247 742 304 794 et
340 741 503 794 curte
531 735 606 792 de
633 734 929 802 verrucla,
961 750 1097 807 quoe
1128 740 1217 791 est
1246 734 1305 790 in
1332 733 1600 806 Alpibus.
1630 731 1902 789 Decim...

249 840 493 900 quoque
540 823 614 880 de
664 823 956 891 Verrucla,
1002 840 1140 897 quoe
1186 827 1276 880 est
1319 823 1491 895 juxta
1541 822 1901 893 Bojanum...

250 928 764 971 connumeramus
819 912 1078 986 plebem,
1132 917 1190 968 et
1234 918 1517 982 castrum,
1573 916 1629 967 et
1675 914 1905 966 curtem

256 1005 484 1062 Sanctae
524 1003 717 1060 Mariae
747 1019 882 1076 quae
912 1003 1127 1059 dicitnr
1154 1002 1231 1060 ad
1263 1004 1538 1070 Mentem,
1571 1015 1710 1057 cum
1741 998 1908 1055 omni

253 1091 613 1167 pertinentia
639 1109 750 1149 sua
783 1110 797 1161 ;
829 1100 886 1153 et
913 1096 1134 1149 terram
1160 1091 1234 1147 de
1265 1090 1402 1148 Vico
1431 1091 1532 1164 qui
1573 1089 1853 1146 dicitur...
1889 1106 1905 1157 ;

250 1186 514 1239 castrum
558 1185 614 1236 et
651 1185 876 1237 curtem
910 1181 1108 1238 Sancti
1141 1180 1420 1247 Gervasii,
1452 1196 1591 1236 cum
1626 1178 1911 1235 omnibns

251 1287 390 1344 quas
403 1271 479 1328 ad
507 1285 642 1326 eam
661 1269 975 1342 pertinent.
1004 1269 1239 1325 Plebem
1266 1268 1341 1326 de
1373 1269 1617 1334 Ficeclo,
1651 1283 1792 1324 cum
1817 1282 1911 1323 ca-

250 1359 424 1434 pellis
439 1360 580 1415 suis.
595 1359 896 1430 Capellam
920 1359 1117 1416 Sancti
1144 1358 1253 1414 Viti
1272 1358 1345 1414 de
1367 1358 1545 1415 Valle.
1559 1398 1593 1412 ..
1610 1357 1797 1429 (Arni)
1813 1383 1912 1442 ...3

257 1449 496 1517 plebem
542 1448 617 1504 de
656 1449 929 1520 Appiano
968 1464 1105 1504 cum
1149 1447 1434 1504 omnibus
1479 1446 1722 1519 capellis
1765 1446 1909 1501 suis.

251 1538 486 1595 Curtem
527 1536 601 1593 de
641 1535 989 1594 Camuliano
1023 1553 1163 1592 cum
1193 1536 1631 1608 pertinentiis...
1672 1535 1910 1609 plebem

254 1625 506 1691 ibidem,
520 1641 657 1680 cum
677 1624 956 1681 omnibus
973 1625 1215 1696 capellis
1232 1625 1355 1681 suis
1378 1645 1389 1690 ;
1411 1623 1645 1698 plebem
1664 1624 1739 1681 de
1754 1623 1912 1681 Gello

2010 483 2145 524 rum
2169 474 2515 526 nostrorum
2535 468 2853 528 Alexandri
2887 472 2931 527 ll
2957 477 3013 529 et
3042 473 3343 531 Paschalis
3369 475 3440 540 ll,
3465 477 3684 533 Roma-

2012 571 2228 613 norum
2265 558 2620 629 pontificum
2628 599 2739 619 .....
2781 561 3172 619 nihilominus
3212 563 3678 621 confirmamus.

2012 646 2375 703 Sententiam
2410 652 2609 705 autem
2647 649 2799 706 inter
2837 651 3340 722 praedecessorem
3383 658 3584 719 tuum,
3627 658 3684 711 et

2014 735 2408 792 Ficeclensem
2436 736 2718 794 abbatem
2745 754 2850 810 per
2874 737 3327 808 Ildebrandum,
3357 742 3683 813 quondam

2013 823 2427 880 Pistoriensem
2457 826 2835 898 episcopum,
2865 829 3167 898 Argentim
3199 829 3681 903 archipresbyte-

2016 928 2173 981 rum,
2203 917 2260 970 et
2288 916 2352 970 R.
2387 915 2862 986 primicerium...
2889 932 3072 990 super
3102 918 3377 986 decimis,
3406 919 3686 977 ecclessfi

2017 1004 2075 1058 et
2101 1001 2234 1059 aliis
2272 1002 2704 1061 rationabiliter
2732 1004 2961 1073 datam,
3009 1007 3160 1064 sicut
3188 1008 3250 1064 in
3280 1007 3686 1065 instrumento

2019 1090 2260 1164 publico
2277 1091 2628 1160 continetur,
2652 1098 2711 1150 et
2737 1096 3027 1152 hactenus
3043 1097 3364 1152 observata
3385 1099 3499 1162 est,
3525 1094 3689 1151 futu-

2020 1180 2171 1236 ris...
2209 1181 2582 1252 temporibus
2610 1183 2937 1241 observari.
2970 1186 3490 1243 Renuntiationem
3529 1200 3686 1257 quo-

2020 1286 2160 1343 que,
2182 1285 2369 1343 quam
2385 1270 2520 1328 fecit
2541 1271 2831 1351 Bulgarus
2854 1289 3057 1331 comes
3076 1274 3151 1331 de
3182 1274 3444 1331 Ficecclu
3465 1271 3689 1330 loanni

2021 1359 2448 1430 praedecessori
2473 1366 2576 1417 tuo
2599 1362 2675 1417 de
2694 1361 3063 1435 quibusdam
3087 1361 3599 1435 possessionibus,
3629 1367 3691 1418 et

2022 1446 2269 1512 eclesiis,
2317 1449 2468 1506 sicut
2508 1449 2816 1522 publicum
2864 1452 3104 1509 Gerardi
3141 1452 3361 1509 notarii
3417 1450 3690 1508 continet

2020 1537 2501 1604 instrumentum,
2536 1539 2596 1595 in
2623 1544 2928 1612 posterum
2951 1541 3173 1598 habere
3196 1540 3446 1610 (valere)
3476 1540 3693 1597 decer-

2018 1625 2243 1682 nimus.
2284 1626 2617 1684 canonicas
2644 1644 2888 1701 quoque
2918 1629 3402 1693 consuetudines,
3435 1643 3597 1701 quas
3626 1629 3692 1684 in

257 1731 397 1772 cum
413 1714 697 1772 omnibus
721 1713 966 1786 capellis
995 1715 1118 1770 suis
1144 1731 1159 1781 ;
1190 1714 1423 1786 plebem
1446 1714 1522 1772 de
1541 1714 1755 1771 Triano
1771 1729 1911 1770 cum
1946 1730 1992 1788 B
2022 1714 2285 1772 ecclesiis
2328 1716 2775 1787 parochialibus
2831 1718 3293 1784 monachorum,
3342 1722 3401 1775 et
3441 1719 3507 1774 in
3558 1716 3693 1774 aliis

258 1803 544 1861 omnibus
572 1802 818 1875 capellis
844 1804 1006 1868 snis;
1039 1803 1276 1875 plebem
1304 1804 1379 1860 de
1408 1804 1592 1877 Aquis
1622 1820 1759 1860 cum
1785 1818 1914 1860 om·

257 1894 435 1951 nibus
451 1892 694 1964 capellis
711 1893 832 1947 suis
853 1909 866 1957 ;
885 1897 1148 1949 castrum
1169 1893 1376 1950 Montis
1396 1893 1472 1950 de
1500 1892 1752 1951 Castello
1772 1908 1913 1949 cum

256 1981 541 2040 omnibus
567 1981 940 2054 pertinentiis
967 1981 1093 2038 suis
1115 1999 1129 2048 ;
1155 1982 1393 2055 plebem
1416 1981 1914 2056 SanctiStephani

259 2087 397 2128 cum
419 2069 703 2126 omnibus
727 2070 970 2142 capellis
994 2070 1139 2128 suis.

332 2162 618 2215 Proeterea
639 2159 1097 2231 proedecessoris
1124 2160 1311 2216 nostri
1335 2158 1450 2232 piae
1471 2161 1780 2218 memorias
1810 2163 1914 2218 Ca-

260 2247 385 2305 lixti
417 2264 591 2321 papoe
610 2248 875 2319 vestigiis
891 2248 1267 2318 inhaerentes,
1300 2249 1406 2306 tibi
1425 2250 1662 2322 tuisque
1682 2264 1915 2306 succes-

264 2337 504 2394 soribus
558 2354 733 2394 usum
771 2336 934 2410 pallii
972 2338 1125 2394 intra
1165 2338 1491 2396 missarum
1529 2339 1820 2396 solemnia
1852 2339 1915 2396 in

259 2426 512 2485 ecclesia
529 2431 622 2483 tue
653 2426 730 2484 de
755 2427 1102 2499 apostolicae
1134 2427 1295 2484 sedis
1311 2428 1678 2499 benignitate
1702 2444 1917 2486 conce-

264 2517 486 2582 dimus,
530 2531 652 2590 quo
690 2515 985 2573 duntaxat
1013 2517 1106 2572 his
1133 2517 1349 2574 diebus
1388 2517 1661 2584 utamini,
1693 2517 1917 2591 quibus

264 2610 350 2665 est
376 2605 548 2662 vobis
578 2621 615 2661 a
644 2605 1183 2677 praedecessoribus
1207 2606 1425 2663 nostris
1453 2605 1770 2664 indultum.

336 2697 586 2768 Insuper
604 2694 786 2752 etiam
809 2696 1225 2753 auctoritate...
1257 2712 1333 2753 ne
1358 2697 1418 2752 in
1443 2697 1793 2770 episcopatu
1814 2700 1919 2754 tuo

266 2783 394 2842 sine
422 2799 676 2841 assensu
707 2789 828 2851 tuo,
858 2782 948 2840 vel
977 2799 1397 2842 successorum
1425 2790 1686 2852 tuorum,
1715 2800 1922 2845 mona.

268 2873 514 2931 sterium
558 2873 803 2947 aliquod
848 2873 939 2930 vel
982 2874 1251 2942 ecclesia,
1301 2874 1546 2932 salvis...
1601 2875 1920 2948 privilegiis

268 2964 685 3022 constituatur.
731 2963 1152 3021 catechumeni
1190 2963 1568 3022 infirmorum
1612 2965 1921 3022 unctiones

268 3057 330 3114 in
343 3054 568 3128 populo
582 3069 619 3110 a
640 3052 953 3110 monachis
974 3052 1121 3120 fleri,
1145 3054 1236 3110 vel
1251 3053 1520 3125 publicas
1541 3054 1921 3126 poenitentias

246 3144 419 3216 ,dari,
438 3143 563 3200 sine
589 3148 692 3200 tua
717 3141 807 3198 vel
831 3157 1243 3201 successorum
1270 3146 1509 3201 tuorum
1530 3143 1923 3217 permissione

267 3237 544 3291 vetamus

343 3322 399 3382 Si
426 3337 567 3379 vero
588 3320 664 3380 ad
698 3321 1085 3379 monasteri...
1118 3322 1306 3394 ipsius
1340 3320 1565 3394 populo
1594 3337 1705 3395 pro
1734 3320 1922 3379 divini

269 3412 451 3472 officii
476 3410 855 3483 susceptione
881 3410 1240 3477 convenerit,
1267 3426 1372 3483 per
1395 3410 1774 3483 capellanum
1797 3425 1924 3483 pre·

271 3501 602 3577 sbyterum,
633 3500 728 3556 cui
753 3500 831 3556 ab
860 3499 1145 3573 episcopo
1178 3500 1384 3572 populi
1414 3500 1681 3569 regimen
1707 3504 1764 3556 et
1793 3500 1925 3557 ani-

268 3607 510 3651 marum
531 3605 676 3648 cura
694 3589 1023 3647 commissa
1038 3590 1230 3655 fuerit,
1249 3593 1626 3647 sacramenta
1640 3588 1923 3647 eadem...

242 3681 454 3747 ,salvis
483 3684 686 3737 tamen
718 3678 1178 3736 rationabilibus
1201 3678 1803 3735 consuetudinibus...
1835 3693 1927 3735 ec·

246 3769 610 3828 -clesiarum.
637 3769 716 3825 De
737 3766 1182 3840 parochialibus
1202 3771 1403 3825 autem
1422 3767 1702 3839 ecclesiis,
1722 3783 1859 3841 quoe
1889 3783 1928 3825 a

272 3859 587 3917 monachis
613 3857 673 3914 in
714 3861 815 3915 tuo
854 3857 1203 3930 episcopatu
1242 3862 1535 3922 tenentur,
1568 3855 1927 3932 synodalem

269 3948 458 4007 beatae
470 3947 775 4004 memorias
802 3946 1021 4003 Urbani
1043 3962 1216 4019 papae
1245 3947 1598 4005 sententiam
1628 3946 1929 4004 imitantes

273 4037 618 4103 statuimus,
656 4040 719 4092 ut
757 4035 816 4091 in
865 4034 949 4091 eis
979 4035 1106 4092 sine
1141 4040 1243 4092 tua
1281 4035 1375 4091 vel
1417 4035 1928 4108 praedecessorum

279 4122 754 4203 [successorum]
792 4129 1034 4181 tuorum
1097 4124 1466 4189 auctoritate,
1508 4124 1928 4197 presbyterum

276 4214 525 4271 minime
556 4211 848 4270 collocent
884 4230 901 4283 3
950 4211 1054 4270 sed
1088 4228 1228 4270 cum
1267 4212 1628 4280 vacaverint,
1665 4211 1842 4270 vobis
1872 4216 1931 4268 et

277 4301 603 4363 abbatibus
644 4306 700 4358 et
741 4300 1059 4373 prioribus,
1100 4302 1177 4361 ad
1214 4318 1367 4375 quos
1402 4302 1630 4359 easdem
1668 4299 1932 4358 ecclesiae

273 4391 593 4467 pertinent,
617 4394 1070 4463 praesententur,
1099 4390 1319 4462 quibus
1341 4408 1375 4448 a
1393 4391 1561 4448 vobis
1586 4391 1928 4447 animarum

276 4496 440 4548 cura,
489 4480 536 4537 si
585 4479 784 4537 idonei
819 4479 1054 4546 tuerint,
1099 4479 1526 4544 committatur,
1568 4480 1650 4537 ita
1687 4479 1932 4553 quidem

279 4573 435 4636 ut...,
462 4569 536 4627 de
567 4585 712 4627 cura
734 4568 928 4641 plebis
952 4573 1007 4625 et
1036 4567 1245 4624 ordine
1267 4584 1377 4624 suo
1407 4567 1668 4625 debeant
1688 4583 1933 4641 respon·

277 4658 460 4717 dere:
498 4659 680 4716 Porro
715 4659 760 4714 si
793 4658 1046 4715 Lucanoe
1087 4657 1386 4730 parochias
1417 4656 1507 4714 vel
1547 4656 1930 4723 monasteria,

277 4749 373 4810 vel
402 4748 664 4806 ecclesiae
686 4747 840 4804 inter
859 4763 921 4803 se
946 4762 1161 4805 causas
1174 4746 1511 4811 habuerint,
1545 4751 1666 4802 et...
1700 4746 1779 4803 ad
1805 4746 1932 4818 epi·

280 4853 535 4910 scopum
561 4835 808 4911 querela
823 4837 1175 4908 pervenerit,
1203 4835 1571 4908 ejusjudicio
1597 4840 1930 4892 controver-

278 4928 460 4992 sia...,
506 4926 672 4983 salva
712 4927 996 4983 Romanae
1045 4925 1314 4982 Ecclesiae
1363 4924 1734 4983 auctoritate.
1783 4923 1935 4981 illud

276 5031 591 5089 quoque...
629 5015 1047 5072 constituimus
1085 5030 1163 5072 ne
1217 5015 1354 5088 quis
1383 5012 1935 5070 excommunicatos

277 5107 376 5163 vel
397 5104 742 5162 interdictos
771 5103 992 5162 Lucani
1017 5103 1285 5177 episcopi
1314 5103 1373 5160 in
1388 5103 1819 5176 prohibitam...
1852 5116 1932 5157 re·

280 5195 539 5271 cipiendi
568 5194 790 5252 habeat
814 5194 1180 5253 facultatem.

350 5286 441 5344 Ad
469 5285 595 5343 haec
642 5283 921 5356 praesenti
941 5282 1164 5358 scripto
1211 5283 1540 5349 sancimus,
1573 5284 1636 5338 ut
1664 5280 1938 5338 Lucanus

282 5374 602 5446 episcopus
625 5388 747 5430 non
767 5372 1171 5445 quorumlibet
1197 5370 1458 5429 violenta
1483 5369 1800 5436 laicorum,
1830 5367 1937 5426 sed

279 5459 454 5532 Juxta
503 5476 808 5519 canonum
860 5462 1201 5518 sanctiones
1234 5460 1311 5518 ab
1342 5460 1611 5516 Ecclesioe
1636 5458 1939 5517 canonicis

209 5544 558 5649 ἕξεων.
601 5549 729 5608 Tibi
762 5555 1050 5630 proeterea
1090 5550 1324 5632 tuisque
1354 5546 1824 5610 ’successoribus
1867 5560 1940 5608 ea

2022 1803 2401 1877 episcopatus
2426 1808 2552 1862 tam
2579 1807 2636 1862 in
2655 1806 3005 1879 recipiendis
3027 1807 3445 1879 synodalibus,
3477 1811 3601 1863 tam
3627 1805 3692 1862 in

2021 1891 2153 1950 aliis
2183 1892 2263 1949 ab
2288 1893 2605 1967 antiquo...
2632 1894 2831 1952 adhuc
2861 1896 3083 1952 habere
3102 1893 3496 1966 dignosceris,
3526 1899 3693 1951 ratas

2022 1981 2343 2047 habemus,
2364 1998 2590 2057 easque
2613 1985 2964 2042 auctoritate
3000 1984 3331 2058 apostolica
3358 1983 3691 2042 confirma-

2022 2086 2179 2128 mus.

2095 2162 2183 2218 Ob
2207 2161 2598 2219 reverentiam
2620 2161 2864 2236 insuper
2885 2163 3161 2221 Ecclesioe
3182 2163 3288 2220 tibi
3316 2163 3688 2226 commissae,

2024 2250 2138 2308 tuis
2168 2255 2225 2307 et
2254 2251 2681 2308 canonicorum
2716 2257 2973 2318 tuorum,
3009 2268 3118 2309 nec
3149 2268 3270 2309 non
3305 2253 3489 2309 etiam
3521 2249 3695 2316 cleri,

2023 2337 2345 2397 consulum
2371 2344 2427 2395 et
2449 2339 2656 2412 populi
2682 2344 2797 2397 tuoe
2829 2340 3046 2397 civitati
3081 2340 3363 2413 precibus
3392 2338 3689 2403 inclinati,

2025 2443 2205 2484 usum
2241 2428 2434 2484 crucis
2471 2443 2577 2501 per
2609 2429 3023 2502 episcopatum
3066 2434 3257 2496 tuum,
3300 2429 3404 2487 tibi
3445 2429 3688 2501 tuisque

2026 2517 2476 2574 successoribus
2506 2517 2581 2574 de
2610 2517 2858 2575 consilio
2889 2516 3139 2575 fratrum
3170 2523 3519 2576 nostrorum
3542 2532 3691 2575 con·

2027 2606 2315 2673 cedimus,
2344 2613 2401 2663 et
2430 2606 2759 2680 apostolica
2788 2608 3137 2665 auctoritate
3169 2607 3512 2664 firmamus.

2101 2696 2483 2753 Decernimus
2512 2711 2675 2767 ergo,
2703 2701 2767 2752 ut
2797 2696 2944 2752 nulli
2969 2698 3218 2753 omnino
3248 2696 3480 2753 homini
3512 2697 3691 2755 liceat

2031 2785 2403 2859 praelibatam
2431 2784 2751 2843 Ecclesiam
2772 2790 2993 2843 temere
3025 2786 3394 2858 perturbare,
3419 2795 3526 2843 aut
3554 2788 3690 2860 ejus

2029 2873 2447 2948 possessiones
2461 2872 2713 2940 auferre,
2729 2876 2820 2930 vel
2845 2872 3077 2931 ablatas
3093 2874 3364 2941 retinere,
3391 2875 3689 2943 minuere,

2030 2978 2135 3021 seu
2178 2963 2546 3038 quibuslibet
2584 2963 3000 3022 vexationibus
3043 2962 3293 3036 fatigare
3299 3003 3408 3020 .....
3458 2964 3697 3038 integra

2031 3059 2456 3111 conserventur
2498 3068 2706 3111 eorum
2737 3069 2847 3126 pro
2875 3068 3206 3127 quorum...
3233 3068 3525 3112 concessa
3553 3059 3697 3112 sunt

2034 3142 2247 3200 usibus
2280 3142 2648 3200 ommniodis
2684 3140 3015 3215 profutura,
3054 3140 3222 3200 salva
3261 3142 3422 3199 sedis
3453 3150 3702 3216 aposto-

2030 3232 2162 3289 licoe
2192 3232 2561 3290 auctoritate.

2105 3322 2163 3377 Si
2212 3335 2336 3394 qua
2369 3320 2547 3392 igitur
2583 3319 2939 3377 infuturum
2991 3318 3419 3386 ecclesiastica,
3460 3320 3697 3379 secula·

2034 3411 2234 3483 risque
2281 3425 2563 3483 persona,
2613 3415 2723 3466 etc.

2107 3502 2228 3573 Ego
2261 3500 2493 3564 Lucius,
2517 3499 2824 3556 catholicas
2848 3497 3120 3555 Ecclesiae
3148 3498 3493 3571 episcopus.

2107 3592 2227 3660 Ego
2255 3588 2621 3655 Theodorus,
2646 3587 2983 3644 Portnensis
3002 3592 3060 3643 et
3084 3587 3314 3643 Sanctae
3341 3586 3580 3645 Rufinae
3612 3605 3703 3646 se-

2034 3678 2126 3735 dis
2157 3678 2495 3751 episcopus.

2108 3771 2230 3838 Ego
2271 3766 2511 3833 Paulus,
2555 3765 2954 3822 Praenestinus
2995 3765 3334 3837 episcopus.

2110 3860 2230 3928 Ego
2273 3856 2553 3921 lacobus,
2597 3856 2827 3913 Sanctae
2861 3854 3052 3912 Marias
3102 3854 3166 3911 in
3202 3853 3518 3911 cosmidin
3548 3855 3705 3914 diac.

2036 3947 2202 4005 card.
2365 4000 2371 4006 ,

2110 4038 2231 4107 Ego
2252 4034 2505 4101 Raineri,
2520 4032 2677 4091 diac.
2691 4031 2854 4090 card.
2879 4030 3078 4089 Sancti
3097 4031 3364 4103 Gregorii
3385 4031 3467 4089 ad
3497 4032 3707 4091 velum

2038 4127 2322 4181 Aureum.

2111 4216 2231 4287 Ego
2268 4213 2492 4280 Petrus,
2546 4209 2707 4268 titulo
2749 4211 3050 4268 Sanctae...
3093 4209 3413 4282 presbyter
3452 4210 3635 4269 card.

2114 4306 2235 4374 Ego
2265 4302 2601 4366 Gratianus,
2624 4300 2721 4357 SS.
2742 4299 2973 4357 Cosmae
2997 4299 3336 4358 etDamiani
3352 4298 3519 4357 diac.
3539 4299 3712 4358 card.

2115 4395 2235 4464 Ego
2248 4391 2554 4459 vivianus,
2578 4388 2777 4463 presb.
2802 4387 2965 4445 card.
2986 4389 3071 4445 tit.
3097 4387 3301 4444 Sancti
3321 4388 3624 4461 Stephani
3650 4390 3710 4446 in

2043 4481 2201 4540 Celio
2221 4483 2431 4538 Monte.

2114 4574 2236 4641 Ego
2263 4568 2593 4638 Rainerius,
2640 4567 2795 4624 diac.
2835 4566 3001 4624 card.
3062 4566 3262 4623 Sancti
3290 4564 3570 4625 Adriani.

2116 4663 2237 4731 Ego
2289 4658 2597 4732 Cynthius,
2627 4656 2821 4730 presb.
2856 4655 3020 4713 card.
3049 4656 3132 4713 tit.
3157 4656 3388 4713 Sancta
3433 4655 3707 4715 Coeciliae.

2116 4752 2238 4820 Ego
2273 4747 2602 4806 Matthaeus.
2642 4746 2872 4803 Sanctae
2900 4744 3095 4802 Marias
3131 4749 3312 4801 Novae
3350 4742 3514 4802 diac.
3548 4745 3706 4803 card.

2117 4841 2329 4897 Datum
2360 4836 2653 4901 Laterani,
2678 4850 2784 4909 per
2812 4849 3062 4891 manum
3092 4831 3316 4890 Alberti
3344 4840 3579 4892 sanctoe
3599 4837 3707 4892 Ro-

2047 4943 2242 4984 manae
2268 4925 2539 4983 Ecclesiae
2564 4924 2743 4997 presb
2744 4923 2895 4997 yteri
2916 4921 3237 4981 cardinalis
3254 4926 3313 4977 et
3336 4922 3705 4990 cancellarii,

2044 5032 2081 5073 11
2125 5016 2264 5073 Idus
2315 5013 2687 5083 Novembris,
2740 5011 3066 5069 indictione
3111 5027 3207 5077 xv,
3267 5010 3709 5069 lucarnationis

2048 5104 2537 5162 Dominicaeanno
2554 5106 2681 5160 1181
2715 5118 2730 5169 ;
2759 5100 3142 5176 pontificatus
3163 5098 3537 5157 verodomni
3557 5099 3709 5159 Lucii

2048 5210 2206 5254 anno
2237 5195 2453 5268 primo.

2801 5316 2891 5370 Ν.

2046 5468 2380 5600 Ρῌιίἰίρροὲ
2402 5465 2849 5550 archiepiscopo
2872 5460 3290 5539 [coloniensum
3313 5461 3481 5545 sioni
3564 5536 3578 5549 ⁶
3659 5480 3714 5523 se

2115 5556 2352 5620 praepos
2379 5548 2436 5598 to
2456 5540 2751 5601 Bonnense
2763 5536 3078 5598 mandasse
3087 5540 3152 5593 ut
3172 5539 3451 5594 comatam
3694 5568 3706 5578 ·
