3784 6000
190 252 311 317 “7

1262 245 1692 309 GUlLLELMI
1735 238 2125 308 TYRENSIS
2167 237 2534 303 ARCHIEP.

3471 240 3597 303 “8

183 399 444 463 venerat,
466 391 987 453 ubiiixeratinvitis
1007 389 1228 447 civibus
1248 405 1353 445 sua
1374 386 1819 445 tentoria.l³orro
1850 386 1907 453 Α
1936 382 2045 439 rite
2074 378 2397 452 completis,
2430 379 2672 449 sumpta
2698 390 2734 432 a
2766 373 3006 433 domino
3037 373 3181 430 duce
3208 373 3467 444 licentia,
3497 376 3598 435 do-

183 485 463 545 dominus
494 485 830 552 balduinus,
862 496 996 537 eum
1025 496 1056 537 e
1085 479 1328 551 vestigio
1369 493 1636 552 sequens,
1671 477 1827 550 apud

189 576 528 649 predictam
552 574 755 629 urbem
785 571 1055 627 eumdem
1078 570 1346 642 repperit,
1371 568 1470 626 ubi
1500 569 1830 640 conjunctis

190 664 514 721 adinvicem
548 660 883 733 agminibus
900 665 1084 730 coepto
1099 659 1379 716 insistunt
1396 659 1605 714 itineri.
1626 657 1832 731 Appli-

183 757 458 811 caverant
489 758 682 808 autem
714 766 817 824 per
861 751 1096 808 eosdem
1138 750 1285 819 dies,
1316 751 1468 822 apud
1500 749 1831 806 Laodiciam

66 904 71 909 ,
184 842 387 914 Syriis,
421 841 689 897 homines
718 841 790 895 de
822 838 1021 896 ltalia:
1052 839 1207 896 inter
1244 856 1389 911 quos
1417 845 1543 896 erat
1571 837 1829 895 virlitte-

184 936 351 989 ratus
377 935 433 987 et
464 931 746 1003 prudens,
780 928 1089 1002 religiosus
1119 945 1345 1002 quoque
1374 928 1543 986 valde
1573 933 1631 984 et
1660 928 1832 984 lione-

183 1020 352 1077 statis
382 1020 633 1088 amicus,
666 1018 1346 1087 dominusDaimbertus,
1376 1019 1717 1075 pisanorum
1742 1035 1830 1074 ar-

181 1109 632 1182 chiepiscopus3
663 1108 897 1178 quidam
920 1125 1149 1180 quoque
1173 1109 1242 1166 de
1269 1108 1477 1181 Apulia
1499 1110 1830 1182 episcopus,

182 1197 567 1264 Arianensis;
600 1198 661 1254 hi
708 1198 879 1255 etiam
938 1198 1144 1254 castris
1176 1197 1577 1271 praedictorum
1610 1199 1833 1272 princi-

188 1304 333 1362 pum
363 1306 427 1346 se
456 1289 882 1359 adjunxerant:
918 1289 1073 1346 unde
1129 1294 1186 1345 et
1225 1305 1496 1345 numerus
1528 1290 1714 1346 factus
1744 1295 1832 1346 est

187 1379 394 1451 major,
427 1377 506 1434 ita
535 1382 599 1435 ut
628 1393 799 1435 sexus
847 1378 1184 1451 promiscui,
1216 1383 1330 1435 tam
1360 1379 1623 1450 equitum
1655 1395 1827 1451 quam

187 1468 479 1541 peditum,
509 1468 797 1526 diceretur
825 1484 956 1525 esse
982 1467 1301 1525 multitudo
1333 1470 1401 1525 ad
1424 1469 1632 1543 viginti
1663 1469 1833 1542 quin-

189 1572 306 1631 que
335 1556 542 1616 millia.
579 1559 690 1615 lter
735 1573 871 1632 ergo
924 1557 1164 1631 agressi,
1199 1563 1256 1616 et
1298 1575 1459 1615 oram
1491 1558 1677 1616 secuti
1707 1575 1828 1615 ma·

188 1645 475 1713 ritimam,
507 1661 626 1702 non
657 1645 768 1703 nisi
817 1646 1075 1704 bostium
1119 1646 1415 1720 reperiunt
1462 1647 1654 1714 urbes,
1679 1646 1833 1704 unde

187 1750 328 1792 cnm
348 1733 603 1792 maxima
620 1733 961 1792 difficultate
972 1743 1025 1792 et
1044 1735 1455 1792 alimentorum
1470 1735 1665 1808 inopia
1679 1736 1832 1792 viam
1864 1770 1913 1837 B

187 1828 463 1899 poterant
489 1824 802 1897 lncoeptam
833 1825 1119 1882 conficere
1141 1842 1158 1894 ς
1189 1840 1324 1882 cum
1345 1825 1501 1882 enim
1520 1841 1637 1882 non
1657 1824 1834 1882 babe-

182 1920 317 1975 rent
344 1915 695 1972 commercia
723 1916 1020 1973 etvenalia
1040 1932 1154 1972 non
1187 1917 1522 1990 reperirent,
1547 1916 1833 1973 defecerat

188 2003 526 2062 viaticulum
559 2004 615 2060 in
649 2020 849 2062 eorum
882 2005 1188 2063 cistarciis.
1222 2007 1403 2063 Sedet
1421 2005 1637 2079 algoris
1664 2004 1834 2061 vehe-

190 2093 427 2161 mentia,
460 2098 519 2151 et
547 2094 824 2152 imbrium
868 2094 1262 2166 intemperies,
1293 2095 1509 2152 multos
1529 2095 1599 2151 ad
1633 2109 1838 2163 supre-

192 2199 357 2239 mum
388 2185 675 2255 compulit
703 2184 995 2241 defectum
1022 2201 1039 2252 ;
1071 2184 1260 2242 biems
1279 2184 1597 2253 animarat,
1619 2182 1840 2239 mensis

197 2276 532 2330 December.
557 2273 677 2330 Soli
698 2274 855 2330 enim
886 2273 1229 2345 Tripolitani
1260 2278 1318 2330 et
1349 2274 1752 2341 Caesarienses,
1781 2272 1840 2328 in

195 2368 319 2419 tam
353 2362 573 2434 prolixo
604 2363 832 2431 itinere,
854 2364 1292 2420 transeuntibus
1316 2361 1654 2420 obtulerunt
1674 2378 1844 2417 vena-

190 2451 310 2520 lia;
343 2456 401 2509 et
425 2455 618 2508 tamen
670 2468 804 2508 cum
855 2450 1041 2510 multo
1081 2451 1493 2510 alimentorum
1536 2453 1762 2509 deiectu
1791 2455 1853 2507 et

197 2540 374 2598 famis
400 2543 671 2612 angustia
693 2544 1104 2613 procedebant,
1129 2559 1245 2600 non
1277 2544 1558 2601 babentes
1578 2545 1854 2616 jumenta

201 2634 261 2689 at
290 2636 429 2703 apta
457 2631 707 2688 sarcinis
739 2632 1094 2691 devehendis
1116 2634 1416 2690 animalia.
1440 2634 1857 2705 Tandem,pro-

202 2723 433 2794 tegente
462 2737 561 2779 eos
590 2721 789 2779 divina
817 2722 1147 2792 clementia,
1176 2728 1565 2795 pervenerunt
1584 2723 1857 2781 Hieroso-

162 2800 445 2885 ‘ymam,
479 2811 578 2868 ubi
608 2829 643 2869 a
672 2812 908 2870 domino
930 2815 1076 2870 duce
1130 2818 1187 2870 et
1215 2816 1287 2870 ab
1315 2815 1585 2870 universo
1615 2813 1768 2870 clero
1798 2816 1857 2870 et

218 2901 435 2973 populo
465 2900 666 2959 devote
707 2903 990 2977 suscepti,
1024 2903 1150 2960 loca
1176 2911 1377 2960 sancta
1406 2905 1578 2961 corde
1608 2901 1857 2960 contrito

214 2993 276 3048 et
303 2989 364 3048 in
391 2989 599 3064 spiritu
621 2991 971 3051 humilitatis
1002 2993 1443 3066 perlustrantes,
1476 2994 1589 3051 fide
1627 2993 1860 3051 discunt

216 3079 467 3153 oculata,
500 3085 648 3153 quod
679 3084 852 3141 verbo
878 3089 937 3141 et
985 3084 1248 3142 doctrina
1278 3087 1441 3158 prius
1472 3084 1857 3158 comprehen-

217 3170 444 3227 derant.
465 3173 763 3229 Celebrato
776 3190 914 3229 sane
928 3175 986 3230 in
1007 3180 1210 3232 sancta
1225 3175 1519 3231 Bethleem
1541 3173 1856 3230 Dominicae

220 3259 535 3317 nativitatis
556 3261 669 3330 die,
693 3278 949 3337 praesepe
969 3264 1187 3332 vident,
1209 3268 1265 3322 et
1306 3264 1644 3336 speluncam
1671 3262 1860 3318 admi-

218 3349 484 3417 rabilem,
518 3350 618 3409 ubi
649 3353 746 3424 pia
772 3353 874 3409 Dei
903 3353 1175 3427 genitrix,
1210 3354 1421 3411 salutis
1453 3360 1639 3426 porta,
1659 3352 1861 3410 mundi

217 3440 630 3511 Reparatorem
645 3443 856 3514 pannis
869 3442 1173 3500 involvitet
1187 3443 1332 3500 lacte
1345 3443 1499 3516 pavit
1513 3444 1859 3517 vagientem.

220 3619 568 3678 Daimbertus
597 3623 855 3682 Ecclesiae
894 3623 1122 3683 Pisanae
1168 3625 1634 3697 archiepiscopus,
1682 3627 1867 3683 Hiero·

382 3693 737 3767 solymitanae
760 3696 1060 3768 preficitur
1083 3697 1332 3753 Ecclesiae
1357 3697 1696 3769 patriarcha.

294 3780 441 3838 Cum
465 3783 638 3854 igitur
668 3800 853 3857 usque
879 3786 949 3841 ad
983 3785 1148 3841 illum
1181 3785 1356 3856 diem,
1388 3787 1556 3859 quasi
1574 3804 1675 3859 per
1698 3802 1869 3843 men-

223 3886 319 3929 aea
378 3872 636 3946 quinque
695 3874 1218 3950 Hierosolymitana
1269 3883 1534 3934 vacasset
1592 3876 1866 3944 Ecclesia,

225 3962 528 4035 proprium
560 3980 674 4021 non
712 3964 929 4024 habens
980 3967 1325 4030 antistitem,
1360 3975 1751 4025 convenerunt
1772 3966 1873 4039 qui

228 4056 538 4122 praesentes
568 4058 737 4110 erant
759 4056 1072 4129 principes,
1107 4062 1169 4113 ut
1200 4057 1260 4112 in
1302 4073 1366 4114 ea
1396 4065 1573 4129 parte,
1609 4056 1873 4114 Ecclesia

227 4138 330 4197 Dei
361 4140 746 4212 providerent.
775 4143 1138 4219 Domumque
1187 4151 1317 4219 post
1367 4147 1553 4203 multa
1592 4145 1876 4203 delibera·

229 4229 455 4287 tionum
482 4231 813 4303 libramina,
865 4237 1206 4306 praedictum
1264 4236 1648 4293 venerabilem
1679 4236 1874 4293 virum

233 4317 540 4374 dominum
573 4319 995 4390 Daimbertum,
1027 4325 1097 4380 de
1128 4325 1428 4381 communi
1452 4325 1715 4381 omnium
1749 4339 1877 4381 con-

235 4401 368 4461 silio
398 4404 457 4461 in
488 4407 689 4464 sedem
713 4407 998 4467 collocant
1017 4410 1497 4484 partriarchalem
1522 4433 1537 4483 ς
1562 4429 1697 4469 nam
1721 4412 1873 4484 quod

242 4493 314 4550 de
340 4492 643 4568 Arnnlpbo
672 4497 836 4570 prius
858 4498 1074 4555 factum
1100 4500 1277 4556 ruisse
1299 4500 1577 4571 diximus,
1600 4500 1750 4557 sicut
1771 4499 1876 4557 im·
1906 4522 1954 4586 D
1984 4536 2321 4609 legerimus,

237 4585 557 4658 prudenter
591 4586 807 4644 factum
840 4588 1052 4657 suerat,
1082 4590 1164 4646 ita
1192 4594 1250 4646 et
1272 4590 1468 4647 subito
1483 4595 1538 4647 et
1561 4589 1729 4646 facile
1748 4588 1873 4645 dis-

234 4673 491 4733 solutum
523 4679 629 4734 est.
661 4676 938 4736 Praedicto
964 4695 1101 4752 ergo
1146 4680 1272 4737 viro
1319 4679 1417 4738 Dei
1444 4679 1504 4736 in
1528 4681 1665 4737 sede
1698 4677 1874 4735 collo·

231 4769 382 4831 cato,
413 4770 534 4823 tam
601 4766 877 4824 dominus
932 4767 1301 4838 Godeiridus,
1362 4784 1537 4843 quam
1594 4768 1871 4825 dominus

234 4853 506 4930 princepe
545 4856 945 4929 Boamundus,
990 4859 1082 4917 bic
1130 4860 1316 4933 regni,
1370 4858 1466 4917 ille
1514 4858 1876 4934 principatus

235 4939 533 5002 humiliter
561 4945 634 5002 ab
664 4962 730 5004 eo
752 4952 1131 5021 susceperunt
1177 4946 1607 5018 investituram,
1638 4948 1690 5005 ei
1719 4947 1870 5004 arbi·

232 5033 455 5087 trantes
484 5046 545 5089 se
568 5032 846 5092 honorem
871 5036 1228 5109 impendere,
1257 5039 1423 5109 cujus
1454 5041 1733 5109 tanquam
1768 5034 1878 5093 mi·

236 5119 422 5178 nister
448 5118 545 5178 ille
576 5122 636 5179 in
668 5126 837 5181 terris
881 5126 1062 5183 vicem
1112 5143 1311 5201 gerere
1359 5128 1724 5185 credebatur.
1755 5126 1875 5191 Quo

232 5211 406 5277 facto,
448 5211 752 5285 assignatae
806 5218 946 5272 sunt
992 5216 1222 5273 domino
1270 5216 1613 5290 patriarcha
1658 5230 1869 5288 possea·

236 5300 454 5370 aiones,
486 5305 606 5359 tam
635 5301 746 5360 illas
777 5320 923 5375 quas
971 5309 1231 5380 tempore
1275 5306 1604 5379 gentilium,
1627 5322 1661 5362 a
1682 5305 1887 5363 diebus

1943 472 2138 529 minus
2162 468 2561 534 Boamundus,
2593 468 2872 523 dominus
2903 479 3139 537 quoqne
3169 462 3513 538 balduinus,
3533 464 3593 521 in

1941 561 2088 618 fines
2113 574 2254 617 snos
2303 556 2610 627 reversuri,
2641 558 2710 611 ad
2759 554 3072 613 Jordanem
3121 554 3548 612 descenderunt
3577 568 3592 608 ε

1939 648 2077 706 inde
2107 665 2211 722 per
2235 647 2440 705 vallem
2470 646 2791 714 illustrem,
2821 641 3088 714 ejusdem
3121 642 3384 700 fluminis
3405 643 3595 715 ripam

1939 742 2275 812 sequentes,
2306 736 2660 810 Scytopolim
2694 740 3088 801 transeuntes,
3115 748 3298 807 usque
3336 732 3597 789 Tiberia-

1941 829 2070 886 dem
2104 832 2510 901 pervenerunt.
2535 823 2645 881 Ubi
2669 822 2993 894 assumptis
3013 821 3127 879 sibi
3158 821 3505 879 necessariis
3523 823 3592 880 ad

1940 918 2047 976 iter
2064 916 2379 978 alimentis.
2410 930 2581 972 secus
2622 929 2782 970 mare
2812 912 3045 969 Galileae
3077 913 3228 968 viam
3266 915 3593 983 carpentas,

1941 1006 2269 1067 Pboenicem
2301 1005 2656 1078 Lybanicam
2684 1002 2955 1076 ingressi,
2987 1002 3338 1070 Paneadem,
3359 1017 3488 1071 quas
3505 1005 3595 1058 est

1940 1094 2198 1153 Cesarea
2227 1092 2501 1167 Philippi,
2531 1109 2564 1149 a
2588 1091 2807 1149 dextris
2829 1094 3270 1163 praetereuntes.
3307 1091 3596 1147 Ituream·

1940 1198 2054 1258 qua
2084 1184 2496 1256 ingredientes,
2520 1197 2710 1255 usque
2758 1181 2830 1238 ad
2881 1181 3073 1236 locum
3120 1179 3213 1235 cui
3246 1194 3463 1237 nomen
3493 1182 3600 1235 He-

1940 1272 2192 1348 liopolis,
2225 1289 2349 1346 quoe
2376 1271 2489 1330 alio
2519 1270 2755 1328 nomine
2792 1269 3007 1327 dicitur
3055 1268 3300 1340 Balbec,
3332 1283 3597 1327 accesse-

1940 1369 2097 1423 runt.
2129 1364 2270 1422 Inde
2299 1365 2372 1420 ad
2414 1378 2576 1421 oram
2624 1362 2989 1419 maritimam
3034 1361 3366 1430 redeuntes,
3389 1359 3597 1417 Antio·

1939 1455 2153 1525 chiam,
2176 1458 2511 1528 protegente
2541 1469 2642 1511 eos
2672 1452 2870 1510 divina
2897 1451 3230 1521 clementia,
3253 1450 3381 1510 sani
3411 1455 3473 1508 et
3502 1450 3592 1507 in·

1940 1544 2201 1603 columes
2230 1544 2571 1616 attigerunt.

1947 1704 2137 1763 Studio
2165 1703 2537 1776 matiqnoram
2555 1629 3033 1760 paguriuclfflbt
3073 1701 3454 1774 patriarcham
3479 1717 3601 1773 qra-

2014 1792 2102 1834 vcs
2159 1792 2284 1832 cum
2330 1776 2615 1832 simultate
2660 1777 3000 1831 suscitantur
3045 1776 3397 1847 quaestiones,
3438 1787 3604 1846 super

2013 1849 2165 1905 turri
2185 1846 2377 1915 David,
2408 1852 2461 1903 et
2490 1850 2686 1920 quarta
2713 1857 2869 1919 parte
2896 1845 3166 1904 civitatis.

2014 1938 2237 1994 Interea
2265 1935 2910 2010 Hierosolymis,studio
2930 1939 2987 1993 et
3009 1951 3187 2008 opera
3208 1935 3603 2008 quorumdam

1948 2025 2355 2099 malignorum,
2392 2026 2609 2098 quibus
2639 2040 2874 2097 semper
2924 2025 3086 2081 cordi
3115 2028 3204 2081 est
3251 2022 3600 2081 scandalum

1947 2126 2137 2169 serere
2168 2115 2225 2167 et
2254 2109 2504 2167 aliorum
2564 2110 2822 2167 invidere
2862 2109 3296 2182 tranquillitati,
3319 2107 3603 2165 suscitata

1948 2206 2040 2259 est
2068 2201 2309 2271 quaestio
2342 2202 2492 2256 inter
2531 2200 2832 2256 dominum
2882 2199 3269 2272 patriarcham
3331 2204 3388 2255 et
3414 2197 3605 2255 domi-

1952 2307 2096 2350 uum
2126 2291 2357 2357 ducem,
2391 2289 2627 2346 domino
2678 2289 2999 2359 patriarcha
3051 2291 3388 2361 reposcente
3433 2287 3507 2343 ab
3537 2302 3604 2343 eo

1952 2380 2246 2438 civitatem
2299 2383 2565 2436 sanctam
2625 2377 2742 2434 Deo
2785 2379 3118 2451 ascriptam,
3150 2378 3418 2449 ejusdem
3464 2375 3605 2432 civi·

1955 2470 2099 2527 tatis
2131 2468 2467 2541 praesidium
2493 2484 2507 2524 ε
2534 2468 2828 2540 simulque
2851 2468 3058 2524 urbem
3077 2468 3456 2542 Joppensem,
3473 2480 3608 2523 cum

1958 2559 2083 2617 suis
2116 2558 2505 2633 pertinentiis.
2547 2562 2805 2631 Cumque
2838 2557 3179 2631 aliquandiu
3212 2558 3430 2632 agitata
3457 2559 3609 2615 esset

1962 2667 2217 2726 praesens
2273 2650 2536 2723 quaestio,
2571 2652 2712 2720 dux,
2743 2650 2913 2707 sicuti
2955 2650 3045 2706 vir
3100 2649 3336 2707 humilis
3386 2655 3533 2720 erat,
3554 2651 3612 2705 et

1964 2745 2321 2807 mansuetus,
2355 2756 2422 2796 ac
2451 2741 2666 2796 timens
2696 2755 2994 2796 sermones
3015 2739 3269 2809 Domini,
3294 2739 3353 2796 in
3388 2738 3481 2795 die
3502 2752 3614 2810 pu-

1966 2830 2306 2888 rificationis
2343 2830 2523 2886 beatae
2579 2829 2790 2900 Mariae,
2825 2835 3104 2899 praesentc
3132 2828 3286 2887 clero
3314 2834 3372 2886 et
3394 2825 3614 2902 populo

1970 2922 2262 2981 universo.
2296 2919 2550 2977 ecclesiis
2569 2919 2792 2977 Sanctis
2828 2919 3317 2987 Resurrectionis,
3345 2929 3617 2993 quartam

1967 3020 2187 3085 partem
2217 3011 2403 3083 Joppe
2435 3012 2765 3084 resignavit.
2800 3014 3007 3066 Postea
3054 3010 3146 3067 die
3189 3013 3393 3068 sancto
3422 3009 3624 3067 subse.

1890 3144 1935 3212 C
1972 3102 2204 3175 quentis
2235 3102 2490 3168 Paschae,
2525 3101 2582 3156 in
2642 3099 2950 3173 praesentia
2996 3099 3137 3157 cleri
3183 3104 3240 3157 et
3270 3098 3491 3172 populi,
3522 3087 3621 3172 qui

1973 3192 2045 3249 ad
2072 3191 2226 3246 diem
2260 3192 2476 3247 testum
2501 3195 2914 3261 convenerant,
2936 3190 3141 3247 urbem
3165 3188 3623 3262 Hierosolymam

1970 3296 2105 3339 cum
2141 3280 2284 3335 turri
2310 3279 2490 3336 David
2551 3283 2607 3337 et
2665 3281 2954 3337 universis
2979 3282 3111 3352 ejus
3141 3278 3535 3353 pertinentiis,
3563 3277 3624 3335 in

1974 3386 2151 3426 manu
2185 3368 2408 3426 domini
2444 3368 2781 3442 patriarchae
2818 3370 3138 3442 resignavit
3160 3393 3177 3439 ς
3198 3373 3470 3426 ettamen
3494 3382 3629 3426 con-

1973 3458 2211 3527 ditione,
2245 3466 2309 3513 ut
2365 3458 2653 3530 praedictis
2711 3459 2958 3515 urbibus
2998 3473 3128 3514 cum
3165 3457 3478 3516 territoriis
3504 3457 3626 3513 suis

1972 3548 2100 3621 ipse
2122 3547 2351 3604 interim
2395 3548 2682 3605 frueretur
2713 3551 2988 3617 uteretur,
3015 3562 3324 3621 quousque
3344 3546 3627 3621 captisex

1974 3638 2104 3694 aliis
2136 3637 2382 3694 urbibus
2405 3654 2523 3694 una
2541 3638 2629 3694 vel
2653 3639 2904 3710 duabus,
2923 3654 3169 3711 regnum
3191 3638 3476 3694 Dominus
3497 3653 3624 3710 per-

1977 3727 2230 3783 mitteret
2271 3726 2561 3799 ampliari.
2605 3728 2765 3793 Quod
2839 3728 2886 3784 si
2932 3728 3121 3783 medio
3187 3733 3450 3799 tempore
3507 3729 3626 3783 dux

1975 3815 2196 3888 absque
2212 3816 2472 3889 legitimo
2503 3817 2921 3891 defungeretur
2940 3817 3190 3889 haerede,
3214 3818 3492 3889 praedicta
3509 3833 3629 3875 cm·

1979 3905 2339 3978 niaabseque
2356 3905 2894 3974 difficultate,cmni
2910 3907 3367 3966 contradictione
3388 3917 3627 3974 remota,

1977 3995 2036 4052 in
2068 3995 2344 4052 ditionem
2379 3995 2602 4053 domini
2634 3997 2906 4053 cederent
2948 3998 3307 4069 patriarchoe.
3342 3998 3474 4055 Hoec
3503 4013 3634 4054 om-

1987 4085 2108 4156 nia,
2140 4085 2246 4142 etsi
2277 4084 2525 4143 aliorum
2558 4086 2841 4143 relatione
2871 4092 3185 4158 comperta,
3210 4092 3266 4143 et
3287 4087 3461 4144 etiam
3495 4103 3636 4161 quo-

1984 4178 2260 4233 rumdam
2297 4191 2475 4246 opera
2504 4177 2720 4250 scripto
2752 4179 3050 4247 mandata,
3082 4178 3356 4250 presenti
3391 4177 3636 4235 interse-

1984 4269 2209 4324 ruimus
2243 4268 2604 4335 narrationi;
2639 4269 2925 4326 miramur
2973 4273 3170 4325 tamen
3212 4268 3430 4339 quibus
3458 4267 3640 4325 ratio·

1985 4356 2158 4413 nibus
2204 4362 2398 4413 motus
2452 4356 2725 4414 dominus
2776 4358 3127 4428 patriarcha,
3159 4357 3311 4415 hanc
3361 4356 3645 4415 adversus

1988 4446 2198 4503 ducem
2230 4448 2607 4504 suscitaverit
2655 4448 3059 4519 quaestionem,
3091 4463 3227 4505 cum
3269 4463 3378 4505 nec
3408 4449 3643 4520 uspiam

2353 4544 2453 4593 aut
2497 4553 2531 4592 a
2580 4537 2721 4594 viris
2774 4538 2885 4594 flde
2931 4537 3123 4607 dignis
3162 4536 3650 4609 sceleritas-,aa

1984 4628 2318 4690 conditione
2340 4627 2582 4682 domino
2613 4626 2773 4697 duci,
2805 4642 3050 4700 regnum
3079 4643 3112 4684 a
3138 4626 3461 4684 victoribus
3493 4625 3654 4699 prin·

1985 4716 2219 4788 cipibus
2259 4714 2444 4772 ruisse
2471 4715 2771 4786 traditum,
2807 4719 2872 4771 ut
2901 4715 3074 4771 alicui
3102 4731 3381 4788 personae,
3401 4713 3655 4786 alicujna

1993 4805 2392 4878 praestationis
2435 4820 2640 4862 annua·
2672 4804 2763 4860 vel
2810 4809 3098 4878 perpetuae
3127 4804 3361 4862 vinculo
3394 4820 3457 4862 se
3477 4791 3656 4863 sciret

1982 4893 2317 4965 obligatum.
2342 4893 2457 4950 Nec
2489 4910 2597 4966 pro
2618 4910 2819 4951 crassa
2848 4898 2905 4952 et
2926 4895 3142 4968 supina
3166 4898 3366 4953 nostra
3387 4894 3658 4952 ducenda

1999 4988 2086 5042 est
2114 4983 2614 5057 ignorantia,cum
2634 4983 2899 5056 quolibet
2913 4982 3248 5041 mortalium
3273 4981 3536 5057 amplius
3557 4982 3660 5041 ba-

1993 5090 2121 5131 rum
2139 5089 2337 5131 rerum
2358 5072 3660 5146 veritatem,diligenterinvestigaverimua,ad

1991 5165 2103 5221 boc
2131 5162 2465 5237 specialiter
2495 5163 2847 5233 studiose,ut
2864 5179 2934 5221 ea
2958 5162 3230 5238 praesenti
3253 5162 3474 5235 scripto
3491 5179 3661 5221 man·

2005 5256 2297 5325 daremus,
2320 5254 2488 5313 sicuti
2512 5255 2571 5312 in
2591 5262 2787 5312 nostro
2811 5253 2978 5326 longe
2990 5255 3329 5313 antetuerat
3341 5255 3661 5327 proposito.

2609 5343 2845 5401 CAPUT
2866 5343 3045 5404 xvn.

241 5391 598 5463 Graecorum,
663 5391 897 5453 Graecus
955 5397 1239 5455 babuerat
1296 5396 1645 5470 patriarcha,
1708 5410 1885 5469 quam
2004 5416 2123 5485 Qua
2152 5416 2372 5473 maone
2401 5421 2765 5501 quarm-par,
2793 5417 3031 5473 civicam
3061 5418 3120 5473 in
3142 5416 3237 5502 jus
3266 5421 3319 5472 cs
3345 5421 3668 5488 potestatem

247 5480 513 5551 quodam
571 5489 819 5557 erogato
845 5485 920 5543 de
950 5503 1135 5557 novc;
1170 5492 1235 5544 ut
1258 5487 1495 5546 haberet
1526 5489 1681 5546 unde
1710 5487 1895 5546 hone·

228 5568 289 5632 ts
318 5570 637 5628 sustentari
680 5578 883 5644 posset
930 5575 1141 5632 domus
1176 5575 1607 5649 patriarchalis.
1641 5575 1745 5636 His
1774 5576 1861 5636 ita

2407 5488 2624 5546 domim
2647 5487 2985 5561 patriarchae
3013 5493 3257 5547 cessant.

2079 5575 2522 5647 Verumtamen,
2561 5582 2834 5650 quartam
2885 5586 3110 5650 partem
3166 5577 3442 5650 civitatis,
3469 5577 3544 5636 ab
3571 5577 3668 5635 in·
