3784 6000
106 256 227 321 '129

542 250 749 313 HIST.
794 248 1071 313 RERUM
1117 248 1648 313 TRANSMARIN.
1693 284 1774 297 --
1813 251 1964 315 [ΑΒ.
2009 250 2232 315 xv111.
2279 250 2730 319 BALDUINUS
2771 256 2856 320 111
2900 261 3086 324 REX.

3400 266 3524 331 ⁷30

106 394 191 450 Ad
225 406 406 465 quam
439 387 645 457 nostri,
668 385 953 445 ordinatis
974 385 1147 457 juxta
1174 384 1258 442 rei
1290 385 1567 444 militaris
1586 384 1765 443 disci·
1790 398 1846 465 Α
1874 386 2275 447 exhibiturum
2324 391 2596 464 negabat,
2633 406 2903 456 asserens
2945 398 3024 457 Se
3076 416 3363 476 nunquam
3410 405 3528 461 nisi

111 482 338 554 plinam
395 477 757 552 agminibus,
786 477 1144 544 accedentes,
1177 475 1378 533 urbem
1437 476 1625 548 primo
1655 475 1767 532 ad-

112 578 317 639 ventu,
357 568 561 627 locatis
591 565 796 623 ordine
846 580 1103 638 congruo
1133 564 1502 638 singulorum
1560 566 1767 636 princi·

112 676 257 733 pum
282 657 644 733 agminibus,
667 654 990 724 obsidione,
1012 653 1569 712 claudunt.0bsessa
1590 655 1765 725 igitur

112 749 354 806 civitate
383 751 444 803 et
470 746 697 803 civibus
733 743 994 800 hostium
1034 747 1190 799 metu
1234 742 1388 800 infra
1419 744 1625 800 urbem
1656 742 1767 801 col·

111 837 305 905 lectis,
344 850 443 893 rex
482 839 539 892 et
567 833 669 907 qui
699 832 911 890 deforis
940 839 1129 889 castra
1176 830 1525 902 locaverant,
1556 830 1765 890 locatis

112 924 412 983 machinis
443 927 502 981 et
549 921 913 994 ,iaculatoriis
951 920 1378 989 instrumentis,
1412 921 1614 979 urbem
1647 937 1765 979 non

112 1022 346 1073 cessant
375 1011 663 1071 molestiis
692 1012 907 1083 quihus
921 1014 1187 1082 possunt,
1208 1026 1385 1083 opera
1413 1011 1691 1069 continua
1707 1015 1767 1069 et

111 1102 412 1162 coutinuis
431 1101 726 1159 laboribus
746 1100 1005 1173 fatigare.
1020 1099 1257 1157 Cedant
1275 1100 1567 1172 principes
1599 1099 1763 1174 quis·

112 1209 229 1265 que
250 1208 358 1266 pro
385 1208 494 1249 sua
521 1190 806 1263 portione,
824 1207 954 1261 qun
982 1189 1056 1245 ab
1088 1189 1252 1246 initio
1278 1194 1435 1246 sorte
1457 1190 1763 1261 obtigerat,

111 1299 259 1341 suos
279 1281 581 1339 invitando
609 1284 666 1336 et
701 1278 1028 1352 pollicendo
1075 1280 1331 1351 praemia,
1365 1279 1565 1335 urbem
1592 1277 1764 1336 vehe-

113 1372 377 1428 mentius
406 1370 791 1442 impugnare;
824 1369 1083 1437 dumque
1124 1367 1385 1425 certatim
1419 1368 1636 1439 priores
1666 1385 1762 1423 ur-

111 1462 245 1518 bem
279 1460 587 1531 effringere
608 1458 848 1531 cupiunt
872 1475 889 1528 3
911 1459 1049 1514 dum
1082 1458 1333 1531 quisque
1364 1458 1477 1514 sibi
1508 1456 1765 1530 palmam

109 1551 183 1607 de
212 1549 404 1622 prima
442 1548 761 1621 irruptione
797 1546 1087 1603 vindicare
1112 1547 1341 1620 quarit,
1374 1550 1598 1603 tantam
1622 1545 1761 1603 civi-

110 1639 229 1696 bus
260 1638 520 1695 inferunt
548 1636 899 1705 molestiam,
924 1641 988 1693 ιιι
1016 1652 1085 1693 ex
1115 1640 1279 1709 parte
1300 1635 1579 1709 qualibet,
1612 1653 1761 1693 mor-

1874 480 2094 551 reyibus
2120 479 2442 551 fidelilatem
2500 483 2832 545 exhibuisse.
2872 486 3010 546 Oria
3050 504 3211 564 ergo,
3269 493 3522 565 peccatis

1875 569 2095 625 nostris
2152 569 2545 643 exigentibus,
2597 588 2776 645 super
2805 574 3144 648 huJusmodi
3174 583 3523 654 quaestione,

1873 657 2026 714 inter
2046 658 2337 730 principes
2358 663 2769 732 controversia,
2795 666 3078 739 neglectb,
3095 671 3520 745 negotio,quod

1873 745 2013 803 utile
2044 747 2388 819 plurimum,
2412 749 2482 805 ad
2515 749 2902 810 obtinendum
2949 755 3122 814 facile
3153 758 3519 831 imminebat,

1871 836 2221 893 suffarcinati
2280 837 2483 911 spoliis
2528 844 2585 897 et
2639 842 2835 915 praeda
2878 861 3066 918 usque
3095 847 3167 902 ad
3190 848 3519 905 satietatem

1873 926 2459 994 onusti,Antiochiam
2472 944 2607 986 cum
2629 931 2752 988 suis
2777 930 3107 1006 legionibus
3125 937 3339 993 reversi
3359 941 3519 994 sunt.

1871 1085 2142 1142 Nor-adini
2182 1093 2360 1157 'mter
2411 1019 2935 1148 “ch’folsJTtAEzffiL
2988 1096 3523 1169 Hierosolymitanus

1941 1158 2258 1228 patriarcha
2289 1159 2583 1217 Fuleherus
2631 1167 2886 1218 moritur.
2921 1164 3190 1236 Spelunca
3214 1176 3367 1225 trans
3394 1168 3519 1225 Jor-

1941 1229 2141 1284 danem
2177 1233 2381 1286 nostris
2403 1236 2738 1289 restituitur.
2767 1237 2878 1292 Rex
2934 1239 2998 1292 in
3033 1238 3284 1308 partibus
3328 1239 3522 1295 Antio·

1940 1301 2131 1443 ghenis
2157 1308 2405 1358 castrum
2461 1305 2677 1362 Harene
2703 1307 2949 1371 obsidett
2979 1314 3033 1364 et
3053 1309 3328 1366 obsessum
3357 1325 3524 1367 occu-

1982 1390 2015 1428 o
2048 1413 2061 1426 .

1941 1461 2157 1519 Eodem
2179 1466 2439 1537 tempore
2452 1463 2738 1522 Noradini
2753 1467 2951 1537 irater,
2964 1468 3285 1526 Mirmiram
3298 1469 3524 1538 ,audito

1871 1552 2068 1608 fratris
2090 1551 2342 1623 defectu,
2367 1555 2725 1626 credensque
2742 1557 2960 1614 eumin
2992 1559 3109 1615 sata
3138 1559 3519 1623 concessisse,

1869 1639 2172 1711 Halapiam
2205 1642 2494 1713 pervenit,
2512 1660 2760 1717 eamque
2789 1645 3156 1703 tradentibus
3182 1646 3431 1717 civibus,
3455 1647 3530 1705 si·

111 1733 239 1785 tem
269 1726 385 1784 sibi
417 1727 777 1783 arbitrentur
823 1725 1151 1783 imminere.
1196 1729 1373 1782 Erant
1418 1725 1575 1782 enim
1605 1725 1758 1781 cives
1789 1770 1843 1835 B
1871 1745 1946 1785 ne
1976 1729 2320 1787 difficultate
2368 1732 2653 1802 obtinui13
2687 1732 2948 1807 dumque
3006 1737 3159 1791 circa
3189 1735 3522 1815 praesidium

112 1818 230 1875 loci
262 1815 422 1873 illius
453 1831 646 1873 rerum
678 1814 1018 1872 militarium
1068 1819 1349 1887 expertes,
1382 1814 1759 1887 negotiationi

113 1906 324 1963 dantes
354 1921 588 1978 operam
615 1923 630 1974 ;
662 1914 935 1978 praeterea
957 1909 1015 1962 et
1036 1905 1336 1975 praesentis
1357 1920 1530 1961 casus
1554 1904 1763 1976 ignari,

114 1994 267 2053 nihil
281 1995 480 2051 minus
500 2010 756 2067 unquam
774 2010 944 2066 quam
958 1993 1323 2050 obsidionem
1350 1994 1766 2062 formidabant,

116 2089 545 2158 presumentes
573 2088 632 2140 et
661 2084 734 2141 de
759 2084 982 2141 domini
1013 2083 1127 2150 sui,
1159 2099 1329 2154 quem
1361 2082 1639 2154 sospitem
1673 2098 1766 2138 ar-

115 2174 513 2243 bitrabantur,
536 2173 813 2246 potentia,
845 2177 902 2230 et
947 2174 1019 2229 de
1045 2171 1156 2229 loci
1188 2172 1535 2229 munitione.
1588 2172 1768 2228 Erant

117 2264 344 2335 ergoad
396 2261 739 2335 hujusmodi
792 2263 1074 2335 portanda
1128 2278 1322 2331 onera,
1347 2265 1582 2335 propter
1628 2278 1765 2333 pm·

119 2352 302 2421 dieta,
334 2351 590 2425 impares
612 2358 701 2423 ;et
719 2354 981 2410 assultus
1001 2352 1309 2408 continuos
1340 2350 1520 2407 simul
1544 2359 1599 2408 et
1621 2350 1769 2407 Mar·

120 2441 233 2497 iios
262 2455 611 2514 congressus
644 2441 792 2497 ferre
820 2458 935 2497 non
977 2440 1253 2498 valentes.
1288 2440 1521 2496 Factum
1552 2444 1642 2495 est
1662 2440 1768 2512 igi-

121 2540 217 2589 tur
247 2535 335 2601 ut,
368 2536 498 2605 post
529 2530 655 2588 dies
684 2531 905 2603 aliquot
937 2532 1339 2588 deficientibus
1363 2531 1597 2588 omnino
1626 2531 1769 2586 civi·

119 2620 259 2688 bus,
290 2621 365 2677 ad
397 2621 870 2692 impugnantium
902 2623 1095 2693 jugem
1140 2619 1473 2677 instantiam
1513 2619 1768 2678 effractis

120 2712 422 2769 moenibus
469 2712 749 2769 irruerint
801 2714 982 2769 nostri
1041 2713 1102 2769 in
1147 2714 1349 2769 urbem
1398 2710 1688 2781 mediam;
1715 2715 1771 2771 et

121 2805 297 2870 capta
327 2799 599 2857 violenter
617 2801 867 2869 civitate,
901 2802 1211 2874 oppidanis
1241 2803 1302 2857 in
1343 2800 1678 2875 proesidium
1707 2816 1769 2857 se

123 2888 567 2962 recipientibus,
598 2891 809 2946 tradita
846 2897 988 2948 sunt
1006 2891 1090 2946 eis
1122 2907 1508 2964 quaecumque
1532 2891 1590 2946 in
1622 2890 1771 2945 infe-

119 2977 293 3037 rioris
323 2978 574 3036 civitatis
598 2984 760 3052 parte
789 2984 955 3037 erant
974 2979 1207 3038 residua
1236 2984 1293 3038 et
1313 2980 1512 3037 omnia
1542 2979 1772 3038 indiffe-

120 3075 317 3128 renter
336 3078 475 3128 sunt
519 3071 592 3128 ad
646 3072 900 3143 praedam
957 3088 1265 3143 conoessa3
1294 3073 1379 3128 usi
1397 3088 1534 3144 ergo
1553 3089 1656 3145 pro
1685 3089 1773 3129 ar·

1873 1818 2274 1875 vehementius
2307 1820 2549 1877 instaret
2577 1825 2639 1877 ut
2671 1823 2721 1877 ei
2745 1824 3088 1894 traderetur,
3119 1825 3353 1897 cognito
3384 1824 3522 1895 quia

1875 1908 2052 1964 frater
2079 1908 2208 1980 ejus
2233 1909 2423 1965 adhuc
2445 1910 2678 1980 viveret,
2696 1910 2903 1969 solutis
2933 1912 3269 1985 agminibus
3289 1913 3363 1970 ab
3382 1912 3523 1970 urbe

1877 1996 2167 2053 discessit.
2203 1997 2307 2054 Per
2361 1998 2518 2056 idem
2562 2004 2820 2071 tempus,
2872 2000 3148 2057 dominus
3205 1999 3523 2058 Pulcherus

1876 2084 2438 2159 Hierosolymitanus
2478 2087 2824 2161 patriarcha,
2882 2089 3224 2146 Latinorum
3253 2094 3520 2159 octavus,

1876 2172 2182 2247 religiosus
2204 2192 2272 2232 ac
2300 2176 2515 2232 timens
2537 2180 2742 2242 Deum,
2760 2178 3188 2249 patriarchatus
3222 2178 3273 2250 ej
3283 2194 3353 2234 us
3367 2193 3521 2235 anno

1875 2263 2238 2333 duodecimo,
2273 2281 2351 2321 ιιι
2419 2266 2540 2322 Kal.
2590 2266 2951 2334 Decembris,
3019 2267 3171 2324 viam
3241 2267 3520 2324 universa)

1875 2353 2069 2409 carnis
2101 2354 2405 2426 ingressus
2434 2362 2537 2411 est.
2560 2355 2777 2411 Eodem
2828 2355 3210 2412 nihilominus
3241 2363 3526 2428 tempore,

1875 2442 2073 2499 studio
2103 2446 2162 2499 et
2206 2443 2498 2499 industria
2545 2443 2783 2500 dominoe
2834 2444 3165 2503 milisendis
3199 2444 3436 2516 reginae,
3467 2451 3526 2499 et

1875 2547 2051 2601 opera
2079 2546 2279 2587 eorum
2308 2532 2408 2600 qul
2437 2531 2496 2588 in
2528 2547 2704 2603 regno
2734 2531 2949 2588 residui
2973 2535 3158 2598 erant,
3179 2537 3239 2588 et
3270 2530 3524 2587 maxime

1876 2618 2147 2677 Balduini
2176 2621 2246 2676 de
2276 2619 2497 2691 Insula,
2527 2620 2619 2677 cui
2651 2621 2921 2677 dominus
2953 2635 3053 2677 rex
3081 2621 3287 2678 abiens
3315 2636 3519 2678 curam

1877 2709 2042 2783 regni
2090 2708 2482 2780 commiserat,
2531 2709 2925 2768 sollicitudine
2955 2714 3014 2766 et
3041 2709 3341 2780 vigilantia
3372 2723 3529 2766 rece-

1878 2804 2045 2871 ptum
2073 2804 2164 2857 est
2188 2816 2221 2855 a
2267 2799 2485 2857 nostris
2534 2800 2895 2872 presidium,
2927 2804 3092 2857 trans
3117 2799 3435 2857 Jordanem
3463 2797 3526 2855 in

1879 2890 2096 2947 finibus
2126 2889 2343 2947 Galaad
2366 2889 2570 2958 situm,
2598 2888 2882 2961 spelunca
2898 2889 3169 2946 videlicet
3198 2886 3532 2946 munitissi-

1881 2994 1995 3047 ma,
2028 2994 2204 3052 quam
2229 2994 2265 3035 a
2303 2977 2515 3036 nostris
2546 2978 2777 3036 incaute
2807 2994 2869 3036 se
2918 2977 3297 3046 habentibus,
3330 2976 3533 3052 paucis

1879 3075 2016 3124 ants
2044 3066 2427 3125 annishostes
2447 3067 2852 3125 fraudulenter
2870 3068 3311 3141 subripuerant.
3344 3067 3534 3138 Super

118 3159 301 3217 bitrio
327 3164 387 3218 et
433 3161 667 3217 civitum
709 3161 1048 3231 domiciliis,
1071 3166 1129 3219 et
1185 3179 1312 3233 quae
1352 3162 1408 3217 in
1432 3164 1515 3219 eis
1544 3167 1772 3235 reperta
1800 3143 1843 3210 C
1880 3174 1996 3229 quo
2030 3159 2248 3214 missus
2296 3157 2370 3214 ad
2399 3156 2705 3215 dominum
2737 3173 2930 3230 regem
2955 3157 3193 3213 nuntius
3224 3156 3531 3212 universas

116 3254 256 3306 sunt
276 3265 380 3321 per
420 3249 548 3306 dies
577 3249 818 3322 aliquot.
847 3251 992 3307 Cum
1017 3251 1159 3307 satis
1179 3251 1236 3306 in
1254 3250 1520 3323 expedito
1548 3251 1771 3308 videre-

120 3341 221 3395 tur
250 3353 406 3408 esse,
430 3343 572 3395 utet
600 3340 937 3410 praesidium
969 3339 1352 3397 nihilominus
1392 3356 1527 3398 cum
1581 3340 1775 3398 omni-

120 3426 235 3483 bus
288 3427 388 3499 qui
434 3428 718 3484 evadendi
773 3429 958 3499 gratia
991 3430 1050 3484 in
1085 3428 1223 3484 illud
1249 3446 1311 3486 se
1340 3435 1697 3502 receperant,
1723 3429 1776 3487 si

120 3515 321 3572 debita
368 3516 750 3575 adhiberetur
778 3518 1081 3587 instantia,
1115 3517 1345 3575 facilius
1367 3523 1771 3591 occuparetur,

124 3609 253 3661 orta
273 3611 364 3662 est
403 3605 558 3662 inter
597 3604 890 3678 principes
938 3613 1191 3676 nostros,
1211 3608 1414 3664 frivola
1473 3608 1637 3677 satis,
1668 3607 1771 3664 sed

123 3698 323 3752 tamen
348 3696 597 3753 multum
629 3698 1128 3755 noxiacontentio.
1160 3697 1442 3755 Dominus
1471 3697 1619 3754 enim
1649 3712 1771 3766 rex,

120 3782 324 3841 volens
346 3784 543 3855 patriae
590 3785 769 3842 saluti
827 3787 1165 3858 consulere,
1185 3788 1389 3845 videns
1420 3788 1561 3861 quia
1590 3785 1773 3845 domi-

118 3888 237 3930 nus
266 3889 464 3931 comes
493 3875 944 3933 Flandrensium
1002 3892 1139 3934 cum
1173 3877 1624 3946 militibus,tum
1658 3893 1768 3950 pe-

119 3962 300 4018 cunia
327 3962 687 4021 sufficienter
718 3964 1071 4030 instructus,
1093 3965 1288 4023 locum
1320 3969 1543 4038 poterat
1572 3975 1773 4024 contra

117 4049 387 4108 hostium
416 4051 571 4109 vires
602 4061 656 4109 et
677 4053 922 4110 insidias
953 4055 1287 4111 indemnem
1320 4070 1686 4123 conservare,
1720 4053 1774 4111 ei

119 4138 417 4196 civitatem
450 4142 525 4196 ab
553 4141 719 4199 initio
750 4143 1139 4199 destinaverat
1170 4161 1185 4211 ;
1218 4159 1401 4215 eaque
1447 4144 1773 4200 intentione

119 4233 182 4286 et
202 4229 545 4304 prasidium
573 4231 889 4288 instantius
937 4234 1265 4290 decreverat
1311 4233 1681 4306 impugnare,
1710 4237 1775 4290 ut

122 4323 439 4391 utrumque
491 4326 792 4393 receptum
850 4322 1090 4378 domino
1130 4323 1329 4380 comiti
1353 4324 1607 4379 traderet
1637 4338 1773 4379 oon-

126 4409 481 4465 servandum
512 4415 571 4466 et
591 4410 728 4480 ,iure
758 4415 1035 4482 perpetuo
1054 4412 1536 4486 haereditarioque
1556 4413 1770 4471 nihilo·

1878 3247 2197 3305 laetisscavit
2225 3246 2508 3316 cohortes,
2541 3252 2600 3304 et
2627 3247 2831 3306 audito
2861 3262 3160 3316 successu,
3196 3244 3535 3303 reddiderat

1884 3337 2215 3395 hilariores.

1953 3424 2177 3482 Interea
2208 3425 2501 3497 principes
2530 3426 2712 3483 nostri
2746 3427 2846 3498 qui
2893 3424 3216 3482 Antiochiae
3257 3423 3526 3480 demora-

1880 3515 2118 3583 bantur,
2140 3513 2252 3569 etsi
2284 3517 2444 3582 prius
2474 3513 2627 3586 apud
2640 3513 2926 3571 Cesaram
2948 3511 3378 3584 aliquantulum
3406 3510 3535 3567 dis·

1880 3606 2034 3676 soni,
2067 3611 2133 3662 ut
2157 3606 2568 3677 prismisimus,
2599 3607 2814 3662 inventi
2832 3606 3084 3670 tuerent,
3107 3604 3386 3661 habentes
3401 3607 3536 3657 tan·

1879 3698 2031 3765 dem,
2055 3695 2296 3753 Domino
2344 3694 2654 3767 largiente,
2689 3694 3133 3750 unanimitatem
3175 3691 3439 3766 spiritus,
3471 3689 3530 3746 iu

1879 3786 2115 3844 vinculo
2147 3784 2327 3859 pacis,
2359 3786 2571 3842 iterum
2629 3784 2914 3856 adjiciunt
2942 3784 3163 3855 erigere
3193 3799 3259 3838 se
3277 3781 3351 3838 ad
3380 3793 3528 3850 opus

1878 3874 2110 3947 insigne
2135 3873 2372 3946 aliquod
2401 3876 2460 3931 st
2488 3872 2772 3931 memoria
2802 3872 3044 3946 dignum
3078 3875 3374 3945 perpetua.
3396 3869 3535 3925 Pla-

1879 3965 2004 4024 cuit
2032 3964 2188 4021 enim
2219 3962 2492 4020 omnibus
2521 3968 2579 4020 et
2618 3962 2690 4018 de
2744 3961 3047 4018 communi
3076 3976 3411 4032 processum
3440 3959 3530 4014 est

1881 4053 2269 4121 conniventia,
2289 4061 2349 4109 ut
2402 4056 2660 4109 castrum
2712 4050 2843 4108 urbi
2901 4050 3215 4108 Antiochia
3244 4051 3531 4121 vicinum,

1878 4143 1974 4199 vix
2005 4142 2080 4199 ab
2106 4157 2174 4197 ea
2204 4142 2428 4200 distans
2486 4139 2843 4198 milliaribus
2873 4140 3209 4209 duodecim,
3236 4142 3525 4215 pradictae

1881 4232 2013 4289 urbi
2034 4233 2383 4290 damnosum
2409 4231 2599 4299 valde,
2625 4239 2681 4289 et
2701 4232 2875 4303 cujus
2896 4228 3131 4304 largain
3144 4230 3526 4302 suburbanis,

1881 4338 2011 4395 quae
2043 4321 2208 4393 vulgo
2230 4319 2448 4378 casalia
2476 4321 2796 4394 appellant,
2819 4325 3079 4392 potestas
3109 4324 3167 4377 et
3186 4320 3532 4393 jurisdictio

1881 4415 2028 4483 erat,
2059 4411 2385 4470 obsideant.
2449 4411 2807 4482 Factumque
2834 4414 3009 4467 estut
3036 4409 3096 4466 in
3130 4409 3223 4468 die
3254 4409 3537 4469 Nativita-

119 4495 321 4553 minus
372 4498 794 4569 possidendum
852 4500 1198 4569 assignaret.
1231 4502 1350 4557 Hoc
1385 4511 1575 4558 autem
1632 4518 1769 4560 cum
1800 4492 1848 4558 D
1880 4501 1952 4558 tis
1974 4501 2314 4567 Dominicis,
2347 4500 2660 4558 universus
2709 4499 2865 4557 circa
2906 4499 3247 4573 predictum
3288 4499 3540 4557 munici-

122 4584 349 4641 caeteris
380 4586 747 4660 principibus
776 4587 939 4644 valde
962 4588 1260 4645 videretur
1285 4589 1581 4660 idoneum,
1613 4596 1671 4648 et
1697 4592 1772 4648 ad

124 4672 235 4729 hoc
265 4676 523 4745 gratuito
548 4677 898 4734 unanimiter
917 4678 1295 4736 convenirent
1313 4695 1579 4751 assensu,
1611 4680 1776 4754 prin-

120 4778 262 4834 cepe
294 4762 614 4822 Rainaldus
663 4765 938 4835 ambages
985 4767 1258 4838 intexuit,
1291 4768 1492 4826 dicens
1528 4786 1542 4828 :
1577 4769 1775 4829 Urbem

120 4850 284 4906 illusa
300 4867 426 4909 eum
450 4853 569 4912 suis
592 4853 949 4928 pertinentiis
978 4855 1046 4912 ab
1078 4854 1246 4913 initio
1293 4856 1632 4917 haereditatis
1657 4860 1771 4916 An·

124 4937 368 4998 tioeheai
387 4944 665 5017 principis
681 4946 988 5018 portionem
1015 4961 1166 5009 esse:
1194 4946 1421 5022 ideoque
1447 4954 1697 5023 oportere
1713 4957 1774 5008 ut

120 5029 435 5106 quicunque
461 5051 585 5093 eam
623 5036 927 5110 possideat,
956 5038 1289 5097 Antiocheno
1315 5042 1561 5113 principi
1590 5040 1775 5110 fideli-

124 5122 298 5176 tatem
327 5123 604 5183 exhibeat.
638 5130 843 5182 Comes
893 5129 1087 5183 autem
1135 5130 1511 5200 supradictus
1540 5145 1645 5201 pro
1671 5145 1771 5187 ea·

125 5209 262 5266 dem
318 5215 683 5283 possessione
729 5215 968 5272 domino
1022 5216 1143 5289 regi
1198 5217 1535 5275 fidelitatem
1568 5220 1771 5276 devote

118 5301 365 5369 paratus
386 5304 801 5361 eratexhibere
825 5321 839 5372 ;
880 5304 1130 5376 principi
1159 5310 1355 5363 autem
1386 5307 1769 5377 Antiocheno,

119 5387 246 5444 sive
267 5388 505 5448 domino
536 5392 841 5463 Rainaldo‚
872 5393 972 5465 qui
1003 5393 1060 5448 in
1102 5395 1369 5465 praesenti
1400 5395 1770 5454 administra-

116 5477 224 5535 bat
241 5478 659 5555 principatum,
691 5485 812 5541 sive
877 5482 1227 5540 adolescenti
1276 5485 1639 5556 Boamundo,
1673 5485 1773 5561 qui

116 5564 181 5624 in
212 5567 483 5640 proximo
502 5572 846 5648 sperabatur
864 5571 1139 5647 princeps
1163 5573 1414 5648 futurus,
1446 5574 1689 5636 omnino
1708 5592 1775 5636 se

1887 4593 2049 4665 pium
2079 4590 2437 4648 unanimiter
2475 4605 2539 4647 se
2596 4589 2811 4647 locaret
2846 4587 3149 4646 exercitus.
3191 4588 3534 4646 Noradinus

1883 4690 2078 4739 autem
2109 4697 2177 4738 ea
2205 4697 2333 4755 quis
2354 4695 2490 4736 eum
2521 4682 2907 4751 occupaverat
2936 4676 3127 4735 adbuc
3158 4677 3530 4734 detinebatur

1883 4771 2253 4844 aegritudine,
2286 4769 2368 4827 ita
2410 4773 2471 4824 ut
2526 4785 2595 4824 ex
2647 4766 2806 4824 omni
2861 4765 3144 4823 Orientali
3166 4769 3356 4823 tractu
3391 4780 3531 4823 oon·

1881 4860 2073 4915 vocati
2136 4855 2540 4931 prudentiores
2604 4853 2854 4928 physici,
2915 4852 3193 4910 adhibitis
3258 4852 3531 4912 remediis

1883 4963 2010 5020 quae
2059 4945 2215 5003 illius
2259 4945 2571 5002 infirmitas
2623 4945 2822 5001 minus
2868 4940 3141 4999 exaudire
3198 4940 3526 5012 videbatur,

1879 5040 1952 5097 de
1996 5040 2114 5095 vita
2184 5038 2312 5111 ejus
2388 5036 2760 5109 desperarent
2829 5033 3079 5106 penitus.
3153 5033 3274 5092 Hoc
3339 5039 3533 5093 autem

1879 5129 2115 5200 nostris,
2201 5126 2506 5185 favorabili
2598 5123 2849 5183 ccslestis
2951 5123 3211 5182 numinis
3295 5125 3537 5196 dispen-

1879 5220 2129 5288 satione,
2166 5219 2238 5274 ad
2297 5216 2658 5290 propositum
2708 5215 2964 5273 maxime
3013 5214 3312 5287 cooperari
3365 5213 3531 5272 vide·

1880 5308 2074 5365 batur.
2097 5308 2244 5364 Nam
2293 5306 2385 5363 vix
2441 5320 2572 5362 esse
2613 5308 2837 5378 poterat
2896 5308 2979 5371 ut,
3003 5304 3225 5376 sospite
3257 5302 3531 5376 predicto

1880 5397 2140 5470 principe
2189 5399 2247 5454 et
2292 5393 2714 5453 incolumitatis
2772 5393 3159 5469 prerogativa
3212 5394 3533 5464 gaudente,

1883 5489 2081 5545 noster
2109 5485 2397 5545 exercitus
2446 5484 2504 5540 in
2560 5483 2897 5557 regionibus
2939 5491 2996 5542 et
3035 5481 3298 5542 subditis
3354 5482 3436 5540 ita
3463 5481 3533 5538 li-

1879 5574 2053 5635 beras
2072 5582 2268 5650 ageret
2295 5573 2487 5633 terias.
2520 5573 2640 5633 Rex
2665 5589 2822 5646 vero,
2850 5577 2911 5636 et
2956 5573 3056 5649 qai
3095 5587 3233 5634 eum
3269 5576 3534 5634 eoerant
