3784 6000
257 260 378 323 639

1333 262 1753 328 GUILLELMI
1798 263 2184 329 TYRENSIS
2224 258 2586 326 Aacmm’.

3547 250 3670 313 eto

259 398 318 451 et
343 392 444 465 qui
474 392 846 465 sequebatur,
879 392 1013 448 faeti
1041 393 1348 450 acerbitate
1377 396 1737 467 perterritus,
1769 413 1908 455 con-
1934 399 1990 466 A
2021 401 2173 453 ctam
2205 395 2411 451 urbem
2452 392 2811 465 deportatus,
2844 387 3056 456 triduo,
3085 385 3213 442 sine
3235 399 3444 451 sensu,
3473 386 3666 441 tamen

258 499 458 538 versus
489 486 575 538 est
605 481 935 550 comitatus,
969 485 1026 537 et
1049 481 1274 551 ,iacenti
1305 500 1474 556 opem
1510 485 1656 542 ferre
1702 486 1910 542 volen-

261 579 365 634 tes,
390 570 719 626 exanimem
749 569 1067 640 reperiunt,
1096 571 1186 626 eui
1212 587 1399 644 neque
1427 590 1537 629 vox
1557 580 1696 642 erat,
1721 590 1909 646 neque

262 675 488 716 sensus.
514 658 732 728 Regina
761 674 911 725 vero,
944 666 1243 731 comperta
1295 663 1487 718 mariti
1547 669 1729 720 morte
1784 668 1907 720 tam

261 748 580 819 inopinata,
614 753 669 801 et
699 747 940 803 sinistro
971 750 1170 806 saucia
1203 766 1366 817 casu,
1416 756 1574 809 veste
1605 758 1662 808 et
1703 752 1915 824 capillo

262 836 448 892 lacera
478 835 730 904 ejulanS,
787 840 845 892 et
901 836 1118 894 doloris
1156 838 1613 898 immensitatem
1641 842 1906 915 sutpiriis

265 930 595 979 contestans
625 926 682 978 et
711 922 1008 992 lamentis,
1041 925 1101 981 in
1135 930 1344 982 terram
1377 946 1672 998 corruens,
1696 948 1914 1003 corpus

260 1010 636 1081 amplectitur
656 1014 941 1071 exanime.
970 1015 1093 1070 Non
1119 1017 1340 1074 suffieit
1358 1018 1572 1075 humor
1586 1020 1915 1092 oeulis,prae

178 1112 183 1116 ·
257 1105 425 1157 fletus
457 1101 724 1157 ubertate
746 1104 1008 1159 continui
1037 1122 1050 1164 :
1084 1113 1138 1161 et
1180 1123 1306 1174 vox,
1356 1108 1574 1164 doloris
1603 1109 1916 1182 interpres,

262 1189 452 1245 crebis
485 1189 933 1261 interrumpitur
961 1192 1362 1265 singultibus;
1407 1213 1512 1252 nee
1540 1198 1724 1254 dolori
1771 1198 1915 1255 satis

264 1279 350 1346 fit,
378 1277 515 1335 licet
545 1278 692 1334 nihil
725 1280 884 1335 aliud
929 1283 1001 1337 sit
1034 1282 1286 1339 sollicita
1316 1302 1487 1356 quam
1533 1287 1718 1343 dolori
1750 1287 1919 1343 satis-

267 1365 473 1424 facere.
507 1369 747 1424 Familia
779 1370 1318 1444 quoquelaerymis,
1342 1376 1761 1433 voeeethabitu
1779 1394 1922 1432 mne-

265 1473 459 1514 rorem
490 1463 848 1526 contestanS,
879 1460 1193 1517 anxietatis
1226 1462 1420 1519 nimiae
1450 1463 1728 1536 lugubria
1776 1483 1923 1537 prae-

265 1546 456 1602 tendit
486 1551 857 1617 argumenta.
894 1545 1210 1605 Nuntiatur
1235 1551 1472 1613 interea.
1505 1559 1562 1609 et
1619 1555 1775 1610 fama
1805 1553 1923 1610 eir-

271 1634 637 1691 cumvolante
663 1634 999 1709 divulgatur
1027 1655 1127 1711 per
1158 1641 1360 1697 urbem
1384 1643 1797 1712 Acconensem,
1832 1661 1922 1701 re-

273 1723 363 1795 gis
393 1723 745 1780 miserabilis
774 1727 1042 1783 interitus
1070 1737 1163 1799 ;et
1183 1731 1253 1785 ad
1282 1735 1479 1802 partes
1498 1731 1631 1788 illas
1653 1733 1920 1790 certatim

272 1811 458 1868 turbae
479 1812 804 1886 confluunt,
837 1815 1048 1872 intueri
1080 1820 1341 1875 volentes
1393 1821 1607 1877 sactum
1674 1822 1921 1878 inaudi-

273 1906 396 1957 tum
429 1901 584 1974 quod
616 1903 926 1962 acciderat.
960 1906 1101 1963 Inde
1131 1923 1264 1965 cum
1293 1909 1568 1983 lacrymis
1600 1911 1660 1968 in
1711 1911 1921 1985 praedi-

2018 488 2210 543 adhue
2240 483 2557 558 palpitans.
2581 479 2857 555 protraxit
2901 478 3081 533 vitam
3116 495 3132 545 ς
3164 478 3375 548 quarta
3433 473 3667 530 demum

2017 576 2130 639 die,
2161 574 2359 631 ldibus
2390 569 2657 628 videlieet
2686 567 3048 634 Novembris,
3072 579 3228 621 auno
3258 563 3332 618 ab
3385 562 3666 618 lucarna-

2017 665 2177 721 tione
2211 661 2435 719 Domini
2459 660 2622 726 ⁴142,
2653 657 2820 729 regni
2849 670 2981 712 vero
2995 655 3124 724 ejus
3153 668 3309 709 auno
3333 650 3666 720 undecimo,

2020 753 2322 820 deficiens,
2354 751 2413 806 in
2437 751 2738 806 senectute
2771 746 2922 802 bona
2953 743 3231 798 ultimum
3254 739 3474 798 clausit
3495 739 3666 796 diem.

2020 843 2160 900 Inde
2184 839 2631 911 Hierosolymam
2656 852 2789 893 cum
2815 833 3012 891 debita
3031 830 3261 888 delatus
3284 828 3668 886 honorificen-

2020 932 2124 999 tia,
2144 933 2486 987 occurrente
2509 925 2779 983 universo
2810 922 2964 980 clero
2991 930 3045 977 et
3079 919 3316 992 populo,
3341 918 3406 974 in
3427 916 3669 975 ecelesia

2023 1017 2590 1093 DominicSepulcri,
2607 1017 2717 1072 sub
2736 1020 2930 1070 monte
2944 1011 3219 1070 Calvariae
3240 1010 3670 1067 introeuntibus

2024 1110 2097 1168 ad
2127 1112 2409 1178 dextram,
2442 1124 2611 1164 secus
2637 1101 3202 1177 portam‚interalios
3223 1099 3414 1156 felicis
3441 1114 3661 1155 memo-

2026 1202 2123 1255 rias
2156 1213 2339 1270 reges,
2373 1197 2499 1267 ejus
2522 1196 2990 1267 praedecessoreS,
3023 1206 3126 1261 per
3172 1205 3420 1245 manum
3451 1187 3671 1243 domini

2026 1286 2328 1353 willelmi,
2344 1283 2694 1342 venerabilis
2715 1279 3244 1351 Hierosolymorum
3275 1281 3333 1333 et
3357 1277 3464 1347 pio
3487 1292 3671 1332 recor-

2025 1377 2279 1434 dationis
2309 1374 2675 1447 patriarchas,
2710 1369 2866 1441 regia
2910 1365 3351 1439 magnificentia
3407 1364 3672 1437 sepultus

2026 1471 2118 1522 est
2152 1465 2422 1533 ;duobus
2444 1459 2853 1534 superstitibus
2882 1456 3110 1524 liberis,
3153 1454 3350 1510 adhue
3405 1451 3671 1525 impube·

2026 1555 2193 1610 ribus
2223 1552 2461 1619 relictis,
2495 1549 2780 1606 Balduino
2800 1546 3070 1601 videlieet
3088 1541 3477 1616 primogenito
3499 1557 3672 1597 anno·

2028 1660 2156 1700 rum
2191 1641 2497 1708 tredecim,
2534 1643 2593 1695 et
2611 1636 2905 1694 Amalrico
2934 1647 3225 1689 annorum
3279 1636 3551 1703 septem3
3585 1646 3672 1685 re-

2029 1731 2295 1802 seditque
2312 1731 2742 1801 regni‘potestas
2760 1740 2938 1798 penes
2966 1722 3260 1777 dominam
3281 1718 3674 1786 Milisendem,

2032 1822 2147 1878 Deo
2180 1818 2485 1875 amabilem
2518 1813 2913 1888 reginam,cui
2934 1812 3073 1883 jure
3102 1808 3475 1866 haereditario
3518 1822 3674 1864 com-

2032 1909 2280 1982 petebat.

1019 2298 1419 2385 INCIPIT
1500 2297 1830 2386 LIBER
1909 2293 2357 2386 SEXTUS
2414 2289 2947 2379 DECIMUS.

894 2621 1297 2677 PRAEFATIO.

346 2713 480 2777 Quae
512 2712 582 2767 de
610 2709 878 2782 praesenti
910 2710 1192 2767 hactenus
1223 2711 1626 2766 contexuimus
1643 2709 1919 2781 Historia,

275 2802 524 2858 aliorum
554 2805 783 2855 tantum
845 2800 1062 2871 quibus
1120 2799 1298 2871 prisci
1357 2802 1637 2872 temporis
1697 2801 1921 2869 plenior

272 2891 466 2948 adhue
497 2887 892 2945 famulabatur
923 2890 1224 2957 memoria,
1242 2887 1583 2958 collegimus
1600 2889 1917 2957 relatione;

273 2981 430 3039 unde
460 2994 595 3035 eum
630 2978 849 3051 maj0re
878 2977 1424 3051 difficultate,quasi
1456 2978 1649 3036 aliena
1694 2979 1918 3036 mendi·

270 3074 475 3129 cantes
491 3067 792 3139 suffragia,
807 3072 863 3123 et
879 3068 959 3124 rei
971 3069 1291 3133 veritatem,
1305 3077 1359 3123 et
1372 3073 1668 3140 gestorum
1685 3068 1890 3124 seriem
1902 3111 1918 3138 ,

268 3161 326 3213 et
354 3171 643 3212 annorum
661 3169 973 3209 numerum
991 3170 1201 3209 sumus
1224 3156 1518 3211 consecuti
1555 3170 1568 3210 ι
1594 3156 1719 3211 licet
1738 3154 1913 3221 fideti,

2026 2621 2497 2689 regnavitautem
2524 2616 2693 2673 annis
2723 2611 2945 2686 viginti.
2967 2610 3102 2668 Fuit
3124 2611 3318 2665 autem
3336 2605 3680 2663 adolescens

2026 2711 2258 2781 optimas
2293 2708 2499 2776 (idolis,
2531 2708 2590 2762 id
2625 2707 2696 2761 de
2726 2721 2788 2760 se
2820 2703 2987 2759 certis
3019 2699 3370 2772 promittens
3408 2694 3651 2752 indiciis

2026 2801 2182 2873 quod
2216 2804 2415 2872 postea
2446 2797 2505 2852 ln
2537 2793 3021 2851 virilemevadens
3041 2793 3269 2845 aetatem
3293 2785 3465 2857 pleno
3481 2800 3680 2841 rerum

2027 2887 2306 2961 persolvit
2334 2886 2750 2958 experimento.
2791 2881 2937 2937 Nam
2966 2881 3052 2934 vir
3083 2879 3285 2945 faetus,
3329 2876 3486 2931 sicut
3512 2872 3677 2942 faeie,

2027 2982 2084 3035 et
2114 2984 2229 3035 tota
2259 2976 2516 3048 corporis
2549 2971 2914 3039 habitudine,
2948 2985 3062 3041 prae
3106 2965 3325 3023 eaeteris
3383 2962 3679 3021 differenti

2028 3069 2225 3123 formas
2261 3059 2972 3137 praesminebatelegantia
3003 3074 3017 3111 ε
3048 3056 3198 3111 itaet
3217 3054 3435 3110 mentis
3456 3052 3681 3108 vivaci-

2027 3162 2144 3213 tate
2219 3160 2274 3212 et
2322 3152 2662 3223 eloquentiis
2720 3151 2878 3217 flore,
2930 3162 3135 3204 omnes
3192 3142 3451 3214 reliquos
3513 3139 3678 3211 regni

275 3251 560 3317 quantum
592 3241 915 3314 potuimus,
951 3241 1285 3298 haeceadem
1318 3243 1678 3310 recitatione,
1704 3244 1917 3314 scripto
1950 3267 1993 3334 C
2035 3245 2324 3318 principes
2355 3241 2518 3298 laeile
2552 3240 2825 3295 anteibat.
2864 3237 2994 3292 Erat
3013 3239 3205 3290 autem
3258 3246 3500 3303 corpore
3545 3246 3681 3301 pro·

276 3331 707 3389 mandavimus.
735 3333 872 3395 Quas
908 3335 1104 3388 autem
1128 3337 1418 3403 sequntur
1446 3333 1739 3403 deinceps,
1788 3348 1919 3403 par-

276 3421 384 3478 tim
433 3436 540 3476 nos
595 3420 711 3491 ipsi
769 3420 879 3475 side
936 3420 1340 3491 compeximus
1397 3421 1645 3490 oculata,
1708 3422 1922 3492 partim

279 3525 506 3575 eorum,
536 3509 633 3580 qui
663 3508 837 3564 rebus
896 3509 1078 3581 gestis
1136 3514 1452 3580 praesentes
1509 3510 1922 3577 interfuerunt,

279 3599 399 3655 uda
429 3597 596 3653 nobis
614 3598 803 3670 patuit
825 3596 1123 3653 relatione.
1149 3598 1312 3655 Unde
1335 3598 1567 3670 gemino
1591 3599 1718 3655 freti
1748 3598 1926 3654 admi-

280 3686 497 3756 niculo,
528 3703 595 3743 ea
621 3702 745 3758 quai
772 3690 1015 3755 restant,
1077 3690 1311 3743 auctore
1363 3688 1632 3754 Domino,
1692 3685 1924 3743 facilius

279 3776 626 3848 fideliusque
656 3778 1021 3847 posterorum
1056 3775 1466 3832 mandabimus
1487 3776 1743 3833 lectioni.
1774 3775 1923 3831 Nam

279 3871 339 3923 et
366 3864 691 3922 recentium
749 3868 1074 3933 temporum
1135 3864 1375 3921 solidior
1425 3865 1567 3921 solet
1624 3881 1926 3921 occurrere

285 3953 569 4010 memoria
592 3972 606 4020 ;
642 3956 698 4009 et
718 3968 849 4024 quae
874 3952 1032 4008 visus
1055 3953 1235 4008 menti
1258 3952 1490 4021 obtulit,
1524 3953 1740 4010 nonita
1761 3953 1928 4010 facile

285 4040 593 4098 oblivionis
613 4042 877 4097 sentiunt
906 4040 1367 4109 incommodum,
1419 4042 1575 4098 sieut
1620 4058 1744 4115 quoe
1802 4043 1928 4099 solo

286 4137 425 4188 sunt
454 4131 654 4187 auditu
688 4130 945 4186 collecta.
980 4131 1051 4187 Ut
1080 4133 1235 4188 enim
1266 4134 1447 4189 Flacci
1474 4136 1662 4191 nostri
1692 4135 1931 4191 utamur

285 4222 486 4289 verbo,
509 4218 646 4275 huic
663 4223 858 4274 nostro
889 4227 1242 4277 consonante
1275 4238 1288 4277 :

395 4322 628 4390 Sequius
676 4324 909 4376 irritant
958 4327 1230 4380 animumi
1276 4327 1513 4383 demissa
1563 4346 1667 4401 per
1708 4344 1930 4397 aurem,

400 4392 727 4476 Quam-quse
752 4397 881 4475 sunl
896 4395 1064 4449 oculis
1081 4397 1326 4468 subjecta
1353 4400 1608 4470 fidelibus
1626 4418 1650 4467 ,-
1701 4406 1752 4458 el
1807 4414 1933 4472 quoe

397 4466 518 4535 Ipse
546 4465 652 4519 sibi
683 4463 851 4519 tradit
879 4472 1161 4536 spectator,
1186 4479 1293 4524 etc.

827 4568 1056 4626 CAPUT
1086 4572 1395 4631 PRIMUM.

2032 3350 2222 3401 cerus,
2259 3330 2653 3388 mediocribus
2685 3328 2911 3397 major3
2938 3325 3008 3379 ad
3040 3320 3300 3393 eorporis
3349 3318 3682 3390 procerita-

2032 3430 2145 3479 tem
2161 3421 2555 3477 membrorum
2569 3418 2796 3473 habens
2816 3417 3228 3478 consonam,et
3252 3408 3423 3481 quasi
3465 3421 3679 3479 propo-

2029 3511 2331 3568 tioualiter
2373 3507 2825 3579 respondentem
2892 3498 3292 3557 universaliter
3345 3495 3680 3568 dispositio-

2032 3617 2189 3667 nem,
2220 3601 2302 3655 ita
2332 3603 2395 3655 ut
2415 3596 2600 3653 necin
2650 3594 2896 3660 modico,
2931 3608 2963 3647 a
3020 3590 3243 3645 ratione
3301 3586 3482 3642 totius
3517 3585 3578 3641 in
3611 3600 3678 3641 eo

2031 3706 2168 3762 pars
2199 3687 2398 3760 aliqua
2447 3685 2798 3742 dissentiret.
2853 3680 2986 3737 Fuit
3015 3694 3156 3736 sane
3219 3675 3365 3732 faeie
3425 3674 3676 3731 decorus

2032 3776 2489 3850 elegantissima,
2521 3771 2938 3839 eolorevivido,
2963 3774 3020 3826 et
3039 3769 3304 3825 innatum
3329 3763 3677 3835 designante

2032 3869 2289 3941 vigorem
2316 3884 2332 3937 ;
2361 3882 2394 3920 a
2422 3863 2638 3936 quibus
2671 3859 2841 3933 plane
2870 3859 2930 3916 in
2955 3875 3023 3915 ea
3053 3860 3208 3929 parte
3251 3856 3497 3910 matrem
3522 3854 3683 3908 rete-

2035 3973 2192 4026 rens,
2217 3959 2274 4012 et
2302 3955 2373 4010 ab
2403 3969 2508 4009 avo
2531 3968 2645 4007 non
2667 3952 2916 4021 degener
2934 3955 3194 4003 materno
3221 3962 3235 4010 ς
3258 3941 3448 3999 oculis
3471 3939 3682 3997 medias

2035 4045 2403 4119 quantitatis,
2419 4042 2643 4098 modice
2656 4035 3173 4112 proeminentibus,
3189 4031 3437 4104 fulgoris
3459 4033 3686 4100 tempe·

2033 4137 2142 4192 rati
2174 4153 2189 4204 ;
2222 4132 2430 4204 capillo
2461 4132 2654 4204 plano,
2690 4144 2804 4185 non
2835 4127 2982 4182 ssavo
3011 4123 3262 4196 penitus,
3299 4120 3478 4176 barbo
3511 4134 3679 4174 men-

2034 4228 2162 4280 tum
2192 4237 2508 4296 genasque,
2531 4231 2689 4290 grata
2722 4217 2977 4290 quadam
3011 4210 3397 4285 plenitudine,
3451 4207 3685 4262 favora-

2039 4314 2232 4369 biliter
2256 4313 2502 4368 vestitus
2535 4327 2549 4378 ;
2581 4307 2951 4365 carnositatis
2982 4300 3434 4373 mediaquadam
3450 4296 3685 4353 habitu-

2038 4402 2175 4459 dine
2208 4401 2605 4466 modificatus,
2636 4383 2717 4455 ita
2738 4401 2804 4452 ut
2833 4410 2939 4451 neo
2972 4393 3167 4450 fratris
3196 4405 3354 4445 more
3382 4387 3683 4460 pinguior,

2040 4507 2147 4547 nee
2186 4490 2388 4546 matris
2418 4487 2680 4559 exemplo
2710 4485 2822 4542 diei
2850 4485 3045 4556 posset
3094 4478 3464 4537 macilentus.
3494 4474 3687 4530 Tanta

2039 4585 2253 4652 autem,
2286 4584 2352 4635 ut
2384 4580 2440 4634 in
2464 4593 2695 4633 summa
2720 4575 2967 4639 dicatur,
3009 4572 3206 4628 formae
3265 4566 3507 4640 praeibat
3538 4562 3688 4620 emi-

287 4678 662 4737 Praemielitur
689 4679 1123 4748 praefatiuncula
1153 4682 1353 4739 brevis.
1378 4684 1643 4751 Delunclo
1671 4684 1927 4754 Falcone,
1959 4643 2004 4709 D
2038 4670 2252 4736 nentia,
2295 4673 2360 4725 ut
2416 4665 2634 4738 ignaris
2672 4664 2867 4734 etiam,
2915 4660 3129 4717 eximia
3184 4657 3437 4729 quadam
3497 4654 3560 4709 in
3619 4668 3685 4709 eo

357 4751 593 4808 succedit
625 4751 773 4832 filiu?
801 4751 943 4822 ejus,
1003 4752 1309 4812 Balduc'nus
1357 4760 1592 4824 tertius,·
1641 4760 1694 4813 el
1748 4758 1929 4828 qualis

358 4837 582 4892 corpore
609 4823 806 4892 sacru,
839 4825 1194 4883 describitur.

365 4927 649 4985 Defuncto
679 4929 919 4987 domina
965 4931 1234 5003 Fulcone,
1285 4934 1818 5009 Hierosolymorum
1865 4953 1937 4993 ex

295 5016 519 5073 Latinis
542 5032 677 5088 rege
707 5020 893 5088 tertio,
925 5023 1210 5080 suecessit
1238 5024 1290 5080 ei
1323 5025 1596 5082 dominus
1613 5025 1938 5083 Balduinus

290 5104 527 5173 tertius,
558 5120 626 5160 ex
655 5106 895 5165 domina
924 5107 1230 5168 Milisende
1243 5113 1444 5185 regina
1465 5114 1623 5171 filius
1647 5115 1796 5186 ejus,
1821 5115 1940 5172 sra-

297 5205 441 5254 trem
475 5193 698 5252 habens
729 5212 911 5252 unum
933 5199 1262 5270 puerulum,
1291 5202 1644 5259 Amalricum
1678 5203 1935 5273 nomine,

293 5299 584 5342 annorum
618 5290 866 5356 septem,
891 5293 950 5342 ul
974 5289 1401 5360 proemisimus3
1434 5291 1534 5363 qui
1566 5283 1973 5365 postmodum'

291 5374 483 5431 eidem
539 5373 665 5429 sine
711 5372 912 5431 liberis
961 5377 1237 5434 defuncto
1285 5382 1566 5438 suecessit
1622 5382 1683 5438 in
1733 5398 1936 5455 regno,

298 5464 450 5518 sicut
477 5462 535 5518 in
567 5465 950 5535 sequentibus
980 5467 1295 5539 aperietur.
1327 5468 1629 5528 Tredeeim
1648 5488 1939 5530 annorum

303 5553 430 5608 erat
484 5548 760 5608 dominus
841 5553 1163 5612 Balduinus
1217 5570 1353 5612 eum
1409 5572 1651 5630 regnare
1722 5562 1938 5634 capit:

2040 4758 2364 4830 refulgente
2395 4754 2700 4827 dignitate,
2718 4755 2938 4809 certum
2959 4750 3017 4805 in
3034 4765 3097 4805 se
3113 4749 3184 4804 de
3198 4745 3353 4818 regia
3376 4744 3689 4816 maiestate

2037 4851 2202 4906 daret
2229 4847 2532 4913 indicium,

2686 4931 2917 4991 CAPUT
2951 4931 3024 4986 11.

2352 5028 2423 5082 De
2451 5025 2694 5081 moribus
2722 5029 2775 5079 et
2796 5017 3210 5077 conversatione
3237 5015 3381 5088 eius.

2112 5116 2258 5173 Huic
2300 5123 2492 5172 autem
2549 5118 2727 5169 tantas
2774 5107 3034 5182 eorporis
3091 5102 3409 5171 venustati,
3470 5100 3687 5157 mentis

2043 5221 2277 5280 quoque
2300 5205 2443 5260 bene
2473 5201 2803 5259 constitutae
2833 5195 3272 5270 aequipollenter
3301 5187 3691 5262 respondebat

2049 5295 2301 5351 babitus.
2336 5292 2481 5348 Nam
2504 5288 2722 5362 ingenii
2752 5302 2981 5344 summe
2998 5284 3209 5341 velocis
3238 5285 3365 5339 erat
3393 5287 3446 5334 et
3479 5280 3691 5349 sponte

2043 5382 2278 5439 fluentis
2307 5379 2523 5453 eloquii
2552 5378 2604 5436 ei
2636 5394 2750 5433 non
2781 5379 2977 5431 deerat
3006 5371 3387 5445 praerogativa
3415 5365 3689 5440 quaedam

2047 5470 2386 5544 singularis,
2417 5486 2524 5527 nee
2554 5482 2783 5524 morum
2807 5463 3094 5538 dignitate
3126 5454 3689 5518 commendabilium

2048 5559 2308 5635 quolibet
2335 5559 2598 5634 principe
2618 5554 2926 5614 videbatur
2952 5551 3212 5610 inferior.
3243 5541 3692 5605 Affabilisenim
