3784 6000
1476 187 1861 251 arumna.

3235 196 3378 257 1⁴oe

137 325 192 378 et
219 318 602 393 splendorem
633 318 891 392 pectoris
914 318 1043 392 ejus
1058 318 1384 377 verborum
1411 314 1605 390 splen·
1633 313 1684 367 Α
1714 328 1900 385 quem
1932 317 2128 373 tenere
2152 329 2274 373 non
2300 320 2566 388 possent,
2605 319 2926 378 contractis
2966 320 3234 394 undique
3286 320 3376 376 vi-

137 414 165 465 ct
193 408 510 465 dilectione
528 406 748 465 fovere.
771 410 812 465 Ε
831 408 1130 465 contrario
1145 413 1347 465 autem
1366 418 1606 477 semper

137 514 167 554 n
197 502 285 554 est
318 499 660 554 nobiscum.
691 497 998 555 Continuae.
1045 498 1272 571 quippe
1323 505 1463 557 sunt
1504 514 1605 556 oc-

137 603 210 643 ies
255 586 509 655 flebiles,
541 587 861 644 continuus
892 586 1066 643 dolor
1104 592 1164 644 et
1201 587 1603 658 gemitus,nec

137 692 270 732 mus
296 674 482 748 loqui,
510 676 627 732 nisi
643 677 705 731 in
727 675 952 748 quibus
965 691 1298 735 versamur.
1332 678 1425 736 Sic
1439 678 1603 738 enim

150 764 390 830 dicitur,
422 763 522 820 ubi
554 763 730 821 dolor
758 764 841 821 ibi
870 763 1077 835 lingua
1103 770 1163 822 et
1188 781 1427 823 manus.
1455 769 1601 825 Mor·

138 853 518 910 ristianorum
542 852 882 925 frequentes
898 858 955 910 et
972 853 1425 926 captivationes,
1447 873 1601 930 quas

137 943 212 998 lie
261 941 556 1010 videmus,
609 942 995 1013 consumptio
1047 943 1229 1001 etiam
1287 944 1602 1004 orientalis

139 1032 229 1097 im,
258 1030 642 1088 inenarrabili
674 1046 785 1087 nos
815 1029 1093 1102 affligunt
1115 1031 1343 1100 dolore,
1369 1035 1475 1107 qui
1520 1035 1601 1094 ad

136 1120 404 1177 ecionem
422 1121 658 1192 penitus
671 1121 1078 1188 excruciati,in
1095 1123 1600 1181 amaritudinibus

137 1225 152 1264 ε
184 1208 449 1264 viventes
474 1209 783 1274 morimur,
814 1215 872 1266 et
894 1210 1255 1267 amariorem
1288 1216 1477 1268 morte
1518 1213 1596 1270 vi·

137 1303 394 1362 ucentes,
427 1297 502 1354 ad
528 1298 835 1354 cumulum
860 1299 1235 1356 miseriarum
1255 1305 1598 1360 nostrarum

137 1401 160 1441 >
191 1401 312 1442 non
343 1402 670 1458 possumus
720 1388 890 1453 mori,
923 1402 1034 1444 nec
1068 1390 1283 1460 estqui
1313 1391 1598 1461 recogitet

137 1475 207 1532 de
233 1491 364 1544 suo,
386 1480 445 1532 et
486 1476 802 1534 clementia
827 1482 1026 1534 motus
1056 1493 1304 1535 manum
1332 1480 1597 1551 porrigat

137 1563 494 1621 »levandum
514 1565 627 1623 Sed
637 1580 715 1621 ne
728 1565 928 1622 verbis
940 1565 1164 1623 diutius
1178 1567 1592 1638 immoremur,

1716 401 1902 469 ribus,
1925 404 2202 476 princeps
2215 410 2414 462 noster
2431 405 2529 462 die
2544 406 2742 464 Sancti
2763 408 3055 467 Laurentii
3073 425 3371 482 egressus,

1713 492 2093 550 Antiochiam
2135 509 2325 567 usque
2372 494 2449 550 ad
2491 495 2822 562 castellum,
2869 497 3056 555 salvis
3084 498 3371 557 omnibus

1711 581 1816 655 qui
1842 597 1985 639 cum
2014 597 2086 639 eo
2113 589 2301 650 erant,
2334 585 2612 656 perrexit.
2648 583 2820 642 Turci
2850 601 3015 653 vero,
3044 588 3198 646 sicut
3232 592 3372 645 sunt

1712 670 1932 739 callidi,
1961 671 2341 731 obsidionem
2368 672 2756 740 dimittentes,
2787 690 2910 731 non
2957 677 3137 747 longe
3164 693 3201 734 a
3240 693 3370 735 cas-

1709 760 1848 818 tello
1875 761 2029 819 inter
2055 760 2366 834 angustias
2403 763 2673 820 locorum
2704 764 2766 821 in
2797 769 2953 822 terra
2993 780 3108 822 sua
3150 766 3373 822 substi-

1709 854 1927 908 terunt.
1974 849 2172 908 Altera
2225 857 2425 908 autem
2479 851 2576 909 die
2631 852 2818 910 nostri
2869 853 2950 911 ad
2995 854 3056 911 id
3093 853 3368 913 locorum

1709 940 1933 997 Turcos
1981 938 2251 1004 insecuti,
2284 956 2423 998 cum
2452 957 2514 997 se
2543 955 2668 998 non
2700 943 2846 999 satis
2902 943 3203 1016 sapienter
3236 958 3372 1015 age-

1709 1035 1860 1098 rent,
1901 1029 2232 1087 commisso
2276 1029 2479 1101 praelio
2518 1033 2689 1101 terga
2726 1031 3043 1102 dederunt,
3089 1032 3367 1105 adeoque

1709 1117 2018 1175 infeliciter
2063 1124 2400 1189 pugnatum
2440 1122 2556 1186 est,
2589 1125 2652 1175 ut
2700 1119 2899 1178 nullus
2943 1136 3017 1177 ex
3045 1121 3221 1178 nobis
3247 1121 3369 1178 tere

1707 1207 1983 1265 evaderet
2034 1207 2291 1279 alicujus
2331 1209 2618 1273 nominis,
2677 1209 2793 1264 nisi
2839 1224 3024 1282 quem
3081 1210 3369 1267 fortitudo

1707 1296 1869 1369 equi,
1900 1300 2008 1353 aut
2030 1311 2209 1353 casus
2233 1296 2452 1369 aliquis
2482 1296 2559 1354 de
2587 1298 2845 1356 tumultu
2865 1298 2965 1356 illo
2992 1298 3227 1373 eripuit.
3257 1302 3368 1358 Re·

1708 1389 1909 1442 tentus
1932 1391 2020 1443 est
2045 1387 2345 1458 princeps,
2375 1392 2641 1444 retentus
2665 1393 2757 1445 est
2791 1394 2849 1444 et
2877 1403 3081 1445 comes
3111 1387 3364 1461 Tripolis

1703 1474 1958 1549 quidam
1975 1476 2211 1532 Graecus
2240 1475 2421 1533 etiam
2451 1475 2857 1535 calamannus
2874 1476 3080 1548 magni
3103 1477 3366 1535 nominis

1703 1563 1828 1620 dux
1858 1564 2292 1634 Mamistiensis,
2316 1567 2483 1636 Hugo
2498 1565 2575 1622 de
2597 1565 2939 1634 Lusiuiauo,
2971 1565 3180 1625 fratres
3195 1568 3363 1625 Tem-

137 1669 214 1710 ·us
241 1654 346 1725 qui
372 1653 538 1726 apud
570 1669 681 1712 nos
707 1659 796 1710 est
814 1653 1072 1727 populus
1098 1656 1590 1726 Christianorum,
1623 1668 1670 1727 Β
1703 1653 1785 1725 pli
1815 1657 1871 1710 et
1896 1653 2215 1725 Hospitalis
2251 1653 2458 1726 aliqui,
2483 1654 2589 1729 qui
2619 1654 2695 1710 de
2741 1660 2895 1712 terra
2922 1655 3173 1728 Tripolis
3219 1670 3362 1713 cum

137 1740 402 1799 obiscum
435 1742 514 1799 ad
537 1758 644 1800 vos
664 1742 904 1810 clamat,
924 1744 1305 1802 clementiam
1335 1752 1593 1805 vestram

140 1847 308 1903 gens,
339 1848 475 1904 quae
508 1837 639 1904 post
673 1835 856 1888 Deum
887 1832 1145 1890 sufficiat
1176 1849 1286 1890 nos
1316 1840 1375 1893 et
1401 1836 1593 1894 Eccle-

137 1921 227 1976 Dei
265 1921 325 1977 in
365 1922 599 1978 Oriente
644 1921 918 1995 liberare.
965 1925 1035 1978 Et
1073 1927 1139 1978 ut
1188 1925 1339 1979 ordo
1390 1939 1591 1982 rerum

137 2025 196 2065 os
220 2014 525 2081 gestarum
549 2026 619 2065 ex
652 2015 777 2067 toto
800 2016 976 2067 notus
1004 2011 1079 2067 sit
1109 2012 1298 2078 vobis„
1324 2013 1592 2079 Quadra·

137 2113 166 2155 a
184 2114 321 2171 qum
340 2099 616 2169 proxima
632 2100 931 2172 praeteriit,
957 2100 1208 2172 quidam
1234 2100 1309 2158 de
1329 2101 1591 2158 homini-

142 2188 189 2241 is
218 2188 321 2259 qui
350 2187 511 2243 circa
538 2203 649 2243 nos
693 2193 831 2244 sunt
854 2188 1007 2246 inter
1037 2191 1366 2248 Saracenos
1399 2193 1590 2265 major

138 2292 187 2331 ir
212 2282 268 2331 et
292 2276 788 2333 christianitatem
833 2285 1102 2336 nostram
1147 2295 1332 2350 super
1372 2295 1588 2338 omnes

137 2379 241 2435 nge
268 2371 403 2422 ante
436 2366 673 2421 fuerunt
698 2367 1018 2439 oppressit,
1044 2369 1322 2440 princeps
1371 2371 1589 2427 militiae

155 2457 519 2511 Damascum
543 2471 893 2527 procuranS,
918 2458 1022 2529 qui
1041 2473 1431 2529 possessurus
1449 2476 1589 2517 cum

143 2543 158 2597 i
200 2546 525 2600 Turcorum
583 2560 768 2601 manu
813 2546 1054 2602 intravit
1093 2550 1437 2619 AEgyptum.
1469 2551 1590 2606 Rex

137 2631 391 2705 AEgypti,
416 2635 599 2705 quiet
628 2634 916 2692 soldanus
971 2634 1312 2708 Babyloniae
1350 2637 1587 2706 dicitur,

137 2739 150 2777 ι
178 2737 546 2794 suorumque
578 2723 785 2779 virtute
823 2724 1125 2789 diffidens,
1154 2725 1445 2783 adversus
1495 2744 1587 2784 su·

137 2810 379 2867 rientem
411 2817 648 2882 gentem
700 2815 1027 2869 Turcorum
1072 2813 1590 2874 bellicosissimam

137 2899 254 2954 ium
283 2899 493 2956 habuit
523 2917 885 2974 quocunque
918 2902 1099 2959 modo
1145 2909 1346 2975 posset
1385 2920 1591 2976 regem

1701 1742 1921 1800 comite
1937 1745 2263 1803 venerant:
2295 1742 2631 1799 detruncati
2661 1742 2786 1808 alii,
2811 1742 2912 1801 alii
2939 1746 3121 1816 capti,
3147 1743 3224 1801 de
3252 1760 3359 1818 po-

1702 1829 1848 1904 pulo
1871 1828 2052 1888 nullis
2081 1834 2187 1889 aut
2216 1831 2474 1903 perraris
2502 1829 2772 1900 salvatis,
2803 1832 2885 1889 ad
2915 1847 3226 1889 summum
3256 1847 3356 1904 pe·

1702 1920 1860 1977 nitus
1915 1919 2293 1992 consumptis
2333 1920 2707 1989 hominibus,
2738 1927 2798 1978 ct
2823 1920 3015 1993 equis,
3044 1926 3101 1977 et
3151 1919 3361 1978 armis.

1701 2012 1838 2068 Post
1887 2008 2357 2067 Christianorum
2413 2013 2700 2080 stragem,
2731 2009 2809 2066 ad
2863 2008 3179 2067 castellum
3211 2023 3359 2081 prm·

1698 2097 1928 2156 dictum
1978 2097 2147 2155 Turci
2190 2102 2569 2165 revertentes,
2629 2097 2774 2155 illud
2828 2098 3238 2164 obtinuerunt,
3286 2114 3359 2155 ex

1699 2188 1975 2262 pactione
1988 2186 2247 2244 debilem
2262 2187 2704 2245 multitudinem
2718 2195 2840 2244 tam
2855 2186 3358 2260 mulien-umquam

1698 2277 1996 2335 infantum
2026 2281 2084 2333 et
2117 2279 2565 2335 vulneratorum
2601 2293 2796 2349 usque
2824 2275 3202 2335 Antiochiam
3230 2291 3359 2348 per-

1696 2366 2003 2425 ducentes.
2046 2366 2157 2433 Qui
2186 2364 2576 2437 postmodum
2622 2365 2701 2422 ad
2739 2365 2950 2422 urbem
2980 2365 3355 2432 accedentes,

1699 2461 1884 2513 totam
1907 2462 2130 2513 terram
2146 2455 2458 2527 pervagati
2479 2461 2637 2521 sunt,
2664 2470 2854 2528 usque
2873 2454 2955 2511 ad
2977 2469 3142 2511 mare
3167 2455 3226 2510 in
3253 2468 3357 2511 ore

1699 2545 1907 2616 gladii,
1952 2551 2010 2602 et
2037 2546 2176 2615 igne
2221 2544 2377 2600 circa
2409 2544 2638 2611 omnia,
2670 2560 2807 2616 quae
2836 2544 2896 2599 in
2928 2542 3119 2600 oculis
3141 2558 3355 2601 eorum

1698 2634 1957 2700 fuerunt,
1989 2649 2098 2706 pro
2122 2633 2293 2690 libitu
2319 2631 2703 2705 tyrannidem
2731 2636 3133 2689 excercentes.
3164 2630 3353 2688 Testis

1699 2729 1789 2781 est
1817 2728 1992 2790 Deus,
2020 2721 2164 2795 quia
2188 2723 2473 2794 reliquias,
2520 2736 2657 2793 qum
2690 2727 3109 2778 remanserunt
3153 2720 3352 2788 nobis,

1704 2813 1949 2870 minime
2001 2811 2304 2868 sufficiunt
2361 2811 2591 2867 diurnis
2617 2811 3044 2883 nocturnisque
3086 2808 3353 2866 excubiis

1702 2917 2037 2967 murorum,
2068 2916 2328 2974 quorum
2350 2900 2686 2957 custodiam
2719 2900 2901 2955 etiam
2931 2899 3015 2955 eis
3043 2914 3201 2973 quos
3228 2915 3355 2954 sus·

137 2987 261 3045 lem
291 3005 556 3062 quaerere
581 2990 940 3062 adjutorem,
968 2992 1222 3063 sapienti
1253 3010 1398 3050 usus
1441 3011 1591 3053 con·
1624 3022 1666 3080 C
1701 2996 1906 3064 pectos
1929 2989 2247 3056 habemus,
2300 3006 2375 3047 ex
2413 2989 2667 3062 penuria
2712 2987 3027 3046 hominum
3058 2987 3353 3045 tradimus

137 3076 353 3135 ualens
405 3094 654 3148 regnare
701 3080 815 3135 sub
861 3080 1099 3147 tribute,
1140 3097 1329 3154 quam
1378 3084 1589 3156 spiritu

141 3168 356 3223 isimul
396 3173 453 3224 et
481 3184 687 3238 regno.
711 3168 810 3224 Ille
841 3168 1042 3239 igitur,
1075 3174 1138 3226 ut
1183 3169 1466 3236 diximus.
1498 3174 1590 3231 in-

137 3276 174 3312 is
207 3263 299 3313 est
327 3260 668 3329 AEgyptum,
700 3264 758 3314 et
792 3258 1166 3332 quibusdam
1211 3265 1380 3317 terrm
1433 3262 1588 3319 illius

137 3347 449 3413 urentibus,
506 3347 805 3403 civitatem
862 3348 1197 3421 quamdam
1250 3352 1586 3423 occupavit,

143 3441 201 3491 et
227 3437 502 3492 munivit.
550 3440 777 3493 interea
830 3437 1119 3494 soldanus
1161 3455 1300 3495 cum
1339 3439 1588 3499 domino

137 3525 484 3581 actionibus
520 3542 729 3596 agens,
759 3525 834 3582 de
865 3527 1259 3598 persolvendo
1299 3529 1586 3587 omnibus

138 3614 374 3680 tributo,
406 3614 481 3671 de
506 3614 754 3687 captivis
776 3615 1120 3674 Christianis
1137 3617 1422 3675 omnibus
1442 3618 1586 3678 libe-

164 3718 236 3758 ex
286 3707 555 3776 AEgypto,
584 3704 901 3760 domiuum
930 3720 1132 3776 regem
1170 3707 1583 3767 auxiliatorem

137 3793 212 3848 tit.
268 3794 376 3858 Qui
431 3793 686 3850 instante
730 3793 983 3850 articulo
1035 3795 1416 3866 profectionis
1458 3814 1584 3855 suae

136 3886 191 3937 et
220 3898 380 3938 novo
414 3882 665 3955 principi
712 3887 917 3939 nostro
963 3890 1222 3954 cognato
1277 3902 1388 3942 suo
1443 3889 1586 3945 Boa-

137 3986 179 4037 >,
211 3970 368 4026 illius
395 3972 735 4043 Raymundi
761 3972 1044 4044 principis
1069 3972 1212 4040 filio,
1236 3973 1298 4029 in
1324 3975 1583 4033 reditum

153 4077 330 4116 suum
351 4067 471 4117 tam
497 4061 664 4132 regui
694 4061 786 4117 sui
815 4077 1002 4133 quam
1040 4067 1098 4118 et
1130 4067 1293 4119 terrae
1337 4066 1585 4122 commi·

137 4164 345 4206 zuram.
389 4153 634 4223 Magnus
665 4150 866 4224 itaque
895 4150 990 4206 ille
1029 4151 1341 4208 Christiani
1375 4154 1583 4226 populi

137 4243 284 4304 ctor,
303 4254 334 4294 e
358 4239 558 4296 vicino
578 4240 751 4296 nobis
773 4240 1023 4310 positus,
1042 4239 1301 4298 collectis
1319 4242 1582 4316 undique

138 4328 265 4382 ium
280 4327 523 4398 regibus
536 4333 593 4385 et
613 4326 872 4401 populis,
884 4326 1090 4384 volens
1107 4328 1382 4386 licentius
1394 4337 1604 4402 trans-¹

175 4414 675 4488 depopulandum
704 4434 959 4488 regnum
988 4418 1576 4490 ierosolymitanum,

137 4521 208 4560 tm
227 4511 432 4577 posset
450 4521 631 4577 opem
655 4507 827 4564 ferret
851 4506 1082 4563 homini
1105 4522 1215 4564 suo
1244 4508 1303 4563 in
1330 4511 1578 4581 AEgypto

140 4595 244 4660 nti,
275 4594 530 4667 principi
560 4603 765 4653 nostro
793 4613 1003 4667 pacem
1033 4603 1089 4653 et
1114 4598 1325 4655 trevias
1339 4598 1574 4669 obtulit,

137 4684 350 4757 iesque
378 4686 708 4758 requisivit,
741 4701 848 4742 uec
894 4686 1004 4743 fuit
1048 4687 1336 4760 principis
1382 4689 1575 4745 consi-

137 4789 298 4847 .sque
336 4773 395 4829 in
423 4774 646 4832 domini
673 4777 830 4846 regis
874 4776 1132 4833 reditum
1174 4775 1257 4833 illi
1304 4777 1380 4833 de
1424 4792 1571 4849 paee

140 4879 323 4920 scere.
368 4864 511 4920 Cum
534 4864 712 4936 igitur
737 4864 957 4922 videret
986 4867 1149 4938 quod
1179 4872 1575 4938 proposuerat

137 4970 241 5011 ⁴ere
269 4969 391 5010 non
423 4969 627 5025 posse,
654 4953 1087 5010 tremebundus
1133 4956 1193 5011 in
1242 4970 1356 5012 nos
1403 4971 1574 5014 arma

137 5044 229 5106 tit.
259 5051 315 5100 et
338 5042 649 5116 quoddam
681 5042 991 5099 castellum
1030 5051 1299 5101 nostrum
1347 5047 1574 5102 Harenc

136 5131 553 5196 e,duodecimo
566 5133 644 5189 ab
659 5134 804 5189 urbe
817 5139 1024 5190 nostra
1053 5133 1328 5189 milliario
1340 5133 1574 5190 distans

139 5220 666 5280 t.0hsessisautem
681 5223 757 5278 ad
772 5238 882 5278 nos
889 5223 1106 5294 jugiter
1144 5222 1570 5286 clamantibus,

138 5309 279 5365 citer
319 5317 546 5382 septem
594 5312 777 5368 millia
827 5317 996 5368 erant
1043 5313 1190 5367 inter
1235 5310 1571 5375 bellatores,

138 5412 199 5454 es
224 5404 282 5454 et
312 5399 591 5467 infantes,
618 5418 726 5459 nec
749 5401 1122 5458 cessantibus
1133 5400 1574 5472 diunoctuque,

137 5502 421 5547 treremur
448 5505 680 5559 eorum,
711 5491 809 5550 die
847 5492 1030 5551 etiam
1057 5491 1376 5565 designato
1420 5489 1577 5549 ultra

1698 3087 1757 3139 et
1780 3079 2057 3139 tutelam:
2087 3084 2314 3152 portas,
2345 3078 2547 3137 relicto
2576 3077 2965 3136 ecclesiarum
2992 3094 3129 3145 usu,
3157 3076 3356 3135 clerici

1698 3177 1756 3229 et
1778 3169 2107 3244 presbyteri
2129 3168 2509 3240 custodiunt;
2541 3165 2781 3239 nosipsi
2805 3182 3118 3224 murorum
3143 3166 3355 3237 vigiliis

1698 3265 2010 3332 surgentes
2050 3257 2400 3322 insistimus,
2451 3256 2744 3313 fracturas
2799 3271 3009 3312 eorum
3057 3271 3131 3312 ex
3177 3261 3347 3312 terro

1686 3353 1866 3407 -motu
1888 3347 2108 3405 multas
2128 3346 2187 3401 in
2213 3348 2404 3402 multo
2431 3343 2637 3401 labore
2662 3344 2975 3417 quomodo
3001 3359 3344 3416 possumus,

1697 3439 1824 3495 snie
1853 3436 2293 3494 intermissione
2310 3433 2651 3491 reficimus:
2686 3432 2869 3490 ethoc
2886 3437 3075 3490 totum
3104 3431 3349 3501 frustra,

1695 3527 1807 3584 nisi
1840 3525 2176 3600 benigniori
2224 3523 2389 3581 vultu
2416 3538 2527 3580 nos
2555 3522 2880 3594 respexerit
2925 3521 3124 3594 Deus3
3151 3535 3348 3594 neque

1694 3615 1855 3674 enim
1875 3629 2193 3687 speramus
2212 3611 2315 3669 diu
2343 3612 2683 3677 subsistere,
2707 3611 3081 3668 attendentes
3104 3611 3346 3666 virtutes

1692 3704 2010 3762 hominum
2041 3701 2221 3772 hujus
2250 3700 2532 3772 temporis
2545 3700 2933 3772 deperiisseet
2964 3697 3162 3755 nullas
3176 3713 3346 3768 esse3

1693 3793 1801 3851 sed
1828 3793 1943 3849 hoc
1969 3790 2243 3859 tacimus,
2275 3795 2338 3847 ut
2369 3789 2666 3862 quidquid
2695 3789 2885 3861 potuit
2911 3788 3059 3855 fleri,
3094 3786 3347 3845 inteuta-

1694 3890 1820 3941 tum
1861 3896 1982 3940 non
2027 3879 2202 3936 tuerit
2228 3877 2485 3936 anobis.
2530 3880 2717 3950 Super
2746 3878 2954 3936 omnia
2978 3878 3042 3935 in
3069 3876 3186 3933 hoc
3234 3890 3347 3934 nos

1690 3970 1925 4030 inducit
1947 3970 2078 4027 sola
2104 3968 2390 4033 anchora,
2421 3982 2558 4040 quoe
2588 3966 2793 4024 relicta
2818 3972 2905 4023 est
2934 3965 3061 4038 spei
3103 3969 3345 4032 nostroe,

1691 4060 1857 4134 quod
1873 4058 1952 4117 ab
1966 4057 2249 4116 omnibus
2260 4055 2605 4113 audivimus
2614 4055 2689 4112 de
2703 4054 3115 4126 magnitudine
3126 4059 3341 4123 vestra,

1691 4151 1836 4223 quia
1864 4162 2103 4220 semper
2129 4147 2253 4203 haec
2280 4144 2359 4203 ad
2384 4159 2498 4201 nos
2523 4142 2816 4201 anhelans
2841 4159 3022 4217 super
3044 4157 3216 4214 reges
3236 4141 3343 4199 Oc-

1691 4238 1944 4296 cidentis
1992 4236 2305 4292 universos
2353 4233 2416 4290 in
2446 4249 2550 4290 ore
2577 4232 2799 4290 habeat
2828 4234 3146 4292 Orientem.
3176 4230 3345 4289 Unde

1691 4324 2125 4395 daturintelligi
2138 4322 2335 4394 nobis,
2349 4322 2495 4396 quia
2505 4337 2626 4379 non
2639 4322 2748 4379 erit
2760 4322 3048 4391 gaudium
3071 4326 3338 4379 vestrum

1691 4414 2159 4490 plenum,donec
2171 4411 2743 4484 impleveritis,quod
2759 4409 3085 4484 aliquando
3099 4416 3341 4484 propter

1689 4506 1899 4565 merita
1926 4510 2132 4562 nostra
2162 4517 2283 4558 non
2311 4507 2401 4558 est
2428 4500 2640 4558 datum
2688 4498 2885 4566 nobis,
2937 4502 2995 4555 et
3036 4504 3126 4556 est
3164 4499 3342 4558 nobis

1684 4611 1842 4669 spes,
1871 4593 2037 4668 quod
2065 4592 2125 4647 in
2179 4604 2363 4647 manu
2394 4593 2588 4645 vestra
2616 4586 2878 4645 visitabit
2914 4585 3208 4643 Dominus
3234 4603 3338 4659 po-

1683 4685 1893 4757 pulum
1924 4698 2126 4748 suum,
2158 4683 2215 4737 et
2256 4676 2630 4735 miserebitur
2671 4675 2880 4733 nostri.
2921 4674 3338 4746 [ngr-odiantur

1682 4775 1743 4831 in
1761 4787 1938 4831 aures
1948 4769 2171 4828 summi
2194 4772 2254 4825 et
2266 4765 2755 4841 incomparabilis
2768 4765 3054 4838 principis
3074 4763 3337 4836 suspiria

1682 4870 1738 4921 et
1771 4862 2030 4935 gemitus
2060 4858 2557 4926 Christianorum,
2587 4860 2863 4928 pungant
2904 4870 3008 4911 cor
3034 4854 3168 4926 ejus
3217 4858 3339 4911 tor-

1683 4956 1887 5009 menta
1902 4955 1959 5007 et
1972 4948 2209 5006 dolores
2229 4948 2622 5021 captivorum.
2649 4946 2716 5001 Et
2737 4959 2813 5000 ne
2827 4943 3065 5024 longius
3082 4941 3333 5002 modum

1680 5040 2040 5100 excedamus
2053 5035 2340 5111 epistoloe,
2356 5040 2459 5094 aut
2469 5033 2584 5091 sub
2602 5031 3041 5104 exspectatione
3051 5031 3166 5089 hac
3176 5047 3337 5092 vana

1680 5128 2059 5192 deficiamus,
2081 5126 2410 5197 umbraque
2429 5120 2866 5181 mortisdiutius
2876 5136 3329 5188 consumamur,

1680 5215 2007 5276 rescribere
2037 5214 2210 5270 nobis
2246 5219 2302 5270 et
2331 5210 2696 5284 respondere
2743 5210 3020 5281 dignetur
3049 5210 3335 5283 majestas

1680 5308 1846 5378 regia
1877 5304 2162 5378 placitum
2188 5318 2389 5370 suum,
2410 5308 2468 5357 et
2488 5315 2610 5356 non
2629 5299 2738 5356 erit
2758 5296 2932 5358 nobis
2954 5314 3135 5371 grave
3160 5298 3334 5372 quid·

1683 5395 1830 5471 quid
1857 5395 1922 5450 in
1943 5392 2127 5450 verbo
2154 5392 2283 5464 ejus
2311 5391 2738 5446 sustineamus.
2781 5391 3012 5466 Augeat
3041 5388 3332 5446 Dominus

1680 5488 1856 5546 lesus
1884 5481 2232 5553 Christusin
2260 5479 2442 5540 corde
2466 5478 2626 5553 regis
2654 5476 3024 5569 desiderium
3043 5476 3212 5578 quod
3230 5477 3331 5540 de-
