3784 6000
167 231 288 298 539

175 476 312 519 men
341 460 575 516 illorum
608 456 1048 516 immortalitate
1079 455 1251 528 plena
1289 459 1416 525 est,
1451 460 1506 512 et
1535 455 1594 512 in
1625 453 1824 528 paucis

178 550 406 620 tentati,
437 551 495 606 in
528 546 722 604 multis
750 547 896 603 bene
920 547 1322 619 disponentur.

818 634 1056 691 CAPUT
1093 635 1210 690 λΧ.

175 746 364 802 Comes
392 743 698 801 loscelinus
738 751 1072 813 conpr-enata
1128 741 1340 813 inuenti
1376 739 1607 811 militia,
1636 743 1698 796 ut
1725 739 1824 796 do·

242 818 456 872 minum
489 830 676 885 recem
733 814 1007 886 expediat,
1041 813 1385 870 Antiochiam
1410 812 1702 884 persertim
1731 810 1822 867 sed

243 889 382 958 facti
408 885 548 958 quod
594 887 874 960 acciderat
931 888 1176 942 novitate
1228 893 1427 956 motus,
1477 887 1620 940 acics
1643 883 1818 939 disso-

246 959 395 1014 lutas
424 960 662 1015 remittit
689 957 763 1013 ad
791 958 1038 1030 propria.

245 1071 316 1126 At
346 1083 481 1125 vero
512 1084 710 1125 comes
739 1067 1087 1136 loscelinus,
1120 1083 1256 1124 cum
1307 1067 1380 1122 iis
1411 1083 1561 1140 quos
1593 1080 1820 1122 assum-

173 1162 373 1232 pserat
407 1158 512 1214 vite
543 1167 863 1220 consortes.
895 1174 1029 1214 cum
1055 1157 1240 1213 multa
1263 1154 1654 1213 sollicitudine
1673 1157 1731 1210 et
1747 1152 1821 1209 ti-

176 1263 339 1304 more
367 1246 643 1303 continuo
665 1247 777 1302 iter
813 1247 1133 1320 incoeptum
1164 1260 1469 1319 peragens,
1500 1260 1635 1300 cum
1666 1241 1820 1298 victu

177 1333 407 1393 modico
422 1338 480 1390 et
500 1335 732 1393 duobus
764 1335 1009 1401 utribus,
1029 1351 1179 1408 quos
1206 1351 1401 1391 secum
1432 1348 1569 1390 casu
1599 1331 1828 1389 detule-

178 1426 289 1490 rat,
322 1438 512 1496 usque
544 1424 612 1479 ad
644 1423 884 1480 fluvium
909 1440 1192 1496 magnum
1237 1423 1588 1496 Euphratem
1629 1436 1825 1492 perve—

179 1511 285 1569 nit.
317 1511 428 1571 Ubi
457 1511 657 1568 habita
682 1527 819 1570 cum
838 1513 1229 1586 periculorum
1261 1512 1649 1578 consortibus,
1684 1525 1827 1583 quo·

178 1602 356 1659 modo
387 1600 631 1659 fluvium
682 1602 932 1659 transire
987 1606 1206 1676 posset,
1241 1602 1679 1669 deliberatione,
1708 1601 1820 1654 im·

179 1690 354 1764 pletis
390 1694 564 1747 vento
583 1691 838 1759 utribus,
861 1692 1061 1763 eisque
1082 1691 1219 1749 fune
1239 1692 1350 1748 sibi
1369 1689 1821 1763 circumpositis,

180 1778 516 1851 regentibus
573 1795 709 1836 eum
738 1796 772 1835 a
800 1780 999 1837 dextra
1058 1780 1314 1855 laevaque
1370 1780 1563 1845 sociis,
1612 1778 1826 1851 quibus
1857 1757 1908 1824 Β

182 1867 436 1925 multum
483 1871 609 1924 erat
656 1868 718 1925 in
777 1870 1031 1928 natando
1062 1871 1428 1939 exercitium,
1461 1871 1695 1925 auctore
1716 1867 1832 1924 Do-

183 1957 364 2024 mino,
397 1956 736 2014 ulteriorem
768 1958 955 2030 ripam
975 1975 1153 2015 sanus
1184 1964 1242 2016 et
1271 1958 1587 2015 incolumis
1616 1957 1827 2029 attigit.

182 2047 323 2105 Inde
354 2063 475 2105 non
506 2048 739 2105 minore
787 2048 1065 2120 periculo,
1101 2049 1279 2106 nudis
1321 2049 1588 2120 pedibus,
1640 2047 1833 2102 labore

182 2153 422 2210 pressus
445 2136 701 2206 insolito,
734 2138 888 2196 rame
922 2142 980 2195 et
1028 2138 1144 2207 siti,
1169 2143 1227 2195 et
1253 2137 1603 2194 lassitudine
1626 2136 1832 2207 fatiga-

183 2228 300 2297 tus,
358 2227 589 2283 tandem
631 2227 842 2299 praevia
916 2226 1145 2283 Domini
1204 2225 1620 2292 misericordia,
1681 2224 1832 2293 apud

184 2315 414 2386 insigne
441 2314 721 2388 oppidum
742 2317 871 2387 ejus
900 2315 1204 2372 Turbessel
1236 2315 1494 2387 pervenit
1527 2331 1540 2369 ε
1574 2314 1710 2370 inde
1740 2312 1834 2368 in-

182 2402 554 2473 junctiverbi
606 2402 838 2475 plenam
878 2418 1083 2476 gerens
1105 2402 1580 2471 sollicitudinem,
1639 2404 1835 2473 aptato

198 2488 313 2548 sibi
338 2494 668 2548 necessario
692 2507 795 2562 pro
825 2496 1086 2564 tempore
1115 2492 1416 2561 comitatu,
1438 2491 1838 2559 Antiochiam,

194 2576 407 2635 deinde
434 2594 566 2635 cum
596 2579 835 2639 consilio
880 2581 1104 2637 domini
1163 2580 1504 2653 patriarchas
1534 2576 1836 2649 Bernardi‚

197 2665 651 2740 Hierosolymam
690 2669 1003 2740 profectus,
1046 2685 1166 2725 rem
1226 2668 1463 2724 domino
1494 2667 1834 2741 patriarcha

193 2757 253 2812 et
275 2756 437 2828 regni
459 2756 828 2829 principibus
857 2759 1059 2814 ordine
1089 2756 1312 2830 pandit,
1344 2772 1546 2814 casum
1571 2756 1667 2828 qui
1690 2754 1837 2813 acci-

195 2842 379 2914 deret,
402 2845 662 2902 seriatim
696 2847 900 2919 aperit,
930 2845 1005 2902 ad
1033 2846 1366 2904 subsidium
1408 2847 1536 2902 sine
1559 2847 1836 2902 dilatione

195 2933 403 2991 invitat
435 2952 450 2992 τ
482 2951 752 2994 asserens
810 2937 964 3011 regis
1021 2936 1317 3011 negotium
1368 2936 1674 2994 dilationes
1719 2951 1833 2992 non

192 3040 365 3098 posse
392 3041 618 3098 capere,
652 3027 750 3083 sed
782 3043 929 3100 opus
958 3042 1087 3085 esse
1122 3030 1351 3084 maturo
1381 3027 1625 3084 consilio
1656 3030 1714 3083 et
1741 3026 1836 3082 in-

1225 224 1652 291 GUILLELMI
1701 223 2085 287 TYRENSIS
2125 220 2492 290 ARGHOEP.

171 367 298 441 qui,
330 366 440 426 etsi
486 380 678 424 coram
737 364 855 421 illis
885 365 1174 420 tormenta
1198 362 1356 434 passi
1387 366 1547 431 sunt,
1578 376 1714 435 spes
1732 363 1819 416 ta·
1847 363 1908 429 A

3469 212 3587 273 tuo

2537 352 2774 412 CAPUT
2820 353 2972 411 xx1.

1935 469 2141 525 lterum
2183 465 2432 539 AEqyptii
2476 481 2602 521 cum
2643 462 2959 531 inflantibus
3006 460 3177 532 copiis
3214 473 3454 531 reanum
3507 456 3592 512 in·

2005 541 2183 610 pressi
2211 545 2341 594 sunt
2363 555 2379 605 ς
2399 537 2490 594 sed
2518 535 2930 592 occurrentibus
2949 534 3156 590 nostris
3174 546 3344 588 manu
3372 527 3587 596 valida,

2007 610 2347 668 mirabiliter
2374 611 2825 681 prosternuntur,

2005 717 2237 773 Interea
2266 715 2536 787 princepe
2577 711 2874 785 AEgyptius
2913 712 2984 767 de
3040 708 3193 783 regis
3248 706 3590 781 captivitate

1933 805 2228 863 arbitrans
2250 806 2363 860 sibi
2411 803 2655 859 multam
2701 799 3201 874 opportunitatem
3246 796 3585 865 emersisse,

1934 901 2000 953 ut
2022 912 2269 970 regnum
2299 892 2827 966 Hierosolymorum
2858 891 2971 948 sibi
3005 889 3211 947 merito
3258 884 3588 960 suspectis-

1933 987 2173 1053 simum,
2205 984 2402 1054 aliqua
2430 997 2499 1037 ex
2517 986 2678 1053 parte
2708 985 2906 1052 posset
2935 979 3284 1051 opprimere,
3306 991 3379 1032 ex
3397 973 3589 1032 omni-

1935 1075 2049 1132 hus
2079 1073 2306 1147 AEgypti
2337 1073 2552 1128 tinibus
2585 1069 2859 1126 militaria
2897 1067 3156 1140 praecipit
3192 1065 3418 1124 auxilia
3445 1080 3589 1122 con-

1938 1166 2159 1232 vocari;
2202 1161 2568 1233 urbibusque
2623 1157 2937 1215 maritimis
2983 1157 3244 1222 mandat,
3299 1153 3592 1227 praefectis

1938 1266 2179 1323 operum
2204 1249 2533 1323 specialiter
2552 1249 2621 1305 ad
2653 1247 2762 1303 hoc
2783 1245 3101 1319 deputatis,
3133 1243 3331 1317 galeas
3364 1257 3591 1315 prapa-

1940 1341 2075 1408 rari,
2107 1339 2320 1395 armari
2365 1337 2656 1407 classem3
2689 1344 2741 1391 et
2775 1341 2982 1392 caetera
3011 1350 3140 1407 quse
3171 1334 3242 1390 ad
3278 1347 3456 1389 usum
3479 1346 3584 1386 na·

1939 1429 2086 1486 valis
2117 1427 2410 1485 exercitus
2441 1429 2689 1500 possunt
2717 1440 2842 1482 esse
2891 1422 3239 1492 necessaria,
3271 1422 3403 1478 sine
3440 1420 3590 1477 dila-

1940 1519 2100 1576 tione
2127 1516 2387 1590 prseeipit
2416 1515 2694 1572 ordinari.
2730 1513 2955 1569 Paratis
3001 1512 3182 1585 igitur
3209 1509 3586 1582 septuaginta

1941 1607 2141 1682 galeis,
2165 1623 2299 1663 cum
2328 1605 2552 1662 infinita
2575 1603 2863 1677 pedestris
2885 1600 3172 1659 exercitus
3189 1597 3589 1671 multitudine,

1939 1705 2277 1756 transcursa
2307 1694 2644 1763 solitudine,
2675 1693 2829 1767 apud
2877 1689 3226 1748 Ascalonem
3272 1694 3589 1746 castrame-

1938 1794 2115 1854 tatus,
2146 1803 2278 1843 cum
2333 1785 2458 1842 suis
2502 1783 2717 1840 resedit
2762 1781 3115 1856 legionibus,
3148 1777 3361 1837 classis
3392 1781 3591 1835 autem

1940 1893 2125 1950 usque
2153 1877 2377 1948 Joppen
2403 1889 2728 1947 progressa,
2763 1872 2843 1927 ibi
2876 1875 3010 1928 ante
3040 1870 3241 1927 urbem
3267 1884 3332 1926 se
3350 1866 3591 1935 locavit;

1940 1968 2274 2044 egressique
2303 1967 2374 2023 de
2395 1965 2642 2022 navibus
2662 1965 2721 2020 in
2741 1962 2903 2037 gravi
2945 1958 3349 2030 multitudine,
3382 1959 3590 2015 urbem

1941 2062 2244 2133 coeperunt
2273 2073 2342 2113 ex
2362 2056 2520 2113 omni
2544 2058 2704 2126 parte
2722 2067 3062 2126 pergyrum,
3085 2048 3442 2108 continuatis
3455 2062 3597 2105 con·

1943 2147 2362 2219 gressionibus,
2395 2143 2682 2200 hostiliter
2712 2141 3044 2207 molestare,
3061 2139 3142 2194 ita
3172 2142 3237 2194 ut
3255 2154 3372 2210 prae
3393 2136 3598 2210 inopia

1943 2235 2404 2301 defendentium,
2438 2230 2631 2289 securi
2660 2232 2732 2287 ad
2767 2244 3001 2286 murum
3034 2225 3472 2284 suffodiendum
3494 2243 3596 2282 ac·

1943 2326 2235 2393 cederent,
2264 2327 2322 2380 et
2351 2322 2410 2378 in
2450 2320 2593 2378 locis
2624 2319 2895 2392 pluribus
2924 2317 3317 2374 debilitarent.
3351 2315 3518 2380 Quod
3549 2316 3601 2372 ei

1943 2416 2159 2472 liberas
2189 2413 2361 2470 serias
2384 2412 2589 2468 urbem
2629 2408 3010 2483 impugnandi
3034 2421 3136 2478 per
3155 2404 3310 2462 diem
3353 2420 3602 2477 sequen-

1943 2508 2060 2561 tem
2096 2501 2457 2571 habuissent,
2497 2498 2753 2557 effractis
2805 2495 3113 2564 moenibus,
3172 2493 3377 2566 procul
3432 2494 3596 2552 omni

1941 2592 2143 2662 dubio,
2173 2589 2450 2647 violenter
2478 2589 2861 2660 occupassent
2887 2584 3179 2640 civitatem
3204 2601 3221 2651 ς
3245 2582 3421 2655 pauci
3440 2583 3596 2640 enim

1944 2685 2111 2739 erant
2142 2681 2320 2748 intus,
2354 2678 2456 2752 qui
2505 2692 2707 2734 eorum
2753 2670 3271 2748 congressionibus
3300 2687 3594 2744 repugna·

1946 2775 2093 2829 rent.
2118 2773 2343 2827 Interea
2372 2767 2646 2824 dominus
2676 2762 3027 2836 patriarcba,
3056 2759 3334 2817 dominus
3362 2776 3597 2834 quoque

1944 2854 2293 2914 Eustachius
2321 2853 2559 2920 Grener,
2590 2851 2752 2922 regni
2779 2845 3269 2915 constabularius,
3292 2860 3428 2903 cum
3458 2844 3593 2902 aliis

1945 2946 2104 3020 regni
2133 2943 2518 3017 principibus,
2546 2942 2896 3013 congregata
2931 2936 3093 2994 omni
3144 2950 3215 2992 ea
3243 2949 3422 3007 quam
3454 2942 3594 2990 tunc

1945 3037 2160 3094 habere
2192 3030 2745 3107 potueruntmilitia,
2759 3029 2819 3084 in
2840 3026 3271 3098 campestribus
3292 3024 3587 3093 Caesareas,

195 3110 396 3171 dilato.
430 3114 784 3187 Factumque
814 3122 898 3174 est
921 3118 1024 3185 ita,
1059 3118 1211 3172 utad
1233 3120 1356 3185 ejus
1375 3116 1833 3172 exhortationem
1865 3134 1918 3201 G
1945 3124 2005 3180 111
2036 3125 2162 3180 1000
2192 3124 2284 3178 cui
2313 3121 2455 3176 Caco
2485 3134 2721 3184 nomen,
2747 3117 3183 3182 convenerunt;
3217 3112 3356 3169 inde
3385 3128 3590 3170 versus

195 3207 583 3276 congregatus
613 3205 691 3261 sit
719 3207 882 3278 regni
932 3205 1188 3262 universi
1242 3205 1516 3280 populus,
1550 3206 1720 3278 quasi
1753 3206 1837 3260 vir

195 3307 390 3363 unus;
423 3298 482 3350 et
508 3302 812 3367 assumpta
843 3294 952 3351 sibi
975 3311 1146 3352 cruce
1164 3294 1466 3353 Dominica
1487 3296 1557 3352 de
1587 3292 1837 3366 singulis

196 3380 459 3452 urbibus,
484 3397 608 3455 quae
638 3387 802 3441 erant
832 3384 1056 3453 medias,
1090 3384 1306 3440 auxilia
1334 3385 1448 3440 sibi
1479 3384 1834 3456 conjungen·

192 3474 305 3542 tes,
333 3472 705 3530 Antiochiam
762 3478 1168 3546 pervenerunt,
1230 3473 1330 3530 ubi
1387 3473 1681 3544 adjunctis
1723 3471 1836 3530 sibi

192 3561 459 3633 ejusdem
492 3562 739 3619 civitatis
768 3572 882 3619 tam
939 3564 1107 3635 plebe
1149 3579 1328 3633 quam
1372 3562 1657 3636 patribus,
1691 3578 1840 3634 prae-

195 3647 286 3707 vio
312 3650 542 3708 comite.
575 3652 894 3710 Turbesset
931 3657 1337 3725 pervenerunt.
1368 3650 1477 3710 Ubi
1526 3650 1666 3724 quid
1688 3650 1841 3707 circa

197 3739 506 3796 deminum
532 3756 724 3814 regem
757 3743 945 3798 medio
977 3745 1233 3812 tempore
1263 3740 1589 3811 accidisset,
1611 3741 1839 3811 plenius

195 3828 445 3903 cognito,
518 3835 812 3901 comperto
870 3831 1022 3905 quod
1071 3830 1310 3888 ulterius
1357 3831 1666 3903 procedere
1720 3844 1838 3886 non

200 3926 353 3976 esset
384 3918 768 3989 fructuosum,
798 3922 871 3978 de
898 3921 1199 3977 communi
1231 3919 1474 3976 consilio
1505 3918 1837 3975 ordinatum

197 4012 305 4077 est,
336 4011 403 4063 ut
431 4008 648 4081 singuli
680 4010 929 4066 redirent
950 4013 1016 4067 ad
1051 4010 1320 4084 propria3
1353 4013 1546 4065 tamen
1562 4010 1836 4066 neomni-

200 4111 277 4153 uo
308 4096 453 4153 nihil
512 4097 717 4155 iecisse
773 4100 1134 4167 viderentur,
1165 4099 1440 4155 ordinant
1468 4098 1623 4170 apud
1656 4113 1741 4166 se,
1777 4105 1841 4152 ut

199 4189 352 4259 apud
384 4187 683 4258 Halapiam
701 4190 1478 4262 transeuntesexperiantur,
1510 4195 1710 4244 utrum
1733 4188 1840 4243 ali-

202 4275 344 4346 quid
370 4275 573 4331 damni
629 4281 733 4332 aut
766 4275 993 4347 injuriae
1042 4277 1298 4334 hostibus
1329 4278 1541 4333 inferre
1573 4276 1836 4348 possint3

202 4359 360 4432 quod
391 4363 712 4419 secundum
754 4366 1107 4437 propositum
1142 4366 1357 4420 tactum
1378 4370 1485 4421 est.
1511 4365 1657 4420 Nam
1705 4367 1843 4421 ante

1945 3212 2192 3284 Joppen,
2211 3209 2490 3266 ordinatis
2522 3206 2856 3280 agminibus
2876 3203 3313 3269 descendentes,
3331 3201 3595 3273 dirigunt

1950 3302 2224 3374 legiones..
2255 3300 2378 3365 Quo
2408 3297 2627 3364 audito,
2652 3295 2755 3368 qui
2810 3294 3008 3349 urbem
3051 3291 3510 3366 impugnabant,
3531 3294 3594 3350 iu

1947 3391 2193 3448 classem
2212 3404 2273 3445 se
2301 3387 2564 3445 certatim
2585 3384 2893 3456 recipiunt,
2909 3385 3245 3438 nostrorum
3276 3380 3595 3438 adventum

1950 3480 2354 3538 formidantes.
2388 3477 2585 3533 Classe
2609 3479 2803 3531 autem
2834 3471 3136 3539 instructa,
3159 3468 3340 3527 remis
3368 3467 3600 3528 incum-

1950 3570 2120 3637 bunt,
2151 3571 2550 3640 exspectantes
2585 3563 2724 3636 quid
2756 3564 3062 3634 suis,quos
3092 3560 3365 3617 hostibus
3382 3557 3604 3616 vicinos

1949 3676 2074 3716 esse
2131 3659 2542 3729 cognoverant,
2573 3653 2883 3711 accideret.
2942 3650 3133 3706 Nostri
3189 3664 3325 3704 vero
3355 3648 3600 3717 interea,

1949 3748 2162 3823 praevia
2192 3762 2362 3803 cruce
2390 3744 2715 3810 Dominica,
2747 3742 2861 3797 fide
2909 3739 3140 3806 armati,
3162 3742 3222 3794 et
3250 3743 3601 3811 cooperante

1949 3837 2049 3895 Dei
2081 3835 2286 3908 gratia.
2320 3834 2380 3889 in
2406 3832 2658 3889 victoriis
2689 3845 2854 3901 spem
2885 3827 3061 3885 erecti
3080 3824 3424 3899 compositis
3438 3825 3601 3882 acie-

1950 3928 2060 3985 bus
2091 3924 2225 3981 etin
2256 3937 2578 3995 congruum
2595 3919 2841 3976 redactis
2870 3916 3135 3974 ordinem
3156 3916 3324 3987 juxta
3345 3929 3482 3971 cum
3505 3913 3598 3972 lo·-

1950 4028 2082 4070 cum
2123 4011 2223 4083 qui
2290 4009 2503 4064 dicitur
2557 4005 2784 4068 Ibelim,
2846 4003 3039 4059 hostes
3097 4003 3420 4075 reperiunt.
3482 4000 3597 4066 Qui

1949 4103 2147 4167 etiam,
2173 4101 2340 4171 juxta
2372 4112 2593 4153 morem
2643 4110 2872 4165 eorum,
2894 4092 3236 4150 cohortibus
3266 4089 3597 4163 dispositis,

1950 4190 2138 4247 affecti
2171 4194 2238 4244 ut
2266 4202 2398 4243 cum
2432 4185 2642 4241 nostris
2674 4184 2872 4256 procul
2902 4180 3080 4238 dubio
3110 4188 3462 4253 pugnarent,
3483 4179 3597 4235 ad·

1952 4279 2223 4335 venerant
2255 4290 2270 4341 3
2316 4274 2414 4329 sed
2473 4272 2595 4327 viso
2651 4276 2983 4325 nostrorum
3031 4270 3310 4340 apparatu
3368 4269 3427 4321 et
3475 4263 3601 4322 ani·

1952 4367 2217 4421 mositate
2248 4363 2421 4418 certis
2450 4361 2811 4429 argumentis
2830 4356 3146 4424 tutellecta,
3170 4354 3268 4426 qui
3297 4353 3603 4427 quasileo·

207 4448 410 4506 urbem
448 4452 783 4524 praedictam
823 4453 1101 4509 habentes
1132 4452 1467 4521 transitum,
1501 4453 1652 4508 cives
1675 4455 1841 4523 ejus-
1953 4471 2058 4512 nes
2075 4455 2459 4519 accesserant,
2484 4456 2708 4523 lepores
2722 4454 2779 4503 et
2800 4447 3103 4518 leporibus
3121 4444 3605 4512 timidiores,bel·

203 4538 338 4597 dem
367 4539 837 4615 loci,[contraeos
856 4542 1028 4615 quasi
1050 4542 1123 4598 ad
1140 4542 1519 4614 pugnandum
1551 4555 1844 4613 egressos,
1876 4501 1922 4566 D
1954 4545 2077 4602 tum
2111 4544 2429 4599 detrectare
2486 4540 2755 4609 cupiunt,
2801 4536 2993 4608 magis
3049 4539 3242 4590 tamen
3292 4534 3604 4605 cupientes

198 4630 261 4688 ln
298 4633 499 4689 urbem
544 4631 773 4705 regredi
819 4631 1102 4689 violenter
1138 4628 1551 4703 compulerunt
1586 4646 1599 4684 :
1631 4629 1840 4687 diebus

201 4732 456 4797 quatuor
496 4723 815 4793 continuis,
847 4722 1043 4780 invitis
1090 4721 1314 4779 civibus
1372 4736 1595 4777 moram
1646 4718 1728 4774 ibi
1762 4719 1842 4775 sa·

199 4814 439 4872 cientes.
473 4814 577 4879 Qui
610 4818 806 4869 autem
837 4813 909 4871 de
952 4830 1130 4885 regno
1160 4816 1344 4880 erant,
1379 4812 1448 4867 ab
1487 4810 1616 4867 aliis
1646 4809 1840 4872 divisi,

200 4903 260 4960 in
294 4920 535 4977 regnum
565 4904 895 4972 redeuntes,
919 4905 1073 4961 circa
1093 4906 1284 4974 partes
1313 4901 1840 4975 scythopolitanas,

200 4992 449 5048 transito
476 4992 753 5062 Jordane,
785 4997 969 5049 terras
1000 4991 1256 5049 hostium
1281 4992 1477 5048 subito
1501 4987 1843 5063 ingrediun-

199 5082 317 5150 tur,
345 5083 400 5137 et
453 5079 772 5153 imparatos
803 5082 1174 5155 reperientes,
1225 5081 1456 5138 irruunt
1494 5094 1670 5151 super
1723 5094 1845 5146 eos,

200 5170 584 5244 pluribusque
615 5187 683 5228 ex
723 5172 810 5230 eis
865 5173 1059 5245 gladio
1099 5172 1504 5244 interemptis;
1538 5167 1847 5242 captivatis

200 5260 375 5318 etiam
404 5260 652 5319 infinitis
676 5270 791 5319 tam
821 5261 958 5318 viris
990 5278 1156 5335 quam
1194 5261 1560 5328 mulieribus,
1590 5272 1723 5315 cum
1753 5255 1846 5313 in·-

198 5349 354 5421 genti
399 5353 590 5424 praeda
627 5356 684 5408 et
751 5351 966 5425 opimis
994 5351 1198 5423 spoliis
1232 5351 1345 5407 laeti
1390 5351 1749 5421 ovantesque
1775 5344 1849 5404 ad

198 5438 432 5511 propria
460 5440 674 5499 reversi
699 5448 859 5499 aunt.

1957 4649 2072 4690 non
2095 4631 2425 4702 incoepisse.
2456 4626 2648 4684 Nostri
2703 4641 2875 4698 porro
2927 4621 3126 4697 populi
3174 4620 3518 4695 promiscui,
3549 4628 3603 4678 et

1943 4721 2131 4795 plebis
2177 4719 2550 4785 omnimodae,
2611 4716 2955 4773 dicebantur
3000 4727 3129 4769 esse
3158 4710 3322 4783 quasi
3369 4715 3600 4783 septem

1945 4808 2429 4867 milliazhostium
2451 4823 2605 4874 vero,
2627 4804 3026 4877 expeditorum
3048 4802 3122 4858 ad
3144 4799 3435 4874 pmlium‚
3462 4815 3600 4857 sex·

1945 4898 2131 4957 decim
2163 4895 2416 4952 millium
2475 4894 2779 4952 dicebatur
2836 4907 2967 4949 esee
2999 4905 3305 4958 numerus,
3338 4889 3597 4963 exceptis

1946 4989 2039 5046 bis
2068 4987 2172 5060 qui
2202 4984 2373 5042 classi
2432 4985 2846 5052 deservientes,
2876 4981 3218 5039 dicebantur
3237 4994 3367 5036 esse
3397 4978 3458 5035 in
3491 4995 3597 5036 na·

1946 5076 2135 5135 vibus.
2165 5076 2463 5130 Irruentes
2494 5072 2670 5144 igitur
2724 5071 2910 5129 nostri
2939 5085 3117 5144 super
3142 5084 3245 5126 eos
3294 5068 3355 5125 in
3386 5068 3603 5141 spiritu

1949 5162 2300 5233 vehementi,
2358 5162 2531 5219 corde
2577 5161 2845 5230 contrito,
2876 5163 2934 5217 et
2993 5160 3054 5217 in
3092 5159 3304 5217 timore
3335 5155 3601 5227 Domini,

1956 5254 2171 5313 auxilio
2228 5255 2287 5310 et
2317 5250 2586 5324 supernis
2624 5250 2916 5318 Invocato,
2949 5248 3176 5305 instant
3203 5245 3421 5319 gladiis
3454 5249 3610 5304 atro·

1954 5346 2102 5415 cius,
2119 5345 2192 5400 de
2215 5342 2485 5401 cominus
2507 5341 2760 5413 irrogato
2782 5338 2988 5397 mortis
3009 5337 3290 5412 periculo,
3311 5334 3606 5408 respiran-

1956 5434 2016 5490 di
2036 5434 2212 5491 etiam
2237 5433 2453 5504 negant
2480 5429 2832 5486 facultatem.
2859 5428 3145 5486 Mirantur
3171 5424 3414 5484 tandem
3429 5423 3607 5499 AEgy·

1956 5522 2067 5597 ptii
2095 5529 2431 5583 nostrorum
2460 5521 2610 5579 vires
2639 5522 2697 5579 et
2716 5518 3019 5582 audaciam
3043 5542 3061 5591 t
3081 5521 3139 5578 et
3157 5516 3314 5591 quod
3330 5530 3605 5578 sermone
