3784 6000
241 223 353 286 29¹

1319 217 1748 289 GUILLELMI
1794 217 2174 282 TYRENSIS
2214 218 2579 282 mentun.

246 358 456 417 hentes
478 356 788 417 exercitus.
813 356 1070 422 Quorum
1093 355 1320 429 primus
1340 354 1452 411 fuit
1477 353 1751 412 dominus
1768 351 1895 411 Bal·
1918 354 1973 423 Α
1999 367 2103 410 sus
2119 351 2313 424 jacere
2361 352 2663 411 dicebatur
2684 367 2699 411 t
2724 367 2898 426 quem
2944 351 3112 410 letica
3140 350 3488 426 impositum
3510 366 3647 410 cnm

249 448 468 505 duinus
488 448 656 505 ducis
678 446 875 513 frater,
892 450 1103 502 etcum
1124 461 1192 501 eo
1222 445 1426 501 Petrus
1445 461 1642 501 comes
1671 444 1743 501 de
1763 443 1890 500 Sta-

251 536 476 608 deneis,
530 537 862 593 Rainardus
908 550 1103 592 comes
1160 533 1480 597 Tullensis,
1518 535 1695 591 fratre
1740 534 1890 606 ejus,

249 626 575 683 Balduinus
603 626 673 681 de
717 626 930 697 Burgo,
959 623 1356 680 Guillebertus
1382 623 1454 680 de
1493 623 1684 680 Monte
1713 623 1892 692 claro,

250 731 386 770 cum
407 712 793 787 septingentis
808 713 1105 786 equitibus
1119 718 1177 771 et
1187 713 1553 787 pedestribus
1577 712 1895 786 manipulis

257 802 497 876 aliquot.
531 804 836 861 Secundus
863 804 968 860 fuit
998 803 1270 860 dominus
1297 804 1651 874 Tancredus,
1676 808 1733 859 et
1759 818 1892 860 cum

253 907 318 948 eo
349 892 680 949 Richardus
709 893 779 951 de
811 892 1165 966 principatu,
1196 894 1481 950 Robertus
1510 894 1581 950 de
1633 897 1810 961 Ausa,
1840 896 1901 950 et

250 981 489 1053 quidam
516 980 616 1038 alii
637 981 744 1037 viri
768 981 1153 1050 nobiles,cum
1179 982 1823 1055 quingentiseqnitibus
1843 988 1899 1039 et

256 1069 555 1142 peditibus
587 1070 766 1128 etiam
798 1070 1126 1128 nonnullis.
1156 1071 1376 1129 Horum
1409 1076 1602 1129 autem
1635 1072 1897 1128 omnium

254 1175 438 1217 unum
464 1165 639 1233 atque
661 1162 816 1218 idem
841 1166 966 1218 erat
990 1162 1509 1234 propositum,vias
1533 1166 1897 1236 praetentare,

249 1248 688 1323 circumpositas
732 1250 1028 1322 explorare
1075 1249 1359 1324 regiones,
1390 1255 1448 1307 et
1476 1251 1771 1308 fortunam
1802 1266 1898 1306 ex-

250 1338 448 1412 periri,
483 1354 795 1411 rerumque
825 1343 1117 1408 eventum,
1147 1339 1245 1411 qui
1277 1356 1379 1412 pro
1410 1339 1534 1396 loco
1555 1347 1609 1396 et
1643 1349 1902 1412 tempore

251 1431 597 1498 occurreret,
628 1429 698 1485 ad
731 1427 1082 1503 principum.
1106 1427 1327 1500 quiens
1357 1429 1656 1498 miserant,
1688 1429 1901 1487 referre

257 1517 553 1586 notitiam,
574 1534 689 1592 quo
723 1518 1070 1590 prudentius
1099 1522 1156 1574 et·
1185 1518 1374 1590 magia
1404 1518 1530 1575 sine
1560 1517 1902 1575 discrimine

257 1607 722 1681 proficisceretur
744 1607 1052 1665 exercitus.
1085 1607 1194 1674 Qui
1223 1622 1258 1662 a
1287 1608 1495 1664 castris
1523 1608 1764 1677 egressi,
1789 1609 1898 1680 pri-

2004 443 2410 500 universorum
2443 443 2667 516 gemitu
2697 447 2752 499 et
2769 443 3071 517 lacrymis,
3103 441 3315 514 reliqui
3353 442 3650 514 principes

2000 531 2066 589 in
2096 537 2289 590 castor
2319 532 2675 602 detulerunt,
2706 532 3167 605 chirurgicorum
3198 530 3461 588 adhibita
3484 531 3651 589 solli-

2003 621 2283 689 citudine,
2315 638 2565 694 quorum
2605 638 2775 695 opera
2805 625 2863 677 et
2911 622 3129 691 studio,
3164 621 3653 680 convenientibus

2003 712 2299 782 remediis,
2336 712 2575 784 plenam
2609 716 2807 784 posset
2836 710 3084 769 salntem
3116 711 3396 785 recipere.

2592 817 2829 875 CAPUT
2868 818 3069 876 XVIII.

2007 907 2200 965 Comes
2248 908 2540 964 Tolosanus
2588 909 2664 964 ad
2709 915 2941 964 mortem
2982 906 3325 979 infirmatur.
3359 910 3653 967 Exercitus

2078 982 2413 1050 Lycaoniam
2439 982 2839 1050 pertransiens,
2868 980 3162 1037 Mar-caiam
3196 981 3467 1053 pervenit.
3504 982 3656 1039 Uxor

2079 1052 2345 1108 Balduini
2371 1052 2629 1108 moritur.

2081 1158 2187 1214 Per
2207 1159 2361 1215 idem
2375 1163 2607 1230 tempus
2620 1160 2706 1215 vir
2719 1175 2950 1232 quoque
2969 1159 3314 1232 magnificus
3328 1164 3387 1218 et
3404 1159 3658 1218 illustris

2008 1246 2283 1304 dominus
2311 1248 2693 1320 Raymundus
2720 1249 3043 1305 Tolosanus
3073 1265 3290 1318 comes,
3322 1249 3487 1322 gravi
3534 1266 3660 1307 cor-

2009 1341 2205 1410 reptus
2233 1337 2815 1409 aegritndine,lectica
2836 1337 3100 1395 similiter
3123 1339 3530 1396 deferebatur:
3556 1339 3659 1412 qui

2009 1442 2078 1483 eo
2123 1442 2309 1497 usque
2356 1431 2633 1497 gravatus
2663 1426 2885 1484 exstitit
2922 1430 2988 1483 ut
3031 1427 3089 1483 in
3135 1431 3291 1484 terra
3333 1427 3657 1499 depositus,

2009 1516 2177 1588 quasi
2209 1515 2551 1585 moriturus,
2574 1532 2719 1587 pene
2748 1516 3020 1589 spiritum
3045 1516 3360 1573 exhalaret.
3385 1515 3552 1574 Unde
3571 1517 3661 1574 vir

2011 1605 2354 1662 venerabilis
2384 1606 2655 1662 dominus
2677 1604 2999 1662 willelmus
3020 1605 3422 1663 Aurasicensis
3441 1606 3662 1677 episco-

152 1704 175 1731 ⁸
253 1711 418 1753 mum
449 1696 600 1752 viam
635 1696 849 1768 regiam
881 1713 996 1753 non
1031 1696 1392 1764 deserentes,
1423 1695 1600 1752 urbes
1623 1696 1903 1752 finitimas
2012 1710 2145 1766 pus,
2178 1693 2343 1766 quasi
2364 1696 2483 1765 jam
2517 1695 2813 1763 defuncto,
2839 1693 3096 1751 fidelium
3129 1695 3438 1753 animabus
3459 1696 3661 1752 debita

255 1783 515 1842 leonium
537 1790 596 1842 et
616 1785 948 1843 Heracleam
975 1786 1395 1858 praetergressi,
1420 1787 1652 1843 tandem
1673 1784 1732 1842 in
1754 1785 1901 1842 dex·
1935 1748 1980 1815 Β
2011 1782 2299 1854 impendit
2348 1783 2649 1854 obsequia.
2693 1784 2786 1840 Sic
2842 1799 2978 1855 ergo
3037 1787 3324 1840 tantorum
3377 1784 3657 1857 legiones,

253 1876 405 1929 tram
426 1873 809 1941 declinantes,
830 1890 1033 1931 versus
1054 1891 1215 1931 oram
1246 1874 1601 1931 maritimam
1629 1874 1899 1932 festinare

256 1966 574 2034 coeperunt.
610 1963 736 2020 Dux
767 1979 899 2020 vero
924 1968 982 2020 et
1011 1963 1105 2018 alii
1137 1964 1452 2036 principes,
1485 1964 1585 2036 qui
1616 1964 1672 2020 in
1699 1964 1901 2022 castris

253 2058 681 2119 remanserant,
711 2053 972 2109 locorum
1012 2053 1072 2108 in
1105 2051 1320 2125 quibu's
1347 2054 1743 2110 castrametati
1779 2055 1901 2109 iue-

254 2144 404 2211 rant,
438 2143 605 2199 tracti
647 2142 985 2200 amoenitatc
1035 2151 1088 2199 et
1130 2142 1422 2201 vicinitate
1468 2160 1795 2213 nemorum,
1840 2148 1904 2199 ut

255 2229 364 2287 sibi
390 2231 542 2287 inter
561 2235 646 2287 tot
665 2230 929 2288 laborum
953 2230 1342 2298 difficultates,
1363 2231 1580 2303 aliquid
1604 2232 1905 2289 recreatio-

255 2318 354 2376 nis
384 2318 772 2391 indulgerent,
796 2324 852 2375 et
882 2321 1033 2376 curis
1055 2321 1351 2389 edacibus,
1377 2320 1589 2392 quibus
1605 2321 1901 2393 angeban-

256 2411 356 2466 tur
384 2409 676 2477 continue,
709 2408 1138 2476 subtraherent,
1169 2409 1259 2466 vel
1303 2411 1622 2480 modicum,
1649 2411 1900 2468 venandi

256 2497 444 2570 gratia
473 2498 733 2555 certatim
765 2497 949 2555 saltus
968 2499 1401 2571 ingrediuntur,
1424 2501 1521 2556 ubi
1536 2501 1708 2557 variis
1726 2501 1903 2558 semi-

256 2586 335 2643 tis
363 2588 438 2644 ad
464 2586 691 2644 diversa
721 2587 874 2661 rapti
904 2588 1214 2658 desideria,
1240 2590 1432 2646 varios
1454 2590 1796 2648 invenerunt
1812 2608 1900 2648 re·

263 2691 395 2733 rum
443 2682 702 2733 eventus.
737 2677 889 2732 Inter
936 2692 1085 2748 quos
1134 2677 1252 2733 dux
1281 2678 1479 2748 etiam,
1529 2680 1901 2736 recreationis

256 2764 443 2839 gratia
470 2769 526 2822 et
545 2765 804 2822 exercitii
835 2764 1012 2822 silvas
1035 2765 1360 2838 ingressus,
1383 2766 1440 2822 in
1466 2783 1671 2824 ursum
1691 2767 1903 2826 imma-

257 2855 490 2911 nissimi
539 2854 794 2928 corporis
850 2859 909 2912 et
962 2856 1232 2913 horrendi
1289 2872 1429 2913 casu
1486 2856 1714 2915 incidit.
1767 2858 1903 2928 Qui,

257 2944 400 3000 dum
429 2959 741 3018 pauperem
764 2945 1135 3017 peregrinum
1158 2945 1320 3019 ligna
1344 2946 1510 3004 arida
1539 2953 1905 3021 comportan-

257 3038 378 3092 tem
425 3039 869 3109 persequeretur
906 3036 1182 3108 atrocius,
1213 3035 1429 3109 illeque
1474 3038 1567 3094 vix
1610 3039 1900 3112 refugium

2015 1870 2183 1942 quasi
2214 1871 2508 1928 destitutae
2537 1871 2779 1929 consiliu
2810 1872 3085 1941 virorum,
3120 1888 3262 1945 pene
3300 1872 3359 1929 in
3384 1873 3662 1944 despera·

2011 1961 2232 2017 tionem
2255 1960 2599 2018 conficiendi
2623 1960 2849 2018 itineris
2870 1965 2928 2018 et
2949 1962 3473 2020 consummationis
3495 1967 3661 2019 voto-

2011 2065 2143 2106 rum
2166 2050 2617 2106 descenderant:
2636 2051 2792 2107 uude
2814 2067 3133 2123 proeorum
3156 2054 3314 2109 statu
3331 2050 3658 2125 plurimum

2012 2138 2248 2195 solliciti
2276 2155 2481 2196 omnes
2512 2156 2627 2196 uno
2653 2139 2860 2211 spiritu
2895 2140 3043 2196 fusis
3081 2141 3373 2212 lacrymis,
3399 2145 3468 2197 nt
3495 2141 3662 2198 resti-

2011 2232 2316 2286 tuerentur
2334 2230 2511 2286 saluti
2544 2230 2856 2287 Dominum
2871 2231 3278 2302 precabantur.
3298 2231 3659 2305 Flebantque

2012 2319 2296 2376 orationes
2348 2319 2406 2374 in
2472 2318 2859 2377 celebratione
2906 2319 3257 2389 divinorum,
3306 2337 3410 2395 pro
3454 2322 3541 2377 eis
3586 2322 3661 2379 ab

2012 2408 2286 2464 universa
2306 2409 2408 2465 illa
2430 2409 2838 2482 peregrinante
2867 2409 3110 2468 ecclesia
3134 2427 3147 2466 :
3174 2426 3422 2484 quorum
3439 2410 3663 2484 suppli-

2011 2498 2267 2555 cationes
2296 2504 2354 2555 et
2382 2498 2670 2556 desideria
2699 2499 3008 2556 miserator
3038 2505 3318 2557 Dominus
3347 2502 3663 2557 clementer

2010 2587 2346 2657 exaudiens,
2389 2587 2653 2660 sospitati
2698 2604 2796 2645 eos
2836 2593 2894 2645 et
2939 2589 3122 2661 plenae
3162 2588 3661 2661 convalescentiae,

2010 2677 2398 2748 supplicantis
2420 2676 2617 2750 populi
2641 2682 2768 2734 vota
2784 2677 3038 2750 benigno
3063 2679 3256 2735 favore
3281 2695 3660 2752 prosequens,

2012 2767 2287 2824 restituit.
2318 2767 2680 2823 Transcursa
2712 2766 2890 2839 igitur
2919 2766 3158 2837 Pisidia,
3192 2769 3529 2840 Lycaoniam
3563 2768 3664 2825 in-

2010 2855 2220 2929 gressi,
2247 2858 2483 2914 [conum
2507 2857 2773 2928 ejusdem
2792 2857 3046 2930 regionis
3070 2858 3442 2931 metropolim
3466 2874 3664 2931 perve-

2014 2951 2268 3006 nerunt:
2315 2964 2494 3020 quam
2543 2963 2784 3005 vacuam
2833 2949 3212 3021 reperientes,
3243 2947 3661 3007 alimentorum

2017 3038 2323 3096 maximam
2343 3037 2645 3109 penuriam
2673 3039 2825 3111 passi
2844 3044 3003 3096 sunt.
3024 3039 3197 3095 Turci
3225 3038 3405 3107 enim,
3430 3043 3664 3096 nostro-

261 3123 548 3181 inveniret
586 3130 721 3181 ante
774 3124 977 3180 faciem
1030 3124 1463 3197 subsequentis,
1500 3135 1553 3183 et
1592 3127 1909 3186 imminens
1944 3121 1987 3189 C
2017 3144 2144 3185 rum
2178 3128 2430 3185 adventu
2459 3128 2709 3200 cognito,
2737 3128 2796 3184 in
2828 3127 2992 3185 nulla
3021 3128 3256 3185 urbium
3299 3144 3536 3185 suarum
3568 3145 3662 3185 re·
3705 3136 3730 3147 “

259 3213 448 3270 multo
479 3212 731 3270 clamore
779 3216 1195 3285 protestaretur
1223 3215 1564 3286 periculum,
1597 3216 1742 3274 forte
1788 3219 1909 3274 dux

262 3302 472 3370 adsuit,
520 3305 597 3371 et,
648 3301 817 3359 sicuti
875 3302 1166 3375 plurimus
1214 3308 1339 3360 erat
1390 3304 1450 3360 in
1499 3305 1907 3378 compatiendo

265 3390 541 3462 fratibus,
572 3391 735 3447 velox
780 3388 972 3459 irruit,
1022 3407 1192 3463 opem
1245 3391 1470 3450 laturus
1516 3394 1907 3465 patienti.Vi-

265 3479 411 3537 dens
440 3494 578 3552 ergo
612 3480 805 3537 bellua
825 3481 1028 3538 ducem
1062 3481 1374 3537 instantem
1397 3481 1611 3553 gladio,
1629 3494 1821 3558 spreto
1843 3502 1910 3544 eo

265 3585 444 3642 quem
477 3568 644 3642 prius
664 3569 1142 3642 persequebatur,
1166 3570 1226 3627 in
1259 3572 1483 3629 hostem
1518 3573 1813 3630 fortiorem
1848 3590 1912 3633 se

268 3657 534 3729 contulit,
570 3659 738 3716 dente
779 3664 1043 3716 armatus
1088 3663 1147 3716 et
1197 3661 1532 3733 unguibus;
1564 3662 1914 3734 tandemque

267 3765 418 3821 equo
449 3751 564 3806 dux
594 3750 917 3821 periculose
947 3749 1273 3819 vulnerato,
1298 3752 1484 3808 iactus
1517 3752 1712 3823 pedes,
1735 3752 1916 3811 instat

269 3837 463 3911 gladio
508 3836 920 3895 nihilominus.
953 3836 1138 3894 Ursus
1184 3843 1375 3895 autem
1427 3838 1627 3912 patulo
1676 3839 1825 3898 rictu
1856 3845 1917 3899 et

270 3942 574 3984 murmure
613 3943 924 3985 occurrens
973 3928 1306 3997 horrisono,
1337 3929 1507 3986 ducis
1569 3928 1913 3987 instantiam

272 4014 699 4086 parvipendens
729 4020 1065 4087 contempto
1095 4016 1308 4089 gladio,
1332 4018 1535 4075 nititur
1564 4034 1625 4076 se
1647 4019 1918 4079 cominus

272 4104 535 4176 ingerere
552 4103 911 4177 confligenti.
935 4105 1109 4162 Porro
1141 4107 1258 4162 dux
1289 4107 1608 4166 irruentem
1641 4126 1674 4166 a
1703 4125 1766 4166 se
1787 4127 1919 4183 pro·

281 4193 530 4265 pulsans
549 4192 766 4266 gladio,
789 4193 927 4249 totis
957 4194 1290 4251 enitebatur
1303 4195 1526 4253 viribus
1554 4205 1616 4254 ut
1646 4214 1777 4256 eum
1802 4216 1920 4257 mu·

2013 3218 2259 3276 sistendi
2281 3216 2570 3273 habebant
2591 3216 2864 3273 fiduciam
2892 3235 2906 3286 ;
2938 3218 3041 3274 sed
3073 3216 3663 3290 exspoliatisurbibus

2012 3309 2070 3362 et
2087 3308 2316 3361 vastata
2340 3305 2576 3377 regione
2596 3303 2888 3374 universa,
2902 3321 3036 3361 cum
3061 3304 3341 3361 uxoribus
3359 3308 3418 3361 et
3440 3304 3660 3374 liberis,

2013 3394 2289 3467 gregibus
2345 3397 2403 3450 et
2467 3394 2773 3461 armentis,
2822 3394 3156 3451 omnimoda
3214 3393 3542 3451 substantia
3586 3393 3661 3450 ad

2016 3489 2241 3541 montes
2272 3483 2687 3556 confugiebant
2713 3484 3030 3556 impervios
3048 3484 3106 3540 in
3130 3499 3196 3540 eo
3219 3484 3345 3542 solo
3375 3501 3539 3557 spem
3564 3484 3662 3540 ha·

2021 3565 2247 3641 bentes',
2266 3572 2423 3645 quod
2447 3573 2630 3630 nostri
2653 3571 3065 3630 alimentorum
3096 3573 3293 3645 inopia
3315 3574 3660 3644 fatigati,eo·

2017 3676 2143 3717 rum
2195 3662 2547 3733 pertransire
2592 3662 2860 3735 regiones
2908 3667 3291 3719 maturarent.
3325 3662 3527 3735 Neque
3558 3663 3665 3720 hac

2019 3766 2125 3807 sua
2155 3755 2296 3806 sunt
2323 3750 2599 3824 opinione
2647 3751 2855 3822 delusi,
2878 3768 3012 3809 cum
3044 3752 3227 3809 nostri
3258 3752 3512 3825 regionis
3547 3756 3666 3810 ste·

2021 3837 2295 3896 rilitatem
2321 3839 2624 3909 fugientes,
2647 3843 2706 3896 et
2722 3840 2909 3897 victus
2928 3842 3239 3909 defectum,
3262 3850 3550 3915 quantum
3572 3858 3668 3914 po·

2019 3930 2215 3984 terant
2244 3927 2349 3983 iter
2380 3927 2699 3985 accelerare
2737 3930 3146 4001 properabant.
3166 3931 3305 3986 Inde
3332 3929 3668 3988 Heracleam

2024 4021 2527 4089 pertranseuntes,
2560 4019 2630 4073 ad
2667 4019 2871 4074 urbem
2901 4020 3210 4077 narasiam
3253 4019 3547 4092 applicati,
3569 4037 3670 4077 ca-

2025 4107 2355 4164 strametati
2386 4112 2784 4177 sunt,moram
2815 4107 2899 4165 ibi
2918 4124 3019 4181 per
3034 4109 3293 4167 triduum
3325 4111 3670 4166 continuum

2028 4197 2331 4255 facientes.
2386 4195 2495 4253 Ubi
2549 4197 2770 4255 domini
2822 4197 3116 4267 Balduini,
3172 4200 3433 4272 germani
3478 4199 3667 4261 ducis.

276 4296 451 4336 crone
481 4281 832 4351 perforaret:
875 4297 1069 4338 verum
1103 4281 1221 4352 ille,
1255 4283 1554 4343 declinans
1583 4288 1844 4357 gladium
1864 4292 1923 4346 et
2032 4287 2209 4360 longa
2241 4291 2298 4344 et
2326 4288 2486 4361 gravi
2519 4289 2758 4362 fatigata
2785 4290 3123 4363 aegritudine
3153 4307 3317 4360 uxor,
3341 4307 3515 4364 quam
3545 4292 3674 4365 ipse

278 4366 538 4423 brachiis
569 4369 938 4441 complexum
961 4368 1220 4441 illigans,
1241 4371 1302 4427 in
1333 4372 1521 4431 solum
1554 4376 1754 4433 nititur
1773 4378 1923 4449 deji-
2028 4376 2232 4433 abiens
2263 4378 2539 4435 iratribus
2570 4380 3094 4449 commendaverat,
3116 4396 3184 4438 ex
3214 4380 3491 4453 praesenti
3530 4380 3661 4438 luce

272 4470 423 4524 cere,
456 4460 521 4513 ut
551 4459 661 4514 sub
694 4475 757 4515 se
776 4458 1055 4531 positum,
1083 4458 1258 4516 dente
1279 4464 1338 4517 et
1366 4461 1662 4534 unguibus
1692 4464 1922 4522 facilius
1947 4481 1995 4548 D
2026 4470 2250 4534 vocata,
2273 4467 2494 4540 optimo
2526 4467 2642 4524 fine
2671 4468 2889 4540 quievit
2916 4468 2975 4525 in
3009 4470 3275 4526 Domino.
3307 4470 3445 4527 Erat
3472 4476 3670 4529 autem

269 4544 460 4618 possit
482 4544 724 4603 laniare.
748 4548 892 4603 Vere
913 4547 1081 4604 miles
1103 4550 1371 4623 egregius
1400 4550 1663 4623 gladium
1684 4570 1797 4610 non
1821 4556 1919 4613 de—
2028 4556 2241 4612 nobilis
2271 4558 2561 4627 matrona,
2592 4572 2661 4611 ex
2688 4556 2930 4631 Angelis.
2958 4558 3197 4616 trahens
3226 4559 3535 4631 originem,
3558 4562 3671 4617 Gu-

269 4652 490 4705 serens,
525 4636 695 4694 sicuti
746 4636 837 4693 vir
870 4637 1322 4697 robustissimus
1372 4645 1517 4713 erat,
1566 4642 1708 4700 laeva
1755 4661 1916 4703 com-

268 4726 472 4798 plexus
500 4725 996 4799 belluam‚dextra
1025 4726 1298 4801 impingit
1323 4731 1601 4800 aciem,et
1627 4734 1918 4804 capulote-

269 4833 384 4875 nus
432 4817 710 4876 immerso
759 4816 979 4892 gladio,
1002 4822 1252 4876 mortem
1283 4819 1494 4894 ingerit
1541 4822 1913 4897 colluctanti;

271 4906 508 4964 saucius
580 4911 770 4965 tamen
833 4912 889 4964 et
940 4922 1110 4965 crure
1164 4907 1341 4967 laesus
1398 4910 1913 4982 periculosissime,

271 5000 568 5051 cruentam
595 4997 767 5053 nimis
797 4997 1052 5054 obtinuit
1078 4997 1400 5056 victoriam.
1426 4999 1675 5060 Vulnere
1704 5006 1915 5079 quippe

271 5088 569 5157 gravatus,
591 5090 650 5139 et
680 5086 862 5141 nimia
891 5087 1192 5158 sanguinis
1215 5088 1552 5149 debilitatus
1583 5091 1912 5165 effluxione,

273 5173 393 5231 solo
415 5173 737 5242 decubans,
758 5191 821 5231 se
853 5193 967 5232 non
994 5184 1213 5248 poterat
1234 5180 1472 5251 erigere.
1497 5181 1754 5239 Tandem
1783 5200 1915 5242 vero

271 5260 545 5333 praedicto
573 5277 845 5334 paupere,
872 5262 971 5334 qui
997 5265 1257 5334 ejusdem
1280 5263 1445 5321 ducis
1464 5266 1738 5323 beneficio
1762 5285 1913 5325 mor·

273 5355 393 5407 tem
425 5359 702 5419 evaserat,
722 5351 1140 5424 proclamante,
1170 5357 1228 5410 et
1257 5370 1459 5410 casum
1492 5358 1591 5428 qui
1622 5360 1916 5416 acciderat

273 5439 612 5497 deuntiante
639 5441 991 5514 legionibus,
1016 5444 1267 5499 cururrit
1302 5442 1442 5501 illuc
1474 5444 1788 5505 universus
1820 5466 1916 5520 po·

274 5527 471 5601 palus,
500 5528 600 5587 ubi
628 5530 793 5587 sortis
815 5530 1050 5602 athleta,
1080 5531 1439 5590 exercituum
1477 5542 1780 5608 patronus,
1814 5536 1916 5595 le-

2027 4649 2216 4714 tuera,
2266 4645 2522 4713 nomine,
2573 4645 2692 4701 vita
2738 4651 2796 4703 et
2837 4648 3096 4706 moribus
3139 4649 3669 4707 commendabilis:

2027 4752 2201 4808 quam
2227 4751 2358 4793 cum
2404 4734 2668 4793 honestis
2698 4738 2987 4810 exsequiis
3033 4738 3251 4797 ibidem
3295 4741 3669 4813 sepelierunt.

2641 4843 2874 4901 CAPUT
2904 4846 3054 4902 XIX.

2035 4932 2340 4989 Tancrcdus
2405 4933 2464 4989 in
2504 4934 2751 4991 ciliciam
2794 4934 3136 5006 descendens,
3187 4938 3409 4995 Tarsum
3447 4938 3670 4997 obsidet.

2094 5005 2432 5061 Baldainam
2450 5005 2602 5062 ducis
2630 5010 2863 5076 tratrem
2890 5008 2961 5064 ad
2988 5010 3205 5066 casdem
3232 5018 3414 5083 parces
3441 5011 3664 5069 venien·

2096 5083 2200 5133 tem
2229 5078 2450 5135 honeste
2476 5077 2726 5151 suscipit.

2096 5185 2320 5241 Interea
2355 5185 2439 5242 vir
2468 5201 2571 5257 per
2620 5186 2814 5242 omnia
2861 5190 3348 5247 commendabilis
3396 5191 3672 5248 dominus

2022 5272 2383 5343 Tancredns,
2417 5273 2645 5346 primus
2680 5274 2740 5331 in
2769 5274 3049 5347 Ciliciam,
3080 5278 3305 5336 viarum
3338 5295 3479 5336 casu
3510 5295 3674 5337 secu·

2025 5366 2118 5419 tus
2148 5363 2511 5434 compendia,
2546 5364 2907 5437 perveniens,
2939 5365 3211 5436 Tarsum,
3242 5369 3507 5440 ejusdem
3535 5386 3668 5439 pro·

2024 5451 2225 5508 vincite
2244 5452 2634 5525 metropolim,
2655 5469 2788 5510 cum
2820 5453 2894 5511 iis
2916 5456 3016 5527 qui
3047 5472 3185 5513 eum
3208 5459 3390 5516 secuti
3415 5461 3667 5529 fuerant,

2025 5540 2349 5600 obsederat.
2370 5545 2468 5601 Est
2497 5547 2695 5601 autem
2723 5541 2926 5601 Cilicia
2953 5560 3072 5603 una
3101 5546 3174 5603 de
3202 5547 3669 5622 provinciisque
