3784 6000
77 270 220 330 tm
1082 270 1447 329 EPISTOLAE
1489 264 1575 327 ΕΤ
1615 266 2056 327 PRIVILEGIA.
2106 302 2162 313 -
2204 270 2318 329 ΑΝ.
2360 273 2525 330 1184.
3356 274 3501 334 1238

78 396 383 469 elegerint,
416 397 506 453 vel
530 412 739 453 eorum
766 412 907 469 pars
927 397 1158 454 consilii
1186 398 1444 455 sanioris
1464 396 1738 471 provide·
1772 396 1819 451 Δ
1847 410 2007 451 curae
2034 401 2238 453 vestrm
2271 396 2348 453 ad
2378 397 2825 457 observantiam
2855 401 3145 472 regularis
3175 400 3507 474 disciplinas

81 487 156 544 rit
185 485 516 557 eligendos,
542 486 713 543 salva
739 486 1025 543 nimirum
1056 488 1475 544 constitutione
1504 487 1741 543 Latera-
1849 485 2258 555 commissam,
2293 486 2447 544 sicut
2474 503 2609 544 eam
2634 488 2793 560 juste
2816 494 2875 547 et
2904 490 3142 563 pacifice
3163 489 3506 557 possidetis,

81 574 287 632 nensis
321 574 580 641 concilii,
613 574 662 630 si
692 573 842 631 torte
886 574 1040 632 infra
1066 576 1456 633 constitutum
1496 580 1738 647 tempus

84 662 408 721 Ecclesiam
438 663 515 720 de
560 664 865 720 canonicis
896 680 1019 720 non
1059 665 1404 721 curaveritis
1436 663 1737 721 ordinare.

84 752 241 811 Nulli
268 767 412 823 ergo
441 753 692 809 omnino
717 752 1034 809 hominum
1065 752 1239 811 liceat
1260 753 1420 810 hanc
1456 753 1741 826 paginam

84 846 302 900 nostrie
331 840 745 913 prohibitionis
773 841 1095 912 intringere
1120 841 1216 900 vel
1238 842 1290 898 ei
1316 858 1470 899 ausu
1495 848 1744 900 temera·

84 930 178 988 rio
207 930 525 988 contraire.
554 930 610 986 Si
632 931 769 1002 quis
792 936 994 987 autem
1022 930 1135 987 boc
1149 935 1438 988 attentare
1454 946 1745 1003 proesum-

85 1019 295 1094 pserit,
309 1019 784 1090 indignationem
797 1019 1228 1093 omnipotentis
1244 1020 1407 1079 Deiet
1427 1020 1744 1078 beatorum

85 1108 240 1168 Petri
267 1113 326 1165 et
351 1106 515 1166 Pauli
539 1108 949 1180 apostolorum
981 1110 1116 1183 ejus
1138 1124 1203 1165 se
1229 1109 1461 1167 noverit
1479 1110 1747 1167 incursu-

87 1215 250 1256 rum.

163 1287 380 1345 Datum
418 1286 728 1358 Anagnioe,
761 1302 819 1344 ιιι
851 1286 1150 1345 Kalendas
1182 1286 1367 1345 Martii
1395 1287 1533 1361 (28).

823 1395 1018 1451 CXXX.

170 1482 494 1545 canonicis
521 1482 954 1540 Mutinensibus
982 1484 1275 1611 atunellum
1300 1483 1360 1542 S.
1390 1483 1684 1542 Dalmacii

820 1569 1005 1613 asser-1

580 1644 911 1716 (Anagnioe,
944 1644 1114 1702 Febr.
1163 1646 1279 1718 27.)

1850 574 2023 631 vobis
2053 580 2109 631 et
2138 576 2500 633 monasterio
2539 585 2736 635 vestro
2777 580 3130 636 auctoritate
3173 577 3511 651 apostolica

1850 663 2305 731 confirmamus,
2328 670 2387 721 et
2416 666 2724 738 praesentis
2760 668 2960 740 scripti
2988 668 3319 740 patrocinio
3349 683 3514 725 com-

1854 756 2159 809 munimus
2201 770 2216 819 3
2252 759 2577 811 statuentes
2620 762 2681 812 ut
2722 756 3212 813 sanctimoniales
3252 772 3388 829 quoe
3426 755 3514 812 ibi

1853 841 1968 899 sub
1999 847 2190 899 vestro
2211 844 2499 913 regimine
2521 845 2740 902 divinis
2762 853 3093 903 noscuntur
3108 845 3322 903 officiis
3344 858 3515 902 man-

1852 932 2086 1004 eipatae,
2119 932 2375 989 fundum
2401 933 2513 990 loci
2538 950 2675 990 cum
2696 936 3065 1008 pertinentiis
3087 935 3230 999 suis,
3263 935 3418 991 sicut
3433 933 3512 991 ad

1854 1036 1959 1078 eas
1994 1022 2070 1076 de
2094 1021 2228 1093 jure
2271 1024 2543 1095 pertinet,
2582 1023 2645 1079 in
2673 1038 2822 1096 pace
2855 1024 3220 1096 possideant,
3252 1028 3310 1080 et
3342 1022 3514 1081 vobis

1856 1125 1962 1182 pro
2002 1109 2327 1182 spiritualis
2375 1127 2521 1168 cura
2550 1112 2855 1186 regiminis
2883 1112 3291 1169 obedientiam
3334 1115 3392 1168 et
3427 1125 3516 1168 re-

1857 1199 2186 1255 verentiam
2199 1199 2531 1271 regularem
2549 1201 2922 1275 impendant.
2939 1200 3090 1257 Nulli
3110 1215 3253 1271 ergo
3266 1199 3516 1256 omnino

1856 1287 2173 1346 hominum
2206 1288 2399 1356 liceat,
2439 1288 2599 1347 hanc
2629 1291 2918 1363 paginam
2946 1296 3163 1346 nostroe
3195 1287 3517 1345 confirma·

1860 1377 2036 1434 tionis
2065 1381 2120 1434 et
2158 1378 2595 1435 constitutionis
2619 1379 2938 1450 infringere
2961 1378 3051 1435 vel
3075 1378 3125 1434 ei
3155 1392 3308 1435 ausu
3340 1381 3521 1435 teme-

1861 1465 2020 1523 rario
2051 1466 2366 1522 contraire.
2399 1467 2457 1523 Si
2491 1467 2627 1539 quis
2655 1471 2858 1523 autem
2891 1466 3005 1524 hoc
3036 1468 3329 1524 attentare
3364 1479 3518 1536 prae-

1864 1554 2207 1627 sumpserit,
2230 1555 2705 1625 indignationem
2727 1556 3155 1627 omnipotentis
3175 1553 3273 1610 Dei
3298 1559 3355 1610 et
3379 1552 3522 1610 bea·

1861 1648 2060 1701 torum
2090 1643 2242 1700 Petri
2280 1649 2339 1700 et
2372 1643 2536 1700 Pauli
2574 1643 2984 1717 apostolorum
3022 1644 3154 1715 ejus
3183 1658 3248 1700 se
3286 1641 3521 1700 noverit

175 1734 375 1790 Lucius
410 1731 752 1805 episcopus,
788 1749 997 1789 servus
1038 1749 1344 1792 servorum
1374 1734 1497 1801 Dei,
1528 1734 1756 1791 dilectis
1786 1749 1834 1807 Β
1864 1734 2268 1792 incursurum.

100 1821 241 1879 filiis
273 1821 578 1878 Βοιιιηοιο
616 1823 935 1895 praeposito
976 1829 1032 1880 et
1068 1822 1379 1879 canonicis
1410 1822 1758 1881 Mutinensi-

102 1910 245 1975 bus,
275 1910 527 1968 salutem
558 1916 616 1968 et
654 1910 1047 1985 apostolicam
1076 1910 1578 1969 benedictionem.

177 2000 208 2055 J
215 2000 366 2055 ustis
396 2000 726 2073 petentium
750 1999 1064 2057 desideriis
1084 1999 1318 2057 facilem
1342 2017 1455 2058 nos
1483 2000 1762 2059 convenit

103 2088 373 2162 praebere
412 2104 731 2145 assensum
762 2094 820 2145 et
859 2094 999 2147 vota
1022 2105 1157 2163 quoe
1189 2106 1226 2147 a
1248 2090 1497 2147 rationis
1527 2091 1760 2148 tramite

102 2192 228 2235 non
253 2177 606 2235 discordant
633 2175 847 2235 effectu
871 2183 1274 2252 prosequente
1304 2181 1623 2253 complere.
1656 2182 1762 2238 Ea·

101 2272 366 2342 propter,
416 2266 625 2324 vestris
659 2266 836 2338 justis
867 2267 1371 2339 postulationibus
1412 2272 1583 2341 grato
1620 2283 1758 2326 con·

102 2360 410 2415 currentes
425 2371 705 2421 assensu,
724 2356 1018 2429 capellam
1041 2357 1236 2415 Sancti
1258 2357 1554 2425 Dalmatii,
1572 2373 1758 2431 quam

99 2446 281 2504 bonoe
316 2444 626 2503 memorioe
674 2444 1092 2512 ildebrandus,
1137 2445 1452 2520 quondam
1489 2446 1759 2506 basilicoe

101 2535 427 2593 Duodecim
452 2534 874 2608 Apostolorum
903 2537 1213 2609 presbyter
1240 2536 1588 2603 cardinalis,
1619 2554 1758 2594 cum

101 2623 371 2697 regimen
394 2623 780 2696 episcopatus
807 2624 1149 2681 Mutinensis
1179 2625 1444 2693 haberet,
1475 2627 1760 2683 universi·

105 2712 210 2772 tati
244 2719 454 2770 vestrm
494 2713 925 2770 rationabiliter
952 2714 1222 2782 contulit,
1255 2716 1406 2772 sicut
1454 2731 1588 2772 eam
1631 2716 1757 2772 sine

102 2803 511 2860 controversia
574 2802 913 2876 possidetis,
972 2803 1142 2861 vobis
1196 2809 1254 2862 et
1309 2805 1757 2862 suecessoribus

103 2891 312 2948 vestris
337 2891 684 2949 auctoritate
713 2892 1041 2965 apostoliea
1066 2894 1499 2951 confirmamus
1526 2900 1583 2951 et
1611 2910 1757 2968 proe-

104 2981 289 3038 sentis
316 2980 520 3055 scripti
538 2980 849 3054 privilegio
861 2983 1333 3052 communimus,
1352 2988 1677 3042 statuentes
1697 2988 1758 3041 ut

103 3070 249 3127 nulli
266 3069 517 3126 omnino
533 3070 849 3126 hominum
870 3071 1205 3128 liceatbanc
1228 3074 1512 3145 paginam
1536 3079 1759 3131 nostrae
1791 3106 1830 3165 C

104 3157 582 3216 confirmationis
620 3158 964 3228 infringere,
1009 3159 1099 3216 vel
1137 3161 1189 3216 ei
1239 3176 1395 3219 ausu
1443 3162 1759 3219 temerario

101 3248 419 3305 contraire.
441 3247 498 3305 Si
527 3247 664 3320 quis
685 3251 887 3303 autem
914 3249 1026 3304 hoc
1048 3253 1338 3306 attentare
1364 3265 1761 3323 praesumpse-

100 3338 195 3405 rit,
241 3336 713 3407 indignationem
755 3339 1183 3410 omnipotentis
1217 3338 1317 3395 Dei
1356 3344 1413 3397 et
1439 3339 1759 3397 beatorum

105 3427 252 3482 Petri
278 3432 336 3481 et
357 3426 516 3483 Pauli
545 3425 960 3499 apostolorum
987 3426 1117 3497 ejus
1144 3442 1205 3483 se
1232 3428 1464 3485 noverit
1492 3429 1757 3485 incursu·

101 3530 259 3571 rum.

175 3603 395 3660 Datum
424 3603 733 3675 Anagnioe,
759 3619 816 3659 ιιι
848 3602 973 3659 Kal.
1002 3603 1208 3660 Martii.

831 3693 1029 3750 CXXXI
1040 3733 1053 3746 .

107 3781 465 3839 Monasterio
476 3781 535 3838 S.
553 3781 1247 3923 Ge⁰r⁹iggssssiwffivi⁹r⁰
1261 3782 1475 3841 cellam
1488 3782 1551 3841 S.
1567 3784 1766 3842 Marci

922 3871 1012 3910 rm
1087 3894 1101 3910 .

608 3942 940 4015 (Anagniae,
968 3945 1128 4001 Mart.
1158 3944 1266 4014 10.)

294 4029 599 4105 [Nausea-r,
625 4031 770 4089 cod.
802 4032 1051 4103 diplom.
1072 4033 1292 4100 Alem„
1325 4032 1395 4100 11,
1422 4033 1578 4105 110.]

181 4119 383 4178 Lucius
412 4121 756 4194 episcopus,
789 4137 999 4178 servus
1037 4136 1353 4180 servorum
1384 4121 1505 4190 Dei,
1537 4122 1766 4181 dilectis

109 4210 232 4266 filio
272 4211 609 4267 Maseeomo
643 4215 700 4267 et
735 4210 996 4283 capitulo
1038 4210 1095 4267 S.
1138 4211 1388 4284 Georgii,
1421 4210 1678 4270 salutem
1709 4217 1768 4271 et

110 4298 502 4373 apostolicam
535 4298 1032 4356 benedictionem.

182 4392 209 4447 J
219 4392 363 4449 ustis
377 4391 703 4464 petentium
715 4390 1025 4448 desideriis
1037 4391 1292 4462 dignum
1303 4397 1394 4449 est
1406 4407 1516 4449 nos
1527 4391 1765 4450 facilem

114 4479 380 4552 praebere
399 4494 784 4546 consensum,
800 4485 857 4537 et
879 4489 1016 4538 vota
1036 4496 1172 4553 quae
1198 4496 1235 4537 a
1260 4481 1505 4538 rationis
1532 4482 1765 4539 tramite
1794 4465 1842 4520 D

112 4584 236 4627 non
255 4568 626 4634 discordant,
656 4567 868 4625 effectu
899 4575 1301 4643 prosequente
1317 4571 1638 4643 complere.
1662 4573 1766 4630 Ea·

111 4662 368 4732 propter,
393 4656 590 4714 dilecti
620 4658 682 4714 in
706 4658 959 4715 Domino
987 4657 1109 4728 filii,
1131 4660 1338 4716 vestris
1352 4659 1532 4731 justis
1561 4665 1767 4733 postu-

112 4747 441 4805 lationibus
497 4752 669 4818 grato
726 4748 1114 4804 conniventes
1163 4764 1439 4818 assensu,
1487 4748 1766 4807 cellulam

116 4839 177 4894 S.
206 4839 401 4902 Marci,
439 4851 476 4893 a
503 4835 853 4909 presbytero
885 4838 1187 4894 Semanuo
1221 4837 1338 4910 (29)
1370 4836 1683 4896 fundatam
1714 4844 1770 4898 et

188 5015 302 5088 (28)
332 5014 514 5071 Lucio
537 5014 605 5071 Ill
640 5013 815 5071 eletto
830 5014 1123 5085 pontefice
1141 5016 1344 5072 l’anno
1373 5015 1528 5087 1181,
1554 5015 1615 5072 lu
1641 5031 1768 5073 cos·

121 5091 291 5143 tretto
327 5086 408 5144 da
463 5086 747 5143 sedizioni
797 5086 1050 5143 Romani
1092 5102 1130 5144 a
1171 5092 1292 5143 star
1329 5085 1517 5157 lungo
1567 5092 1686 5145 tem

119 5156 272 5213 fuori
302 5156 362 5212 di
405 5158 639 5225 Roma;
694 5172 725 5212 e
771 5172 876 5240 pei·
921 5155 979 5213 lo
1063 5158 1120 5213 iu
1170 5157 1229 5213 in
1280 5157 1536 5228 Anagni.
1573 5157 1691 5214 finc
1737 5173 1769 5215 e

119 5228 322 5285 l'anno
355 5230 509 5293 ¹184,
548 5243 740 5286 venne
778 5243 839 5284 in
880 5227 1021 5284 Lom
1070 5227 1262 5299 ardis,
1298 5243 1330 5284 e
1359 5227 1669 5285 fermatosi
1706 5230 1768 5286 in

119 5301 373 5366 Verona,
390 5298 468 5354 ivi
490 5301 641 5355 mori
657 5300 714 5355 al
728 5304 798 5356 25
817 5299 876 5355 di
902 5300 1231 5356 Novembre
1256 5297 1353 5356 del
1376 5300 1533 5356 1185.
1551 5300 1771 5367 Quindi

121 5369 313 5443 questi
345 5376 428 5427 tre
450 5370 632 5426 Breve
645 5371 877 5441 segnati
907 5369 1001 5426 nel
1025 5371 1357 5428 medesimo
1381 5370 1594 5442 giorno
1616 5388 1772 5429 sem-

122 5442 227 5498 bra
238 5457 361 5498 nno
389 5446 787 5515 appartenere
817 5440 910 5498 all’
927 5457 1088 5499 anno
1112 5443 1274 5508 1163,
1296 5445 1510 5500 ocerto
1540 5457 1661 5500 non
1682 5458 1772 5500 es·

122 5527 265 5570 sene
289 5510 476 5569 molto
504 5510 752 5569 lontani.

191 5584 309 5661 (2⁹)
346 5583 486 5644 &at
512 5584 850 5645 &mannus
877 5587 1088 5663 pastor
1113 5582 1380 5646 ecclesio
1408 5582 1472 5645 in
1504 5582 1773 5646 subvet-

1941 1824 2154 1882 natum
2183 1822 2491 1894 Anagniae,
2517 1840 2577 1879 vi
2609 1823 2746 1879 ldus
2777 1822 2958 1880 Martii
2988 1822 3127 1895 (30).

2572 1911 2825 1969 cxxxtl.

1870 2002 2112 2059 Ordinis
2121 2001 2712 2059 Praemomtratensis
2720 2001 3144 2071 protectionem
3158 1998 3425 2070 suscipit,
3444 1998 3525 2055 le-

2186 2088 2403 2146 vesque
2422 2086 2495 2130 ac
2520 2073 2839 2144 pn’viteqia
2863 2074 3198 2141 confirmat.

2365 2162 2699 2235 (Anagniae,
2729 2164 2890 2219 Mart.
2914 2160 3024 2234 10.)

2030 2251 2128 2326 [La
2148 2252 2340 2321 Puer,
2372 2251 2655 2311 ΒίῠιίοιΙι.
2694 2253 3172 2319 premonstrat„
3204 2249 3247 2305 1.
3280 2255 3362 2315 iu,

2580 2356 2643 2414 p.
2662 2342 2810 2413 635.]

1940 2432 2142 2489 Luctus
2170 2431 2513 2503 episcopus,
2544 2446 2749 2487 servus
2788 2444 3098 2487 servorum
3136 2428 3256 2493 Dei,
3290 2425 3523 2485 dilectis

1866 2521 2002 2578 filiis
2024 2523 2237 2578 Hucom
2264 2519 2473 2577 abbati
2504 2519 3056 2577 Proemonstratensi
3081 2524 3139 2575 et
3174 2517 3400 2576 coeteris
3416 2516 3522 2574 ab·

1864 2610 2111 2669 batibus
2126 2608 2501 2667 etcanonicis
2520 2608 3104 2667 praemonstratensis
3127 2605 3378 2673 ordinis,
3396 2611 3520 2664 tam

1865 2700 2261 2774 proesentibus
2279 2714 2467 2773 quam
2488 2697 2723 2763 futuris,
2742 2697 3081 2768 regularem
3095 2696 3280 2753 vitam
3300 2694 3523 2768 profes-

1867 2790 1954 2847 sis
1991 2790 2051 2846 in
2083 2793 2465 2862 perpetuum.

1939 2878 2005 2936 In
2027 2879 2309 2935 eminenti
2325 2875 2671 2950 apostolicae
2693 2874 2850 2931 sedis
2868 2873 3132 2947 specula,
3156 2874 3294 2932 licet
3317 2872 3525 2928 imme·

1865 2967 1986 3036 riti,
2034 2966 2392 3041 disponente
2442 2966 2694 3023 Domino
2738 2963 3062 3030 constituti,
3115 2978 3225 3036 pro
3267 2959 3527 3033 singulo-

1867 3073 2003 3114 rum
2036 3062 2194 3114 statu
2220 3056 2451 3114 solliciti
2482 3071 2615 3113 esse
2646 3054 3085 3127 compellimur,
3116 3059 3175 3110 et
3203 3068 3276 3110 ea
3301 3051 3527 3108 sincere

1868 3150 2141 3203 tenemur
2177 3146 2453 3219 amplecti
2485 3161 2621 3219 quoe
2651 3144 2730 3202 ad
2760 3144 3196 3200 incrementum
3226 3139 3529 3211 religionis

1868 3236 2166 3308 pertinent
2187 3240 2246 3291 et
2267 3235 2345 3292 ad
2377 3235 2661 3291 virtutum
2693 3238 2963 3306 spectant
2993 3237 3295 3300 ornatum,
3319 3233 3531 3303 quate-

1868 3339 1983 3381 nus
2009 3324 2423 3393 religiosorum
2455 3323 2626 3396 quies
2667 3322 2745 3378 ab
2785 3322 2951 3379 omni
2982 3322 3056 3377 sit
3084 3318 3529 3393 perturbatione

1870 3427 2083 3470 secura
2120 3417 2179 3468 et
2213 3426 2250 3468 a
2274 3411 2424 3483 ,iugo
2454 3411 2781 3468 mundanae
2818 3409 3231 3483 oppressionis
3262 3411 3529 3465 servetur

1870 3501 2076 3567 illoesa,
2113 3516 2254 3557 cum
2293 3499 2622 3573 apostolica
2658 3497 2833 3556 fuerit
2863 3498 3109 3554 tuitione
3138 3497 3391 3553 munita.
3430 3498 3533 3553 At-

1870 3590 2183 3649 tendentes
2218 3590 2417 3663 itaque
2446 3587 2758 3661 quomodo
2786 3587 2998 3659 religio
3037 3591 3092 3644 et
3128 3585 3279 3642 ordo
3314 3588 3525 3653 vester,

1873 3680 2063 3739 multa
2092 3678 2392 3750 refulgens
2430 3677 2619 3749 gloria
2659 3677 3008 3734 meritorum
3047 3680 3103 3732 et
3141 3673 3330 3746 gratia
3353 3671 3532 3730 redo-

1872 3771 2003 3828 lens
2015 3768 2343 3827 sanctitatis
2364 3766 2638 3839 palmites
2658 3783 2800 3824 suos
2819 3782 2855 3824 a
2875 3765 3239 3837 mariusque
3261 3763 3340 3822 ad
3363 3774 3529 3820 mare

1873 3859 2224 3926 extenderit,
2237 3859 2437 3931 ipsum
2462 3856 2735 3914 ordinem
2747 3859 2804 3913 et
2819 3856 3128 3913 universas
3142 3854 3359 3910 domos
3372 3851 3424 3922 ej
3434 3866 3534 3907 us-

1873 3951 2015 4009 dem
2044 3947 2272 4007 ordinis
2297 3946 2640 4020 apostolica!
2661 3945 3043 4018 protectionis
3061 3939 3532 4016 proesidioduxi-
3632 4016 3637 4021 Ι

1877 4056 2015 4097 mus
2036 4037 2442 4095 confovendas
2454 4041 2510 4093 et
2524 4035 2803 4109 praesenti
2820 4033 3127 4108 privilegio
3140 4028 3530 4088 muniendas.

1876 4131 2222 4202 Eapropter,
2277 4125 2474 4183 dilecti
2521 4125 2583 4184 in
2633 4123 2886 4181 Domino
2924 4121 3050 4188 filii,
3099 4119 3310 4177 vestris
3351 4116 3531 4190 iustis

1874 4213 2380 4292 postulationibus
2406 4213 2726 4286 benignius
2746 4217 3101 4277 annuentes,
3121 4208 3199 4266 ad
3223 4204 3532 4280 exemplar

1873 4306 2060 4365 felicis
2105 4302 2536 4362 recordationis
2578 4301 2893 4359 Alexandri
2936 4296 3393 4371 praedecessoris
3419 4310 3535 4353 no·-

1874 4397 2003 4462 stri,
2024 4394 2333 4451 universas
2361 4392 2665 4464 regulares
2685 4390 3083 4449 institutiones
3109 4393 3168 4446 et
3193 4385 3530 4460 dispositio-

1875 4501 2005 4552 nes,
2026 4499 2182 4558 quas
2206 4482 2283 4539 de
2302 4481 2613 4539 communi
2636 4495 2933 4538 consensu
2964 4476 3057 4535 vel
3082 4475 3332 4548 majoris
3363 4479 3420 4532 et
3439 4489 3532 4532 sa-

1874 4573 2059 4632 nioris
2090 4572 2276 4646 partis
2305 4570 2547 4639 fecistis,
2580 4570 2732 4627 sicut
2754 4568 3000 4626 inferius
3019 4567 3401 4630 denotantur,
3424 4578 3532 4621 au-

1874 4661 2144 4721 ctoritate
2173 4660 2500 4734 apostolice
2533 4658 2887 4716 roboramus
2907 4661 2965 4714 et
2991 4654 3303 4729 praesentis
3327 4651 3531 4725 scripti

1877 4751 2184 4827 privilegio
2214 4749 2682 4817 communimus,
2714 4745 2982 4804 videlicet
3010 4749 3074 4802 ut
3104 4745 3252 4802 ordo
3281 4740 3532 4800 canoni-

1877 4856 2003 4913 cus,
2035 4838 2551 4913 quemadmodum
2579 4837 2642 4893 in
2668 4834 3221 4894 Proemonslratensi
3247 4828 3528 4897 Ecclesia,

1876 5015 1983 5082 ler,
2024 5013 2261 5072 Alsatiae
2300 5010 2624 5085 superioris
2663 5010 2912 5083 oppido,
2951 5009 3056 5082 qui
3092 5005 3533 5080 parthenonem

1881 5088 1939 5145 S.
1970 5086 2165 5153 Marci,
2197 5099 2359 5141 anno
2398 5087 2533 5142 1105
2560 5081 2825 5140 flammis
2859 5083 3157 5143 exustum,
3200 5091 3363 5135 anno
3396 5075 3532 5156 1103

1923 5157 2138 5285 rotpriis
2177 5171 2313 5285 sgim
2363 5154 2532 5281 ῑίὴιιῗί
2549 5151 2920 5211 restauravit.
2963 5150 3026 5206 P.
3070 5151 3240 5207 Bern.
3284 5148 3428 5204 Lanz
3470 5160 3531 5201 in

2015 5269 2028 5284 .
2152 5269 2164 5283 .
2243 5266 2257 5280 .
2343 5243 2373 5282 e
2412 5244 2446 5282 r
2538 5264 2551 5277 .

1952 5241 2482 5372 (εθοῗὲἱωωοιέι-ιῼ
2473 5295 2828 5369 aliquandiu
2853 5292 3137 5364 Anagnia:
3167 5291 3399 5364 poterat
3415 5287 3534 5344 Lu-

1881 5371 2010 5429 cius
2047 5368 2115 5426 lll
2145 5386 2243 5426 an.
2276 5367 2431 5434 1183,
2463 5374 2601 5426 ante
2649 5382 2788 5423 uam
2831 5364 3046 5422 eodem
3077 5377 3240 5420 anno
3278 5363 3533 5417 Romam

1879 5441 2118 5507 rediret,
2150 5456 2291 5497 cum
2320 5445 2499 5498 antea
2540 5382 2763 5495 Veffitroe
2791 5436 3144 5501 habitasset,
3175 5437 3233 5490 et
3262 5430 3343 5490 ab
3369 5444 3532 5489 anno

1878 5510 2318 5648 meronie,
2346 5516 2410 5570 ut
2438 5527 2473 5568 a
2502 5508 2908 5568 vexationibus
2936 5509 3347 5566 Romanorum
3375 5517 3442 5560 se
3463 5500 3536 5560 li·
