3784 6000
168 250 292 314 575

1236 254 1666 319 GUILLuLtn
1707 250 2122 319 TYRIENSIS
2161 248 2518 313 ARGHOEP.

3467 202 3588 305 are

175 384 1812 463 officii,utprovictualibusnecessariisquetamadusum
1845 391 1906 457 Α
1934 386 2066 443 Mihi
2091 385 2408 452 vindictam,
2464 390 2516 440 et
2550 397 2645 454 eqo
2716 379 3025 438 retribuam
3077 377 3262 449 (Rom.
3309 390 3418 441 xn,
3477 373 3586 443 19).

172 472 479 531 hominum
495 493 670 548 quam
679 477 1087 548 jumentorum
1101 477 1153 534 al
1174 478 1408 535 imentis
1440 496 1542 551 per
1563 479 1818 536 sububa-

176 577 251 618 na
272 561 445 636 longe
465 564 695 637 lateque
719 570 993 637 vagantes
1011 583 1071 623 se
1093 567 1473 639 porrigerent.
1500 568 1720 634 Quibus
1743 566 1815 622 ad

174 651 494 708 custodiam
518 654 687 708 datus
715 659 805 710 est
835 655 1110 711 dominus
1142 655 1472 713 Willelmus
1523 658 1595 713 de
1624 655 1815 722 Buris,

175 758 306 798 cum
340 742 635 812 equitibus
669 743 845 800 mille.
877 745 1055 801 Porro
1084 744 1191 813 illi,
1224 745 1376 803 sicut
1396 747 1612 802 talibus
1672 745 1820 802 solet

173 846 304 889 esse
332 831 716 900 consuetudo,
749 833 996 906 separati
1028 835 1100 891 ab
1132 835 1405 902 invicem,
1434 851 1666 892 omnem
1708 851 1819 890 coe-

171 925 387 995 perunt
417 921 710 993 regionem
735 927 952 978 temere
975 924 1351 995 perlustrare,
1390 927 1643 982 studiose
1663 940 1818 980 seor-

172 1027 304 1067 sum
330 1015 388 1066 et
411 1011 536 1066 sine
559 1010 1300 1081 consortibusincedeutes,
1319 1014 1547 1087 utquod
1569 1013 1818 1086 quisque

173 1099 445 1172 repiriret
474 1100 699 1156 caeteris
731 1117 846 1156 non
879 1102 1344 1165 communicans,
1374 1102 1482 1158 sibi
1518 1101 1818 1174 proprium

173 1187 533 1253 vindicaret3
567 1188 829 1259 dumque
849 1189 1002 1246 circa
1037 1190 1154 1246 boec
1191 1191 1590 1247 detinerentur
1646 1206 1818 1247 occu·

178 1275 318 1348 pati,
373 1280 427 1331 ct
475 1276 809 1332 suburbana
845 1277 1230 1350 effringentes,
1287 1279 1473 1352 spolia
1549 1280 1618 1335 ad
1686 1295 1822 1336 suos

183 1367 547 1433 comportare
579 1365 868 1434 nituntur,
901 1366 1306 1439 imprudenter
1325 1369 1500 1424 nimis
1529 1374 1827 1441 coeperunt

184 1468 248 1510 se
271 1452 500 1521 babere,
524 1452 901 1510 etmilitarem
918 1457 1244 1528 transgredi
1262 1456 1823 1529 disciplinam.Quod

183 1541 431 1598 audiens
450 1540 943 1598 Damascenorum
968 1543 1236 1617 princeps
1257 1544 1677 1618 Doldequinus,
1702 1561 1828 1618 spe·

184 1648 321 1689 rans
350 1631 523 1686 sicuti
542 1631 768 1698 accidit,
791 1630 1055 1688 incautos
1074 1649 1173 1690 eos
1194 1644 1247 1689 et
1274 1634 1534 1691 locorum
1571 1635 1830 1707 ignaros,

185 1720 235 1777 si
256 1719 454 1775 subito
472 1735 606 1775 cum
628 1719 753 1775 suis
772 1720 1037 1789 irrueret,
1063 1738 1231 1794 posse
1247 1723 1550 1792 conticere,
1571 1740 1833 1795 assump-

183 1807 261 1864 tis
292 1808 403 1863 sibi
436 1824 506 1863 ex
539 1808 697 1864 omni
728 1824 970 1866 numero
1022 1826 1263 1867 suorum
1292 1812 1750 1882 expeditissimis
1779 1820 1834 1868 et

189 1912 252 1952 re
281 1894 526 1951 militari
559 1896 1057 1968 prudentioribus,
1083 1899 1279 1954 subita
1304 1901 1717 1972 congressione
1737 1917 1832 1957 no·

193 1987 345 2041 stros
377 1984 477 2056 qui
504 1983 867 2056 pabulatum,
902 1992 964 2042 ut
994 1988 1395 2059 praediximus,
1451 1989 1679 2045 incaute
1712 2005 1838 2060 pro-

189 2077 509 2143 cesserant,
542 2074 838 2144 adoritur3
871 2078 929 2132 et
975 2076 1316 2148 imparatos,
1350 2079 1598 2150 aliisque
1624 2078 1832 2134 studiis

191 2163 400 2220 dantes
445 2179 701 2233 operam,
742 2162 907 2220 facile
963 2167 1137 2221 vertit
1168 2167 1225 2221 in
1261 2167 1497 2238 fugam;
1550 2168 1840 2238 dispersos

189 2252 408 2325 passim
444 2267 544 2322 per
573 2268 767 2323 agros,
799 2253 1104 2310 obtruncat
1133 2271 1148 2322 ;
1181 2271 1286 2312 nec
1319 2256 1550 2326 insequi
1593 2254 1840 2323 desistit,

195 2340 381 2397 donec
405 2343 523 2395 tam
545 2339 752 2412 vulgus
778 2357 956 2412 quam
982 2343 1165 2398 robur
1187 2345 1577 2415 egregiorum,
1601 2344 1734 2415 quis
1754 2343 1839 2399 eis

204 2428 278 2483 ad
308 2427 637 2482 custodiam
659 2427 921 2499 deputati
955 2430 1280 2500 fuerant,in
1306 2432 1500 2503 fugam
1535 2431 1842 2499 convertit,

198 2514 470 2588 pluribus
499 2530 569 2570 ex
598 2516 681 2572 eis
709 2515 1095 2588 interemptis.
1132 2522 1252 2587 Quo
1283 2529 1596 2592 comperto,
1659 2519 1846 2576 nostri

209 2602 307 2675 qui
338 2603 400 2658 in
431 2604 681 2660 exercitu
714 2608 898 2674 erant,
924 2606 998 2663 ad
1029 2611 1247 2663 tantam
1297 2607 1725 2679 populsandam
1757 2609 1851 2664 in-

199 2693 444 2764 juriam,
476 2696 534 2747 et
563 2692 635 2747 ad
666 2691 940 2749 ultionem
960 2696 1426 2768 prosequendam
1452 2697 1656 2767 parati,
1686 2714 1850 2753 arma

210 2781 549 2853 corripiunt,
602 2781 872 2839 hostibus
927 2783 1177 2850 obviam,
1241 2784 1486 2840 viriliter
1541 2785 1849 2842 obstinatis

210 2869 431 2926 animis
461 2873 520 2925 et
549 2871 947 2942 indignatione
968 2873 1152 2928 nimia
1174 2874 1456 2942 accensis,
1489 2874 1573 2930 ire
1603 2879 1807 2947 parant
1831 2890 1846 2931 t

210 2974 345 3016 cum
375 2957 570 3015 subito
598 2958 780 3017 virtus
801 2960 1016 3030 divina,
1039 2979 1152 3036 qua
1178 2963 1379 3035 invita,
1403 2962 1701 3021 bominum
1733 2979 1848 3020 non

210 3048 351 3104 satis
382 3052 801 3117 promoventur
831 3051 1080 3123 negotia,
1107 3056 1326 3108 tantam
1352 3053 1629 3108 imbrium
1654 3053 1855 3109 immi·

211 3136 985 3207 sitintemperiem,tantam
1044 3140 1192 3197 aeris
1246 3141 1577 3212 caliginem,
1627 3127 1927 3201 tantamC

211 3225 464 3294 viarum,
488 3231 724 3298 propter
754 3244 1037 3301 aquarum
1069 3231 1485 3288 abundantiam
1537 3233 1854 3289 difficulta-

210 3318 354 3383 tem,
386 3317 451 3369 ut
476 3314 569 3370 vix
586 3316 658 3371 de
675 3316 795 3372 vita
817 3318 1069 3384 nemine,
1096 3320 1208 3375 nisi
1229 3320 1353 3377 sola
1373 3321 1519 3376 aeris
1541 3320 1858 3378 inclemen-

218 3403 303 3460 tia
333 3409 700 3476 perurgente,
740 3422 972 3478 sperare
1027 3407 1244 3465 liceret.
1277 3408 1643 3481 Caliginosus
1699 3412 1858 3468 enim

222 3506 339 3563 aer,
361 3500 413 3546 et
436 3492 678 3548 nubium
694 3494 977 3561 densitas,
994 3501 1296 3553 ventorum
1322 3500 1497 3555 etiam
1522 3499 1859 3572 irregularis

221 3596 562 3652 concursus,
596 3582 848 3639 tonitrua
875 3590 932 3640 et
951 3586 1382 3643 coruscationes
1403 3588 1760 3659 saepissimae,
1800 3588 1858 3645 id

223 3669 413 3742 ipsum
440 3670 626 3728 multo
644 3676 780 3730 ante
799 3673 1292 3746 significaverant.
1317 3676 1427 3733 Sed
1463 3677 1661 3750 ignara
1683 3678 1862 3734 futuri

223 3774 390 3815 mens
439 3759 745 3817 bominum
777 3779 950 3831 casca,
997 3769 1360 3822 revocantem
1412 3782 1529 3822 non
1570 3768 1865 3824 exaudivit

221 3848 478 3905 divinam
501 3850 1039 3924 longanimitatem:
1063 3859 1160 3912 sed
1187 3856 1635 3929 eainvita,quod
1659 3858 1867 3929 impos·

222 3938 393 3995 sibile
419 3945 527 4010 est,
572 3945 877 4013 procedere
909 3945 1134 4001 nititur.
1166 3944 1561 4019 videntesque
1592 3965 1692 4019 pro
1732 3964 1869 4019 pec-

224 4027 372 4083 catis
403 4046 598 4086 eorum
621 4030 947 4089 immissam
967 4036 1570 4108 aerisintemperiens,
1594 4043 1869 4096 revocant

222 4117 294 4173 de
317 4119 663 4176 necessitate
680 4122 1037 4192 propositum
1058 4127 1398 4194 3etmutatis
1431 4127 1863 4185 conditionibus

226 4206 328 4278 qui
362 4205 628 4263 hostibus
649 4210 901 4278 primum
935 4212 1243 4279 terribiles,
1263 4214 1631 4288 nimiumque
1660 4232 1866 4289 suspe-

227 4294 304 4349 cti
326 4295 698 4365 advenerant,
724 4313 878 4353 nunc
900 4298 1065 4356 hoste
1086 4302 1278 4374 quieto
1299 4309 1355 4359 et
1375 4303 1549 4362 etiam
1573 4306 1869 4378 superiore

224 4380 395 4450 sacto,
429 4383 542 4438 sibi
573 4383 719 4456 ipsis
751 4387 910 4441 oneri
932 4393 1098 4446 erant
1126 4406 1139 4456 ;
1175 4394 1232 4446 et
1277 4390 1353 4446 ad
1387 4393 1619 4463 propria
1681 4395 1868 4450 redire

1928 476 2264 542 Per-cutiam,
2305 479 2357 530 et
2402 472 2607 529 sanabo
2627 489 2651 537 ,·
2677 475 2728 528 et
2755 485 2853 540 eqo
2879 471 3065 526 vivere
3101 468 3347 538 luciam:
3381 468 3442 519 et
3477 479 3590 520 m

1926 574 2001 624 est
2026 566 2126 639 qui
2152 564 2218 621 de
2245 580 2415 618 manu
2443 577 2562 619 mea
2589 562 2758 632 possit
2785 574 2977 616 eruero
3005 559 3188 626 (Dent,
3231 570 3423 623 xxxn,
3470 552 3590 624 39).

1929 659 1996 710 Et
2032 669 2183 722 vere,
2211 651 2473 707 Domine.
2496 649 2641 706 Nam
2662 651 2802 704 dum
2831 663 2930 702 rex
2950 645 3092 703 solis
3114 642 3280 714 regui
3302 642 3404 699 sui
3449 641 3590 697 viri·

1930 743 2041 799 bus
2072 746 2130 797 et
2148 739 2379 813 propria
2403 755 2547 794 usus
2577 737 2808 805 militia,
2842 732 3354 806 superabundanti
3373 729 3592 786 divinas

1930 832 2128 905 gratita
2155 846 2218 886 se
2246 827 2542 884 commisit
2569 830 2779 892 totum,
2812 825 2884 880 de
2904 824 3178 879 hostibus
3211 819 3433 893 saepius
3501 818 3592 875 in·

1932 923 2193 993 speratos
2228 916 2538 989 reportavit
2567 915 2931 985 triumphos;
2967 912 3065 969 ubi
3088 927 3224 968 vero
3257 910 3330 966 de
3379 907 3587 965 multi-

1936 1008 2133 1066 tudine
2149 1007 2465 1074 confidens,
2493 1005 2747 1062 bominis
2787 1018 2962 1077 opera
2981 1017 3044 1056 se
3066 998 3378 1058 sublimari
3416 1011 3590 1070 posse

1935 1096 2407 1172 praesumpsit,·et
2439 1091 2840 1165 multiplicatis
2866 1088 3099 1148 auxiliis
3145 1086 3584 1172 dle-mortalium

1941 1187 2117 1260 coepit
2145 1186 2358 1241 virtute
2397 1183 2710 1249 confidere,
2743 1181 2987 1253 gratiam
3020 1176 3384 1235 subtrahens
3449 1191 3584 1232 sum

1936 1277 2059 1334 suis
2080 1273 2514 1332 conditionibus
2538 1271 2849 1343 reliquisti.
2883 1268 3037 1324 Abiit
3056 1268 3213 1323 enim
3243 1267 3303 1322 in
3331 1265 3592 1322 mullitu-

1938 1366 2074 1423 dine
2102 1364 2401 1429 confusus,
2435 1362 2536 1434 qui
2568 1362 2630 1417 in
2661 1359 2971 1431 paucitate,
3006 1355 3239 1413 Domini
3273 1355 3455 1411 fretus
3485 1370 3590 1411 an·

1937 1455 2099 1522 xiiio,
2140 1457 2212 1509 de
2251 1451 2521 1508 hostibus
2554 1449 2720 1506 facile
2773 1449 3156 1504 consueverat
3194 1444 3584 1516 triumphare.

1938 1545 2034 1602 Sic
2064 1559 2201 1615 ergo
2232 1539 2514 1612 temporis
2545 1537 2830 1596 divinitus
2853 1535 3122 1591 immissa
3149 1533 3347 1590 abacti
3372 1532 3587 1588 intem-

1941 1634 2098 1705 perie
2127 1641 2177 1688 et
2208 1630 2368 1687 coelis
2397 1634 2606 1685 contra
2640 1644 2738 1685 eos
2783 1623 3299 1698 impugnantibus,
3364 1637 3472 1680 neo
3522 1622 3586 1677 de

1944 1724 2067 1780 suis
2091 1722 2188 1794 qui
2223 1720 2481 1776 hostium
2515 1716 2726 1789 gladiis
2750 1714 3082 1773 ceciderant
3110 1715 3358 1784 sumpta
3389 1714 3478 1769 est
3507 1708 3587 1767 ul·

1945 1813 2048 1880 tio,
2075 1827 2176 1866 nec
2211 1807 2576 1882 propositum
2604 1804 2835 1862 effectui
2867 1801 3200 1872 mancipare
3241 1804 3581 1866 potuerunt.

1947 1903 2049 1959 llis
2077 1900 2159 1956 ita
2188 1900 2388 1971 gestis,
2422 1896 2606 1953 nostri
2639 1894 2933 1967 principes
2963 1891 3037 1947 ab
3082 1889 3371 1947 alterutro
3404 1888 3588 1960 divisi,

1947 1989 2313 2064 impossibile
2341 1988 2642 2044 credentes
2674 1983 2832 2056 quod
2872 1984 3190 2054 inemptum
3233 1979 3400 2052 prius
3429 1994 3588 2050 opus,

1950 2080 2115 2136 iacile
2149 2082 2340 2151 posset
2358 2094 2422 2133 ce
2453 2080 2658 2131 caetero
2688 2071 3038 2138 continuari,
3072 2070 3142 2127 ad
3180 2069 3426 2142 propria
3464 2072 3593 2125 sunt

1953 2169 2186 2225 reversi.
2221 2166 2485 2222 Mortuus
2506 2168 2596 2218 est
2624 2160 2855 2217 interim
2883 2160 2987 2232 piae
3006 2157 3306 2214 memoria.-
3321 2158 3592 2214 domiuus

1951 2258 2287 2329 Stephanus
2318 2252 2647 2325 patriarcba
2708 2246 3290 2320 Hierosolymorum3
3325 2244 3426 2302 cui
3482 2261 3597 2302 suc—

1955 2346 2128 2403 cessit
2153 2342 2429 2400 dominus
2458 2339 2811 2407 Willelmus,
2847 2336 3002 2406 prior
3029 2335 3284 2391 ecclesiis
3322 2333 3596 2392 Dominici

1956 2432 2252 2506 Sepulcri:
2298 2430 2384 2485 vir
2440 2425 2702 2498 simplex,
2762 2424 2982 2482 modice
3038 2421 3355 2491 litteratus,
3425 2422 3597 2478 forma

1959 2525 2226 2591 decorus,
2275 2517 2605 2575 moralitate
2663 2512 3150 2571 commendabilis
3183 2536 3200 2581 ς
3263 2511 3597 2583 Flamingns

1961 2613 2215 2679 natione,
2250 2608 2319 2665 de
2335 2624 2401 2663 eo
2430 2606 2557 2662 loco
2586 2604 2683 2677 qui
2706 2602 2923 2659 dicitur
2952 2601 3212 2671 Mecine;
3246 2601 3395 2673 regi,
3431 2598 3600 2673 regui·

1962 2717 2074 2774 que
2107 2697 2465 2771 principibus
2487 2699 2546 2753 et
2575 2694 2785 2768 populo
2820 2692 3093 2749 universo
3151 2688 3479 2763 plurimum
3508 2704 3597 2745 ac·

1962 2798 2188 2863 ceptus.

2529 2853 2758 2911 CAPUT
2795 2851 3030 2908 xxvtt.

1964 2946 2314 3007 Boamttndus
2334 2943 2783 3003 antiochenorum
2803 2943 3073 3012 princeps,
3105 2941 3166 2995 in
3196 2939 3406 2995 Cilicia
3458 2937 3600 2994 circa

2037 3021 2382 3077 Mamistram
2436 3018 2722 3073 occiditur.
2774 3015 2891 3070 Rex
2935 3013 3261 3068 Antiochum
3319 3015 3598 3079 properat.

2038 3092 2348 3150 Boomundi
2375 3105 2522 3144 uxor
2548 3098 2757 3157 patrem
2787 3087 3175 3140 advenientem
3205 3087 3385 3138 tentat
3425 3087 3599 3151 repet.

2035 3166 2177 3230 lere,-
2204 3162 2295 3219 sed
2314 3163 2515 3216 civium
2543 3174 2707 3231 opera
2734 3158 2852 3228 reqi
2876 3155 3115 3212 traditur
3137 3157 3357 3223 civitas,
3388 3155 3603 3209 exclusa

2028 3236 2395 3307 principissa.

2039 3328 2351 3395 Postquam
2375 3320 2551 3392 igitur
2587 3318 2859 3375 dominus
2889 3307 3269 3373 Boamundus
3302 3314 3461 3384 regis
3513 3326 3607 3384 ge-

1969 3431 2092 3486 ner,
2126 3414 2391 3485 princeps
2412 3409 2808 3466 Antiochenus
2837 3406 2907 3462 ab
2932 3422 3001 3462 ea
3055 3403 3429 3477 expeditione
3481 3400 3608 3458 red-

1969 3506 2095 3563 iens
2123 3507 2181 3561 in
2214 3519 2382 3560 suam
2415 3518 2477 3558 se
2511 3500 2724 3572 recepit
2754 3496 3128 3571 provinciam,
3161 3496 3404 3552 Rodoan
3440 3491 3610 3550 male·

1972 3594 2244 3654 dictionis
2268 3593 2449 3661 silius,
2476 3590 2729 3662 italapioe
2751 3587 3043 3660 princeps,
3072 3586 3405 3642 Turcorum
3439 3580 3615 3639 domi·

1971 3690 2140 3742 nator
2153 3683 2616 3754 potentissimus,
2636 3678 2781 3734 ssnes
2794 3674 3290 3733 Antiochenorum
3308 3672 3612 3746 ingressus

1973 3778 2082 3831 est.
2115 3772 2219 3828 Cui
2249 3788 2383 3827 cum
2415 3770 2688 3825 dominus
2716 3769 2981 3838 princeps
3011 3764 3209 3821 volens
3239 3778 3379 3819 eum
3411 3778 3447 3818 a
3487 3759 3610 3816 suis

1973 3877 2167 3919 arcere
2197 3859 2432 3926 finibus,
2464 3858 2691 3914 obviam
2726 3862 3109 3928 properasset,
3129 3852 3189 3909 in
3219 3851 3492 3908 Ciliciam
3516 3851 3611 3905 de·

1976 3951 2221 4017 scendit,
2244 3949 2377 4005 aliis
2398 3948 2575 4003 etiam
2594 3950 2813 4002 tractus
2830 3943 3044 4012 causis,
3070 3958 3198 4014 quaa
3231 3939 3610 3997 domesticam

1975 4047 2032 4098 et
2062 4039 2404 4097 familiarem
2460 4036 2753 4092 habebant
2778 4035 3077 4090 rationem.
3111 4030 3218 4088 Ubi
3249 4045 3388 4088 oum
3446 4028 3506 4085 in
3551 4042 3613 4083 eo

1975 4133 2102 4190 loco
2130 4130 2229 4203 qui
2259 4128 2472 4185 dicitur
2495 4127 2723 4182 Pratum
2752 4122 3083 4197 palliorum,
3105 4121 3166 4177 in
3188 4118 3615 4193 campestribus

1977 4221 2092 4278 late
2123 4218 2455 4292 patentibus
2481 4219 2917 4273 castrametatus
2947 4211 3333 4280 est,hostium
3363 4209 3615 4265 irruente

1978 4309 2171 4366 subito
2196 4306 2584 4363 multitudine.
2608 4304 2731 4360 suis
2752 4319 2883 4360 eum
2905 4298 3392 4363 destituentibus,
3411 4295 3618 4366 gladiis

1979 4398 2282 4454 confossus
2314 4395 2555 4451 interiit.
2590 4393 2839 4464 Magnus
2871 4390 3159 4464 princeps,
3210 4396 3265 4444 et
3296 4392 3418 4443 Deo
3458 4387 3509 4442 si
3537 4384 3615 4439 vi·

226 4469 528 4528 victoriam
572 4473 920 4543 reputabant
951 4476 1322 4534 immensam.
1360 4480 1539 4552 Igitur
1603 4483 1866 4541 vinidos
1897 4496 1944 4562 1)
1976 4488 2154 4543 xisset
2177 4484 2471 4547 amabilis.
2503 4483 2616 4539 nisi
2649 4498 2805 4538 mors
2835 4482 3147 4537 immatura
3176 4482 3235 4533 et
3265 4492 3398 4533 sors
3428 4474 3616 4532 invida

227 4559 589 4629 Decembris,
621 4579 776 4619 anno
808 4565 880 4620 ab
911 4566 1320 4624 iucarnatione
1342 4571 1569 4628 Domini
1602 4573 1758 4642 1130,
1785 4589 1867 4630 re-

224 4650 323 4721 gui
353 4650 575 4708 domini
607 4651 877 4710 Balduini
910 4656 1278 4726 duodecimo,
1299 4660 1509 4716 accidit
1544 4660 1745 4728 boc,in
1769 4679 1872 4719 eo·-

227 4741 363 4797 dem
396 4741 511 4799 iere
541 4742 689 4812 loco,
723 4743 821 4801 ubi
853 4748 1233 4817 quadriennio
1281 4751 1446 4824 prius
1489 4750 1775 4824 insignem
1815 4759 1870 4808 et

229 4831 456 4888 cunctis
479 4835 919 4892 memorabilem
944 4842 1013 4896 de
1037 4841 1254 4897 eisdem
1290 4841 1561 4899 hostibus
1587 4843 1739 4898 idem
1773 4858 1873 4899 rex

230 4919 559 4979 obtinuerat
589 4924 865 4996 palmam.
899 4928 1163 4986 Mirabile
1194 4935 1305 5000 est,
1328 4936 1385 4987 et
1413 4947 1544 4988 vere
1580 4931 1868 4997 mirabile,

232 5011 289 5060 et
317 5023 495 5079 supra
515 5013 820 5083 opiniones
848 5017 1178 5088 hominum,
1220 5020 1371 5092 quod
1403 5021 1475 5077 de
1506 5037 1612 5076 sua
1660 5021 1871 5077 virtute

230 5103 979 5174 presumentesssumitias,
1012 5114 1222 5165 aeterne
1252 5108 1515 5166 Salvator
1542 5113 1631 5176 ;et
1663 5109 1762 5182 qui
1811 5110 1869 5165 in

227 5185 466 5244 homine
516 5191 841 5260 confidunt,
888 5202 942 5250 et
994 5212 1230 5253 carnem
1273 5203 1502 5270 ponunt
1568 5198 1871 5255 brachium

231 5291 426 5343 suum,
436 5278 635 5350 jaculo
649 5286 756 5337 tuis
776 5282 1227 5355 maledictionis,
1250 5287 1472 5344 meritis
1485 5288 1870 5360 exigentibus,

228 5369 535 5425 contendis
558 5388 572 5439 ;
599 5372 925 5442 adjutorem
951 5391 1066 5431 nou
1092 5392 1371 5447 quoerens,
1398 5393 1501 5434 nsc
1522 5377 1719 5449 gloriae
1740 5393 1876 5434 con·

227 5456 594 5530 participem.
625 5463 701 5516 Tu
742 5461 897 5518 enim
954 5464 1177 5535 dixisti,
1235 5466 1533 5523 benedicte
1589 5468 1872 5524 Domine:

231 5541 475 5602 Gloriam
531 5564 713 5606 meam
757 5550 927 5608 sueri
961 5568 1075 5609 uon
1127 5553 1264 5611 dabo
1321 5555 1454 5627 (isa.
1508 5570 1705 5627 xnvtu,
1757 5557 1872 5628 11).

1979 4576 2256 4633 humanis
2275 4593 2408 4632 eum
2431 4574 2606 4629 rebus
2624 4571 3004 4627 subtraxisset
3026 4584 3040 4624 ε
3064 4584 3180 4641 quo
3197 4582 3341 4623 casu
3371 4564 3618 4638 populus

1981 4666 2381 4724 Antiochenus
2396 4669 2588 4720 mente
2602 4660 2920 4734 plurimum
2936 4660 3372 4723 consternatus,
3388 4654 3491 4727 qui
3514 4652 3617 4708 sub

1981 4758 2142 4813 illius
2166 4756 2386 4828 regima
2416 4757 2603 4809 tutum
2628 4769 2728 4824 per
2748 4754 2919 4823 longa
2937 4746 3262 4819 temporius
3283 4762 3350 4802 se
3376 4743 3622 4802 arbitra·

1981 4846 2154 4902 batur
2176 4861 2345 4916 posse
2392 4842 2738 4902 conservari.
2796 4845 2854 4896 et
2908 4838 2982 4894 de
3039 4837 3172 4907 ejus
3229 4831 3624 4891 adolescentia

1983 4951 2164 5007 supra
2193 4934 2248 4987 id
2282 4948 2455 5003 quam
2496 4930 2792 5003 expediret
2815 4926 3184 5002 praesumebt,
3217 4924 3277 4980 in
3335 4923 3621 4980 recidivas

1984 5025 2192 5080 iterum
2227 5022 2556 5079 incidentes
2588 5018 3007 5092 querimonias,
3063 5023 3126 5071 ut
3170 5014 3298 5071 sine
3341 5012 3624 5084 principis

1981 5112 2174 5170 officio
2196 5112 2412 5167 iterum
2436 5111 2700 5167 hostibus
2722 5108 2917 5181 praeda
2939 5106 3164 5173 flerent,
3190 5102 3625 5159 communicato

1982 5203 2223 5261 consilio
2254 5201 2558 5258 dominum
2590 5197 3115 5269 Hierosolymorum
3146 5207 3340 5266 regem
3364 5192 3625 5248 evocant.

1985 5294 2146 5359 Quod
2182 5302 2484 5363 postquam
2517 5289 2754 5345 domino
2801 5286 2922 5359 regi
2955 5282 3294 5340 nuntiatum
3319 5283 3433 5349 est,
3495 5276 3628 5335 sacti

1984 5382 2240 5438 novitate
2297 5385 2608 5450 permotus,
2651 5376 2866 5432 timens
2923 5390 2995 5431 ne
3027 5388 3129 5446 pro
3173 5369 3343 5427 ducis
3398 5368 3625 5426 deiectu

1986 5470 2268 5542 praedictas
2291 5467 2510 5541 regioni
2531 5467 2789 5523 deterius
2806 5463 3024 5537 aliquid
3045 5459 3430 5531 contingeret,
3455 5454 3633 5515 omis·

1987 5557 2072 5616 sis
2103 5556 2383 5631 propaiis,
2413 5556 2588 5629 coepit
2613 5555 2807 5614 alisna
2830 5566 3060 5624 curare,
3085 5549 3168 5608 nil
3196 5551 3484 5620 reputans
3503 5544 3633 5604 alie·

3679 992 3690 1123 i

3683 1130 3690 1167 l

3685 1178 3690 1229 l
