3784 6000
104 237 255 295 1200

1091 231 1463 292 amsi-om
1500 231 1591 288 er
1629 232 2069 308 vaimeu.
2105 267 2176 282 -
2214 229 2329 293 AN.
2370 217 2532 295 uss.

3386 231 3531 294 tato

104 363 258 421 tiam
276 361 497 419 veritas
512 376 632 418 non
663 359 969 434 relinquit.
990 362 1335 433 Eapropter,
1360 358 1629 416 dilectiin
1649 360 1757 415 Do-
1791 361 1840 416 A
1945 360 2063 433 Ego
2101 362 2315 419 Lucius
2345 361 2652 419 catholicae
2681 361 2951 419 Ecclesioe
2982 359 3306 432 episcopus
3328 376 3415 416 ss.

107 452 278 509 mino
318 450 444 517 filii,
468 450 684 508 vestris
701 451 878 521 justis
922 447 1430 522 postulationibus
1468 447 1759 505 clemente

101 541 455 609 annuimus,
495 545 551 596 et
581 536 895 611 proefatum
928 538 1357 596 monasterium
1377 537 1608 593 Sanctae
1630 534 1761 592 Flo-

102 646 204 695 rae,
236 630 298 686 in
329 644 453 701 quo
504 627 711 684 divino
741 626 1066 699 mancipati
1130 627 1270 683 estis
1316 624 1636 698 obsequio,
1684 622 1758 681 ad

101 717 413 791 exemplar
438 717 954 790 praedecessorum
983 720 1330 773 nostrorum
1358 712 1759 771 Innocentiiet

102 807 447 873 Alexandri,
462 809 873 864 Romanorum
906 804 1282 877 pontificum,
1303 804 1417 860 sub
1440 802 1597 861 beati
1609 799 1758 859 Petri

99 902 163 956 et
179 901 387 953 nostra
417 895 784 968 protectione
799 893 1165 967 suscipimus
1193 899 1251 951 et
1278 893 1585 966 praesentis
1614 890 1761 948 scri-

101 986 192 1060 pti
214 985 548 1058 priviliegio
568 986 1756 1055 communimus,statuentesutquascun-

100 1090 225 1149 que
253 1076 690 1148 possessiones,
705 1089 1085 1147 quaecunque
1098 1075 1261 1131 bona
1276 1074 1438 1130 idem
1457 1075 1755 1130 monaste-

98 1166 260 1223 rium
289 1165 349 1222 in
381 1163 835 1237 praesentiarum
860 1164 1020 1235 juste
1049 1170 1107 1220 et
1146 1163 1436 1220 canonice
1469 1159 1754 1234 possidet,

99 1257 205 1310 aut
228 1251 579 1309 infuturum
605 1251 993 1309 concessione
1017 1252 1399 1324 pontificum,
1448 1247 1757 1321 largitione

99 1354 314 1414 regum
348 1340 439 1397 vel
453 1340 820 1414 principum,
847 1340 1153 1398 oblatione
1180 1339 1468 1408 fidelium,
1500 1353 1607 1394 seu
1628 1336 1757 1393 aliis

91 1428 279 1501 justis
307 1428 527 1496 modis,
559 1434 881 1502 praestante
936 1430 1213 1499 Domino,
1242 1428 1454 1502 poterit
1480 1424 1754 1500 adipisci,

99 1518 280 1577 firma
300 1518 473 1575 vobis
486 1518 818 1592 vestrisque
840 1518 1291 1576 successoribus
1312 1521 1373 1575 et
1387 1515 1617 1573 illibata
1629 1529 1759 1586 pcr-

99 1612 410 1665 maneant.
448 1607 513 1663 ln
539 1607 762 1681 quibus
792 1608 922 1665 hoec
948 1608 1204 1682 propriis
1233 1606 1521 1664 duximus
1559 1603 1757 1677 expri-

1941 451 2061 520 Ego
2089 451 2348 508 Theodin
2358 467 2424 506 us
2439 450 2777 508 portuensis
2796 451 2924 506 etS.
2940 449 3168 505 Rutinoe
3180 447 3523 521 episcopus.

1940 541 2063 610 Ego
2089 540 2307 597 Paulus
2336 541 2733 597 Praenestinus
2765 539 3082 611 episcopus
3126 553 3210 593 ss.

1939 627 2063 699 Ego
2088 629 2402 702 presbyter
2421 628 2744 686 cardinalis
2758 628 2843 685 tit.
2876 626 3410 687 SanctoeSusannae
3429 642 3512 683 ss.

1939 718 2061 788 Ego
2093 717 2377 775 vivianus
2431 718 2579 775 tituli
2642 717 2835 776 Sancti
2889 715 3177 789 Stephani
3223 714 3287 771 in
3341 715 3525 773 Coelio

1867 807 2056 863 Monte
2083 808 2394 881 presbyter
2412 807 2736 865 cardinalis
2764 825 2848 864 ss.

1939 897 2060 970 Ego
2121 896 2426 954 Laborans
2494 896 2813 969 presbyter
2869 893 3195 953 cardinalis
3280 892 3515 951 Sanctoe

1866 985 2060 1042 Merite
2092 990 2250 1042 trans
2272 984 2543 1042 Tiberem
2576 986 2664 1042 tit.
2697 984 2905 1042 Calixti
2937 1000 3025 1041 ss.

1941 1076 2062 1144 Ego
2102 1074 2337 1131 Landus
2375 1074 2690 1147 presbyter
2738 1072 3065 1131 cardinalis
3113 1071 3200 1129 tit.
3251 1068 3521 1128 Basilicoe

1865 1166 1946 1219 xii
1975 1162 2392 1234 Apostolorum
2420 1181 2500 1218 ss.

1939 1254 2058 1322 Ego
2101 1251 2466 1325 Hyacinthus
2514 1252 2673 1310 diac.
2721 1250 3044 1310 cardinalis
3096 1252 3154 1307 S.
3206 1248 3403 1307 Marioe
3458 1248 3521 1305 in

1867 1340 2185 1399 cosmedin
2211 1359 2298 1400 ss.

1939 1432 2061 1501 Ego
2111 1430 2345 1488 Ardicio
2414 1431 2708 1489 diaconus
2773 1427 3097 1487 cardinalis
3166 1428 3252 1484 tit.
3314 1424 3517 1485 Sancti

1864 1517 2108 1577 Thomoe
2128 1536 2211 1576 ss.

1939 1610 2058 1680 Ego
2085 1609 2398 1667 Gratianus
2420 1610 2501 1667 tit.
2527 1612 2882 1667 Sanctorum
2907 1609 3134 1665 Cosmae
3164 1610 3220 1663 et
3241 1601 3519 1662 Damiani

101 1696 327 1753 menda
355 1695 692 1754 vocabulis:
722 1699 998 1754 Castrum
1024 1698 1257 1753 Sanctae
1286 1695 1468 1753 Floroe
1498 1709 1637 1750 cum
1663 1708 1755 1750 ca·
1789 1732 1835 1788 Β
1868 1696 2027 1755 diac.
2060 1698 2227 1754 card.
2251 1715 2335 1755 ss.

101 1784 279 1860 pellis
307 1801 444 1859 quoe
468 1785 529 1843 in
542 1786 756 1843 eodem
788 1790 983 1843 castro
1012 1786 1141 1844 sitoe
1171 1791 1333 1854 sunt,
1361 1782 1655 1857 capellam
1670 1782 1761 1839 vi-

102 1874 317 1932 delicet
342 1875 540 1933 Sancti
570 1876 887 1942 Anastasii‚
944 1875 1236 1948 capellam
1270 1874 1468 1934 Sancti
1519 1870 1757 1942 Angeli,

102 1963 401 2036 capellam
417 1963 1009 2036 SanctiApollinaris,
1025 1963 1322 2038 capellam
1354 1963 1553 2022 Sancti
1581 1964 1762 2018 Zeno·

101 2053 284 2121 nis,et
310 2052 611 2126 quidquid
625 2053 778 2124 juris
799 2054 1029 2110 habetis
1059 2055 1118 2111 in
1145 2052 1377 2126 capella
1400 2054 1633 2110 Sanctoe
1645 2052 1757 2107 Ma-

95 2142 227 2209 riae,
277 2143 706 2199 monasterium
736 2141 934 2199 Sancti
965 2141 1112 2198 Petri
1152 2141 1386 2213 Maioris
1408 2141 1470 2198 in
1526 2139 1760 2197 civitate

99 2231 372 2288 Arretina
392 2247 530 2288 cum
551 2231 810 2303 hospitio
826 2236 882 2288 et
902 2231 1186 2289 omnibus
1204 2229 1574 2304 pertinentiis
1599 2227 1756 2284 suis:

98 2320 444 2392 adjicientes
469 2325 533 2377 ut
562 2336 690 2389 vos,
719 2319 1052 2377 secundum
1082 2321 1399 2394 antiquam
1413 2323 1472 2376 et
1498 2316 1760 2376 rationa-

100 2409 286 2466 bilem
306 2408 805 2466 consuetudinem
837 2415 1122 2476 vestram,
1144 2409 1385 2482 possitis
1400 2406 1551 2465 illud
1574 2405 1758 2462 libere

96 2498 381 2555 ordinare
405 2515 420 2565 ;
461 2497 758 2571 capellam
781 2498 983 2556 Sancti
1002 2498 1263 2571 Gregorii
1281 2495 1758 2571 etquidquidJu-

92 2585 181 2642 ris
218 2586 449 2643 habetis
473 2587 534 2642 in
560 2585 815 2644 ecclesia
841 2587 1040 2645 Sancti
1062 2586 1423 2652 Laurentini,
1458 2588 1757 2643 monaste·

94 2673 257 2732 rium
289 2675 486 2732 Sancti
518 2675 815 2732 Michaelis
849 2675 925 2733 de
967 2682 1170 2734 monte
1199 2674 1426 2733 Pineuli
1469 2690 1607 2731 cum
1661 2688 1755 2729 ca·

96 2763 274 2837 pellis
301 2770 357 2821 et
386 2764 514 2821 aliis
544 2764 669 2820 suis
693 2766 1084 2837 pertinentiiS‚
1110 2765 1424 2822 ecclesiam
1442 2763 1641 2822 Sancti
1656 2764 1753 2819 Pe·

95 2853 166 2909 tri
200 2857 255 2909 et
285 2853 482 2910 Sancti
511 2853 758 2911 'l'iburtii
790 2854 844 2910 in
875 2853 1188 2925 Gargonsa
1216 2870 1355 2911 cum
1387 2850 1754 2927 pertinentiis

98 2942 247 3013 suis,
265 2941 495 3016 plebem
513 2943 714 2999 Sancti
728 2944 1040 3002 Martinide
1060 2943 1414 3017 Galognano
1430 2959 1560 3000 cum
1578 2940 1757 2998 omni-

91 3031 211 3088 bus
242 3032 613 3104 pertinentiis
633 3033 1079 3106 suis,quidquid
1092 3033 1244 3106 ⁴juris
1257 3032 1490 3091 habetis
1505 3033 1566 3088 in
1580 3030 1756 3105 plebe

1944 1788 2064 1857 Ego
2116 1787 2280 1844 Bobo
2324 1787 2617 1845 diaconus
2672 1784 2995 1844 cardinalis
3047 1784 3131 1841 tit.
3177 1780 3378 1840 Sancti
3407 1784 3524 1838 An·

1870 1876 1986 1948 geli
2006 1894 2086 1932 ss.

1924 1949 2061 2039 'Ego
2123 1964 2425 2024 Gerardus
2472 1967 2557 2023 tit.
2589 1965 2647 2022 S.
2688 1962 2931 2021 Adriani
2973 1961 3270 2018 diaconus
3323 1956 3521 2016 cardi·

1871 2055 2030 2111 natis
2046 2071 2126 2111 ss.

1944 2146 2062 2217 Ego
2087 2143 2613 2202 Octavianusdiac.
2640 2142 2809 2200 card.
2840 2141 2926 2198 tit.
2948 2142 3304 2198 Sanctorum
3334 2134 3520 2207 Sergii

1869 2234 2162 2290 etBacchi
2188 2250 2268 2290 ss.

1941 2325 2063 2394 Ego
2094 2322 2401 2381 Soffredus
2425 2322 2581 2379 diac.
2613 2321 2780 2380 card.
2820 2320 2903 2377 tit.
2950 2319 3185 2376 Sanctae
3214 2314 3407 2375 Marioe
3454 2312 3518 2370 in

1868 2412 1978 2469 Via
2005 2411 2149 2470 Lata
2178 2430 2258 2469 ss.

1940 2503 2059 2573 Ego
2116 2500 2367 2558 Albinus
2423 2500 2720 2559 diaconus
2763 2496 3085 2556 cardinalis
3140 2493 3229 2553 tit.
3283 2492 3518 2550 Sanctoe

1864 2589 2061 2646 Marias
2084 2591 2262 2647 Novae
2286 2608 2364 2647 ss.

1938 2682 2151 2737 Datum
2171 2678 2428 2746 velletri,
2458 2695 2563 2753 per
2586 2693 2837 2735 manum
2866 2673 3133 2746 Hugonis
3161 2673 3379 2728 sanctae
3407 2670 3516 2725 Ro·

1866 2783 2061 2825 manoe
2074 2768 2348 2825 Ecclesioe
2362 2761 2966 2838 notarii,octavoldus
2977 2763 3002 2817 J
3014 2760 3158 2826 unii,
3191 2756 3516 2815 indictione

1864 2856 2081 2929 prima,
2121 2856 2553 2914 iucarnationis
2603 2852 2927 2912 Dominicoe
2998 2864 3160 2906 anno
3197 2846 3515 2905 millesimo

1865 2946 2190 3004 centesimo
2219 2946 2570 3018 octogesino
2602 2943 2889 3009 secundo,
2944 2938 3330 3014 pontificatus
3369 2948 3512 2993 vero

1865 3033 2077 3093 domni
2106 3035 2266 3093 Lucii
2296 3036 2368 3093 111
2396 3051 2568 3109 papae
2599 3050 2761 3092 anno
2790 3033 2982 3090 tertio.

100 3120 333 3178 Sanctoe
369 3119 672 3186 Mustiolae,
697 3122 995 3196 quidquid
1015 3122 1168 3194 juris
1196 3121 1435 3179 habetis
1464 3122 1528 3179 in
1567 3121 1758 3179 eccle-
1791 3094 1835 3153 C
1940 3126 2187 3192 Signum
2209 3125 2375 3183 Lucii
2403 3125 2477 3182 ΙΙΙ
2503 3140 2700 3198 papoe.

96 3209 188 3266 sia
211 3210 405 3266 Sancti
438 3208 728 3266 vincentii
758 3211 822 3266 in
852 3211 1128 3277 Cortona,
1155 3215 1419 3268 castrum
1468 3211 1544 3268 de
1594 3212 1756 3277 Qua-

94 3303 228 3356 rata
256 3313 395 3355 cum
421 3297 674 3356 ecclesia
694 3300 894 3356 Sancti
920 3299 1170 3357 Andreas
1193 3305 1248 3357 et
1264 3303 1426 3357 curte
1441 3299 1757 3375 sua.quid-

92 3386 246 3460 quid
274 3387 509 3444 habetis
536 3388 599 3445 in
629 3390 848 3446 Sancto
878 3390 1156 3452 hlamma,
1197 3395 1460 3447 castrum
1487 3388 1562 3445 de
1592 3391 1754 3461 Mug-

92 3476 237 3534 lano
267 3493 405 3535 cum
437 3477 687 3534 ecclesia
707 3477 908 3535 Sancti
941 3477 1147 3550 Angeli
1170 3482 1402 3535 etcurte
1425 3493 1556 3545 sua,
1582 3477 1755 3550 quidt

76 3566 270 3639 ,quidj
281 3567 401 3622 uris
421 3566 657 3624 habetis
679 3566 740 3623 in
754 3571 919 3623 curte
933 3567 1131 3625 Sancti
1147 3567 1442 3640 Prosperi,
1456 3564 1754 3639 quidquid

85 3655 240 3728 juris
257 3654 566 3713 habetisin
583 3655 836 3712 ecclesia
852 3658 1084 3714 Sanctoe
1102 3656 1297 3713 Μαι-ἰῶ
1312 3655 1370 3713 in
1395 3654 1540 3712 Villa
1576 3654 1749 3719 Alba,

94 3751 358 3801 castrum
390 3745 464 3801 de
497 3745 785 3803 Fontiano
814 3761 954 3802 cum
984 3745 1238 3803 ecclesia
1287 3746 1484 3804 Sancti
1520 3745 1668 3802 Petri
1695 3750 1753 3801 et

89 3833 460 3908 pertinentiis
492 3834 639 3901 suis,
663 3840 926 3893 castrum
956 3834 1032 3892 de
1064 3835 1383 3907 Rughitino
1408 3850 1549 3892 cum
1568 3832 1755 3891 eccle·

91 3923 195 3979 siis
223 3928 281 3980 et
307 3929 468 3980 curte
489 3940 621 3991 sua,
644 3924 962 3982 ecclesiam
991 3925 1191 3982 Sancti
1213 3924 1427 3982 Leonis
1457 3940 1597 3982 cum
1612 3940 1741 3998 per.

91 4011 357 4069 tinentiis
375 4012 521 4084 suis,
544 4012 861 4070 ecclesiam
882 4015 1116 4072 Sanctae
1138 4014 1323 4071 Floroe
1345 4014 1583 4073 Minoris
1608 4030 1744 4089 cum

93 4101 413 4172 medietate
443 4118 568 4160 suoe
607 4102 790 4161 curtis
836 4108 895 4160 et
938 4105 1122 4161 curtis
1180 4104 1255 4161 de
1311 4103 1545 4175 Bulgari
1606 4119 1744 4160 cum

82 4192 218 4263 jure
247 4191 411 4264 quod
440 4191 673 4249 habetis
730 4193 792 4249 in
821 4193 1071 4252 ecclesia
1124 4193 1321 4252 Sancti
1365 4192 1661 4251 Laurentii
1689 4197 1745 4250 et

91 4281 286 4338 Sancti
311 4280 672 4348 sebastiani,
717 4280 1038 4339 ecclesiam
1084 4283 1147 4340 S.
1212 4283 1360 4338 Petri
1404 4282 1465 4339 in
1515 4281 1743 4341 Maiano

86 4385 225 4425 cum
241 4368 373 4440 jure
403 4368 569 4443 quod
600 4368 711 4428 sibi
741 4369 1003 4440 habetis,
1032 4375 1090 4428 et
1112 4370 1408 4445 quidquid
1426 4371 1662 4429 habetis
1681 4372 1743 4427 in

86 4457 430 4525 polliciano,
458 4456 581 4515 Pilli
609 4463 668 4515 et
694 4458 755 4514 in
784 4458 938 4517 vico.

158 4546 424 4604 Obeunte
454 4563 594 4605 vero
620 4551 675 4604 te
704 4563 863 4606 nunc
884 4547 1158 4621 ejusdem
1215 4549 1331 4609 loci
1368 4550 1609 4618 abbate,
1647 4550 1740 4609 vel

85 4639 320 4692 tuorum
351 4637 619 4710 quolibet
650 4652 1096 4706 successorum,
1128 4638 1295 4697 nullu
1328 4639 1443 4697 sibi
1470 4638 1741 4714 qualibet

81 4723 487 4796 subreptionis
519 4726 740 4782 atsutiu
765 4726 855 4783 vel
877 4726 1156 4785 violentia
1179 4732 1591 4800 praeponatur,
1621 4728 1737 4785 nisi

79 4829 261 4886 quem
291 4814 502 4871 fratres
540 4815 849 4872 communi
870 4831 1198 4883 consensu,
1221 4816 1314 4872 vel
1331 4816 1581 4875 fratrum
1596 4831 1738 4890 pars

81 4903 311 4960 consilii
343 4904 620 4972 sanioris,
674 4904 1013 4963 secundum
1052 4906 1150 4963 Dei
1179 4906 1455 4963 timorem
1486 4911 1544 4964 et
1572 4906 1734 4964 beati

81 4991 375 5049 benedicti
406 4993 695 5066 Regulam
723 4994 1092 5073 providerint
1128 4995 1495 5068 eligendum.
1526 4996 1738 5072 Sepul-

79 5083 276 5137 turam
297 5097 540 5157 quoque
566 5082 877 5156 ipsiusloci
904 5082 1158 5140 liberam
1183 5099 1313 5141 esse
1327 5085 1731 5155 decernimus,

83 5174 147 5225 ut
175 5184 383 5227 eorum
440 5170 743 5229 devotioni
777 5176 837 5228 et
890 5177 1172 5230 extremae
1216 5173 1504 5232 voluntati
1531 5175 1639 5248 qui
1668 5190 1731 5231 se

81 5256 201 5315 illic
231 5259 463 5331 sepeliri
494 5260 906 5329 delibarevint‚
937 5262 1727 5335 nisisintexcommunicati,

78 5346 282 5404 nullus
299 5349 575 5406 obsistat.

155 5437 538 5494 Decernimus
564 5453 707 5510 ergo
733 5447 797 5497 ut
823 5440 970 5498 nulli
1021 5440 1272 5499 omnino
1296 5440 1615 5501 hominum
1662 5442 1730 5500 li·

79 5530 234 5594 ceat,
265 5530 376 5585 etc.
399 5526 454 5584 Si
492 5542 618 5605 qna
640 5528 821 5607 igitur
845 5529 909 5590 in
936 5530 1228 5605 tutorum,
1260 5536 1373 5591 etc.

1934 3215 2178 3288 Adjuva
2202 3231 2327 3282 nos,
2358 3217 2517 3274 Deus
2538 3211 2822 3273 salutaris
2850 3216 3070 3268 noster.

2596 3321 2774 3379 evin.

1860 3411 2213 3468 Monaseerii
2233 3410 2289 3467 S.
2327 3409 2584 3467 Himerii
2626 3408 3049 3478 protectionem
3109 3401 3353 3472 suscipit
3376 3414 3515 3471 pos-

2085 3481 2476 3553 sessionesque
2502 3496 2572 3538 ac
2591 3479 2913 3552 privileqia
2943 3477 3280 3545 confirmat.

2532 3569 2692 3642 (Jun.
2733 3566 2840 3639 ¹8).

2115 3658 2450 3734 [Mutuom
2471 3658 2692 3715 Armet.
2729 3655 2980 3722 Bened.,
3004 3654 3092 3721 Vt,
3108 3648 3265 3724 696]

1932 3750 2134 3808 Luctus
2171 3749 2511 3822 episcopus,
2542 3763 2746 3803 servus
2791 3759 3097 3801 servorum
3131 3740 3251 3807 Dei,
3278 3735 3512 3795 dilectis

1861 3838 1998 3895 filiis
2026 3837 2207 3912 priori
2237 3836 2506 3896 ecclesioe
2537 3838 2765 3894 Sanctae
2796 3832 3032 3898 Ymerii,
3075 3828 3353 3904 ejusdem
3389 3825 3515 3884 fra·

1861 3928 2072 3997 tribus,
2099 3933 2219 3985 tam
2251 3926 2647 4000 praesentibus
2678 3939 2866 3998 quam
2896 3920 3131 3986 futuris,
3172 3916 3510 3989 regularem

1858 4017 2045 4075 vitam
2084 4014 2388 4090 professis,
2414 4014 2668 4073 salutem
2699 4017 2757 4070 et
2784 4009 3178 4085 apostolicam
3225 4003 3513 4064 benedic-

1858 4106 2103 4164 tionem.

1926 4195 2284 4266 Religiosam
2303 4194 2484 4250 vitam
2500 4190 2856 4263 eligentibus
2872 4186 3271 4261 apostolicum
3294 4196 3512 4269 conve·

1852 4285 1942 4343 nit
1967 4285 2182 4343 adesse
2211 4281 2580 4357 proesidium,
2602 4296 2678 4338 ne
2695 4279 2845 4337 forte
2868 4276 3186 4350 cujuslibet
3211 4271 3511 4331 temerita-

1852 4374 1929 4431 tis
1955 4373 2252 4438 incursus,
2283 4375 2387 4428 aut
2412 4369 2515 4427 eos
2535 4385 2571 4427 a
2590 4368 2901 4442 proposito
2921 4370 3178 4430 revocet,
3192 4358 3506 4426 autrobur,

1772 4458 1819 4515 D
1848 4461 2018 4537 quod
2046 4460 2222 4527 absit,
2250 4475 2438 4517 sacroe
2458 4457 2762 4530 religionis
2786 4456 3169 4529 aliquatenus
3200 4451 3506 4522 infringat.

1850 4554 2197 4625 Eapropter,
2245 4547 2443 4608 dilecti
2499 4549 2561 4607 in
2608 4548 2861 4605 Domino
2905 4545 3029 4611 filii,
3073 4542 3284 4600 vestris
3325 4537 3506 4611 justis

1849 4639 2352 4715 postulationibus
2375 4637 2699 4696 clementer
2717 4634 3066 4703 annuimus,
3094 4636 3152 4688 et
3190 4627 3504 4703 praefatam

1845 4729 2187 4797 ecclesiam,
2216 4729 2278 4785 in
2302 4744 2428 4802 qua
2448 4727 2656 4784 divino
2674 4725 2814 4783 estis
2833 4720 3129 4793 obsequio
3148 4714 3504 4790 mancipati,

1846 4819 1965 4876 sub
1992 4819 2151 4876 beati
2185 4816 2336 4875 Petri
2361 4820 2420 4872 et
2453 4819 2659 4872 nostra
2688 4811 3054 4885 protectione
3099 4806 3503 4879 suscepimus.

1846 4913 1905 4966 et
1931 4907 2244 4982 proesentis
2288 4904 2491 4978 scripti
2521 4900 2832 4976 privilegio
2866 4896 3312 4957 communimus
3340 4911 3354 4952 ε
3387 4894 3504 4952 im·

1845 4997 2057 5071 primis
2106 4995 2406 5068 siquidem
2436 4996 2785 5057 statuentes,
2813 4992 2878 5045 ut
2911 4988 3062 5046 ordo
3108 4983 3501 5052 monasticus,

1842 5086 1950 5161 qui
1974 5082 2311 5142 secundum
2348 5086 2532 5141 Deum
2557 5086 2612 5138 et
2635 5078 2794 5138 beati
2814 5077 3110 5135 Benedicti
3131 5073 3418 5147 Regulam
3438 5072 3500 5130 in

1842 5174 2094 5234 ecclesia
2116 5178 2313 5232 vestra
2332 5173 2631 5230 institutus
2650 5184 2783 5226 esse
2803 5161 3502 5240 dignoscitur,perpetuis

1846 5264 2070 5323 ibidem
2102 5262 2472 5336 temporibus
2500 5257 2919 5317 inviolabiliter
2955 5254 3323 5321 observetur.
3356 5254 3502 5308 Proe·

1843 5343 2022 5419 terea,
2049 5366 2444 5425 quascunque
2465 5347 2897 5423 possessiones,
2929 5355 3308 5418 quascunque
3336 5342 3502 5397 bona

1842 5442 2055 5501 eadem
2086 5440 2335 5499 ecclesia
2368 5435 2911 5513 impraesentiarum
2935 5433 3094 5507 juste
3124 5436 3181 5488 et
3207 5427 3499 5488 canonice

1842 5531 2138 5611 possidet,
2172 5534 2276 5590 aut
2310 5527 2670 5589 infuturum
2697 5523 3084 5587 concessione
3124 5517 3496 5616 penthinum,
