3784 6000
248 222 365 286 899

866 352 1097 412 caper
1138 354 1252 411 xx.

251 487 593 561 Reimundus
622 488 1050 546 pictaviensium
1082 490 1301 545 comitis
1327 488 1481 560 filius
1527 489 1778 545 occultus
1809 505 1900 545 ac-

276 572 283 579 ·
324 558 491 625 cedit,
519 564 573 616 st
610 559 951 616 Antiochiam
977 562 1329 630 perveniens,
1372 560 1683 616 Boamundi
1720 560 1903 632 filiam

326 632 705 689 Constantiam
724 646 953 688 uxorem
972 630 1151 698 ducit,
1184 634 1362 688 invita
1381 640 1435 688 et
1453 632 1723 688 renitente
1743 635 1901 702 prin-

327 704 547 773 cipissa,
577 702 823 774 emsdsm
872 703 1080 776 puellae
1125 707 1322 772 matre,
1352 709 1406 760 et
1452 704 1662 761 oblinet
1687 703 1901 777 princi-

328 779 549 849 patum.

327 927 555 986 Interea
575 927 673 1001 qui
695 928 768 986 ab
794 928 1171 986 Antiochenis
1183 945 1286 1001 pro
1298 929 1531 987 domino
1548 929 1907 1001 Raimundo,

259 1017 712 1075 Pictaviensium
738 1017 972 1076 comitis
1015 1018 1132 1076 tilio
1163 1017 1330 1077 missi
1363 1023 1550 1088 erant,
1584 1023 1647 1075 ut
1676 1020 1911 1092 praemi-

262 1107 473 1176 simus,
502 1110 676 1179 prout
704 1106 789 1164 sis
811 1108 1146 1179 injunctum
1176 1108 1368 1165 iuerat
1398 1107 1644 1165 sollicite
1674 1109 1912 1167 investi·

263 1200 489 1268 gantas,
522 1196 624 1252 ubi
664 1197 1138 1269 compendiosius
1194 1214 1327 1254 eum
1361 1197 1621 1255 invenire
1651 1207 1911 1270 possent,

218 1344 229 1352 ,
266 1284 438 1345 certis
468 1284 799 1342 didicerunt
828 1285 1235 1357 relationibus,
1266 1303 1400 1344 eum
1422 1288 1578 1359 apud
1607 1288 1911 1346 dominum

272 1371 585 1432 Renricum
625 1374 912 1432 seniorem
967 1375 1293 1448 Anglorum
1351 1393 1570 1450 regem,
1612 1394 1644 1433 a
1694 1393 1809 1449 quo
1859 1385 1915 1435 et

273 1479 440 1520 arma
480 1466 816 1533 sumpserat
872 1461 1169 1532 militaria,
1231 1480 1451 1522 moram
1503 1465 1708 1523 facere.
1751 1465 1913 1523 Unde

273 1555 430 1612 recto
461 1551 670 1609 itinere
699 1551 756 1608 in
787 1552 1057 1625 Angliam
1100 1553 1401 1626 abeuntes,
1458 1553 1803 1627 praedictum
1832 1554 1915 1611 ibi

270 1640 567 1713 reperiunt
620 1640 1085 1710 adolescentem3
1117 1643 1215 1699 cui
1263 1659 1442 1700 causa
1488 1644 1593 1700 viae
1641 1645 1916 1702 secretius

273 1730 580 1804 patefacta,
604 1730 676 1786 de
706 1730 949 1788 consilio
971 1731 1194 1788 domini
1217 1733 1372 1806 regis
1387 1733 1771 1791 benefactoris
1799 1734 1911 1803 sui,

271 1820 514 1878 verbum
543 1818 808 1876 oblatum
843 1820 1091 1876 devotus
1150 1821 1553 1895 amplectitur,
1600 1832 1653 1879 et
1683 1824 1786 1879 viae
1817 1839 1918 1880 ne·

273 1908 521 1967 cessaria
552 1925 909 1981 praeparans,
953 1909 1066 1966 iter
1113 1913 1332 1968 nemini
1366 1918 1541 1970 notus
1569 1914 1916 1987 ingreditur.

273 2000 662 2055 presenserat
693 2014 858 2068 porro
899 1998 1016 2054 dux
1073 2000 1293 2072 Apuliae
1353 2002 1632 2075 Rogerus,
1692 2020 1816 2076 ques
1848 2003 1919 2059 de

273 2084 434 2143 illius
466 2087 928 2159 vocationeapud
953 2086 1335 2146 Antiochiam
1363 2097 1642 2165 concepta
1661 2092 1918 2161 fuerant3

275 2178 435 2233 nnde
464 2177 521 2233 in
552 2175 805 2248 singulis
834 2177 1058 2249 Apuliae
1080 2179 1327 2238 urbibus
1350 2182 1659 2239 maritimis
1681 2185 1924 2255 praeten·

273 2267 443 2324 derat
471 2265 734 2332 insidias,
773 2270 838 2322 ut
877 2282 1013 2322 eum
1078 2270 1627 2339 comprehenderet,
1676 2288 1922 2340 sperans

276 2354 434 2429 quod
455 2354 506 2412 si
526 2355 653 2427 ejus
670 2363 868 2425 posset
890 2356 1203 2414 transitum
1234 2360 1572 2430 praepedire,
1599 2360 1829 2417 facilius
1851 2362 1921 2417 ad

276 2444 519 2517 petitam
551 2440 972 2513 hereditatem,
1000 2447 1324 2518 redemptis
1358 2450 1604 2520 pecunia
1634 2449 1793 2506 illius
1834 2467 1923 2507 re-

282 2530 476 2605 gionis
524 2530 925 2602 magnatibus,
964 2539 1157 2605 posset
1184 2535 1455 2593 obtinere
1485 2540 1922 2612 compendium.

276 2618 492 2676 Verum
524 2615 802 2675 dominus
834 2620 1201 2680 Raimuodus
1234 2626 1556 2697 prudenter
1572 2629 1769 2685 celans
1791 2646 1925 2701 pro-

277 2707 561 2781 positum,
594 2705 753 2764 omni
788 2708 937 2765 fastu
980 2711 1264 2785 deposito,
1323 2719 1606 2788 tanquam
1668 2733 1824 2775 unus
1853 2719 1926 2775 de

282 2795 662 2870 popularibus
717 2812 869 2854 nunc
939 2801 1142 2872 pedes,
1192 2819 1346 2860 nunc
1405 2804 1618 2862 vilibus
1667 2805 1928 2866 insidens

277 2884 588 2957 Jumsntis,
622 2884 774 2943 inter
804 2887 1060 2958 plebeios
1111 2890 1222 2948 iter
1276 2894 1551 2965 carpebat
1581 2896 1926 2969 incoeptum,

280 2973 432 3034 nulli
474 2991 729 3047 unquam
759 2974 847 3034 vel
878 2976 1002 3035 leve
1033 2982 1445 3053 generositatis
1496 2989 1596 3043 aut
1626 2987 1927 3060 copiarum

278 3065 646 3139 pretendens
706 3072 1146 3141 argumentum.
1200 3071 1349 3128 Socii
1380 3081 1576 3131 autem
1635 3077 1764 3150 eJus
1818 3094 1920 3149 per

281 3157 507 3212 turmas
536 3153 732 3225 divisi,
766 3155 943 3212 simul
973 3162 1030 3213 et
1063 3158 1307 3228 familia,
1330 3163 1563 3234 quidam
1590 3181 1692 3237 per
1722 3167 1925 3224 diaetas

282 3249 399 3300 tres
421 3245 524 3299 aut
552 3245 799 3316 quatuor
832 3246 1253 3319 praecedebant,
1284 3250 1524 3322 quidam
1551 3269 1685 3311 vero
1716 3272 1924 3328 seque-

281 3329 521 3401 bantur,
565 3339 848 3404 tanquam
879 3334 949 3390 ad
983 3350 1117 3392 eum
1151 3337 1377 3395 nullum
1412 3340 1696 3400 babentes
1726 3360 1929 3417 respe-

283 3425 466 3478 ctum.
499 3419 595 3479 Sic
614 3435 747 3492 ergo
776 3423 1080 3497 peregrino
1102 3429 1160 3481 et
1180 3427 1277 3483 vili
1309 3428 1559 3488 amictus
1608 3431 1831 3502 habitu,
1874 3441 1932 3492 et

286 3523 588 3565 servorum
623 3507 963 3582 plerumque
1001 3513 1235 3571 subiens
1254 3516 1467 3588 officia,
1498 3522 1689 3594 specie
1722 3522 1928 3580 fallens

286 3595 615 3668 universos,
646 3596 836 3657 hostis
859 3602 1162 3673 prudentis
1184 3608 1239 3662 et
1260 3607 1653 3677 potentissimi
1683 3611 1931 3668 declina·

282 3685 367 3743 vit
384 3685 735 3745 tendiculas.
770 3686 1117 3749 Perveniens
1147 3692 1351 3769 itaque
1375 3697 1770 3770 Antiochiam,
1790 3701 1934 3758 ami·

285 3790 384 3834 cos
411 3792 519 3832 suo
546 3775 896 3836 exhilaravit
922 3782 1214 3858 adventu;
1258 3786 1616 3859 quibusdam
1648 3807 1784 3848 vero
1815 3808 1932 3850 non

288 3864 580 3921 modicam
607 3863 810 3923 intulit
834 3867 1232 3939 formidinem,
1264 3874 1365 3945 qui
1399 3875 1759 3948 principissoe
1809 3877 1936 3935 iau·

290 4209 484 4275 Aaliza
508 4219 861 4293 principissa
882 4221 1106 4282 domini
1129 4228 1453 4287 Boamundi
1469 4232 1665 4307 vidua,
1688 4236 1937 4292 dominae

291 4320 527 4376 quoque
550 4305 876 4365 Milisendis
908 4311 1118 4385 regium
1148 4332 1331 4382 soror,
1356 4336 1533 4392 quam
1566 4328 1731 4395 pater
1749 4325 1876 4396 ejus
1905 4340 1938 4380 a

291 4389 524 4450 civitate
555 4393 852 4454 exclusam
884 4401 1264 4474 Antiochens,
1315 4408 1589 4468 Laodicia
1609 4418 1666 4470 et
1712 4412 1937 4471 Gabulo

1321 219 1747 285 GUILLELMI
1789 218 2175 301 TYRENSIS
2215 217 2569 301 ARCfflEP.

1928 352 1982 420 Α
2011 351 2234 408 domini
2266 353 2633 425 patriarchae„
2663 353 2954 423 gratia'et
2981 353 3228 413 consilio
3257 355 3331 412 ad
3385 358 3658 427 optatum

3531 222 3658 322 *¹99

2011 444 2338 515 pertingere
2369 457 2482 497 non
2524 447 2743 514 posset,
2775 459 2879 515 per
2903 443 3254 518 interpretes
3295 438 3543 521 utrique
3572 444 3660 502 ia·

2013 530 2296 595 miliares,
2319 531 2543 587 aditum
2571 531 2800 603 quierit,
2831 534 3123 605 quomodo
3154 534 3377 591 domini
3409 532 3659 605 patriar·

2011 621 2132 678 chae
2164 620 2275 677 sibi
2307 622 2559 677 savorem
2592 626 2888 695 comparet
2911 625 2969 679 et
2998 621 3230 696 plenius
3262 623 3546 681 conciliet
3572 624 3663 681 ai·-

2013 710 2250 768 fectum.
2306 710 2569 783 Exigitur
2596 714 2760 784 ergo]
2792 728 2827 768 a
2881 712 3119 769 domino
3177 712 3538 783 Raimundo,
3597 710 3667 771 ut

2009 801 2346 873 juramento
2378 798 2755 874 corporaliter
2809 802 3090 875 praestito,
3149 802 3390 861 domino
3417 802 3667 875 patriar·

2015 890 2136 948 chae
2183 890 2522 948 fidelitatem
2552 891 2853 964 exhibeat}
2887 908 3054 951 versa
3084 893 3231 962 vice,
3273 900 3670 967 suscepturus

2020 981 2146 1039 sine
2177 980 2516 1038 difficultate
2564 980 2823 1054 puellam
2858 982 2918 1039 in
2949 999 3209 1053 uxorem,
3236 986 3295 1042 et
3325 998 3467 1042 cum
3499 984 3662 1043 omni

2019 1069 2210 1144 quiete
2266 1070 2657 1143 prlncipatum
2682 1088 2698 1143 ;
2779 1071 3147 1130 interseritur
3211 1072 3392 1130 stiam
3451 1073 3665 1147 pactis,

2019 1162 2173 1234 quod
2197 1160 2818 1232 sidominissRaimundi
2840 1160 3036 1232 frater,
3060 1162 3364 1234 Hsnricus,
3397 1162 3666 1234 nomine,

2019 1250 2077 1307 in
2121 1258 2310 1323 partes
2369 1251 2746 1309 descenderet
2797 1251 3206 1321 Antiochense,
3237 1251 3524 1311 dominus
3569 1269 3672 1325 pa·

2018 1339 2280 1397 triarcba
2307 1338 2558 1398 fideliter
2593 1340 3266 1415 elaboraret,‘quomodo
3296 1340 3512 1416 puello
3541 1357 3670 1399 ma-

2021 1433 2189 1491 trem.
2218 1431 2439 1488 domini
2461 1432 2787 1488 Boamundi
2803 1431 3063 1502 viduam,
3087 1448 3222 1491 oum
3244 1432 3480 1490 duabus
3504 1432 3672 1491 urbi·

2021 1519 2137 1575 bus
2169 1518 2478 1576 maritimis
2507 1524 2563 1576 et
2618 1534 2814 1577 sarum
2857 1518 3095 1589 finibus,
3125 1518 3370 1579 haberet
3399 1524 3670 1579 uxorem.

2021 1608 2116 1665 Sic
2146 1608 2499 1681 ergosspactis
2522 1608 2883 1682 interpositis
2920 1612 2976 1666 et
2999 1610 3382 1682 jurejurando
3438 1612 3671 1669 robora-

1948 1700 2123 1784 ntis,
2183 1699 2475 1758 admissus
2532 1699 2709 1758 estin
2768 1701 2995 1773 urbem,
3055 1700 3248 1760 adhuc
3294 1704 3670 1777 exspectante

2029 1795 2235 1857 matre,
2258 1797 2319 1846 ut
2351 1789 2460 1847 sibi
2512 1790 2705 1848 omnis
2732 1789 2831 1847 ille
2861 1790 3197 1863 nuptiarum
3229 1790 3397 1851 fleret
3434 1807 3672 1866 appara·

2025 1885 2151 1950 tus3
2184 1886 2241 1937 et
2269 1879 2570 1937 confestim
2602 1881 2674 1937 ad
2705 1879 3008 1938 basilicam
3055 1881 3463 1954 apostolorum
3499 1880 3673 1940 Prin-

2025 1971 2175 2044 cipis
2204 1971 2513 2028 deductus.
2555 1971 2855 2027 dominam
2879 1970 3277 2029 Constantiam
3301 1971 3500 2030 adhuc
3522 1971 3674 2030 intra

2027 2061 2257 2119 nubiles
2277 2061 2605 2131 degentem.
2637 2077 2823 2118 annos
2855 2060 3122 2119 tradente
3154 2060 3393 2119 domino
3431 2062 3675 2137 patriar-

2027 2151 2157 2219 cha,
2186 2153 2243 2208 et
2270 2148 2329 2206 id
2357 2149 2475 2206 fleri
2500 2149 2932 2223 postulantibus
2958 2150 3331 2224 magnatibus
3355 2150 3670 2235 universis,

2030 2239 2195 2297 duxit
2215 2254 2476 2296 uxorem.
2500 2238 2999 2313 Principissavero
3017 2240 3263 2301 audiens
3277 2240 3438 2317 quod
3467 2241 3672 2301 delusa

2029 2334 2202 2396 esset,
2231 2329 2541 2388 Antiochia
2561 2331 2757 2389 subito
2774 2347 3027 2403 egressa,
3058 2330 3118 2388 in
3141 2349 3311 2390 suam
3333 2349 3399 2390 se
3431 2332 3671 2391 contulit

2030 2420 2349 2494 regionem,
2384 2421 2704 2494 principem
2731 2425 2930 2494 postea
2950 2420 3294 2480 inexorabili
3318 2422 3456 2482 odio
3487 2436 3672 2497 perse-

2032 2513 2188 2567 cuta.
2210 2509 2298 2566 Ab
2324 2525 2392 2565 ea
2411 2509 2590 2581 igitur
2609 2510 2702 2568 die
2719 2511 2790 2569 de
2811 2510 2964 2569 elato
2984 2510 3175 2570 sactus
3199 2511 3430 2584 elatior,
3454 2512 3674 2571 solidas

2031 2597 2284 2654 nimium
2316 2612 2379 2653 se
2408 2613 2651 2670 sperans
2671 2598 2732 2657 in
2763 2599 3002 2659 domino
3032 2598 3295 2674 principe
3313 2600 3495 2659 bases
3525 2617 3672 2660 rece·

2035 2686 2191 2759 pisse
2220 2687 2494 2745 dominus
2523 2688 2875 2761 patriarcha3
2895 2689 3063 2748 solito
3093 2682 3157 2749 se
3178 2690 3498 2751 exhibebat
3526 2709 3676 2751 arro·

2036 2772 2384 2850 gantiorem,
2415 2777 2486 2834 de
2508 2776 2746 2835 domino
2778 2778 3206 2855 principe‘plus
3255 2797 3421 2857 aequo
3452 2800 3673 2857 prasu-

2038 2880 2226 2932 mens,
2256 2869 2314 2923 et
2331 2865 2504 2940 plane
2529 2868 2832 2940 deceptus;
2863 2885 2998 2927 nam
3026 2870 3300 2945 princeps
3329 2887 3437 2944 pro
3463 2889 3677 2949 magna

2037 2952 2257 3013 ducens
2270 2956 2617 3029 ignominia,
2631 2958 2786 3031 quod
2802 2958 2876 3017 ab
2888 2976 2954 3017 eo
2969 2960 3309 3019 fidelitatem
3327 2964 3674 3034 extorserat,

2035 3045 2302 3103 beneficii
2322 3047 2650 3118 immemor,
2664 3051 2984 3122 coepiteum
2996 3048 3289 3120 hostiliter
3299 3053 3577 3127 persequi
3593 3058 3677 3126 ;et

2034 3137 2350 3211 juramenti
2384 3137 2683 3212 prodigus,
2707 3139 3058 3198 adversariis
3077 3142 3128 3217 ej
3140 3157 3207 3200 us
3222 3142 3543 3216 adjunctus
3563 3150 3671 3206 est.

2646 3304 2874 3362 CAPUT
2909 3305 3056 3363 xxi.

2038 3448 2191 3518 Quis,
2222 3456 2273 3505 st
2300 3447 2497 3519 quate.
2523 3453 2573 3505 et
2602 3465 2673 3505 ex
2699 3466 2808 3522 que
2849 3450 3130 3520 majorum
3179 3454 3446 3525 prosapta
3499 3455 3676 3525 [uerit

2479 3520 2844 3591 Raimundus,
2892 3521 3242 3580 describitur.

2114 3686 2248 3742 Erat
2295 3689 2490 3743 autem
2521 3686 2675 3743 idem
2733 3687 3432 3764 dominuszaimundus,
3464 3691 3683 3766 egregii

2043 3773 2567 3847 sanguinisgprisca
2586 3776 2973 3848 generositate
2999 3777 3266 3852 insignis,
3292 3779 3560 3854 corporis
3579 3781 3687 3838 exi·

2045 3862 2163 3921 mia
2192 3863 2534 3936 proceritate
2563 3869 2619 3921 et
2647 3867 2766 3923 tota
2793 3866 3058 3938 ejusdem
3087 3867 3420 3939 gratissima
3445 3884 3688 3942 compo·

2045 3951 2257 4011 sitione
2313 3954 2872 4026 praestantissimus;
2931 3955 3290 4028 adolescens,
3346 3957 3442 4016 vix
3497 3957 3689 4030 prima

2048 4046 2232 4103 malas
2260 4044 2505 4103 vestitus
2531 4044 3170 4121 lanugine,†speoiosus
3191 4046 3378 4105 forma
3407 4063 3524 4121 pro
3541 4048 3692 4122 regi-

1921 4188 1937 4218 ,
2049 4136 2157 4194 bus
2187 4139 2244 4194 et
2273 4134 2628 4210 principibus
2656 4134 2815 4193 orbis
2843 4140 3031 4201 terro,
3055 4137 3227 4194 verbo
3259 4139 3317 4195 et
3347 4135 3692 4196 affabilitate

2047 4223 2557 4296 commendabilis,
2581 4228 2700 4283 tota
2717 4226 2811 4282 sui
2831 4225 3173 4296 habitudine
3191 4234 3504 4286 venustam
3537 4226 3693 4301 prin-

2048 4315 2193 4388 cipis
2220 4312 2415 4370 eximii
2445 4315 2807 4386 praetendens
2838 4313 3219 4388 elegantiam;
3244 4330 3551 4374 umorum
3581 4331 3690 4374 usu

2052 4408 2107 4464 st
2139 4405 2220 4462 rei
2248 4402 2517 4462 militaris
2547 4404 2918 4478 experientia,
2950 4404 3230 4464 omnibus
3250 4405 3349 4478 qui
3375 4421 3515 4464 eum
3549 4422 3693 4480 pre-

285 4483 545 4556 jusserat
577 4499 705 4541 esse
734 4489 1093 4563 contentam,
1118 4492 1543 4556 interveniente
1572 4501 1724 4572 apud
1759 4517 1948 4576 regem
1978 4485 2022 4552 D
2053 4498 2374 4564 cesserunt,
2399 4493 2487 4551 vel
2519 4494 2704 4551 secuti
2752 4503 2910 4557 sunt,
2958 4493 3433 4568 anteponendus;
3467 4494 3691 4554 littera·

292 4587 492 4630 sorore
522 4587 648 4641 sua,
683 4591 755 4632 ne
787 4575 1012 4636 actibus
1049 4582 1179 4654 ejus
1209 4584 1489 4656 obviaret,
1545 4590 1932 4661 quorumdam

296 4678 606 4737 procerum
639 4663 788 4723 fulta
818 4670 1167 4743 patrocinio,
1199 4673 1415 4734 iterum
1446 4679 1813 4737 Antiochiam
1846 4680 1935 4737 in·

292 4765 497 4825 gressa
527 4759 635 4825 est,
669 4771 770 4826 pro
826 4756 1063 4817 domina
1093 4778 1156 4819 se
1185 4779 1424 4836 gerens;
1456 4774 1510 4824 et
1561 4767 1832 4825 universa
1860 4769 1934 4825 ad

295 4847 465 4896 s‘uam
495 4842 801 4902 revocabat
834 4846 1312 4911 sollicitudinem.
1364 4855 1520 4914 lnter
1562 4857 1685 4915 baec
1716 4857 1940 4916 Radul-

298 4926 450 5002 phua
481 4931 978 4995 Antiochenorum
1035 4943 1371 5012 patriarcha
1425 4948 1731 5018 subdolus,
1790 4954 1847 5008 et
1874 4949 1937 5008 in

298 5018 457 5076 omni
483 5019 577 5078 via
623 5040 729 5081 sua
786 5026 1113 5102 multiplex,
1147 5033 1506 5109 principissae
1565 5049 1939 5113 persuaserat

300 5110 366 5165 ut
386 5109 512 5184 ejus
543 5109 775 5171 interim
798 5117 1106 5190 :adversus
1163 5123 1404 5184 clericos
1429 5143 1591 5199 suos,
1650 5133 1752 5202 qui
1801 5148 1937 5189 eum

297 5201 813 5292 persequebantur,
865 5209 1088 5282 gratia*¹
1118 5212 1458 5287 iungeretur
1505 5220 1565 5274 et
1619 5219 1938 5291 obsequiis,

297 5288 459 5362 quod
489 5290 541 5347 is
564 5292 665 5364 qui
697 5299 1106 5372 vocatus-erat,
1131 5309 1184 5360 et
1215 5303 1444 5364 venisse
1472 5306 1800 5379 dicebatur,
1835 5309 1939 5366 do·

300 5376 501 5434 minus
532 5377 921 5455 Raimundus,
952 5389 1002 5446 ei
1034 5395 1191 5449 esset
1239 5394 1589 5466 destinatus,
1620 5406 1673 5455 st
1705 5397 1940 5457 tuturus

299 5465 574 5538 meritus3
608 5473 1026 5551 credulamque
1056 5480 1233 5540 nimis
1262 5482 1370 5542 hac
1425 5503 1575 5545 vana
1627 5504 1733 5562 sps
1778 5488 1942 5548 delu-

302 5552 476 5612 debat
506 5556 872 5623 Raimundus
901 5570 1097 5628 autem
1120 5572 1525 5648 presentiens,
1547 5575 1703 5649 quod
1718 5576 1941 5651 absque

2046 4593 2258 4656 torum,
2291 4584 2425 4641 lieet
2454 4582 3138 4659 ipse-illiteratus„esset,
3176 4584 3367 4643 cultor
3379 4602 3398 4654 ;
3429 4585 3496 4644 ln
3535 4585 3690 4644 divi-

2046 4678 2139 4736 nis
2170 4674 2468 4741 assiduus,
2483 4673 3010 4734 ecclesiasticorum
3024 4674 3350 4734 officiorum
3363 4678 3422 4733 et
3437 4675 3695 4734 maxime

2048 4767 2107 4823 in
2129 4763 2330 4823 diebus
2362 4766 2732 4824 solemnibus
2788 4764 2994 4822 avidus
3045 4764 3328 4837 auditor-3
3356 4763 3696 4842 coniugalis

2047 4853 2423 4928 integritatis,
2457 4859 2767 4929 postquam
2800 4852 2960 4911 duxit
2991 4869 3253 4925 uxorem,
3285 4853 3576 4914 sollicitus
3597 4871 3695 4914 en·

2049 4949 2169 5003 stos
2190 4951 2250 5002 et
2276 4947 2561 5013 servator-3
2594 4945 2655 5003 in
2684 4944 2813 5002 cibo
2841 4947 2900 5002 et
2919 4947 3063 5017 potu
3095 4944 3343 5014 sobrius,
3364 4945 3691 5006 munificus

2048 5039 2108 5093 et
2137 5034 2395 5093 liberalis
2424 5051 2601 5108 supra
2653 5034 2929 5104 modum;
2963 5033 3061 5092 sed
3109 5050 3321 5109 parum
3379 5038 3688 5110 providus,

2048 5126 2185 5184 aleae
2205 5129 2264 5184 et
2278 5123 2579 5183 damnosis
2593 5123 2845 5182 talorum
2865 5122 3025 5181 ludis
3045 5123 3180 5197 plus
3192 5139 3361 5197 equo
3380 5123 3689 5184 insistens.

2049 5217 2186 5274 Erat
2214 5220 2494 5289 praetsrsa
2557 5214 2709 5271 inter
2730 5221 2968 5272 caeteros
2985 5228 3130 5286 quos
3164 5213 3500 5288 patiebatur
3543 5215 3694 5294 dete·

2049 5311 2199 5373 ctus,
2235 5305 2430 5363 animo
2459 5320 2732 5378 preceps,
2781 5304 2842 5362 in
2900 5305 3142 5379 agendis
3195 5305 3592 5377 impetuosus,
3625 5306 3686 5364 ln

2049 5398 2130 5454 lra
2161 5398 2320 5455 modi
2360 5394 2609 5464 nescius,
2640 5394 2883 5453 rationis
2908 5410 3141 5469 expers,
3182 5411 3392 5469 parum
3423 5395 3599 5457 felix:
3629 5395 3693 5454 in

2049 5501 2115 5543 ea
2145 5484 2419 5542 fidelitate
2449 5499 2624 5558 quam
2672 5483 2908 5558 domino
2962 5483 3306 5556 patriarchae
3337 5482 3693 5557 premiserat

2040 5574 2369 5645 juramenti
2399 5572 2729 5643 immemor,
2751 5574 2809 5630 et
2839 5571 3353 5646 fideiintsrpositss
3381 5571 3691 5648 prodigus.
