3784 6000
263 282 382 344 ⁴79

1334 270 1757 338 GUlLLELMI
1800 264 2193 333 TYRENSIS
2237 262 2599 332 Ancmm’.

3551 276 3674 341 480

257 420 313 472 et
344 413 503 487 pacis
532 415 775 474 amator.
804 412 975 483 Juges
1006 405 1299 465 molestias
1345 407 1494 464 ferre
1523 422 1639 462 non
1687 404 1904 470 valens,
1934 404 1994 471 Α
2023 416 2153 458 rum
2182 402 2513 459 effractores
2539 402 2776 460 invenit.
2803 403 2868 460 In
2901 414 3048 478 quos
3069 403 3130 462 in
3160 405 3393 467 insidiis
3425 406 3679 470 latentes

260 502 509 560 ecclesia
538 501 714 559 simul
739 505 796 558 et
817 499 959 556 urbe
989 498 1211 565 relicta,
1238 499 1405 569 inops
1424 498 1482 551 et
1513 510 1756 568 pauper,
1780 508 1912 549 con·

265 591 384 650 silii
407 591 584 650 simul
606 599 665 648 et
686 589 884 647 auxilii
907 590 1201 662 indigene,
1220 589 1290 642 ad
1323 585 1627 643 dominum
1651 583 1913 657 confugit

263 680 705 748 Boamundum;
740 679 838 752 qui
863 678 1261 734 advenientem
1296 677 1532 732 honeste
1560 674 1910 743 suscipiens,

262 772 427 825 tanto
466 785 602 841 ergo
649 784 785 824 eum
840 768 1061 839 majore
1108 771 1298 821 motus
1348 763 1767 832 misericordia,
1798 778 1913 835 quo

256 856 386 930 ejus
435 857 829 915 sollicitudine
876 860 935 913 et
986 873 1156 928 opera
1203 857 1273 911 ad
1336 853 1913 928 Hierosolymitanam

259 946 572 1005 ecclesiam
615 955 844 1004 noverat
877 962 1005 1003 esse
1055 949 1428 1018 promotum;
1460 949 1517 999 et
1548 960 1618 1000 ne
1668 944 1822 1016 apud
1854 957 1917 998 se

259 1036 429 1093 aliter
449 1053 626 1110 quam
653 1042 882 1093 tantum
905 1037 1093 1091 virum
1119 1034 1318 1090 baberi
1349 1033 1668 1104 oportebat,
1694 1048 1918 1089 moram

259 1127 498 1194 faceret,
528 1126 835 1185 ecclesiam
889 1125 1083 1183 Sancti
1135 1124 1415 1198 Gregorii,
1449 1140 1575 1196 quae
1616 1123 1770 1180 infra
1798 1125 1914 1179 An-

260 1216 590 1272 tiochenam
622 1215 822 1271 urbem
854 1216 968 1271 sita
996 1218 1104 1282 est,
1139 1230 1271 1270 cum
1318 1213 1654 1286 ingentibus
1685 1212 1919 1284 praediis

259 1307 319 1361 et
335 1303 536 1360 multis
557 1302 906 1371 redditibus,
922 1302 1321 1361 consentiente
1341 1302 1578 1358 domino
1602 1301 1919 1377 Bernardo,

268 1393 533 1464 ejusdem
560 1392 672 1450 loci
716 1392 1065 1464 patriarcba,
1091 1391 1406 1448 liberaliter
1453 1389 1804 1463 assignavit;
1839 1391 1920 1449 ibi

262 1496 377 1553 que
406 1497 543 1538 cum
572 1498 639 1538 eo
673 1496 856 1554 usque
905 1482 978 1537 ad
1008 1480 1139 1553 eJus
1169 1480 1229 1537 in
1279 1479 1547 1553 Apuliam
1581 1481 1920 1537 transitum,

261 1571 417 1627 sicut
444 1570 506 1627 in
550 1570 931 1643 sequentibus
982 1571 1227 1639 dicetur,
1261 1586 1486 1626 moram
1539 1569 1748 1626 babuit
1775 1586 1914 1627 con-

263 1658 511 1718 tinuam.

852 1765 1082 1825 CAPUT
1122 1766 1327 1825 XXVI.

260 1875 514 1946 Expulso
563 1875 894 1941 Daimberto,
942 1874 1168 1945 quidam
1224 1873 1569 1941 Ehremarus,
1616 1874 1922 1946 Hierosoly-

330 1945 439 2002 mis
466 1946 789 2002 inordinate
827 1946 1158 2017 praeficitur.
1189 1946 1303 2001 Rex
1334 1946 1736 2002 Ptolemaidem
1768 1946 1921 2002 obsi-

330 2017 443 2086 det,
468 2032 570 2074 nec
611 2017 870 2090 proficit,-
919 2017 1135 2074 rediens
1184 2018 1332 2084 inde,
1382 2017 1660 2074 lethaliter
1699 2021 1917 2074 saucia-

334 2100 442 2145 tur.

333 2197 411 2252 At
439 2211 573 2253 vero
610 2213 726 2261 rex,
763 2195 1021 2270 praedicti
1074 2195 1290 2252 Arnulfi
1341 2196 1622 2252 seductus
1675 2195 1916 2265 malitia,

270 2286 662 2357 praetermisso
684 2286 783 2341 Dei
809 2286 1039 2352 timore,
1061 2285 1303 2357 expulso
1326 2285 1563 2342 domino
1590 2285 1919 2357 patriarcha

261 2373 623 2440 Daimberto,
645 2374 860 2444 adjecit
880 2377 1056 2431 etiam
1083 2377 1145 2428 ut
1169 2374 1338 2446 pejus
1362 2375 1591 2431 faceret.
1615 2375 1918 2440 Quemdam

261 2461 419 2518 enim
450 2462 781 2532 simplicem
803 2468 857 2519 et
878 2462 1216 2535 religiosum
1242 2462 1706 2519 circumveniens
1728 2479 1916 2520 sacer-

267 2550 486 2619 dotem,
519 2550 899 2606 E'bremarum
933 2551 1212 2617 nomime,
1237 2551 1296 2606 in
1327 2552 1525 2608 sedem
1553 2552 1794 2608 intrusit
1821 2569 1917 2623 pa-

264 2637 659 2696 triarchalem.
693 2639 796 2696 Hie
847 2644 1041 2697 autem
1092 2638 1333 2712 simplex
1384 2639 1583 2707 homo,
1614 2641 1674 2697 in
1725 2641 1919 2714 prima

257 2732 497 2787 venerat
528 2729 870 2801 expediens,
904 2729 1162 2786 honestas
1209 2731 1666 2789 conversationis
1711 2736 1916 2790 merito

261 2817 489 2875 cunctis
518 2824 793 2892 acceptus
820 2836 834 2888 ;
863 2821 962 2876 sed
997 2819 1055 2875 in
1083 2819 1191 2876 boo
1235 2836 1497 2877 crassam
1528 2822 1705 2880 nimis
1734 2826 1792 2879 et
1823 2840 1916 2879 su-

256 2905 454 2980 pinam
477 2907 750 2964 inventus
770 2912 860 2964 est
881 2907 1268 2980 ignorantiam
1304 2908 1603 2982 babuisse,
1627 2912 1805 2983 quod,
1829 2912 1914 2968 vi-

140 3067 151 3082 ·
258 3000 425 3055 vente
473 2995 708 3054 domino
758 2997 1109 3071 patriarcba,
1162 2999 1355 3056 sedem
1405 3002 1532 3073 ejus
1579 2999 1752 3060 licere
1800 3003 1915 3060 sibi

262 3087 531 3144 credebat
564 3104 867 3160 usurpare.
901 3089 1117 3144 Eodem
1148 3088 1325 3145 etiam
1353 3106 1527 3152 anno,
1551 3093 1652 3163 qui
1684 3098 1809 3149 erat
1840 3095 1912 3150 ab

1946 1774 1993 1841 B

2018 489 2389 550 vehementer
2409 492 2660 562 irruens,
2684 492 2950 566 pluribus
2984 495 3376 570 interemptis,
3399 498 3539 557 aliis
3567 499 3681 557 ela.

2019 582 2140 653 psis
2167 582 2323 654 fuga,
2354 598 2504 639 unus
2552 599 2691 640 casu
2717 582 2778 640 in
2823 600 3015 657 regem
3047 585 3285 645 vibrans
3319 588 3617 661 jaculum,
3647 607 3680 648 a

2022 677 2183 743 parte
2232 671 2548 743 posteriore
2596 690 2700 745 per
2728 678 2943 730 cratem
2990 683 3304 749 costarum,
3333 680 3500 736 cordi
3533 679 3684 737 vici-

2021 776 2165 816 num
2198 760 2448 817 immisit
2480 761 2684 831 telum,
2711 779 2826 836 quo
2856 764 2974 821 ictu
3008 780 3140 823 eum
3174 782 3320 838 pene
3352 771 3528 826 morti
3563 777 3690 828 tra-

2023 849 2197 917 didit;
2222 850 2319 906 sed
2341 851 2577 907 tandem
2605 853 2958 910 medicorum
2982 856 3239 913 adbibita
3259 856 3690 930 sollicitudine,

2025 943 2157 1011 post
2187 938 2501 995 incisiones
2533 944 2590 996 et
2610 941 2889 1011 cauteria,
2921 942 3174 1001 salutem
3206 946 3424 1019 recepit
3464 945 3695 1020 aliqua-

2035 1026 2148 1083 lem
2177 1051 2192 1095 ς
2223 1026 2491 1099 ejusdem
2520 1028 2777 1086 vulneris
2805 1032 2979 1086 certis
3009 1032 3378 1105 temporibus
3412 1036 3695 1092 recrude-

2026 1121 2224 1174 scente
2253 1116 2471 1186 dolore,
2505 1123 2778 1190 perpetuo
2810 1120 3108 1192 fatigatus.

2595 1224 2829 1283 CAPUT
2866 1228 3103 1286 xxvn.

2032 1314 2217 1372 Comes
2243 1315 2535 1371 Tolosanus
2562 1319 2692 1371 ante
2736 1318 2925 1373 urbem
2963 1316 3229 1387 Tripolim
3276 1326 3529 1377 castrum
3560 1321 3696 1380 aedi-

2295 1388 2444 1457 ficat,
2474 1388 2566 1443 cui
2593 1402 2790 1444 nomen
2824 1392 2902 1445 est
2929 1404 3084 1445 mons
3109 1392 3418 1462 perecrini.

2100 1477 2210 1533 Per
2230 1474 2383 1532 idem
2407 1480 2662 1549 tempus,
2686 1477 2960 1535 dominus
2989 1478 3362 1539 Raimundus
3380 1480 3546 1539 bono
3570 1499 3694 1541 me·

2032 1566 2251 1637 moriae,
2272 1565 2593 1623 Talosanus
2612 1583 2830 1638 comes,
2853 1568 3088 1625 obtenta
3107 1570 3338 1628 civitate
3356 1572 3686 1647 qun-vulgo

2030 1653 2240 1710 dicitur
2257 1655 2605 1724 Tortosa‚nt
2641 1656 3042 1727 praemisimus,
3062 1657 3208 1714 fines
3228 1674 3366 1717 suos
3404 1668 3686 1734 tanquam

2029 1744 2120 1801 vir
2143 1743 2435 1816 egregius,
2469 1745 2819 1817 magnificus
2848 1754 2903 1802 et
2945 1762 3114 1805 verus
3144 1747 3246 1804 Dei
3295 1748 3506 1820 cultor,
3537 1756 3689 1808 stre·

2029 1850 2143 1890 nue
2176 1834 2349 1889 nimis
2379 1839 2437 1890 et
2469 1834 2712 1892 viriliter
2740 1834 3014 1893 dilatabat
3056 1840 3555 1911 circumquaque;
3587 1856 3697 1897 an-

2025 1923 2278 1996 xiusque
2306 1940 2423 1996 quo
2454 1923 2625 1980 modo
2672 1925 2988 1981 Christiani
3037 1927 3292 1984 nominis
3322 1928 3690 1988 adversarios

2027 2029 2061 2068 a
2084 2012 2301 2068 finibus
2325 2011 2443 2066 illis
2477 2012 2862 2084 propulsaret,
2883 2014 2941 2069 in
2967 2013 3112 2072 colle
3136 2016 3392 2088 quodam
3424 2022 3562 2075 ante
3589 2034 3688 2075 nr·

2026 2100 2157 2156 bem
2205 2100 2648 2173 Tripolitanum,
2681 2102 2774 2159 vix
2819 2104 2891 2159 ab
2921 2120 2988 2160 ea
3035 2103 3385 2162 milliaribus
3434 2107 3692 2165 distante

2026 2188 2276 2260 duobus,
2299 2191 2643 2248 fundaverat
2672 2193 3041 2262 praesidium;
3074 2193 3189 2264 cui,
3213 2195 3493 2267 quoniam
3525 2212 3560 2252 a
3581 2212 3680 2268 pe-

2026 2280 2272 2351 regrinis
2302 2279 2779 2351 constituebatur,
2809 2298 3021 2339 nomen
3050 2299 3119 2340 ex
3146 2299 3208 2340 re
3237 2284 3418 2353 dedit,
3452 2290 3518 2340 ut
3549 2301 3681 2358 per·

2025 2378 2194 2440 petuo
2226 2370 2510 2426 diceretur
2541 2372 2704 2426 Mons
2735 2370 3118 2443 Peregrinus3
3151 2377 3210 2428 et:
3246 2372 3328 2429 ita
3359 2388 3547 2446 usque
3575 2373 3682 2433 ho·

2025 2457 2119 2513 die
2148 2475 2180 2513 a
2211 2458 2513 2515 fundatore
2562 2475 2773 2516 nomen
2801 2464 2991 2517 servat
3032 2460 3399 2534 impositum,
3430 2464 3690 2521 naturali

2025 2546 2163 2614 situ,
2188 2551 2245 2603 et
2260 2548 2550 2604 artificum
2573 2548 2868 2606 industria
2889 2550 3026 2605 satis
3052 2551 3360 2607 munitum.
3381 2549 3546 2608 Unde
3564 2551 3687 2608 Tri-

2025 2634 2302 2707 politanis
2333 2635 2557 2692 civibus
2607 2637 2969 2696 incessanter
2996 2637 3205 2696 diebus
3253 2655 3400 2711 pene
3429 2639 3682 2713 singulis

2022 2723 2305 2781 inferebat
2330 2725 2624 2783 molestias
2648 2744 2662 2796 ;
2689 2728 2765 2783 ita
2787 2732 2853 2784 ut
2874 2729 3155 2785 universas
3177 2729 3434 2804 regionis
3453 2729 3686 2799 incolo,

2023 2819 2081 2871 et
2111 2816 2285 2871 etiam
2315 2815 2504 2888 ipsius
2552 2816 2805 2874 civitatis
2856 2817 3206 2876 habitatores
3256 2834 3451 2877 annua
3490 2818 3686 2877 eidem

2023 2903 2419 2976 persolverent
2441 2906 2698 2974 tributa;
2734 2922 2839 2962 nec
2861 2909 3058 2964 minus
3079 2908 3129 2964 ei
3151 2908 3456 2965 obedirent
3485 2908 3546 2966 in
3563 2924 3688 2966 om-

2024 2994 2223 3063 nibus,
2245 3012 2422 3068 quam
2446 2995 2494 3053 si
2522 2996 2725 3054 urbem
2748 2997 2937 3070 ipsam
2958 2997 3084 3055 sine
3103 2998 3534 3057 contradictore
3551 3015 3687 3072 pos-

2024 3084 2257 3141 sideret.
2293 3084 2475 3142 Natus
2504 3092 2593 3143 est
2629 3086 2801 3143 etiam
2835 3086 2885 3143 ei
2916 3086 2978 3143 in
3009 3089 3210 3145 eodem
3260 3087 3408 3157 loco,
3439 3103 3513 3145 ex
3543 3105 3690 3162 pro-

264 3175 672 3233 lucan-natione
698 3175 926 3232 Domidi
959 3177 1287 3243 1103‚0irca
1314 3178 1465 3235 veris
1493 3179 1914 3249 initium,oete-
1943 3145 1994 3213 G
2027 3175 2153 3246 pria
2186 3189 2380 3243 uxore,
2406 3176 2518 3230 Deo
2542 3175 2747 3232 devota
2770 3176 3006 3245 femina,
3032 3175 3192 3234 fliius
3212 3178 3285 3235 de
3304 3178 3544 3235 nomine
3566 3195 3690 3237 ma-

262 3263 433 3321 brata
460 3263 879 3338 Hierosolymis
900 3264 1211 3322 Dominicae
1242 3269 1682 3326 resurrectionis
1714 3272 1922 3328 solem·

259 3353 471 3421 nitate,
494 3354 826 3411 convocatis
849 3355 921 3411 de
946 3371 1122 3428 regno
1158 3356 1427 3413 universo
1453 3357 1801 3417 militaribus
1831 3377 1923 3419 co-

253 3441 399 3516 piis,
447 3442 720 3500 dominus
752 3460 850 3502 rex
879 3443 1102 3501 obsidet
1133 3444 1567 3503 Ptolomaidam.
1593 3448 1694 3505 E'st
1724 3455 1920 3508 autem

260 3531 623 3588 Ptolomaida
653 3532 854 3589 civitas
895 3534 1208 3603 maritima,
1243 3536 1551 3606 provinciae
1603 3538 1920 3600 Pboenicis2

262 3635 382 3678 nna
412 3621 485 3678 de
515 3621 763 3679 urbibus
784 3622 1170 3695 suffraganeis
1193 3640 1321 3696 quae
1353 3625 1424 3681 ad
1457 3626 1770 3699 Tyr-ensem
1807 3646 1921 3686 me-

261 3710 536 3782 tropolim
569 3712 788 3771 babent
834 3719 1159 3786 respectum
1197 3731 1212 3769 :
1245 3719 1479 3787 portum
1523 3716 1742 3775 habens
1773 3719 1923 3777 infra

269 3801 480 3857 moenia
509 3806 565 3859 et
593 3803 865 3874 exterius,
900 3804 998 3860 ubi
1030 3803 1407 3876 tranquillam
1457 3807 1641 3877 possit
1674 3809 1924 3872 navibus

261 3890 517 3964 praebere
562 3892 895 3950 stationem.
933 3898 1034 3950 Est
1080 3898 1272 3950 autem
1321 3897 1381 3951 et
1426 3895 1570 3952 satie
1617 3902 1925 3956 commode

262 3978 382 4036 sita
410 3980 559 4037 inter
590 3990 814 4039 montes
855 3986 911 4038 et
942 3997 1124 4052 mare,
1156 3981 1369 4054 pingue
1402 3988 1457 4040 et
1481 3985 1771 4055 optimum
1806 3988 1918 4047 ha-

261 4068 406 4125 bens
438 4069 833 4141 latifundium,
856 4070 990 4128 Belo
1040 4071 1284 4129 flumine
1333 4075 1757 4145 praeterssuente
1787 4079 1923 4137 civi·

261 4162 463 4215 tatem.
515 4158 674 4216 Hanc
717 4161 989 4232 frequens
1038 4161 1196 4217 fama
1241 4170 1325 4218 est
1389 4164 1657 4235 geminos
1706 4168 1922 4227 fratres

265 4246 550 4304 fundasse
580 4246 960 4304 Ptolomaeum
984 4252 1040 4304 et
1066 4250 1355 4306 Anconem
1377 4257 1429 4306 et
1462 4252 1647 4310 muris
1668 4254 1922 4315 vallasse

266 4332 683 4391 solidioribus:
715 4351 962 4408 eamque
1010 4340 1173 4409 quasi
1210 4355 1309 4408 per
1356 4341 1615 4397 medium
1647 4342 1918 4403 divisam,

266 4421 393 4481 suis
425 4423 764 4481 nominibus
787 4424 1147 4497 appellasse3
1183 4429 1338 4483 unde
1366 4432 1424 4484 et
1453 4428 1624 4486 hodie
1662 4432 1920 4492 binomia

2023 3265 2222 3337 jurum
2253 3265 2445 3321 dictus
2476 3264 2859 3336 Ampbossus‚
2893 3267 2994 3339 qui
3040 3266 3230 3325 eidem
3263 3273 3464 3340 postea
3492 3267 3554 3326 in
3587 3285 3685 3326 co·

2034 3353 2242 3410 mitatu
2272 3353 2559 3411 Tolosano
2590 3356 2894 3412 successit.

2591 3461 2821 3520 CAPUT
2868 3462 3123 3524 XXVIII.

2033 3551 2148 3606 Rex
2205 3549 2407 3608 iterum
2475 3551 2872 3608 Ptolomaidam
2922 3552 3130 3610 obsidet
3149 3571 3172 3620 ,·
3217 3560 3272 3610 et
3325 3555 3696 3612 laudensium

2102 3625 2277 3693 fretus
2300 3622 2535 3690 auxilio,
2564 3623 2833 3680 obsessam
2861 3625 3049 3680 urbem
3076 3628 3298 3697 occupat
3327 3625 3614 3685 violenter.

2105 3713 2272 3767 Anno
2303 3713 2374 3767 ab
2406 3711 2802 3769 Incarnatione
2833 3712 3063 3770 Domini
3096 3715 3254 3783 1105,
3281 3731 3480 3773 mense
3509 3715 3687 3783 Maio,

2035 3799 2187 3855 idem
2221 3800 2495 3856 dominus
2518 3817 2616 3858 rex
2645 3802 2975 3858 convocatis
2989 3803 3211 3861 viribus
3231 3808 3290 3861 et
3311 3803 3524 3877 populo
3551 3806 3688 3863 uni-

2030 3905 2217 3959 verso,
2248 3906 2281 3944 a
2311 3891 2554 3946 minimo
2585 3908 2772 3965 usque
2811 3894 2878 3947 ad
2927 3892 3271 3958 maximum,
3304 3893 3572 3951 eamdem
3615 3896 3692 3953 de

2030 3995 2146 4052 qua
2176 3995 2353 4051 snpra
2381 3979 2659 4047 diximus,
2688 3979 3109 4039 Ptolomaidam
3149 3983 3414 4040 obsidere
3441 3987 3691 4041 conten·

2032 4069 2114 4125 dit
2149 4085 2163 4124 :
2196 4068 2329 4125 inde
2355 4068 2725 4140 potissimum
2760 4070 3060 4128 occasione
3100 4081 3359 4145 sumpta,
3391 4073 3548 4145 quod
3582 4089 3688 4146 per

2031 4158 2260 4215 eosdem
2308 4158 2450 4226 dies,
2482 4157 2869 4216 Januensium
2920 4161 2977 4215 in
3029 4166 3227 4233 partes
3267 4161 3443 4234 Syrie
3479 4160 3690 4221 classis

2030 4247 2410 4321 applicuerat,
2430 4247 2664 4304 navium
2698 4253 3101 4316 rostratarum,
3125 4266 3256 4323 quai
3284 4250 3451 4325 vulgo
3480 4251 3688 4309 dicun·

2031 4341 2130 4392 tur
2158 4335 2356 4406 galeae,
2389 4336 2779 4409 septuaginta.
2822 4337 2945 4403 Quo
2975 4337 3229 4409 cognito,
3262 4336 3444 4395 missa
3479 4337 3686 4396 statim

2031 4426 2103 4482 ad
2135 4423 2406 4481 consules
2436 4423 2740 4497 legatione,
2771 4426 2962 4482 verbis
2995 4426 3202 4483 amicis
3239 4426 3446 4483 invitat
3471 4442 3599 4498 eoa,
3621 4431 3690 4485 nt

264 4515 354 4569 eat
383 4517 445 4568 ut
470 4510 833 4570 Ptolomaida
859 4514 1086 4571 dicatur
1115 4519 1173 4571 et
1201 4517 1411 4586 Accua,
1437 4516 1589 4573 sicut
1620 4533 1765 4591 pene
1794 4538 1913 4578 orn-
1943 4509 1988 4575 D
2020 4521 2334 4586 antequam
2368 4516 2436 4569 ad
2470 4521 2704 4586 propria
2744 4516 3003 4586 redeant,
3034 4514 3266 4573 Christo
3312 4515 3495 4573 velint
3527 4516 3690 4574 mili—

263 4615 366 4657 nes
392 4601 574 4674 Syriae
602 4602 864 4659 civitates
894 4605 1011 4660 duo
1041 4603 1128 4660 vel
1163 4604 1271 4659 tria
1303 4604 1519 4661 babent
1549 4608 1806 4666 nomina.
1830 4613 1914 4669 Ad

262 4687 414 4745 banc
436 4689 615 4763 igitur
640 4706 774 4747 cum
797 4691 919 4747 suis
950 4690 1273 4764 legionibus
1302 4693 1579 4749 dominus
1600 4711 1699 4751 rex
1731 4714 1919 4769 perve-

265 4778 457 4847 niens,
508 4778 782 4851 quoniam
836 4780 1096 4837 navalem
1142 4796 1263 4836 non
1311 4780 1559 4837 babebat
1602 4787 1914 4845 exereitum

265 4883 382 4926 non
443 4871 697 4927 multum
763 4872 951 4942 potuit
999 4872 1188 4943 quoad
1234 4870 1585 4928 deditionem
1651 4881 1911 4937 arctare?

256 4954 371 5011 sed
402 4959 568 5014 caesis
599 4960 657 5016 in
685 4960 929 5019 circuitu
960 4959 1254 5033 pomeriis,
1287 4961 1653 5036 interemptis
1684 4981 1753 5023 ex
1781 4967 1917 5024 civi-

267 5044 379 5101 bus
428 5047 767 5119 nonnullis;
798 5052 1052 5108 abducta
1098 5052 1272 5107 etiam
1306 5052 1517 5123 praeda,
1549 5056 1826 5129 gregibus
1855 5062 1916 5114 et

260 5138 564 5204 armentis,
595 5153 722 5210 quae
766 5146 927 5196 extra
973 5140 1264 5198 civitatem
1304 5149 1663 5214 repererunt,
1715 5147 1914 5204 soluta

263 5224 588 5297 obsidione,
620 5230 691 5285 ad
726 5230 957 5302 propria
1004 5232 1417 5288 revertebatur.
1450 5231 1781 5308 Volensque
1811 5252 1915 5308 per

264 5312 583 5374 Coesaream
613 5318 822 5387 redire,
857 5320 1066 5377 accidit
1096 5321 1247 5394 quod
1298 5321 1358 5376 in
1389 5320 1535 5390 locu,
1568 5323 1665 5393 qui
1697 5324 1912 5382 dicitur

264 5400 434 5460 Petra
462 5405 667 5477 incisa,
690 5407 863 5481 juxta
891 5410 1191 5481 antiquam
1213 5410 1451 5484 Tyrum,
1476 5411 1627 5469 inter
1652 5411 1911 5487 Gaphar-

262 5503 442 5548 naum
472 5498 532 5550 et
560 5496 768 5555 Doram
801 5500 1018 5572 oppida
1064 5500 1374 5562 maritima,
1407 5500 1504 5571 qul
1548 5501 1710 5560 locus
1739 5503 1911 5564 bodie

262 5577 601 5641 Distrietum
628 5586 1285 5660 appellatur,praedones
1314 5592 1373 5646 et
1399 5589 1622 5647 viar-nm
1644 5592 1910 5664 publica-

2025 4608 2185 4674 tare;
2219 4604 2554 4676 exemplum
2585 4604 2754 4660 etiam
2785 4605 3067 4662 familiare
3113 4621 3441 4678 proponens
3469 4606 3546 4665 de
3572 4621 3685 4665 eo-

2027 4710 2157 4750 rum
2184 4694 2430 4761 civibus,
2462 4708 2709 4765 quorum
2741 4693 2933 4750 studio
2960 4699 3016 4751 et
3039 4710 3217 4768 opera
3256 4694 3460 4752 urbem
3489 4695 3685 4753 Cosa·

2025 4797 2183 4840 ream
2207 4797 2382 4853 regno
2414 4781 2825 4852 vindicaverat,
2849 4800 2963 4841 non
2993 4783 3121 4840 sine
3152 4791 3427 4856 perpetua
3454 4784 3682 4843 civium

2025 4870 2409 4929 Januensium
2424 4870 2634 4942 gloria,
2646 4878 2704 4928 et
2719 4873 3117 4930 emolumento
3134 4889 3249 4930 non
3273 4872 3688 4930 modico.'l'an·

2026 4962 2277 5032 demque
2310 4961 2696 5033 prudentibus
2744 4963 3103 5035 interpositis
3132 4962 3296 5027 viris,
3321 4966 3379 5018 et
3429 4978 3551 5018 rem
3591 4961 3680 5020 ef-

2022 5050 2195 5107 fectui
2229 5049 2475 5106 fideliter
2507 5051 2840 5123 mancipare
2871 5051 3291 5123 quaerentibus,
3323 5064 3680 5123 responsum

2021 5140 2309 5198 dederunt
2333 5156 2347 5196 ε
2375 5140 2528 5209 Quod
2554 5143 2603 5195 si
2630 5141 2944 5197 reddituum
2971 5145 3024 5198 et
3048 5141 3430 5198 obventionum
3457 5155 3579 5213 quae
3604 5156 3682 5200 ex

2019 5235 2238 5289 marino
2268 5246 2484 5287 accessu
2507 5233 2565 5285 in
2596 5242 2753 5301 portu
2770 5233 3178 5304 colliqsrentur,
3203 5228 3370 5287 torcia
3395 5244 3526 5301 pars
3546 5229 3677 5288 iuis

2020 5325 2085 5380 in
2111 5325 2439 5394 perpetuam
2465 5319 2846 5377 concederetur
2859 5338 2883 5385 ,·
2909 5324 2962 5377 et
2989 5322 3049 5376 in
3076 5321 3301 5377 eivitaoe
3340 5319 3587 5391 ecclesia,
3616 5327 3678 5378 ee

2017 5412 2082 5469 in
2108 5414 2228 5469 vico
2273 5409 2581 5479 iurisdictio
2609 5410 2774 5481 plena
2797 5410 3046 5478 dor-atur,
3075 5409 3151 5467 ad
3175 5407 3500 5480 capiendam
3527 5425 3676 5483 prae·

2016 5502 2218 5560 dietam
2256 5499 2453 5557 urbem
2488 5498 2734 5571 fideliter
2768 5500 3133 5558 elaborarent.
3167 5497 3523 5556 placuerunt
3563 5501 3678 5559 ita-

2017 5601 2134 5666 que
2156 5590 2399 5648 domino
2420 5589 2544 5666 regi
2563 5595 2622 5649 at
2638 5590 2996 5663 principibus
3014 5590 3142 5663 elus
3155 5587 3660 5666 conditionssproe
