<?xml version="1.0" encoding="UTF-8"?>
<!DOCTYPE html PUBLIC "-//W3C//DTD XHTML 1.0 Transitional//EN"
    "http://www.w3.org/TR/xhtml1/DTD/xhtml1-transitional.dtd">
<html xmlns="http://www.w3.org/1999/xhtml" xml:lang="en" lang="en">
 <head>
  <title>
</title>
<meta http-equiv="Content-Type" content="text/html;charset=utf-8" />
  <meta name='ocr-system' content='tesseract 3.04.00' />
  <meta name='ocr-capabilities' content='ocr_page ocr_carea ocr_par ocr_line ocrx_word'/>
</head>
<body>
  <div class='ocr_page' id='page_1' title='image "./patrologiaecurs32goog_0053.png"; bbox 0 0 3784 6000; ppageno 0'>
   <div class='ocr_carea' id='block_1_1' title="bbox 110 220 3552 297">
    <p class='ocr_par' dir='ltr' id='par_1_1' title="bbox 110 220 3552 297">
     <span class='ocr_line' id='line_1_1' title="bbox 110 220 3552 297; baseline -0.01 0"><span class='ocrx_word' id='word_1_1' title='bbox 110 238 183 297; x_wconf 78' lang='lat'><strong>91</strong></span> <span class='ocrx_word' id='word_1_2' title='bbox 1644 220 2065 283; x_wconf 67' lang='lat' dir='ltr'><strong>Ems&#39;rom.</strong></span> <span class='ocrx_word' id='word_1_3' title='bbox 3472 226 3552 289; x_wconf 74' lang='lat'><strong>93</strong></span> 
     </span>
    </p>
   </div>
   <div class='ocr_carea' id='block_1_2' title="bbox 110 365 1796 1697">
    <p class='ocr_par' dir='ltr' id='par_1_2' title="bbox 431 365 1475 516">
     <span class='ocr_line' id='line_1_2' title="bbox 841 365 1079 424; baseline -0.017 1"><span class='ocrx_word' id='word_1_4' title='bbox 841 365 1079 424; x_wconf 80' lang='lat' dir='ltr'><strong>nxvm.</strong></span> 
     </span>
     <span class='ocr_line' id='line_1_3' title="bbox 431 467 1475 516; baseline -0.01 1"><span class='ocrx_word' id='word_1_5' title='bbox 431 477 506 516; x_wconf 69' lang='lat' dir='ltr'><strong>An</strong></span> <span class='ocrx_word' id='word_1_6' title='bbox 536 473 813 516; x_wconf 67' lang='lat' dir='ltr'><strong>nominum</strong></span> <span class='ocrx_word' id='word_1_7' title='bbox 852 474 1039 515; x_wconf 68' lang='lat' dir='ltr'><strong>urm</strong></span> <span class='ocrx_word' id='word_1_8' title='bbox 1066 467 1475 512; x_wconf 60' lang='lat' dir='ltr'><strong>amanuncu-</strong></span> 
     </span>
    </p>

    <p class='ocr_par' dir='ltr' id='par_1_3' title="bbox 110 538 1796 1697">
     <span class='ocr_line' id='line_1_4' title="bbox 190 538 1792 610; baseline -0.01 -2"><span class='ocrx_word' id='word_1_9' title='bbox 190 551 514 608; x_wconf 83' lang='lat' dir='ltr'><strong>Petitiones</strong></span> <span class='ocrx_word' id='word_1_10' title='bbox 555 566 588 605; x_wconf 90' lang='lat' dir='ltr'><strong>a</strong></span> <span class='ocrx_word' id='word_1_11' title='bbox 638 546 802 604; x_wconf 88' lang='lat' dir='ltr'><strong>nobis</strong></span> <span class='ocrx_word' id='word_1_12' title='bbox 849 547 1021 603; x_wconf 88' lang='lat' dir='ltr'><strong>tertio</strong></span> <span class='ocrx_word' id='word_1_13' title='bbox 1070 546 1278 610; x_wconf 81' lang='lat' dir='ltr'><strong>factas,</strong></span> <span class='ocrx_word' id='word_1_14' title='bbox 1324 545 1383 599; x_wconf 89' lang='lat' dir='ltr'><strong>et</strong></span> <span class='ocrx_word' id='word_1_15' title='bbox 1423 557 1458 598; x_wconf 90' lang='lat' dir='ltr'><strong>a</strong></span> <span class='ocrx_word' id='word_1_16' title='bbox 1488 538 1792 610; x_wconf 68' lang='lat' dir='ltr'><strong>majestate</strong></span> 
     </span>
     <span class='ocr_line' id='line_1_5' title="bbox 117 626 1792 712; baseline -0.011 -11"><span class='ocrx_word' id='word_1_17' title='bbox 117 648 315 701; x_wconf 82' lang='lat' dir='ltr'><strong>vestra</strong></span> <span class='ocrx_word' id='word_1_18' title='bbox 336 656 571 712; x_wconf 89' lang='lat' dir='ltr'><strong>semper</strong></span> <span class='ocrx_word' id='word_1_19' title='bbox 599 636 911 709; x_wconf 79' lang='lat' dir='ltr'>benignius</span> <span class='ocrx_word' id='word_1_20' title='bbox 933 634 1259 703; x_wconf 89' lang='lat' dir='ltr'><strong>exauditas,</strong></span> <span class='ocrx_word' id='word_1_21' title='bbox 1282 638 1487 706; x_wconf 85' lang='lat' dir='ltr'><strong>quarto</strong></span> <span class='ocrx_word' id='word_1_22' title='bbox 1509 645 1665 685; x_wconf 89' lang='lat' dir='ltr'><strong>nunc</strong></span> <span class='ocrx_word' id='word_1_23' title='bbox 1682 626 1792 683; x_wconf 91' lang='lat' dir='ltr'><strong>ite·</strong></span> 
     </span>
     <span class='ocr_line' id='line_1_6' title="bbox 117 718 1796 805; baseline -0.01 -15"><span class='ocrx_word' id='word_1_24' title='bbox 117 748 249 791; x_wconf 88' lang='lat' dir='ltr'><strong>rare</strong></span> <span class='ocrx_word' id='word_1_25' title='bbox 271 730 704 805; x_wconf 70' lang='lat' dir='ltr'><strong>compellimur,</strong></span> <span class='ocrx_word' id='word_1_26' title='bbox 725 727 861 801; x_wconf 89' lang='lat' dir='ltr'><strong>quia</strong></span> <span class='ocrx_word' id='word_1_27' title='bbox 878 726 1278 799; x_wconf 88' lang='lat' dir='ltr'><strong>delegatorum</strong></span> <span class='ocrx_word' id='word_1_28' title='bbox 1305 721 1620 779; x_wconf 86' lang='lat' dir='ltr'><strong>novissime</strong></span> <span class='ocrx_word' id='word_1_29' title='bbox 1637 718 1796 791; x_wconf 88' lang='lat' dir='ltr'><strong>judi-</strong></span> 
     </span>
     <span class='ocr_line' id='line_1_7' title="bbox 114 807 1795 890; baseline -0.01 -10"><span class='ocrx_word' id='word_1_30' title='bbox 114 838 249 880; x_wconf 87' lang='lat' dir='ltr'><strong>cum</strong></span> <span class='ocrx_word' id='word_1_31' title='bbox 266 820 595 878; x_wconf 88' lang='lat' dir='ltr'><strong>multitudo</strong></span> <span class='ocrx_word' id='word_1_32' title='bbox 608 814 1281 890; x_wconf 87' lang='lat' dir='ltr'><strong>cognitionisimpedivit</strong></span> <span class='ocrx_word' id='word_1_33' title='bbox 1293 816 1583 871; x_wconf 89' lang='lat' dir='ltr'><strong>eventum.</strong></span> <span class='ocrx_word' id='word_1_34' title='bbox 1604 807 1795 881; x_wconf 86' lang='lat' dir='ltr'><strong>Siqui-</strong></span> 
     </span>
     <span class='ocr_line' id='line_1_8' title="bbox 114 897 1793 983; baseline -0.01 -14"><span class='ocrx_word' id='word_1_35' title='bbox 114 913 250 970; x_wconf 88' lang='lat' dir='ltr'><strong>dem</strong></span> <span class='ocrx_word' id='word_1_36' title='bbox 284 909 618 983; x_wconf 82' lang='lat' dir='ltr'><strong>Bajocensis</strong></span> <span class='ocrx_word' id='word_1_37' title='bbox 648 905 1089 965; x_wconf 79' lang='lat' dir='ltr'><strong>etEbroicensis</strong></span> <span class='ocrx_word' id='word_1_38' title='bbox 1109 903 1458 960; x_wconf 88' lang='lat' dir='ltr'><strong>decanorum</strong></span> <span class='ocrx_word' id='word_1_39' title='bbox 1483 897 1714 956; x_wconf 89' lang='lat' dir='ltr'><strong>diutina</strong></span> <span class='ocrx_word' id='word_1_40' title='bbox 1732 902 1793 955; x_wconf 89' lang='lat' dir='ltr'><strong>et</strong></span> 
     </span>
     <span class='ocr_line' id='line_1_9' title="bbox 112 983 1794 1072; baseline -0.01 -16"><span class='ocrx_word' id='word_1_41' title='bbox 112 1012 406 1072; x_wconf 55' lang='lat' dir='ltr'><strong>nequens</strong></span> <span class='ocrx_word' id='word_1_42' title='bbox 435 996 697 1054; x_wconf 82' lang='lat' dir='ltr'><strong>absentia</strong></span> <span class='ocrx_word' id='word_1_43' title='bbox 718 993 956 1051; x_wconf 88' lang='lat' dir='ltr'><strong>tertium</strong></span> <span class='ocrx_word' id='word_1_44' title='bbox 978 991 1280 1065; x_wconf 81' lang='lat' dir='ltr'><strong>collegam,</strong></span> <span class='ocrx_word' id='word_1_45' title='bbox 1306 989 1616 1046; x_wconf 89' lang='lat' dir='ltr'><strong>Dominum</strong></span> <span class='ocrx_word' id='word_1_46' title='bbox 1638 983 1794 1042; x_wconf 88' lang='lat' dir='ltr'><strong>scili·</strong></span> 
     </span>
     <span class='ocr_line' id='line_1_10' title="bbox 116 1078 1793 1157; baseline -0.008 -12"><span class='ocrx_word' id='word_1_47' title='bbox 116 1094 206 1145; x_wconf 86' lang='lat' dir='ltr'><strong>eet</strong></span> <span class='ocrx_word' id='word_1_48' title='bbox 244 1087 709 1154; x_wconf 79' lang='lat' dir='ltr'><strong>Abrincensem,</strong></span> <span class='ocrx_word' id='word_1_49' title='bbox 729 1102 763 1141; x_wconf 89' lang='lat' dir='ltr'><strong>a</strong></span> <span class='ocrx_word' id='word_1_50' title='bbox 779 1083 1141 1157; x_wconf 83' lang='lat' dir='ltr'><strong>negotiorum</strong></span> <span class='ocrx_word' id='word_1_51' title='bbox 1173 1078 1540 1138; x_wconf 83' lang='lat' dir='ltr'><strong>exsecutione</strong></span> <span class='ocrx_word' id='word_1_52' title='bbox 1557 1090 1793 1147; x_wconf 88' lang='lat' dir='ltr'><strong>suspen·</strong></span> 
     </span>
     <span class='ocr_line' id='line_1_11' title="bbox 110 1162 1793 1251; baseline -0.009 -17"><span class='ocrx_word' id='word_1_53' title='bbox 110 1178 217 1247; x_wconf 90' lang='lat' dir='ltr'><strong>dit,</strong></span> <span class='ocrx_word' id='word_1_54' title='bbox 273 1178 419 1251; x_wconf 85' lang='lat' dir='ltr'><strong>quia</strong></span> <span class='ocrx_word' id='word_1_55' title='bbox 466 1174 613 1233; x_wconf 91' lang='lat' dir='ltr'><strong>nibil</strong></span> <span class='ocrx_word' id='word_1_56' title='bbox 662 1173 713 1232; x_wconf 89' lang='lat' dir='ltr'><strong>ei</strong></span> <span class='ocrx_word' id='word_1_57' title='bbox 762 1172 951 1230; x_wconf 72' lang='lat' dir='ltr'><strong>fuerat</strong></span> <span class='ocrx_word' id='word_1_58' title='bbox 996 1173 1123 1229; x_wconf 91' lang='lat' dir='ltr'><strong>sine</strong></span> <span class='ocrx_word' id='word_1_59' title='bbox 1170 1169 1411 1228; x_wconf 88' lang='lat' dir='ltr'><strong>alterius</strong></span> <span class='ocrx_word' id='word_1_60' title='bbox 1468 1182 1666 1224; x_wconf 85' lang='lat' dir='ltr'><strong>eorum</strong></span> <span class='ocrx_word' id='word_1_61' title='bbox 1701 1162 1793 1220; x_wconf 90' lang='lat' dir='ltr'><strong>vel</strong></span> 
     </span>
     <span class='ocr_line' id='line_1_12' title="bbox 115 1257 1791 1339; baseline -0.007 -16"><span class='ocrx_word' id='word_1_62' title='bbox 115 1266 443 1339; x_wconf 84' lang='lat' dir='ltr'><strong>utriusque</strong></span> <span class='ocrx_word' id='word_1_63' title='bbox 462 1264 733 1338; x_wconf 69' lang='lat' dir='ltr'><strong>presenti</strong></span> <span class='ocrx_word' id='word_1_64' title='bbox 755 1260 1158 1334; x_wconf 74' lang='lat' dir='ltr'><strong>cooperatione</strong></span> <span class='ocrx_word' id='word_1_65' title='bbox 1175 1257 1578 1316; x_wconf 89' lang='lat' dir='ltr'><strong>commissum.</strong></span> <span class='ocrx_word' id='word_1_66' title='bbox 1599 1258 1666 1311; x_wconf 76' lang='lat' dir='ltr'><strong>Bt</strong></span> <span class='ocrx_word' id='word_1_67' title='bbox 1685 1270 1791 1326; x_wconf 87' lang='lat' dir='ltr'><strong>ego</strong></span> 
     </span>
     <span class='ocr_line' id='line_1_13' title="bbox 113 1347 1791 1430; baseline -0.007 -18"><span class='ocrx_word' id='word_1_68' title='bbox 113 1357 359 1430; x_wconf 87' lang='lat' dir='ltr'><strong>quidem</strong></span> <span class='ocrx_word' id='word_1_69' title='bbox 377 1355 629 1411; x_wconf 89' lang='lat' dir='ltr'><strong>miratus</strong></span> <span class='ocrx_word' id='word_1_70' title='bbox 644 1367 775 1410; x_wconf 90' lang='lat' dir='ltr'><strong>sum</strong></span> <span class='ocrx_word' id='word_1_71' title='bbox 788 1350 942 1424; x_wconf 88' lang='lat' dir='ltr'><strong>quod</strong></span> <span class='ocrx_word' id='word_1_72' title='bbox 959 1350 1152 1406; x_wconf 90' lang='lat' dir='ltr'><strong>standi</strong></span> <span class='ocrx_word' id='word_1_73' title='bbox 1169 1347 1572 1405; x_wconf 82' lang='lat' dir='ltr'><strong>necessitatem</strong></span> <span class='ocrx_word' id='word_1_74' title='bbox 1595 1359 1791 1401; x_wconf 89' lang='lat' dir='ltr'><strong>sacer-</strong></span> 
     </span>
     <span class='ocr_line' id='line_1_14' title="bbox 115 1436 1789 1517; baseline -0.009 -14"><span class='ocrx_word' id='word_1_75' title='bbox 115 1445 263 1514; x_wconf 90' lang='lat' dir='ltr'><strong>doti,</strong></span> <span class='ocrx_word' id='word_1_76' title='bbox 299 1443 541 1517; x_wconf 86' lang='lat' dir='ltr'><strong>ipsique</strong></span> <span class='ocrx_word' id='word_1_77' title='bbox 567 1442 862 1513; x_wconf 87' lang='lat' dir='ltr'><strong>episcopo,</strong></span> <span class='ocrx_word' id='word_1_78' title='bbox 895 1455 1091 1496; x_wconf 91' lang='lat' dir='ltr'><strong>coram</strong></span> <span class='ocrx_word' id='word_1_79' title='bbox 1112 1437 1398 1507; x_wconf 89' lang='lat' dir='ltr'><strong>diaconis,</strong></span> <span class='ocrx_word' id='word_1_80' title='bbox 1441 1436 1568 1492; x_wconf 89' lang='lat' dir='ltr'><strong>seni</strong></span> <span class='ocrx_word' id='word_1_81' title='bbox 1593 1449 1789 1491; x_wconf 87' lang='lat' dir='ltr'><strong>coram</strong></span> 
     </span>
     <span class='ocr_line' id='line_1_15' title="bbox 115 1526 1789 1603; baseline -0.008 -8"><span class='ocrx_word' id='word_1_82' title='bbox 115 1535 597 1595; x_wconf 82' lang='lat' dir='ltr'><strong>adolescentibus</strong></span> <span class='ocrx_word' id='word_1_83' title='bbox 613 1539 809 1590; x_wconf 84' lang='lat' dir='ltr'><strong>vestra</strong></span> <span class='ocrx_word' id='word_1_84' title='bbox 833 1532 1101 1603; x_wconf 82' lang='lat' dir='ltr'><strong>majestas</strong></span> <span class='ocrx_word' id='word_1_85' title='bbox 1129 1527 1570 1595; x_wconf 84' lang='lat' dir='ltr'><strong>indixerit,cum</strong></span> <span class='ocrx_word' id='word_1_86' title='bbox 1594 1526 1789 1599; x_wconf 88' lang='lat' dir='ltr'><strong>potius</strong></span> 
     </span>
     <span class='ocr_line' id='line_1_16' title="bbox 116 1617 1790 1697; baseline -0.007 -13"><span class='ocrx_word' id='word_1_87' title='bbox 116 1626 381 1684; x_wconf 87' lang='lat' dir='ltr'><strong>minores</strong></span> <span class='ocrx_word' id='word_1_88' title='bbox 404 1643 442 1683; x_wconf 88' lang='lat' dir='ltr'><strong>a</strong></span> <span class='ocrx_word' id='word_1_89' title='bbox 469 1624 820 1697; x_wconf 85' lang='lat' dir='ltr'><strong>majoribus,</strong></span> <span class='ocrx_word' id='word_1_90' title='bbox 850 1621 1154 1679; x_wconf 73' lang='lat' dir='ltr'><strong>inferiores</strong></span> <span class='ocrx_word' id='word_1_91' title='bbox 1174 1639 1206 1676; x_wconf 85' lang='lat' dir='ltr'><strong>a</strong></span> <span class='ocrx_word' id='word_1_92' title='bbox 1237 1617 1661 1691; x_wconf 88' lang='lat' dir='ltr'><strong>superioribus,</strong></span> <span class='ocrx_word' id='word_1_93' title='bbox 1694 1617 1790 1688; x_wconf 85' lang='lat' dir='ltr'><strong>iu·</strong></span> 
     </span>
    </p>
   </div>
   <div class='ocr_carea' id='block_1_3' title="bbox 122 1709 3682 1800">
    <p class='ocr_par' dir='ltr' id='par_1_4' title="bbox 122 1709 3682 1800">
     <span class='ocr_line' id='line_1_17' title="bbox 122 1709 3682 1800; baseline -0.004 -25"><span class='ocrx_word' id='word_1_94' title='bbox 122 1718 361 1775; x_wconf 90' lang='lat' dir='ltr'><strong>nioresa</strong></span> <span class='ocrx_word' id='word_1_95' title='bbox 390 1714 729 1773; x_wconf 86' lang='lat' dir='ltr'><strong>senioribus</strong></span> <span class='ocrx_word' id='word_1_96' title='bbox 758 1712 984 1770; x_wconf 89' lang='lat' dir='ltr'><strong>soleant</strong></span> <span class='ocrx_word' id='word_1_97' title='bbox 1006 1709 1285 1784; x_wconf 87' lang='lat' dir='ltr'><strong>judicari.</strong></span> <span class='ocrx_word' id='word_1_98' title='bbox 1318 1709 1561 1765; x_wconf 89' lang='lat' dir='ltr'><strong>Paratus</strong></span> <span class='ocrx_word' id='word_1_99' title='bbox 1590 1711 1787 1763; x_wconf 90' lang='lat' dir='ltr'><strong>tamen</strong></span> <span class='ocrx_word' id='word_1_100' title='bbox 1821 1734 1866 1800; x_wconf 78' lang='lat' dir='ltr'>B</span> <span class='ocrx_word' id='word_1_101' title='bbox 1897 1715 2256 1787; x_wconf 62' lang='lat' dir='ltr'><strong>contigisset,</strong></span> <span class='ocrx_word' id='word_1_102' title='bbox 2287 1714 2483 1772; x_wconf 62' lang='lat' dir='ltr'><strong>inani,</strong></span> <span class='ocrx_word' id='word_1_103' title='bbox 2512 1715 2755 1773; x_wconf 55' lang='lat' dir='ltr'><strong>fortune</strong></span> <span class='ocrx_word' id='word_1_104' title='bbox 2785 1735 2818 1771; x_wconf 82' lang='lat' dir='ltr'><strong>a</strong></span> <span class='ocrx_word' id='word_1_105' title='bbox 2850 1715 3120 1789; x_wconf 62' lang='lat' dir='ltr'><strong>pluribus</strong></span> <span class='ocrx_word' id='word_1_106' title='bbox 3150 1719 3391 1791; x_wconf 61' lang='lat' dir='ltr'><strong>prouogi</strong></span> <span class='ocrx_word' id='word_1_107' title='bbox 3422 1735 3555 1778; x_wconf 61' lang='lat' dir='ltr'><strong>gu..</strong></span> <span class='ocrx_word' id='word_1_108' title='bbox 3677 1746 3682 1755; x_wconf 91' lang='lat'><strong>.</strong></span> 
     </span>
    </p>
   </div>
   <div class='ocr_carea' id='block_1_4' title="bbox 121 1796 1790 3031">
    <p class='ocr_par' dir='ltr' id='par_1_5' title="bbox 121 1796 1790 3031">
     <span class='ocr_line' id='line_1_18' title="bbox 122 1796 1790 1871; baseline -0.008 -7"><span class='ocrx_word' id='word_1_109' title='bbox 122 1823 279 1863; x_wconf 89' lang='lat' dir='ltr'><strong>eram</strong></span> <span class='ocrx_word' id='word_1_110' title='bbox 304 1822 448 1863; x_wconf 87' lang='lat' dir='ltr'><strong>cum</strong></span> <span class='ocrx_word' id='word_1_111' title='bbox 461 1802 626 1862; x_wconf 90' lang='lat' dir='ltr'><strong>omni</strong></span> <span class='ocrx_word' id='word_1_112' title='bbox 648 1800 969 1860; x_wconf 87' lang='lat' dir='ltr'><strong>reverentia</strong></span> <span class='ocrx_word' id='word_1_113' title='bbox 988 1797 1384 1871; x_wconf 86' lang='lat' dir='ltr'><strong>quorumlibet</strong></span> <span class='ocrx_word' id='word_1_114' title='bbox 1399 1796 1668 1869; x_wconf 77' lang='lat' dir='ltr'><strong>Judicum</strong></span> <span class='ocrx_word' id='word_1_115' title='bbox 1686 1810 1790 1851; x_wconf 85' lang='lat' dir='ltr'><strong>ve·</strong></span> 
     </span>
     <span class='ocr_line' id='line_1_19' title="bbox 121 1885 1789 1967; baseline -0.007 -14"><span class='ocrx_word' id='word_1_116' title='bbox 121 1902 381 1953; x_wconf 84' lang='lat' dir='ltr'><strong>atrorum</strong></span> <span class='ocrx_word' id='word_1_117' title='bbox 404 1895 695 1967; x_wconf 87' lang='lat' dir='ltr'><strong>imperata</strong></span> <span class='ocrx_word' id='word_1_118' title='bbox 715 1892 996 1963; x_wconf 87' lang='lat' dir='ltr'><strong>recipere;</strong></span> <span class='ocrx_word' id='word_1_119' title='bbox 1022 1889 1122 1946; x_wconf 88' lang='lat' dir='ltr'><strong>sed</strong></span> <span class='ocrx_word' id='word_1_120' title='bbox 1147 1889 1401 1945; x_wconf 73' lang='lat' dir='ltr'><strong>adversas</strong></span> <span class='ocrx_word' id='word_1_121' title='bbox 1415 1885 1597 1959; x_wconf 90' lang='lat' dir='ltr'><strong>partis</strong></span> <span class='ocrx_word' id='word_1_122' title='bbox 1619 1890 1789 1943; x_wconf 88' lang='lat' dir='ltr'><strong>astu-</strong></span> 
     </span>
     <span class='ocr_line' id='line_1_20' title="bbox 123 1974 1788 2053; baseline -0.007 -11"><span class='ocrx_word' id='word_1_123' title='bbox 123 1986 285 2051; x_wconf 87' lang='lat' dir='ltr'><strong>tiam,</strong></span> <span class='ocrx_word' id='word_1_124' title='bbox 318 1985 381 2040; x_wconf 87' lang='lat' dir='ltr'><strong>in</strong></span> <span class='ocrx_word' id='word_1_125' title='bbox 412 1997 622 2040; x_wconf 89' lang='lat' dir='ltr'><strong>eorum</strong></span> <span class='ocrx_word' id='word_1_126' title='bbox 652 1982 724 2038; x_wconf 91' lang='lat' dir='ltr'><strong>de</strong></span> <span class='ocrx_word' id='word_1_127' title='bbox 745 1981 962 2053; x_wconf 89' lang='lat' dir='ltr'><strong>quibus</strong></span> <span class='ocrx_word' id='word_1_128' title='bbox 992 1978 1181 2052; x_wconf 88' lang='lat' dir='ltr'><strong>agitur</strong></span> <span class='ocrx_word' id='word_1_129' title='bbox 1203 1976 1574 2051; x_wconf 77' lang='lat' dir='ltr'><strong>possessione</strong></span> <span class='ocrx_word' id='word_1_130' title='bbox 1594 1974 1788 2032; x_wconf 89' lang='lat' dir='ltr'><strong>oonsi-</strong></span> 
     </span>
     <span class='ocr_line' id='line_1_21' title="bbox 128 2066 1788 2142; baseline -0.006 -11"><span class='ocrx_word' id='word_1_131' title='bbox 128 2080 301 2141; x_wconf 86' lang='lat' dir='ltr'><strong>stens,</strong></span> <span class='ocrx_word' id='word_1_132' title='bbox 327 2089 492 2130; x_wconf 90' lang='lat' dir='ltr'><strong>nunc</strong></span> <span class='ocrx_word' id='word_1_133' title='bbox 522 2073 678 2128; x_wconf 87' lang='lat' dir='ltr'><strong>sicut</strong></span> <span class='ocrx_word' id='word_1_134' title='bbox 697 2071 771 2128; x_wconf 90' lang='lat' dir='ltr'><strong>ab</strong></span> <span class='ocrx_word' id='word_1_135' title='bbox 793 2071 1033 2142; x_wconf 88' lang='lat' dir='ltr'><strong>antiquo</strong></span> <span class='ocrx_word' id='word_1_136' title='bbox 1055 2083 1283 2138; x_wconf 89' lang='lat' dir='ltr'><strong>semper</strong></span> <span class='ocrx_word' id='word_1_137' title='bbox 1304 2066 1429 2121; x_wconf 92' lang='lat' dir='ltr'><strong>dies</strong></span> <span class='ocrx_word' id='word_1_138' title='bbox 1449 2069 1506 2121; x_wconf 90' lang='lat' dir='ltr'><strong>et</strong></span> <span class='ocrx_word' id='word_1_139' title='bbox 1523 2068 1788 2135; x_wconf 85' lang='lat' dir='ltr'><strong>tempora</strong></span> 
     </span>
     <span class='ocr_line' id='line_1_22' title="bbox 128 2153 1784 2230; baseline -0.007 -8"><span class='ocrx_word' id='word_1_140' title='bbox 128 2164 505 2221; x_wconf 88' lang='lat' dir='ltr'><strong>dilationibus</strong></span> <span class='ocrx_word' id='word_1_141' title='bbox 536 2161 791 2230; x_wconf 79' lang='lat' dir='ltr'><strong>redimit,</strong></span> <span class='ocrx_word' id='word_1_142' title='bbox 816 2168 870 2217; x_wconf 92' lang='lat' dir='ltr'><strong>et</strong></span> <span class='ocrx_word' id='word_1_143' title='bbox 891 2176 983 2216; x_wconf 90' lang='lat' dir='ltr'><strong>me</strong></span> <span class='ocrx_word' id='word_1_144' title='bbox 1003 2173 1233 2229; x_wconf 89' lang='lat' dir='ltr'><strong>semper</strong></span> <span class='ocrx_word' id='word_1_145' title='bbox 1259 2157 1332 2213; x_wconf 88' lang='lat' dir='ltr'><strong>ad</strong></span> <span class='ocrx_word' id='word_1_146' title='bbox 1363 2171 1597 2212; x_wconf 92' lang='lat' dir='ltr'><strong>omnem</strong></span> <span class='ocrx_word' id='word_1_147' title='bbox 1630 2153 1784 2210; x_wconf 88' lang='lat' dir='ltr'><strong>diem</strong></span> 
     </span>
     <span class='ocr_line' id='line_1_23' title="bbox 128 2244 1783 2326; baseline -0.008 -14"><span class='ocrx_word' id='word_1_148' title='bbox 128 2261 180 2312; x_wconf 90' lang='lat' dir='ltr'><strong>et</strong></span> <span class='ocrx_word' id='word_1_149' title='bbox 215 2255 419 2312; x_wconf 88' lang='lat' dir='ltr'><strong>locum</strong></span> <span class='ocrx_word' id='word_1_150' title='bbox 440 2251 741 2326; x_wconf 74' lang='lat' dir='ltr'><strong>judicibus</strong></span> <span class='ocrx_word' id='word_1_151' title='bbox 778 2252 1119 2308; x_wconf 90' lang='lat' dir='ltr'><strong>occurrente</strong></span> <span class='ocrx_word' id='word_1_152' title='bbox 1158 2264 1262 2303; x_wconf 91' lang='lat' dir='ltr'><strong>nec</strong></span> <span class='ocrx_word' id='word_1_153' title='bbox 1294 2245 1470 2303; x_wconf 84' lang='lat' dir='ltr'><strong>semel</strong></span> <span class='ocrx_word' id='word_1_154' title='bbox 1503 2245 1694 2301; x_wconf 89' lang='lat' dir='ltr'><strong>adbuc</strong></span> <span class='ocrx_word' id='word_1_155' title='bbox 1722 2244 1783 2300; x_wconf 92' lang='lat' dir='ltr'><strong>in</strong></span> 
     </span>
     <span class='ocr_line' id='line_1_24' title="bbox 124 2335 1784 2416; baseline -0.007 -15"><span class='ocrx_word' id='word_1_156' title='bbox 124 2343 344 2414; x_wconf 82' lang='lat' dir='ltr'><strong>jndicio</strong></span> <span class='ocrx_word' id='word_1_157' title='bbox 375 2343 623 2416; x_wconf 87' lang='lat' dir='ltr'><strong>dignata</strong></span> <span class='ocrx_word' id='word_1_158' title='bbox 650 2344 743 2397; x_wconf 90' lang='lat' dir='ltr'><strong>est</strong></span> <span class='ocrx_word' id='word_1_159' title='bbox 779 2354 1077 2411; x_wconf 88' lang='lat' dir='ltr'><strong>apparere.</strong></span> <span class='ocrx_word' id='word_1_160' title='bbox 1100 2335 1395 2408; x_wconf 86' lang='lat' dir='ltr'><strong>Siquidem</strong></span> <span class='ocrx_word' id='word_1_161' title='bbox 1436 2335 1784 2406; x_wconf 86' lang='lat' dir='ltr'><strong>quandoque</strong></span> 
     </span>
     <span class='ocr_line' id='line_1_25' title="bbox 133 2422 1784 2501; baseline -0.008 -11"><span class='ocrx_word' id='word_1_162' title='bbox 133 2433 317 2501; x_wconf 87' lang='lat' dir='ltr'><strong>uobis,</strong></span> <span class='ocrx_word' id='word_1_163' title='bbox 361 2433 517 2490; x_wconf 87' lang='lat' dir='ltr'><strong>sicut</strong></span> <span class='ocrx_word' id='word_1_164' title='bbox 564 2430 847 2487; x_wconf 86' lang='lat' dir='ltr'><strong>hactenus</strong></span> <span class='ocrx_word' id='word_1_165' title='bbox 890 2442 1139 2499; x_wconf 78' lang='lat' dir='ltr'><strong>semper,</strong></span> <span class='ocrx_word' id='word_1_166' title='bbox 1187 2423 1465 2482; x_wconf 88' lang='lat' dir='ltr'><strong>violentia</strong></span> <span class='ocrx_word' id='word_1_167' title='bbox 1516 2422 1784 2496; x_wconf 80' lang='lat' dir='ltr'><strong>potentias</strong></span> 
     </span>
     <span class='ocr_line' id='line_1_26' title="bbox 133 2513 1786 2593; baseline -0.006 -14"><span class='ocrx_word' id='word_1_168' title='bbox 133 2521 433 2579; x_wconf 69' lang='lat' dir='ltr'><strong>secularis</strong></span> <span class='ocrx_word' id='word_1_169' title='bbox 476 2518 812 2593; x_wconf 87' lang='lat' dir='ltr'><strong>opponitur,</strong></span> <span class='ocrx_word' id='word_1_170' title='bbox 854 2516 1207 2591; x_wconf 83' lang='lat' dir='ltr'><strong>quandoque</strong></span> <span class='ocrx_word' id='word_1_171' title='bbox 1244 2513 1580 2583; x_wconf 88' lang='lat' dir='ltr'><strong>redemptus</strong></span> <span class='ocrx_word' id='word_1_172' title='bbox 1616 2515 1786 2569; x_wconf 89' lang='lat' dir='ltr'><strong>caute</strong></span> 
     </span>
     <span class='ocr_line' id='line_1_27' title="bbox 128 2600 1785 2681; baseline -0.005 -15"><span class='ocrx_word' id='word_1_173' title='bbox 128 2610 385 2681; x_wconf 74' lang='lat' dir='ltr'><strong>judicum</strong></span> <span class='ocrx_word' id='word_1_174' title='bbox 399 2609 562 2665; x_wconf 76' lang='lat' dir='ltr'><strong>favor</strong></span> <span class='ocrx_word' id='word_1_175' title='bbox 572 2606 860 2681; x_wconf 79' lang='lat' dir='ltr'><strong>quaslibet</strong></span> <span class='ocrx_word' id='word_1_176' title='bbox 881 2605 1161 2663; x_wconf 82' lang='lat' dir='ltr'><strong>adversus</strong></span> <span class='ocrx_word' id='word_1_177' title='bbox 1174 2618 1287 2659; x_wconf 91' lang='lat' dir='ltr'><strong>non</strong></span> <span class='ocrx_word' id='word_1_178' title='bbox 1316 2600 1785 2657; x_wconf 74' lang='lat' dir='ltr'><strong>manifestissime</strong></span> 
     </span>
     <span class='ocr_line' id='line_1_28' title="bbox 134 2688 1783 2757; baseline -0.007 0"><span class='ocrx_word' id='word_1_179' title='bbox 134 2700 303 2757; x_wconf 91' lang='lat' dir='ltr'><strong>etiam</strong></span> <span class='ocrx_word' id='word_1_180' title='bbox 356 2696 755 2754; x_wconf 75' lang='lat' dir='ltr'><strong>frustratorias</strong></span> <span class='ocrx_word' id='word_1_181' title='bbox 805 2694 1116 2751; x_wconf 67' lang='lat' dir='ltr'><strong>dilationes</strong></span> <span class='ocrx_word' id='word_1_182' title='bbox 1160 2689 1435 2747; x_wconf 75' lang='lat' dir='ltr'><strong>admittit.</strong></span> <span class='ocrx_word' id='word_1_183' title='bbox 1477 2688 1620 2746; x_wconf 90' lang='lat' dir='ltr'><strong>Cum</strong></span> <span class='ocrx_word' id='word_1_184' title='bbox 1649 2704 1783 2747; x_wconf 90' lang='lat' dir='ltr'><strong>vero</strong></span> 
     </span>
     <span class='ocr_line' id='line_1_29' title="bbox 135 2777 1784 2858; baseline -0.007 -12"><span class='ocrx_word' id='word_1_185' title='bbox 135 2788 487 2846; x_wconf 68' lang='lat' dir='ltr'><strong>reclamante</strong></span> <span class='ocrx_word' id='word_1_186' title='bbox 517 2800 750 2858; x_wconf 80' lang='lat' dir='ltr'><strong>semper</strong></span> <span class='ocrx_word' id='word_1_187' title='bbox 784 2781 1041 2841; x_wconf 78' lang='lat' dir='ltr'><strong>Ecclesia</strong></span> <span class='ocrx_word' id='word_1_188' title='bbox 1070 2785 1267 2838; x_wconf 87' lang='lat' dir='ltr'><strong>nostra</strong></span> <span class='ocrx_word' id='word_1_189' title='bbox 1298 2777 1658 2852; x_wconf 74' lang='lat' dir='ltr'><strong>parochiales</strong></span> <span class='ocrx_word' id='word_1_190' title='bbox 1689 2796 1784 2835; x_wconf 90' lang='lat' dir='ltr'><strong>ec-</strong></span> 
     </span>
     <span class='ocr_line' id='line_1_30' title="bbox 129 2865 1785 2943; baseline -0.005 -10"><span class='ocrx_word' id='word_1_191' title='bbox 129 2876 334 2934; x_wconf 87' lang='lat' dir='ltr'><strong>clesias</strong></span> <span class='ocrx_word' id='word_1_192' title='bbox 348 2880 412 2932; x_wconf 82' lang='lat' dir='ltr'><strong>et</strong></span> <span class='ocrx_word' id='word_1_193' title='bbox 423 2871 907 2931; x_wconf 74' lang='lat' dir='ltr'><strong>decimationibus</strong></span> <span class='ocrx_word' id='word_1_194' title='bbox 918 2869 1298 2943; x_wconf 85' lang='lat' dir='ltr'><strong>emptionibus</strong></span> <span class='ocrx_word' id='word_1_195' title='bbox 1308 2873 1409 2924; x_wconf 87' lang='lat' dir='ltr'><strong>aut</strong></span> <span class='ocrx_word' id='word_1_196' title='bbox 1419 2865 1785 2939; x_wconf 83' lang='lat' dir='ltr'><strong>quibuslibet</strong></span> 
     </span>
     <span class='ocr_line' id='line_1_31' title="bbox 130 2957 1785 3031; baseline -0.007 -6"><span class='ocrx_word' id='word_1_197' title='bbox 130 2965 343 3025; x_wconf 83' lang='lat' dir='ltr'><strong>illicitis</strong></span> <span class='ocrx_word' id='word_1_198' title='bbox 396 2964 596 3024; x_wconf 88' lang='lat' dir='ltr'><strong>modis</strong></span> <span class='ocrx_word' id='word_1_199' title='bbox 635 2964 707 3021; x_wconf 89' lang='lat' dir='ltr'><strong>de</strong></span> <span class='ocrx_word' id='word_1_200' title='bbox 752 2978 928 3019; x_wconf 88' lang='lat' dir='ltr'><strong>manu</strong></span> <span class='ocrx_word' id='word_1_201' title='bbox 959 2960 1108 3019; x_wconf 88' lang='lat' dir='ltr'><strong>laica</strong></span> <span class='ocrx_word' id='word_1_202' title='bbox 1146 2957 1428 3031; x_wconf 87' lang='lat' dir='ltr'><strong>sacrilega</strong></span> <span class='ocrx_word' id='word_1_203' title='bbox 1458 2958 1785 3015; x_wconf 86' lang='lat' dir='ltr'><strong>temeritate</strong></span> 
     </span>
    </p>
   </div>
   <div class='ocr_carea' id='block_1_5' title="bbox 1820 359 3558 448">
    <p class='ocr_par' dir='ltr' id='par_1_6' title="bbox 1820 359 3558 448">
     <span class='ocr_line' id='line_1_32' title="bbox 1820 359 3558 448; baseline 0.006 -23"><span class='ocrx_word' id='word_1_204' title='bbox 1820 359 1876 425; x_wconf 80' lang='grc' dir='ltr'><strong>Α</strong></span> <span class='ocrx_word' id='word_1_205' title='bbox 1906 372 2053 445; x_wconf 76' lang='lat' dir='ltr'><strong>tyris</strong></span> <span class='ocrx_word' id='word_1_206' title='bbox 2097 371 2390 446; x_wconf 80' lang='lat' dir='ltr'><strong>magnalia</strong></span> <span class='ocrx_word' id='word_1_207' title='bbox 2437 385 2724 440; x_wconf 90' lang='lat' dir='ltr'><strong>revocare,</strong></span> <span class='ocrx_word' id='word_1_208' title='bbox 2756 371 2972 443; x_wconf 86' lang='lat' dir='ltr'><strong>quibus</strong></span> <span class='ocrx_word' id='word_1_209' title='bbox 3015 388 3143 431; x_wconf 89' lang='lat' dir='ltr'><strong>eam</strong></span> <span class='ocrx_word' id='word_1_210' title='bbox 3187 375 3558 448; x_wconf 79' lang='lat' dir='ltr'><strong>frequentius</strong></span> 
     </span>
    </p>
   </div>
   <div class='ocr_carea' id='block_1_6' title="bbox 1900 458 3566 1689">
    <p class='ocr_par' dir='ltr' id='par_1_7' title="bbox 1900 458 3566 1689">
     <span class='ocr_line' id='line_1_33' title="bbox 1904 458 3554 534; baseline 0.004 -17"><span class='ocrx_word' id='word_1_211' title='bbox 1904 460 2336 534; x_wconf 79' lang='lat' dir='ltr'><strong>magnificentia</strong></span> <span class='ocrx_word' id='word_1_212' title='bbox 2383 458 2592 516; x_wconf 67' lang='lat' dir='ltr'><strong>divinae</strong></span> <span class='ocrx_word' id='word_1_213' title='bbox 2644 461 2964 533; x_wconf 66' lang='lat' dir='ltr'><strong>majestatis</strong></span> <span class='ocrx_word' id='word_1_214' title='bbox 3010 460 3285 521; x_wconf 88' lang='lat' dir='ltr'><strong>illustrat.</strong></span> <span class='ocrx_word' id='word_1_215' title='bbox 3319 464 3554 523; x_wconf 82' lang='lat' dir='ltr'><strong>Certum</strong></span> 
     </span>
     <span class='ocr_line' id='line_1_34' title="bbox 1903 548 3560 623; baseline 0.004 -17"><span class='ocrx_word' id='word_1_216' title='bbox 1903 554 1992 607; x_wconf 89' lang='lat' dir='ltr'><strong>est</strong></span> <span class='ocrx_word' id='word_1_217' title='bbox 2020 553 2216 607; x_wconf 90' lang='lat' dir='ltr'><strong>autem</strong></span> <span class='ocrx_word' id='word_1_218' title='bbox 2258 548 2338 607; x_wconf 91' lang='lat' dir='ltr'><strong>ibi</strong></span> <span class='ocrx_word' id='word_1_219' title='bbox 2388 548 2612 605; x_wconf 82' lang='lat' dir='ltr'><strong>noviter</strong></span> <span class='ocrx_word' id='word_1_220' title='bbox 2658 549 2949 623; x_wconf 81' lang='lat' dir='ltr'><strong>quoddam</strong></span> <span class='ocrx_word' id='word_1_221' title='bbox 2991 553 3143 609; x_wconf 88' lang='lat' dir='ltr'><strong>inter</strong></span> <span class='ocrx_word' id='word_1_222' title='bbox 3183 558 3394 612; x_wconf 64' lang='lat' dir='ltr'><strong>catera</strong></span> <span class='ocrx_word' id='word_1_223' title='bbox 3423 572 3560 613; x_wconf 89' lang='lat' dir='ltr'><strong>con-</strong></span> 
     </span>
     <span class='ocr_line' id='line_1_35' title="bbox 1904 639 3565 714; baseline 0.004 -18"><span class='ocrx_word' id='word_1_224' title='bbox 1904 640 2105 706; x_wconf 80' lang='lat' dir='ltr'><strong>tigisse</strong></span> <span class='ocrx_word' id='word_1_225' title='bbox 2145 639 2517 706; x_wconf 77' lang='lat' dir='ltr'><strong>miraculum,</strong></span> <span class='ocrx_word' id='word_1_226' title='bbox 2564 641 2719 710; x_wconf 89' lang='lat' dir='ltr'><strong>quod</strong></span> <span class='ocrx_word' id='word_1_227' title='bbox 2775 640 2939 696; x_wconf 86' lang='lat' dir='ltr'><strong>nulla</strong></span> <span class='ocrx_word' id='word_1_228' title='bbox 2988 658 3119 714; x_wconf 89' lang='lat' dir='ltr'><strong>spes</strong></span> <span class='ocrx_word' id='word_1_229' title='bbox 3167 647 3356 714; x_wconf 88' lang='lat' dir='ltr'><strong>antea,</strong></span> <span class='ocrx_word' id='word_1_230' title='bbox 3399 645 3565 703; x_wconf 89' lang='lat' dir='ltr'><strong>nulla</strong></span> 
     </span>
     <span class='ocr_line' id='line_1_36' title="bbox 1903 728 3563 804; baseline 0.005 -19"><span class='ocrx_word' id='word_1_231' title='bbox 1903 728 2115 785; x_wconf 81' lang='lat' dir='ltr'><strong>fiducia</strong></span> <span class='ocrx_word' id='word_1_232' title='bbox 2137 728 2559 803; x_wconf 77' lang='lat' dir='ltr'><strong>praesumebat3</strong></span> <span class='ocrx_word' id='word_1_233' title='bbox 2581 729 2805 787; x_wconf 86' lang='lat' dir='ltr'><strong>scilicet</strong></span> <span class='ocrx_word' id='word_1_234' title='bbox 2826 731 2980 801; x_wconf 89' lang='lat' dir='ltr'><strong>quod</strong></span> <span class='ocrx_word' id='word_1_235' title='bbox 3005 731 3084 786; x_wconf 90' lang='lat' dir='ltr'><strong>ibi</strong></span> <span class='ocrx_word' id='word_1_236' title='bbox 3108 748 3357 804; x_wconf 88' lang='lat' dir='ltr'><strong>persona</strong></span> <span class='ocrx_word' id='word_1_237' title='bbox 3376 737 3447 792; x_wconf 87' lang='lat' dir='ltr'><strong>ad</strong></span> <span class='ocrx_word' id='word_1_238' title='bbox 3472 752 3563 793; x_wconf 85' lang='lat' dir='ltr'><strong>re-</strong></span> 
     </span>
     <span class='ocr_line' id='line_1_37' title="bbox 1903 818 3566 899; baseline 0.006 -24"><span class='ocrx_word' id='word_1_239' title='bbox 1903 820 2099 893; x_wconf 87' lang='lat' dir='ltr'><strong>gimen</strong></span> <span class='ocrx_word' id='word_1_240' title='bbox 2138 820 2405 877; x_wconf 76' lang='lat' dir='ltr'><strong>Ecclesiae</strong></span> <span class='ocrx_word' id='word_1_241' title='bbox 2459 818 2587 876; x_wconf 90' lang='lat' dir='ltr'><strong>sine</strong></span> <span class='ocrx_word' id='word_1_242' title='bbox 2616 820 3016 893; x_wconf 80' lang='lat' dir='ltr'><strong>designatione</strong></span> <span class='ocrx_word' id='word_1_243' title='bbox 3059 822 3219 880; x_wconf 72' lang='lat' dir='ltr'><strong>laicis</strong></span> <span class='ocrx_word' id='word_1_244' title='bbox 3259 827 3566 899; x_wconf 86' lang='lat' dir='ltr'><strong>potestatis</strong></span> 
     </span>
     <span class='ocr_line' id='line_1_38' title="bbox 1902 909 3565 991; baseline 0.005 -24"><span class='ocrx_word' id='word_1_245' title='bbox 1902 909 2088 969; x_wconf 89' lang='lat' dir='ltr'><strong>electa</strong></span> <span class='ocrx_word' id='word_1_246' title='bbox 2108 916 2218 978; x_wconf 92' lang='lat' dir='ltr'><strong>est,</strong></span> <span class='ocrx_word' id='word_1_247' title='bbox 2240 928 2373 967; x_wconf 90' lang='lat' dir='ltr'><strong>cum</strong></span> <span class='ocrx_word' id='word_1_248' title='bbox 2400 910 2480 967; x_wconf 90' lang='lat' dir='ltr'><strong>ibi</strong></span> <span class='ocrx_word' id='word_1_249' title='bbox 2503 910 2702 968; x_wconf 89' lang='lat' dir='ltr'><strong>nullus</strong></span> <span class='ocrx_word' id='word_1_250' title='bbox 2723 917 2894 969; x_wconf 87' lang='lat' dir='ltr'><strong>antea</strong></span> <span class='ocrx_word' id='word_1_251' title='bbox 2916 917 3245 986; x_wconf 89' lang='lat' dir='ltr'><strong>promoveri</strong></span> <span class='ocrx_word' id='word_1_252' title='bbox 3277 919 3565 991; x_wconf 86' lang='lat' dir='ltr'><strong>potuerit,</strong></span> 
     </span>
     <span class='ocr_line' id='line_1_39' title="bbox 1905 997 3557 1078; baseline 0.007 -24"><span class='ocrx_word' id='word_1_253' title='bbox 1905 997 2020 1055; x_wconf 90' lang='lat' dir='ltr'><strong>nisi</strong></span> <span class='ocrx_word' id='word_1_254' title='bbox 2041 998 2113 1054; x_wconf 90' lang='lat' dir='ltr'><strong>de</strong></span> <span class='ocrx_word' id='word_1_255' title='bbox 2133 1015 2248 1070; x_wconf 90' lang='lat' dir='ltr'><strong>quo</strong></span> <span class='ocrx_word' id='word_1_256' title='bbox 2263 998 2425 1069; x_wconf 90' lang='lat' dir='ltr'><strong>prius</strong></span> <span class='ocrx_word' id='word_1_257' title='bbox 2439 1000 2700 1071; x_wconf 85' lang='lat' dir='ltr'><strong>potentia</strong></span> <span class='ocrx_word' id='word_1_258' title='bbox 2718 1000 3012 1058; x_wconf 69' lang='lat' dir='ltr'><strong>stecularis</strong></span> <span class='ocrx_word' id='word_1_259' title='bbox 3026 1003 3225 1061; x_wconf 86' lang='lat' dir='ltr'><strong>edixit.</strong></span> <span class='ocrx_word' id='word_1_260' title='bbox 3250 1004 3557 1078; x_wconf 86' lang='lat' dir='ltr'><strong>Siquidem</strong></span> 
     </span>
     <span class='ocr_line' id='line_1_40' title="bbox 1902 1086 3556 1158; baseline 0.005 -13"><span class='ocrx_word' id='word_1_261' title='bbox 1902 1104 2039 1145; x_wconf 90' lang='lat' dir='ltr'><strong>oum</strong></span> <span class='ocrx_word' id='word_1_262' title='bbox 2071 1103 2220 1158; x_wconf 89' lang='lat' dir='ltr'><strong>epus</strong></span> <span class='ocrx_word' id='word_1_263' title='bbox 2250 1086 2397 1144; x_wconf 92' lang='lat' dir='ltr'><strong>illud</strong></span> <span class='ocrx_word' id='word_1_264' title='bbox 2421 1089 2494 1144; x_wconf 87' lang='lat' dir='ltr'><strong>ad</strong></span> <span class='ocrx_word' id='word_1_265' title='bbox 2525 1092 2776 1146; x_wconf 89' lang='lat' dir='ltr'><strong>veterem</strong></span> <span class='ocrx_word' id='word_1_266' title='bbox 2795 1089 3047 1148; x_wconf 88' lang='lat' dir='ltr'><strong>abusum</strong></span> <span class='ocrx_word' id='word_1_267' title='bbox 3071 1094 3328 1150; x_wconf 90' lang='lat' dir='ltr'><strong>revocari</strong></span> <span class='ocrx_word' id='word_1_268' title='bbox 3353 1094 3556 1153; x_wconf 86' lang='lat' dir='ltr'><strong>multis</strong></span> 
     </span>
     <span class='ocr_line' id='line_1_41' title="bbox 1901 1178 3559 1254; baseline 0.005 -20"><span class='ocrx_word' id='word_1_269' title='bbox 1901 1178 2108 1236; x_wconf 77' lang='lat' dir='ltr'><strong>fuisset</strong></span> <span class='ocrx_word' id='word_1_270' title='bbox 2126 1179 2350 1235; x_wconf 87' lang='lat' dir='ltr'><strong>artibus</strong></span> <span class='ocrx_word' id='word_1_271' title='bbox 2373 1182 2745 1248; x_wconf 85' lang='lat' dir='ltr'><strong>attentatum,</strong></span> <span class='ocrx_word' id='word_1_272' title='bbox 2772 1195 2874 1253; x_wconf 90' lang='lat' dir='ltr'><strong>per</strong></span> <span class='ocrx_word' id='word_1_273' title='bbox 2901 1182 3105 1239; x_wconf 85' lang='lat' dir='ltr'><strong>merita</strong></span> <span class='ocrx_word' id='word_1_274' title='bbox 3130 1185 3393 1254; x_wconf 66' lang='lat' dir='ltr'><strong>predicti</strong></span> <span class='ocrx_word' id='word_1_275' title='bbox 3413 1202 3559 1243; x_wconf 88' lang='lat' dir='ltr'><strong>mar·</strong></span> 
     </span>
     <span class='ocr_line' id='line_1_42' title="bbox 1902 1268 3557 1345; baseline 0.005 -21"><span class='ocrx_word' id='word_1_276' title='bbox 1902 1268 2048 1341; x_wconf 75' lang='lat' dir='ltr'><strong>tyris</strong></span> <span class='ocrx_word' id='word_1_277' title='bbox 2076 1268 2268 1326; x_wconf 89' lang='lat' dir='ltr'><strong>omnis</strong></span> <span class='ocrx_word' id='word_1_278' title='bbox 2289 1268 2449 1325; x_wconf 90' lang='lat' dir='ltr'><strong>elusa</strong></span> <span class='ocrx_word' id='word_1_279' title='bbox 2477 1273 2567 1325; x_wconf 90' lang='lat' dir='ltr'><strong>est</strong></span> <span class='ocrx_word' id='word_1_280' title='bbox 2590 1285 2818 1342; x_wconf 87' lang='lat' dir='ltr'><strong>semper</strong></span> <span class='ocrx_word' id='word_1_281' title='bbox 2848 1270 3228 1339; x_wconf 82' lang='lat' dir='ltr'><strong>machinatio,</strong></span> <span class='ocrx_word' id='word_1_282' title='bbox 3260 1274 3400 1345; x_wconf 88' lang='lat' dir='ltr'><strong>quia</strong></span> <span class='ocrx_word' id='word_1_283' title='bbox 3427 1290 3557 1332; x_wconf 88' lang='lat' dir='ltr'><strong>eam</strong></span> 
     </span>
     <span class='ocr_line' id='line_1_43' title="bbox 1902 1358 3556 1435; baseline 0.004 -20"><span class='ocrx_word' id='word_1_284' title='bbox 1902 1374 2073 1432; x_wconf 86' lang='lat' dir='ltr'><strong>quam</strong></span> <span class='ocrx_word' id='word_1_285' title='bbox 2095 1359 2219 1432; x_wconf 87' lang='lat' dir='ltr'><strong>ipse</strong></span> <span class='ocrx_word' id='word_1_286' title='bbox 2238 1358 2350 1415; x_wconf 88' lang='lat' dir='ltr'><strong>sibi</strong></span> <span class='ocrx_word' id='word_1_287' title='bbox 2376 1359 2608 1431; x_wconf 89' lang='lat' dir='ltr'><strong>proprio</strong></span> <span class='ocrx_word' id='word_1_288' title='bbox 2632 1360 2958 1418; x_wconf 85' lang='lat' dir='ltr'><strong>redemerat</strong></span> <span class='ocrx_word' id='word_1_289' title='bbox 2976 1362 3288 1435; x_wconf 87' lang='lat' dir='ltr'><strong>sanguine,</strong></span> <span class='ocrx_word' id='word_1_290' title='bbox 3318 1362 3556 1421; x_wconf 87' lang='lat' dir='ltr'><strong>liberta-</strong></span> 
     </span>
     <span class='ocr_line' id='line_1_44' title="bbox 1902 1447 3560 1523; baseline 0.004 -19"><span class='ocrx_word' id='word_1_291' title='bbox 1902 1451 2021 1504; x_wconf 91' lang='lat' dir='ltr'><strong>tem</strong></span> <span class='ocrx_word' id='word_1_292' title='bbox 2045 1464 2305 1520; x_wconf 79' lang='lat' dir='ltr'><strong>personas</strong></span> <span class='ocrx_word' id='word_1_293' title='bbox 2337 1447 2626 1505; x_wconf 87' lang='lat' dir='ltr'><strong>committi</strong></span> <span class='ocrx_word' id='word_1_294' title='bbox 2661 1465 2773 1505; x_wconf 91' lang='lat' dir='ltr'><strong>non</strong></span> <span class='ocrx_word' id='word_1_295' title='bbox 2801 1450 3061 1522; x_wconf 84' lang='lat' dir='ltr'><strong>pertulit,</strong></span> <span class='ocrx_word' id='word_1_296' title='bbox 3096 1452 3266 1523; x_wconf 86' lang='lat' dir='ltr'><strong>cujus</strong></span> <span class='ocrx_word' id='word_1_297' title='bbox 3296 1469 3415 1509; x_wconf 85' lang='lat' dir='ltr'><strong>non</strong></span> <span class='ocrx_word' id='word_1_298' title='bbox 3443 1450 3560 1511; x_wconf 90' lang='lat' dir='ltr'><strong>ele·</strong></span> 
     </span>
     <span class='ocr_line' id='line_1_45' title="bbox 1901 1536 3562 1613; baseline 0.004 -21"><span class='ocrx_word' id='word_1_299' title='bbox 1901 1536 2015 1593; x_wconf 91' lang='lat' dir='ltr'><strong>ctio</strong></span> <span class='ocrx_word' id='word_1_300' title='bbox 2055 1536 2238 1593; x_wconf 87' lang='lat' dir='ltr'><strong>libera</strong></span> <span class='ocrx_word' id='word_1_301' title='bbox 2285 1541 2342 1592; x_wconf 92' lang='lat' dir='ltr'><strong>et</strong></span> <span class='ocrx_word' id='word_1_302' title='bbox 2392 1538 2707 1594; x_wconf 86' lang='lat' dir='ltr'><strong>canonicus</strong></span> <span class='ocrx_word' id='word_1_303' title='bbox 2755 1537 3098 1609; x_wconf 91' lang='lat' dir='ltr'><strong>probaretur</strong></span> <span class='ocrx_word' id='word_1_304' title='bbox 3139 1539 3461 1613; x_wconf 82' lang='lat' dir='ltr'><strong>ingressus.</strong></span> <span class='ocrx_word' id='word_1_305' title='bbox 3493 1540 3562 1601; x_wconf 89' lang='lat' dir='ltr'><strong>Si</strong></span> 
     </span>
     <span class='ocr_line' id='line_1_46' title="bbox 1900 1625 3557 1689; baseline 0.004 -8"><span class='ocrx_word' id='word_1_306' title='bbox 1900 1627 2058 1681; x_wconf 89' lang='lat' dir='ltr'><strong>enim</strong></span> <span class='ocrx_word' id='word_1_307' title='bbox 2082 1629 2201 1681; x_wconf 90' lang='lat' dir='ltr'><strong>tam</strong></span> <span class='ocrx_word' id='word_1_308' title='bbox 2231 1628 2493 1682; x_wconf 88' lang='lat' dir='ltr'><strong>recenter</strong></span> <span class='ocrx_word' id='word_1_309' title='bbox 2507 1625 2808 1683; x_wconf 86' lang='lat' dir='ltr'><strong>convalere</strong></span> <span class='ocrx_word' id='word_1_310' title='bbox 2832 1627 3041 1684; x_wconf 79' lang='lat' dir='ltr'><strong>veteris</strong></span> <span class='ocrx_word' id='word_1_311' title='bbox 3071 1627 3248 1685; x_wconf 90' lang='lat' dir='ltr'><strong>ritum</strong></span> <span class='ocrx_word' id='word_1_312' title='bbox 3265 1629 3557 1689; x_wconf 67' lang='lat' dir='ltr'><strong>violentia</strong></span> 
     </span>
    </p>
   </div>
   <div class='ocr_carea' id='block_1_7' title="bbox 1885 1803 3556 3025">
    <p class='ocr_par' dir='ltr' id='par_1_8' title="bbox 1885 1803 3556 3025">
     <span class='ocr_line' id='line_1_47' title="bbox 1897 1803 3556 1877; baseline 0.004 -17"><span class='ocrx_word' id='word_1_313' title='bbox 1897 1804 2095 1877; x_wconf 90' lang='lat' dir='ltr'><strong>guinis</strong></span> <span class='ocrx_word' id='word_1_314' title='bbox 2127 1809 2495 1876; x_wconf 90' lang='lat' dir='ltr'><strong>reputaretur</strong></span> <span class='ocrx_word' id='word_1_315' title='bbox 2515 1803 2742 1872; x_wconf 80' lang='lat' dir='ltr'><strong>effusio,</strong></span> <span class='ocrx_word' id='word_1_316' title='bbox 2765 1805 2903 1862; x_wconf 89' lang='lat' dir='ltr'><strong>etin</strong></span> <span class='ocrx_word' id='word_1_317' title='bbox 2934 1806 3226 1863; x_wconf 81' lang='lat' dir='ltr'><strong>defectum</strong></span> <span class='ocrx_word' id='word_1_318' title='bbox 3257 1807 3556 1867; x_wconf 90' lang='lat' dir='ltr'><strong>decertata</strong></span> 
     </span>
     <span class='ocr_line' id='line_1_48' title="bbox 1893 1893 3553 1957; baseline 0.005 -8"><span class='ocrx_word' id='word_1_319' title='bbox 1893 1898 1983 1950; x_wconf 90' lang='lat' dir='ltr'><strong>tot</strong></span> <span class='ocrx_word' id='word_1_320' title='bbox 2006 1893 2302 1951; x_wconf 87' lang='lat' dir='ltr'><strong>laboribus</strong></span> <span class='ocrx_word' id='word_1_321' title='bbox 2323 1895 2559 1951; x_wconf 89' lang='lat' dir='ltr'><strong>victoria</strong></span> <span class='ocrx_word' id='word_1_322' title='bbox 2575 1895 2916 1952; x_wconf 82' lang='lat' dir='ltr'><strong>concidisse.</strong></span> <span class='ocrx_word' id='word_1_323' title='bbox 2939 1895 3224 1953; x_wconf 66' lang='lat' dir='ltr'><strong>Ceterum</strong></span> <span class='ocrx_word' id='word_1_324' title='bbox 3247 1914 3406 1956; x_wconf 89' lang='lat' dir='ltr'><strong>nunc</strong></span> <span class='ocrx_word' id='word_1_325' title='bbox 3427 1902 3553 1957; x_wconf 89' lang='lat' dir='ltr'><strong>tota</strong></span> 
     </span>
     <span class='ocr_line' id='line_1_49' title="bbox 1897 1982 3551 2058; baseline 0.004 -18"><span class='ocrx_word' id='word_1_326' title='bbox 1897 1982 2194 2056; x_wconf 89' lang='lat' dir='ltr'><strong>provincia</strong></span> <span class='ocrx_word' id='word_1_327' title='bbox 2243 1984 2301 2039; x_wconf 92' lang='lat' dir='ltr'><strong>in</strong></span> <span class='ocrx_word' id='word_1_328' title='bbox 2332 2000 2497 2056; x_wconf 90' lang='lat' dir='ltr'><strong>spem</strong></span> <span class='ocrx_word' id='word_1_329' title='bbox 2537 1988 2750 2058; x_wconf 79' lang='lat' dir='ltr'><strong>optatae</strong></span> <span class='ocrx_word' id='word_1_330' title='bbox 2781 1989 2943 2041; x_wconf 87' lang='lat' dir='ltr'><strong>tanto</strong></span> <span class='ocrx_word' id='word_1_331' title='bbox 2975 1990 3235 2058; x_wconf 90' lang='lat' dir='ltr'><strong>tempore</strong></span> <span class='ocrx_word' id='word_1_332' title='bbox 3264 1986 3551 2046; x_wconf 81' lang='lat' dir='ltr'><strong>libertatis</strong></span> 
     </span>
     <span class='ocr_line' id='line_1_50' title="bbox 1891 2072 3548 2146; baseline 0.002 -17"><span class='ocrx_word' id='word_1_333' title='bbox 1891 2073 2132 2145; x_wconf 86' lang='lat' dir='ltr'><strong>aspirat,</strong></span> <span class='ocrx_word' id='word_1_334' title='bbox 2164 2077 2223 2129; x_wconf 90' lang='lat' dir='ltr'><strong>et</strong></span> <span class='ocrx_word' id='word_1_335' title='bbox 2249 2072 2660 2130; x_wconf 83' lang='lat' dir='ltr'><strong>confirmatum</strong></span> <span class='ocrx_word' id='word_1_336' title='bbox 2692 2073 2907 2130; x_wconf 85' lang='lat' dir='ltr'><strong>Christi</strong></span> <span class='ocrx_word' id='word_1_337' title='bbox 2929 2075 3218 2146; x_wconf 84' lang='lat' dir='ltr'><strong>sanguine</strong></span> <span class='ocrx_word' id='word_1_338' title='bbox 3241 2080 3548 2133; x_wconf 88' lang='lat' dir='ltr'><strong>testamen-</strong></span> 
     </span>
     <span class='ocr_line' id='line_1_51' title="bbox 1890 2162 3552 2237; baseline 0.004 -21"><span class='ocrx_word' id='word_1_339' title='bbox 1890 2167 2039 2229; x_wconf 90' lang='lat' dir='ltr'><strong>tum,</strong></span> <span class='ocrx_word' id='word_1_340' title='bbox 2067 2177 2214 2219; x_wconf 89' lang='lat' dir='ltr'><strong>novo</strong></span> <span class='ocrx_word' id='word_1_341' title='bbox 2234 2163 2453 2234; x_wconf 91' lang='lat' dir='ltr'><strong>gaudet</strong></span> <span class='ocrx_word' id='word_1_342' title='bbox 2474 2162 2687 2220; x_wconf 90' lang='lat' dir='ltr'><strong>iterum</strong></span> <span class='ocrx_word' id='word_1_343' title='bbox 2710 2162 2998 2235; x_wconf 88' lang='lat' dir='ltr'><strong>sanguine</strong></span> <span class='ocrx_word' id='word_1_344' title='bbox 3017 2165 3375 2237; x_wconf 89' lang='lat' dir='ltr'><strong>consignari.</strong></span> <span class='ocrx_word' id='word_1_345' title='bbox 3398 2168 3552 2223; x_wconf 82' lang='lat' dir='ltr'><strong>Om-</strong></span> 
     </span>
     <span class='ocr_line' id='line_1_52' title="bbox 1889 2251 3549 2324; baseline 0.005 -17"><span class='ocrx_word' id='word_1_346' title='bbox 1889 2252 2056 2308; x_wconf 89' lang='lat' dir='ltr'><strong>nium</strong></span> <span class='ocrx_word' id='word_1_347' title='bbox 2087 2252 2268 2324; x_wconf 89' lang='lat' dir='ltr'><strong>igitur</strong></span> <span class='ocrx_word' id='word_1_348' title='bbox 2294 2253 2367 2309; x_wconf 90' lang='lat' dir='ltr'><strong>ad</strong></span> <span class='ocrx_word' id='word_1_349' title='bbox 2392 2251 2754 2324; x_wconf 88' lang='lat' dir='ltr'><strong>triumphum</strong></span> <span class='ocrx_word' id='word_1_350' title='bbox 2787 2254 3013 2309; x_wconf 87' lang='lat' dir='ltr'><strong>noviter</strong></span> <span class='ocrx_word' id='word_1_351' title='bbox 3045 2254 3243 2312; x_wconf 72' lang='lat' dir='ltr'><strong>evictoe</strong></span> <span class='ocrx_word' id='word_1_352' title='bbox 3264 2255 3549 2315; x_wconf 83' lang='lat' dir='ltr'><strong>libertatis</strong></span> 
     </span>
     <span class='ocr_line' id='line_1_53' title="bbox 1889 2341 3548 2411; baseline 0.004 -14"><span class='ocrx_word' id='word_1_353' title='bbox 1889 2346 2276 2398; x_wconf 88' lang='lat' dir='ltr'><strong>concurrente</strong></span> <span class='ocrx_word' id='word_1_354' title='bbox 2304 2341 2524 2409; x_wconf 77' lang='lat' dir='ltr'><strong>laetitia,</strong></span> <span class='ocrx_word' id='word_1_355' title='bbox 2552 2347 2788 2398; x_wconf 87' lang='lat' dir='ltr'><strong>exorato</strong></span> <span class='ocrx_word' id='word_1_356' title='bbox 2809 2341 3041 2411; x_wconf 89' lang='lat' dir='ltr'><strong>spiritu,</strong></span> <span class='ocrx_word' id='word_1_357' title='bbox 3064 2347 3123 2399; x_wconf 90' lang='lat' dir='ltr'><strong>et</strong></span> <span class='ocrx_word' id='word_1_358' title='bbox 3146 2360 3245 2400; x_wconf 85' lang='lat' dir='ltr'><strong>eos</strong></span> <span class='ocrx_word' id='word_1_359' title='bbox 3269 2345 3328 2400; x_wconf 91' lang='lat' dir='ltr'><strong>in</strong></span> <span class='ocrx_word' id='word_1_360' title='bbox 3359 2361 3548 2405; x_wconf 88' lang='lat' dir='ltr'><strong>unum</strong></span> 
     </span>
     <span class='ocr_line' id='line_1_54' title="bbox 1890 2430 3547 2505; baseline 0.004 -18"><span class='ocrx_word' id='word_1_361' title='bbox 1890 2431 2149 2487; x_wconf 88' lang='lat' dir='ltr'><strong>suaviter</strong></span> <span class='ocrx_word' id='word_1_362' title='bbox 2167 2430 2458 2502; x_wconf 80' lang='lat' dir='ltr'><strong>dirigente</strong></span> <span class='ocrx_word' id='word_1_363' title='bbox 2478 2446 2858 2500; x_wconf 84' lang='lat' dir='ltr'><strong>consensum,</strong></span> <span class='ocrx_word' id='word_1_364' title='bbox 2877 2430 3098 2487; x_wconf 88' lang='lat' dir='ltr'><strong>electus</strong></span> <span class='ocrx_word' id='word_1_365' title='bbox 3128 2436 3215 2488; x_wconf 90' lang='lat' dir='ltr'><strong>est</strong></span> <span class='ocrx_word' id='word_1_366' title='bbox 3243 2433 3354 2502; x_wconf 90' lang='lat' dir='ltr'><strong>vir,</strong></span> <span class='ocrx_word' id='word_1_367' title='bbox 3376 2434 3547 2505; x_wconf 73' lang='lat' dir='ltr'><strong>quus</strong></span> 
     </span>
     <span class='ocr_line' id='line_1_55' title="bbox 1888 2518 3540 2594; baseline 0.003 -19"><span class='ocrx_word' id='word_1_368' title='bbox 1888 2519 2112 2590; x_wconf 86' lang='lat' dir='ltr'><strong>religio,</strong></span> <span class='ocrx_word' id='word_1_369' title='bbox 2146 2519 2314 2590; x_wconf 78' lang='lat' dir='ltr'><strong>qu&#39;us</strong></span> <span class='ocrx_word' id='word_1_370' title='bbox 2347 2518 2682 2591; x_wconf 87' lang='lat' dir='ltr'><strong>prudentia,</strong></span> <span class='ocrx_word' id='word_1_371' title='bbox 2716 2520 2885 2591; x_wconf 87' lang='lat' dir='ltr'><strong>cujus</strong></span> <span class='ocrx_word' id='word_1_372' title='bbox 2917 2519 3347 2594; x_wconf 82' lang='lat' dir='ltr'><strong>magnificentia</strong></span> <span class='ocrx_word' id='word_1_373' title='bbox 3377 2526 3540 2580; x_wconf 90' lang='lat' dir='ltr'><strong>tanto</strong></span> 
     </span>
     <span class='ocr_line' id='line_1_56' title="bbox 1887 2608 3540 2682; baseline 0.002 -16"><span class='ocrx_word' id='word_1_374' title='bbox 1887 2608 2046 2682; x_wconf 89' lang='lat' dir='ltr'><strong>operi</strong></span> <span class='ocrx_word' id='word_1_375' title='bbox 2077 2608 2287 2665; x_wconf 90' lang='lat' dir='ltr'><strong>idonea</strong></span> <span class='ocrx_word' id='word_1_376' title='bbox 2315 2609 2662 2674; x_wconf 89' lang='lat' dir='ltr'><strong>crederetur,</strong></span> <span class='ocrx_word' id='word_1_377' title='bbox 2694 2610 2852 2680; x_wconf 89' lang='lat' dir='ltr'><strong>quod</strong></span> <span class='ocrx_word' id='word_1_378' title='bbox 2879 2625 2994 2666; x_wconf 91' lang='lat' dir='ltr'><strong>non</strong></span> <span class='ocrx_word' id='word_1_379' title='bbox 3014 2611 3271 2667; x_wconf 85' lang='lat' dir='ltr'><strong>externis</strong></span> <span class='ocrx_word' id='word_1_380' title='bbox 3302 2611 3540 2669; x_wconf 86' lang='lat' dir='ltr'><strong>indiciis</strong></span> 
     </span>
     <span class='ocr_line' id='line_1_57' title="bbox 1885 2696 3544 2774; baseline 0.002 -19"><span class='ocrx_word' id='word_1_381' title='bbox 1885 2699 1989 2755; x_wconf 91' lang='lat' dir='ltr'><strong>sed</strong></span> <span class='ocrx_word' id='word_1_382' title='bbox 2004 2697 2160 2754; x_wconf 91' lang='lat' dir='ltr'><strong>intra</strong></span> <span class='ocrx_word' id='word_1_383' title='bbox 2177 2697 2488 2754; x_wconf 82' lang='lat' dir='ltr'><strong>domestica</strong></span> <span class='ocrx_word' id='word_1_384' title='bbox 2501 2698 2757 2754; x_wconf 86' lang='lat' dir='ltr'><strong>claustra</strong></span> <span class='ocrx_word' id='word_1_385' title='bbox 2780 2714 2877 2771; x_wconf 90' lang='lat' dir='ltr'><strong>per</strong></span> <span class='ocrx_word' id='word_1_386' title='bbox 2890 2696 3128 2771; x_wconf 91' lang='lat' dir='ltr'><strong>longum</strong></span> <span class='ocrx_word' id='word_1_387' title='bbox 3142 2703 3371 2771; x_wconf 88' lang='lat' dir='ltr'><strong>tempus</strong></span> <span class='ocrx_word' id='word_1_388' title='bbox 3392 2701 3544 2774; x_wconf 91' lang='lat' dir='ltr'><strong>ipsis</strong></span> 
     </span>
     <span class='ocr_line' id='line_1_58' title="bbox 1888 2787 3539 2859; baseline 0.004 -15"><span class='ocrx_word' id='word_1_389' title='bbox 1888 2802 2083 2844; x_wconf 85' lang='lat' dir='ltr'><strong>rerum</strong></span> <span class='ocrx_word' id='word_1_390' title='bbox 2126 2787 2465 2844; x_wconf 86' lang='lat' dir='ltr'><strong>constiterat</strong></span> <span class='ocrx_word' id='word_1_391' title='bbox 2493 2787 2876 2859; x_wconf 83' lang='lat' dir='ltr'><strong>argumentis.</strong></span> <span class='ocrx_word' id='word_1_392' title='bbox 2904 2787 3076 2844; x_wconf 86' lang='lat' dir='ltr'><strong>Nulla</strong></span> <span class='ocrx_word' id='word_1_393' title='bbox 3103 2787 3340 2858; x_wconf 81' lang='lat' dir='ltr'><strong>invidia,</strong></span> <span class='ocrx_word' id='word_1_394' title='bbox 3372 2789 3539 2850; x_wconf 81' lang='lat' dir='ltr'><strong>nulla</strong></span> 
     </span>
     <span class='ocr_line' id='line_1_59' title="bbox 1888 2871 3543 2950; baseline 0.004 -23"><span class='ocrx_word' id='word_1_395' title='bbox 1888 2872 2153 2941; x_wconf 89' lang='lat' dir='ltr'><strong>ambitio,</strong></span> <span class='ocrx_word' id='word_1_396' title='bbox 2169 2871 2330 2929; x_wconf 90' lang='lat' dir='ltr'><strong>nulla</strong></span> <span class='ocrx_word' id='word_1_397' title='bbox 2349 2873 2601 2946; x_wconf 88' lang='lat' dir='ltr'><strong>denique</strong></span> <span class='ocrx_word' id='word_1_398' title='bbox 2618 2873 2702 2930; x_wconf 81' lang='lat' dir='ltr'><strong>vis</strong></span> <span class='ocrx_word' id='word_1_399' title='bbox 2721 2874 2963 2943; x_wconf 71' lang='lat' dir='ltr'><strong>jobviare</strong></span> <span class='ocrx_word' id='word_1_400' title='bbox 2986 2875 3376 2947; x_wconf 62' lang='lat' dir='ltr'><strong>presumpsit,</strong></span> <span class='ocrx_word' id='word_1_401' title='bbox 3399 2893 3543 2950; x_wconf 88' lang='lat' dir='ltr'><strong>quo·</strong></span> 
     </span>
     <span class='ocr_line' id='line_1_60' title="bbox 1889 2961 3542 3025; baseline 0.002 -5"><span class='ocrx_word' id='word_1_402' title='bbox 1889 2961 2053 3020; x_wconf 89' lang='lat' dir='ltr'><strong>niam</strong></span> <span class='ocrx_word' id='word_1_403' title='bbox 2085 2968 2320 3020; x_wconf 89' lang='lat' dir='ltr'><strong>sanctus</strong></span> <span class='ocrx_word' id='word_1_404' title='bbox 2366 2961 2462 3018; x_wconf 90' lang='lat' dir='ltr'><strong>ille</strong></span> <span class='ocrx_word' id='word_1_405' title='bbox 2500 2963 2860 3020; x_wconf 86' lang='lat' dir='ltr'><strong>successoris</strong></span> <span class='ocrx_word' id='word_1_406' title='bbox 2889 2963 2980 3019; x_wconf 90' lang='lat' dir='ltr'><strong>sui</strong></span> <span class='ocrx_word' id='word_1_407' title='bbox 3010 2979 3348 3022; x_wconf 88' lang='lat' dir='ltr'><strong>consecrare</strong></span> <span class='ocrx_word' id='word_1_408' title='bbox 3379 2965 3542 3025; x_wconf 88' lang='lat' dir='ltr'><strong>vide-</strong></span> 
     </span>
    </p>
   </div>
   <div class='ocr_carea' id='block_1_8' title="bbox 130 3050 3541 3153">
    <p class='ocr_par' dir='ltr' id='par_1_9' title="bbox 130 3050 3541 3153">
     <span class='ocr_line' id='line_1_61' title="bbox 130 3050 3541 3153; baseline -0.002 -35"><span class='ocrx_word' id='word_1_409' title='bbox 130 3058 401 3118; x_wconf 86' lang='lat' dir='ltr'><strong>monacbi</strong></span> <span class='ocrx_word' id='word_1_410' title='bbox 433 3056 922 3132; x_wconf 66' lang='lat' dir='ltr'><strong>prasumpserint</strong></span> <span class='ocrx_word' id='word_1_411' title='bbox 944 3069 1244 3127; x_wconf 89' lang='lat' dir='ltr'><strong>occupare,</strong></span> <span class='ocrx_word' id='word_1_412' title='bbox 1269 3050 1533 3110; x_wconf 68' lang='lat' dir='ltr'><strong>seculari</strong></span> <span class='ocrx_word' id='word_1_413' title='bbox 1553 3067 1783 3124; x_wconf 86' lang='lat' dir='ltr'><strong>semper</strong></span> <span class='ocrx_word' id='word_1_414' title='bbox 1811 3083 1856 3153; x_wconf 76' lang='lat' dir='ltr'>c</span> <span class='ocrx_word' id='word_1_415' title='bbox 1896 3050 2068 3108; x_wconf 88' lang='lat' dir='ltr'><strong>batur</strong></span> <span class='ocrx_word' id='word_1_416' title='bbox 2093 3052 2277 3120; x_wconf 88' lang='lat' dir='ltr'><strong>initia,</strong></span> <span class='ocrx_word' id='word_1_417' title='bbox 2303 3056 2361 3108; x_wconf 90' lang='lat' dir='ltr'><strong>et</strong></span> <span class='ocrx_word' id='word_1_418' title='bbox 2390 3051 2582 3121; x_wconf 87' lang='lat' dir='ltr'><strong>altari,</strong></span> <span class='ocrx_word' id='word_1_419' title='bbox 2605 3052 2769 3124; x_wconf 83' lang='lat' dir='ltr'><strong>cujus</strong></span> <span class='ocrx_word' id='word_1_420' title='bbox 2788 3052 2909 3124; x_wconf 89' lang='lat' dir='ltr'><strong>ipse</strong></span> <span class='ocrx_word' id='word_1_421' title='bbox 2931 3054 3203 3111; x_wconf 88' lang='lat' dir='ltr'><strong>sacerdos</strong></span> <span class='ocrx_word' id='word_1_422' title='bbox 3217 3056 3541 3125; x_wconf 87' lang='lat' dir='ltr'><strong>exstiterat,</strong></span> 
     </span>
    </p>
   </div>
   <div class='ocr_carea' id='block_1_9' title="bbox 120 3139 1787 4460">
    <p class='ocr_par' dir='ltr' id='par_1_10' title="bbox 120 3139 1787 4460">
     <span class='ocr_line' id='line_1_62' title="bbox 126 3139 1781 3222; baseline -0.006 -13"><span class='ocrx_word' id='word_1_423' title='bbox 126 3153 407 3222; x_wconf 74' lang='lat' dir='ltr'><strong>potestate</strong></span> <span class='ocrx_word' id='word_1_424' title='bbox 434 3145 661 3205; x_wconf 75' lang='lat' dir='ltr'><strong>defensi</strong></span> <span class='ocrx_word' id='word_1_425' title='bbox 676 3148 838 3215; x_wconf 90' lang='lat' dir='ltr'><strong>sunt,</strong></span> <span class='ocrx_word' id='word_1_426' title='bbox 873 3150 937 3202; x_wconf 93' lang='lat' dir='ltr'><strong>ut</strong></span> <span class='ocrx_word' id='word_1_427' title='bbox 959 3144 1108 3201; x_wconf 89' lang='lat' dir='ltr'><strong>male</strong></span> <span class='ocrx_word' id='word_1_428' title='bbox 1125 3146 1292 3215; x_wconf 90' lang='lat' dir='ltr'><strong>parta</strong></span> <span class='ocrx_word' id='word_1_429' title='bbox 1312 3140 1604 3213; x_wconf 89' lang='lat' dir='ltr'><strong>possessio</strong></span> <span class='ocrx_word' id='word_1_430' title='bbox 1626 3139 1781 3199; x_wconf 89' lang='lat' dir='ltr'><strong>malo</strong></span> 
     </span>
     <span class='ocr_line' id='line_1_63' title="bbox 122 3230 1780 3309; baseline -0.005 -15"><span class='ocrx_word' id='word_1_431' title='bbox 122 3237 512 3297; x_wconf 82' lang='lat' dir='ltr'><strong>nibilominus</strong></span> <span class='ocrx_word' id='word_1_432' title='bbox 559 3233 831 3309; x_wconf 74' lang='lat' dir='ltr'><strong>proesillio</strong></span> <span class='ocrx_word' id='word_1_433' title='bbox 882 3237 1229 3291; x_wconf 87' lang='lat' dir='ltr'><strong>servaretur.</strong></span> <span class='ocrx_word' id='word_1_434' title='bbox 1276 3230 1535 3304; x_wconf 78' lang='lat' dir='ltr'><strong>Tempus</strong></span> <span class='ocrx_word' id='word_1_435' title='bbox 1584 3234 1780 3287; x_wconf 88' lang='lat' dir='ltr'><strong>autem</strong></span> 
     </span>
     <span class='ocr_line' id='line_1_64' title="bbox 120 3317 1783 3398; baseline -0.007 -11"><span class='ocrx_word' id='word_1_436' title='bbox 120 3327 404 3386; x_wconf 75' lang='lat' dir='ltr'><strong>violentias</strong></span> <span class='ocrx_word' id='word_1_437' title='bbox 452 3326 635 3397; x_wconf 80' lang='lat' dir='ltr'><strong>hujus</strong></span> <span class='ocrx_word' id='word_1_438' title='bbox 663 3325 734 3382; x_wconf 89' lang='lat' dir='ltr'><strong>ad</strong></span> <span class='ocrx_word' id='word_1_439' title='bbox 776 3322 1271 3398; x_wconf 73' lang='lat' dir='ltr'><strong>praescriptionem</strong></span> <span class='ocrx_word' id='word_1_440' title='bbox 1303 3320 1462 3393; x_wconf 85' lang='lat' dir='ltr'><strong>longi</strong></span> <span class='ocrx_word' id='word_1_441' title='bbox 1502 3317 1783 3393; x_wconf 84' lang='lat' dir='ltr'><strong>temporis</strong></span> 
     </span>
     <span class='ocr_line' id='line_1_65' title="bbox 122 3410 1784 3491; baseline -0.007 -14"><span class='ocrx_word' id='word_1_442' title='bbox 122 3420 723 3491; x_wconf 85' lang='lat' dir='ltr'><strong>nitunturopponere,</strong></span> <span class='ocrx_word' id='word_1_443' title='bbox 740 3429 874 3472; x_wconf 89' lang='lat' dir='ltr'><strong>cum</strong></span> <span class='ocrx_word' id='word_1_444' title='bbox 890 3415 961 3471; x_wconf 90' lang='lat' dir='ltr'><strong>ad</strong></span> <span class='ocrx_word' id='word_1_445' title='bbox 985 3410 1481 3486; x_wconf 68' lang='lat' dir='ltr'><strong>proscriptionem</strong></span> <span class='ocrx_word' id='word_1_446' title='bbox 1504 3410 1784 3484; x_wconf 82' lang='lat' dir='ltr'><strong>proficere</strong></span> 
     </span>
     <span class='ocr_line' id='line_1_66' title="bbox 125 3498 1787 3583; baseline -0.006 -17"><span class='ocrx_word' id='word_1_447' title='bbox 125 3526 231 3566; x_wconf 88' lang='lat' dir='ltr'><strong>non</strong></span> <span class='ocrx_word' id='word_1_448' title='bbox 262 3506 459 3583; x_wconf 74' lang='lat' dir='ltr'><strong>possit</strong></span> <span class='ocrx_word' id='word_1_449' title='bbox 516 3505 757 3564; x_wconf 83' lang='lat' dir='ltr'><strong>violenta</strong></span> <span class='ocrx_word' id='word_1_450' title='bbox 785 3503 876 3561; x_wconf 92' lang='lat' dir='ltr'><strong>vel</strong></span> <span class='ocrx_word' id='word_1_451' title='bbox 917 3500 1280 3571; x_wconf 87' lang='lat' dir='ltr'><strong>lnterpellata</strong></span> <span class='ocrx_word' id='word_1_452' title='bbox 1310 3499 1602 3573; x_wconf 89' lang='lat' dir='ltr'><strong>possessio</strong></span> <span class='ocrx_word' id='word_1_453' title='bbox 1632 3516 1646 3555; x_wconf 91' lang='lat'>:</span> <span class='ocrx_word' id='word_1_454' title='bbox 1687 3498 1787 3556; x_wconf 92' lang='lat' dir='ltr'><strong>ubi</strong></span> 
     </span>
     <span class='ocr_line' id='line_1_67' title="bbox 124 3588 1784 3669; baseline -0.007 -13"><span class='ocrx_word' id='word_1_455' title='bbox 124 3598 334 3656; x_wconf 86' lang='lat' dir='ltr'><strong>scilicet</strong></span> <span class='ocrx_word' id='word_1_456' title='bbox 359 3614 472 3654; x_wconf 88' lang='lat' dir='ltr'><strong>nec</strong></span> <span class='ocrx_word' id='word_1_457' title='bbox 492 3593 828 3669; x_wconf 86' lang='lat' dir='ltr'><strong>experiendi</strong></span> <span class='ocrx_word' id='word_1_458' title='bbox 853 3592 1020 3665; x_wconf 91' lang='lat' dir='ltr'><strong>copia</strong></span> <span class='ocrx_word' id='word_1_459' title='bbox 1048 3607 1232 3663; x_wconf 89' lang='lat' dir='ltr'><strong>neque</strong></span> <span class='ocrx_word' id='word_1_460' title='bbox 1249 3590 1375 3647; x_wconf 88' lang='lat' dir='ltr'><strong>dies</strong></span> <span class='ocrx_word' id='word_1_461' title='bbox 1409 3589 1570 3647; x_wconf 90' lang='lat' dir='ltr'><strong>utilis</strong></span> <span class='ocrx_word' id='word_1_462' title='bbox 1593 3588 1784 3646; x_wconf 89' lang='lat' dir='ltr'><strong>indul-</strong></span> 
     </span>
     <span class='ocr_line' id='line_1_68' title="bbox 125 3679 1785 3762; baseline -0.006 -16"><span class='ocrx_word' id='word_1_463' title='bbox 125 3693 284 3762; x_wconf 82' lang='lat' dir='ltr'><strong>getur</strong></span> <span class='ocrx_word' id='word_1_464' title='bbox 310 3688 528 3746; x_wconf 89' lang='lat' dir='ltr'><strong>actori.</strong></span> <span class='ocrx_word' id='word_1_465' title='bbox 560 3685 860 3760; x_wconf 84' lang='lat' dir='ltr'><strong>Rogamus</strong></span> <span class='ocrx_word' id='word_1_466' title='bbox 896 3684 1080 3756; x_wconf 87' lang='lat' dir='ltr'><strong>igitur</strong></span> <span class='ocrx_word' id='word_1_467' title='bbox 1129 3686 1192 3738; x_wconf 94' lang='lat' dir='ltr'><strong>ut</strong></span> <span class='ocrx_word' id='word_1_468' title='bbox 1223 3681 1406 3738; x_wconf 89' lang='lat' dir='ltr'><strong>labori</strong></span> <span class='ocrx_word' id='word_1_469' title='bbox 1439 3684 1662 3747; x_wconf 89' lang='lat' dir='ltr'><strong>nostro,</strong></span> <span class='ocrx_word' id='word_1_470' title='bbox 1688 3679 1785 3737; x_wconf 90' lang='lat' dir='ltr'><strong>oui</strong></span> 
     </span>
     <span class='ocr_line' id='line_1_69' title="bbox 120 3769 1786 3852; baseline -0.006 -17"><span class='ocrx_word' id='word_1_471' title='bbox 120 3779 235 3850; x_wconf 77' lang='lat' dir='ltr'><strong>jam</strong></span> <span class='ocrx_word' id='word_1_472' title='bbox 266 3777 523 3852; x_wconf 88' lang='lat' dir='ltr'><strong>triginta</strong></span> <span class='ocrx_word' id='word_1_473' title='bbox 569 3775 739 3833; x_wconf 89' lang='lat' dir='ltr'><strong>annis</strong></span> <span class='ocrx_word' id='word_1_474' title='bbox 767 3772 1145 3832; x_wconf 79' lang='lat' dir='ltr'><strong>inefficaciter</strong></span> <span class='ocrx_word' id='word_1_475' title='bbox 1182 3770 1525 3841; x_wconf 88' lang='lat' dir='ltr'><strong>institimus,</strong></span> <span class='ocrx_word' id='word_1_476' title='bbox 1553 3769 1786 3827; x_wconf 88' lang='lat' dir='ltr'><strong>bonitas</strong></span> 
     </span>
     <span class='ocr_line' id='line_1_70' title="bbox 124 3857 1783 3937; baseline -0.005 -15"><span class='ocrx_word' id='word_1_477' title='bbox 124 3866 507 3925; x_wconf 78' lang='lat' dir='ltr'><strong>restraflnem</strong></span> <span class='ocrx_word' id='word_1_478' title='bbox 524 3864 1020 3937; x_wconf 82' lang='lat' dir='ltr'><strong>curetimponere,</strong></span> <span class='ocrx_word' id='word_1_479' title='bbox 1042 3859 1397 3933; x_wconf 89' lang='lat' dir='ltr'><strong>dominoque</strong></span> <span class='ocrx_word' id='word_1_480' title='bbox 1416 3857 1783 3926; x_wconf 83' lang='lat' dir='ltr'><strong>Abrincensi,</strong></span> 
     </span>
     <span class='ocr_line' id='line_1_71' title="bbox 125 3947 1783 4030; baseline -0.006 -15"><span class='ocrx_word' id='word_1_481' title='bbox 125 3973 293 4030; x_wconf 86' lang='lat' dir='ltr'><strong>quem</strong></span> <span class='ocrx_word' id='word_1_482' title='bbox 316 3952 794 4027; x_wconf 78' lang='lat' dir='ltr'><strong>vestrajudicem</strong></span> <span class='ocrx_word' id='word_1_483' title='bbox 818 3951 989 4008; x_wconf 91' lang='lat' dir='ltr'><strong>nobis</strong></span> <span class='ocrx_word' id='word_1_484' title='bbox 1022 3948 1340 4023; x_wconf 83' lang='lat' dir='ltr'><strong>assignavit</strong></span> <span class='ocrx_word' id='word_1_485' title='bbox 1359 3947 1582 4018; x_wconf 90' lang='lat' dir='ltr'><strong>electio,</strong></span> <span class='ocrx_word' id='word_1_486' title='bbox 1606 3964 1783 4021; x_wconf 89' lang='lat' dir='ltr'><strong>quem</strong></span> 
     </span>
     <span class='ocr_line' id='line_1_72' title="bbox 124 4037 1781 4118; baseline -0.004 -17"><span class='ocrx_word' id='word_1_487' title='bbox 124 4050 317 4104; x_wconf 79' lang='lat' dir='ltr'><strong>vestra</strong></span> <span class='ocrx_word' id='word_1_488' title='bbox 339 4044 611 4118; x_wconf 86' lang='lat' dir='ltr'><strong>judicem</strong></span> <span class='ocrx_word' id='word_1_489' title='bbox 651 4041 824 4100; x_wconf 85' lang='lat' dir='ltr'><strong>nobis</strong></span> <span class='ocrx_word' id='word_1_490' title='bbox 870 4038 1192 4113; x_wconf 84' lang='lat' dir='ltr'><strong>assignavit</strong></span> <span class='ocrx_word' id='word_1_491' title='bbox 1218 4037 1445 4108; x_wconf 83' lang='lat' dir='ltr'><strong>electio,</strong></span> <span class='ocrx_word' id='word_1_492' title='bbox 1477 4052 1651 4112; x_wconf 90' lang='lat' dir='ltr'><strong>quem</strong></span> <span class='ocrx_word' id='word_1_493' title='bbox 1681 4054 1781 4094; x_wconf 90' lang='lat' dir='ltr'><strong>vo·</strong></span> 
     </span>
     <span class='ocr_line' id='line_1_73' title="bbox 128 4125 1782 4207; baseline -0.006 -13"><span class='ocrx_word' id='word_1_494' title='bbox 128 4134 353 4194; x_wconf 81' lang='lat' dir='ltr'><strong>luet-itis</strong></span> <span class='ocrx_word' id='word_1_495' title='bbox 385 4131 743 4207; x_wconf 78' lang='lat' dir='ltr'><strong>adjungatis,</strong></span> <span class='ocrx_word' id='word_1_496' title='bbox 775 4146 948 4204; x_wconf 87' lang='lat' dir='ltr'><strong>quem</strong></span> <span class='ocrx_word' id='word_1_497' title='bbox 979 4131 1203 4187; x_wconf 88' lang='lat' dir='ltr'><strong>eertum</strong></span> <span class='ocrx_word' id='word_1_498' title='bbox 1225 4127 1301 4184; x_wconf 91' lang='lat' dir='ltr'><strong>sit</strong></span> <span class='ocrx_word' id='word_1_499' title='bbox 1328 4126 1520 4184; x_wconf 84' lang='lat' dir='ltr'><strong>zelum</strong></span> <span class='ocrx_word' id='word_1_500' title='bbox 1551 4125 1651 4184; x_wconf 89' lang='lat' dir='ltr'><strong>Dei</strong></span> <span class='ocrx_word' id='word_1_501' title='bbox 1683 4126 1782 4184; x_wconf 89' lang='lat' dir='ltr'><strong>ha-</strong></span> 
     </span>
     <span class='ocr_line' id='line_1_74' title="bbox 127 4214 1786 4296; baseline -0.007 -14"><span class='ocrx_word' id='word_1_502' title='bbox 127 4226 253 4282; x_wconf 84' lang='lat' dir='ltr'><strong>bers</strong></span> <span class='ocrx_word' id='word_1_503' title='bbox 279 4231 338 4281; x_wconf 93' lang='lat' dir='ltr'><strong>et</strong></span> <span class='ocrx_word' id='word_1_504' title='bbox 372 4217 993 4296; x_wconf 74' lang='lat' dir='ltr'><strong>peritiamJudicandi,</strong></span> <span class='ocrx_word' id='word_1_505' title='bbox 1025 4217 1243 4291; x_wconf 85' lang='lat' dir='ltr'><strong>quique</strong></span> <span class='ocrx_word' id='word_1_506' title='bbox 1275 4216 1403 4288; x_wconf 89' lang='lat' dir='ltr'><strong>ejus</strong></span> <span class='ocrx_word' id='word_1_507' title='bbox 1426 4216 1503 4272; x_wconf 89' lang='lat' dir='ltr'><strong>sit</strong></span> <span class='ocrx_word' id='word_1_508' title='bbox 1521 4214 1708 4272; x_wconf 74' lang='lat' dir='ltr'><strong>astatis</strong></span> <span class='ocrx_word' id='word_1_509' title='bbox 1728 4221 1786 4271; x_wconf 90' lang='lat' dir='ltr'><strong>et</strong></span> 
     </span>
     <span class='ocr_line' id='line_1_75' title="bbox 127 4302 1784 4382; baseline -0.006 -11"><span class='ocrx_word' id='word_1_510' title='bbox 127 4313 363 4382; x_wconf 75' lang='lat' dir='ltr'><strong>ordinis,</strong></span> <span class='ocrx_word' id='word_1_511' title='bbox 392 4316 460 4369; x_wconf 92' lang='lat' dir='ltr'><strong>ut</strong></span> <span class='ocrx_word' id='word_1_512' title='bbox 480 4325 589 4368; x_wconf 85' lang='lat' dir='ltr'><strong>nec</strong></span> <span class='ocrx_word' id='word_1_513' title='bbox 607 4309 799 4367; x_wconf 90' lang='lat' dir='ltr'><strong>ordini</strong></span> <span class='ocrx_word' id='word_1_514' title='bbox 813 4305 1269 4379; x_wconf 87' lang='lat' dir='ltr'><strong>nostroirrogari</strong></span> <span class='ocrx_word' id='word_1_515' title='bbox 1289 4302 1784 4376; x_wconf 78' lang='lat' dir='ltr'><strong>videaturinjuria</strong></span> 
     </span>
     <span class='ocr_line' id='line_1_76' title="bbox 128 4393 1782 4460; baseline -0.006 -1"><span class='ocrx_word' id='word_1_516' title='bbox 128 4420 224 4460; x_wconf 85' lang='lat' dir='ltr'><strong>nec</strong></span> <span class='ocrx_word' id='word_1_517' title='bbox 251 4400 531 4460; x_wconf 77' lang='lat' dir='ltr'><strong>confusio</strong></span> <span class='ocrx_word' id='word_1_518' title='bbox 578 4397 890 4456; x_wconf 82' lang='lat' dir='ltr'><strong>senectuti.</strong></span> <span class='ocrx_word' id='word_1_519' title='bbox 946 4393 1260 4453; x_wconf 89' lang='lat' dir='ltr'><strong>Petitiones</strong></span> <span class='ocrx_word' id='word_1_520' title='bbox 1308 4396 1503 4451; x_wconf 89' lang='lat' dir='ltr'><strong>autem</strong></span> <span class='ocrx_word' id='word_1_521' title='bbox 1555 4399 1782 4450; x_wconf 86' lang='lat' dir='ltr'><strong>nostras</strong></span> 
     </span>
    </p>
   </div>
   <div class='ocr_carea' id='block_1_10' title="bbox 126 4454 1864 4566">
    <p class='ocr_par' dir='ltr' id='par_1_11' title="bbox 126 4454 1864 4566">
     <span class='ocr_line' id='line_1_77' title="bbox 126 4454 1864 4566; baseline -0.005 -19"><span class='ocrx_word' id='word_1_522' title='bbox 126 4493 271 4549; x_wconf 83' lang='lat' dir='ltr'><strong>lator</strong></span> <span class='ocrx_word' id='word_1_523' title='bbox 300 4489 684 4566; x_wconf 60' lang='lat' dir='ltr'><strong>presentium</strong></span> <span class='ocrx_word' id='word_1_524' title='bbox 711 4487 878 4560; x_wconf 78' lang='lat' dir='ltr'><strong>Engo</strong></span> <span class='ocrx_word' id='word_1_525' title='bbox 908 4483 1356 4542; x_wconf 86' lang='lat' dir='ltr'><strong>archidiaconus</strong></span> <span class='ocrx_word' id='word_1_526' title='bbox 1385 4486 1442 4539; x_wconf 92' lang='lat' dir='ltr'><strong>et</strong></span> <span class='ocrx_word' id='word_1_527' title='bbox 1473 4497 1654 4554; x_wconf 89' lang='lat' dir='ltr'><strong>nepos</strong></span> <span class='ocrx_word' id='word_1_528' title='bbox 1685 4498 1790 4540; x_wconf 92' lang='lat' dir='ltr'><strong>no-</strong></span> <span class='ocrx_word' id='word_1_529' title='bbox 1819 4454 1864 4521; x_wconf 72' lang='lat' dir='ltr'>D</span> 
     </span>
    </p>
   </div>
   <div class='ocr_carea' id='block_1_11' title="bbox 128 4572 1792 5280">
    <p class='ocr_par' dir='ltr' id='par_1_12' title="bbox 128 4572 1790 4996">
     <span class='ocr_line' id='line_1_78' title="bbox 128 4572 1790 4652; baseline -0.005 -14"><span class='ocrx_word' id='word_1_530' title='bbox 128 4585 245 4639; x_wconf 84' lang='lat' dir='ltr'><strong>ster</strong></span> <span class='ocrx_word' id='word_1_531' title='bbox 295 4578 598 4652; x_wconf 70' lang='lat' dir='ltr'><strong>majestati</strong></span> <span class='ocrx_word' id='word_1_532' title='bbox 644 4582 851 4636; x_wconf 65' lang='lat' dir='ltr'><strong>vestras</strong></span> <span class='ocrx_word' id='word_1_533' title='bbox 899 4574 1131 4648; x_wconf 88' lang='lat' dir='ltr'><strong>plenius</strong></span> <span class='ocrx_word' id='word_1_534' title='bbox 1177 4573 1478 4641; x_wconf 88' lang='lat' dir='ltr'><strong>indicabit,</strong></span> <span class='ocrx_word' id='word_1_535' title='bbox 1532 4572 1667 4645; x_wconf 89' lang='lat' dir='ltr'><strong>quia</strong></span> <span class='ocrx_word' id='word_1_536' title='bbox 1691 4588 1790 4629; x_wconf 89' lang='lat' dir='ltr'><strong>eas</strong></span> 
     </span>
     <span class='ocr_line' id='line_1_79' title="bbox 128 4662 1790 4742; baseline -0.007 -14"><span class='ocrx_word' id='word_1_537' title='bbox 128 4667 519 4742; x_wconf 65' lang='lat' dir='ltr'><strong>presentibus</strong></span> <span class='ocrx_word' id='word_1_538' title='bbox 561 4667 780 4725; x_wconf 86' lang='lat' dir='ltr'><strong>litteris</strong></span> <span class='ocrx_word' id='word_1_539' title='bbox 827 4682 943 4722; x_wconf 92' lang='lat' dir='ltr'><strong>non</strong></span> <span class='ocrx_word' id='word_1_540' title='bbox 991 4663 1268 4721; x_wconf 88' lang='lat' dir='ltr'><strong>duximus</strong></span> <span class='ocrx_word' id='word_1_541' title='bbox 1313 4662 1671 4733; x_wconf 87' lang='lat' dir='ltr'><strong>inserendas,</strong></span> <span class='ocrx_word' id='word_1_542' title='bbox 1717 4676 1790 4718; x_wconf 93' lang='lat' dir='ltr'><strong>ne</strong></span> 
     </span>
     <span class='ocr_line' id='line_1_80' title="bbox 128 4752 1619 4833; baseline -0.007 -16"><span class='ocrx_word' id='word_1_543' title='bbox 128 4759 273 4817; x_wconf 74' lang='lat' dir='ltr'><strong>forte</strong></span> <span class='ocrx_word' id='word_1_544' title='bbox 301 4757 609 4833; x_wconf 82' lang='lat' dir='ltr'><strong>prolixitas</strong></span> <span class='ocrx_word' id='word_1_545' title='bbox 637 4753 986 4831; x_wconf 61' lang='lat' dir='ltr'><strong>epistolaria</strong></span> <span class='ocrx_word' id='word_1_546' title='bbox 1014 4752 1252 4810; x_wconf 66' lang='lat' dir='ltr'><strong>tedium</strong></span> <span class='ocrx_word' id='word_1_547' title='bbox 1283 4754 1619 4809; x_wconf 82' lang='lat' dir='ltr'><strong>verteretur.</strong></span> 
     </span>
     <span class='ocr_line' id='line_1_81' title="bbox 886 4843 1080 4903; baseline -0.005 -3"><span class='ocrx_word' id='word_1_548' title='bbox 886 4843 1080 4903; x_wconf 80' lang='lat' dir='ltr'><strong>thx.</strong></span> 
     </span>
     <span class='ocr_line' id='line_1_82' title="bbox 440 4945 1478 4996; baseline -0.007 0"><span class='ocrx_word' id='word_1_549' title='bbox 440 4954 516 4996; x_wconf 78' lang='lat' dir='ltr'><strong>an</strong></span> <span class='ocrx_word' id='word_1_550' title='bbox 544 4951 814 4994; x_wconf 73' lang='lat' dir='ltr'><strong>nomm</strong></span> <span class='ocrx_word' id='word_1_551' title='bbox 853 4950 1041 4991; x_wconf 63' lang='lat' dir='ltr'><strong>raram</strong></span> <span class='ocrx_word' id='word_1_552' title='bbox 1069 4945 1478 4989; x_wconf 63' lang='lat' dir='ltr'><strong>armannus.</strong></span> 
     </span>
    </p>

    <p class='ocr_par' dir='ltr' id='par_1_13' title="bbox 130 5015 1792 5280">
     <span class='ocr_line' id='line_1_83' title="bbox 200 5015 1791 5096; baseline -0.008 -11"><span class='ocrx_word' id='word_1_553' title='bbox 200 5028 341 5095; x_wconf 65' lang='lat' dir='ltr'><strong>Quas</strong></span> <span class='ocrx_word' id='word_1_554' title='bbox 353 5024 727 5094; x_wconf 69' lang='lat' dir='ltr'><strong>detrimenta,</strong></span> <span class='ocrx_word' id='word_1_555' title='bbox 746 5038 897 5096; x_wconf 88' lang='lat' dir='ltr'><strong>quos</strong></span> <span class='ocrx_word' id='word_1_556' title='bbox 910 5020 1158 5090; x_wconf 89' lang='lat' dir='ltr'><strong>labores,</strong></span> <span class='ocrx_word' id='word_1_557' title='bbox 1181 5036 1327 5091; x_wconf 87' lang='lat' dir='ltr'><strong>quas</strong></span> <span class='ocrx_word' id='word_1_558' title='bbox 1339 5015 1791 5088; x_wconf 77' lang='lat' dir='ltr'><strong>injuriasEccle-</strong></span> 
     </span>
     <span class='ocr_line' id='line_1_84' title="bbox 130 5105 1792 5182; baseline -0.008 -7"><span class='ocrx_word' id='word_1_559' title='bbox 130 5119 215 5174; x_wconf 78' lang='lat' dir='ltr'><strong>sia</strong></span> <span class='ocrx_word' id='word_1_560' title='bbox 243 5113 688 5174; x_wconf 79' lang='lat' dir='ltr'><strong>cantuariensis</strong></span> <span class='ocrx_word' id='word_1_561' title='bbox 714 5111 829 5168; x_wconf 88' lang='lat' dir='ltr'><strong>bac</strong></span> <span class='ocrx_word' id='word_1_562' title='bbox 862 5112 1206 5182; x_wconf 87' lang='lat' dir='ltr'><strong>tempestate</strong></span> <span class='ocrx_word' id='word_1_563' title='bbox 1238 5105 1563 5181; x_wconf 88' lang='lat' dir='ltr'><strong>pertulerit,</strong></span> <span class='ocrx_word' id='word_1_564' title='bbox 1596 5111 1792 5163; x_wconf 88' lang='lat' dir='ltr'><strong>vestra</strong></span> 
     </span>
     <span class='ocr_line' id='line_1_85' title="bbox 131 5195 1790 5280; baseline -0.007 -16"><span class='ocrx_word' id='word_1_565' title='bbox 131 5203 465 5280; x_wconf 81' lang='lat' dir='ltr'><strong>compassio</strong></span> <span class='ocrx_word' id='word_1_566' title='bbox 495 5219 612 5260; x_wconf 89' lang='lat' dir='ltr'><strong>non</strong></span> <span class='ocrx_word' id='word_1_567' title='bbox 639 5201 893 5275; x_wconf 90' lang='lat' dir='ltr'><strong>ignorat.</strong></span> <span class='ocrx_word' id='word_1_568' title='bbox 933 5197 1149 5255; x_wconf 84' lang='lat' dir='ltr'><strong>Verum</strong></span> <span class='ocrx_word' id='word_1_569' title='bbox 1176 5196 1446 5254; x_wconf 75' lang='lat' dir='ltr'><strong>afflictam</strong></span> <span class='ocrx_word' id='word_1_570' title='bbox 1483 5195 1705 5252; x_wconf 88' lang='lat' dir='ltr'><strong>diutius</strong></span> <span class='ocrx_word' id='word_1_571' title='bbox 1733 5198 1790 5252; x_wconf 89' lang='lat' dir='ltr'><strong>et</strong></span> 
     </span>
    </p>
   </div>
   <div class='ocr_carea' id='block_1_12' title="bbox 16 5285 1791 5362">
    <p class='ocr_par' dir='ltr' id='par_1_14' title="bbox 16 5285 1791 5362">
     <span class='ocr_line' id='line_1_86' title="bbox 16 5285 1791 5362; baseline -0.007 -7"><span class='ocrx_word' id='word_1_572' title='bbox 16 5355 19 5362; x_wconf 86' lang='grc'>,</span> <span class='ocrx_word' id='word_1_573' title='bbox 132 5293 458 5354; x_wconf 79' lang='lat' dir='ltr'><strong>miserabili</strong></span> <span class='ocrx_word' id='word_1_574' title='bbox 470 5307 719 5351; x_wconf 76' lang='lat' dir='ltr'><strong>morere</strong></span> <span class='ocrx_word' id='word_1_575' title='bbox 731 5289 1057 5348; x_wconf 73' lang='lat' dir='ltr'><strong>confectam</strong></span> <span class='ocrx_word' id='word_1_576' title='bbox 1070 5288 1376 5344; x_wconf 89' lang='lat' dir='ltr'><strong>miserator</strong></span> <span class='ocrx_word' id='word_1_577' title='bbox 1394 5291 1450 5344; x_wconf 88' lang='lat' dir='ltr'><strong>st</strong></span> <span class='ocrx_word' id='word_1_578' title='bbox 1463 5285 1791 5343; x_wconf 87' lang='lat' dir='ltr'><strong>misericors</strong></span> 
     </span>
    </p>
   </div>
   <div class='ocr_carea' id='block_1_13' title="bbox 133 5377 1788 5638">
    <p class='ocr_par' dir='ltr' id='par_1_15' title="bbox 133 5377 1788 5638">
     <span class='ocr_line' id='line_1_87' title="bbox 133 5377 1781 5450; baseline -0.007 -6"><span class='ocrx_word' id='word_1_579' title='bbox 133 5385 421 5444; x_wconf 83' lang='lat' dir='ltr'><strong>Dominus</strong></span> <span class='ocrx_word' id='word_1_580' title='bbox 462 5383 630 5443; x_wconf 91' lang='lat' dir='ltr'><strong>oculo</strong></span> <span class='ocrx_word' id='word_1_581' title='bbox 670 5377 1081 5440; x_wconf 70' lang='lat' dir='ltr'><strong>misericordias</strong></span> <span class='ocrx_word' id='word_1_582' title='bbox 1111 5377 1364 5450; x_wconf 88' lang='lat' dir='ltr'><strong>respexit</strong></span> <span class='ocrx_word' id='word_1_583' title='bbox 1387 5377 1459 5433; x_wconf 89' lang='lat' dir='ltr'><strong>ad</strong></span> <span class='ocrx_word' id='word_1_584' title='bbox 1493 5390 1781 5448; x_wconf 73' lang='lat' dir='ltr'><strong>praesens3</strong></span> 
     </span>
     <span class='ocr_line' id='line_1_88' title="bbox 136 5463 1788 5548; baseline -0.007 -19"><span class='ocrx_word' id='word_1_585' title='bbox 136 5475 317 5547; x_wconf 78' lang='lat' dir='ltr'><strong>ipsam</strong></span> <span class='ocrx_word' id='word_1_586' title='bbox 370 5471 547 5548; x_wconf 75' lang='lat' dir='ltr'><strong>sopit</strong></span> <span class='ocrx_word' id='word_1_587' title='bbox 591 5470 664 5528; x_wconf 88' lang='lat' dir='ltr'><strong>ad</strong></span> <span class='ocrx_word' id='word_1_588' title='bbox 714 5470 931 5527; x_wconf 85' lang='lat' dir='ltr'><strong>statum</strong></span> <span class='ocrx_word' id='word_1_589' title='bbox 958 5465 1215 5538; x_wconf 69' lang='lat' dir='ltr'><strong>pristine</strong></span> <span class='ocrx_word' id='word_1_590' title='bbox 1253 5463 1551 5537; x_wconf 80' lang='lat' dir='ltr'><strong>dignitatis</strong></span> <span class='ocrx_word' id='word_1_591' title='bbox 1597 5465 1655 5519; x_wconf 91' lang='lat' dir='ltr'><strong>et</strong></span> <span class='ocrx_word' id='word_1_592' title='bbox 1682 5480 1788 5519; x_wconf 88' lang='lat' dir='ltr'><strong>ex-</strong></span> 
     </span>
     <span class='ocr_line' id='line_1_89' title="bbox 134 5551 1785 5638; baseline -0.008 -14"><span class='ocrx_word' id='word_1_593' title='bbox 134 5562 421 5624; x_wconf 69' lang='lat' dir='ltr'><strong>ssllsati·</strong></span> <span class='ocrx_word' id='word_1_594' title='bbox 462 5575 567 5638; x_wconf 87' lang='lat' dir='ltr'><strong>per</strong></span> <span class='ocrx_word' id='word_1_595' title='bbox 627 5557 881 5634; x_wconf 69' lang='lat' dir='ltr'><strong>glodosa</strong></span> <span class='ocrx_word' id='word_1_596' title='bbox 940 5555 1097 5614; x_wconf 82' lang='lat' dir='ltr'><strong>beati</strong></span> <span class='ocrx_word' id='word_1_597' title='bbox 1140 5552 1375 5612; x_wconf 68' lang='lat' dir='ltr'><strong>‘rhomo</strong></span> <span class='ocrx_word' id='word_1_598' title='bbox 1440 5551 1573 5611; x_wconf 88' lang='lat' dir='ltr'><strong>novi</strong></span> <span class='ocrx_word' id='word_1_599' title='bbox 1625 5567 1785 5611; x_wconf 91' lang='lat' dir='ltr'><strong>mar·</strong></span> 
     </span>
    </p>
   </div>
   <div class='ocr_carea' id='block_1_14' title="bbox 1891 3140 3560 5622">
    <p class='ocr_par' dir='ltr' id='par_1_16' title="bbox 1893 3140 3549 3555">
     <span class='ocr_line' id='line_1_90' title="bbox 1895 3140 3547 3213; baseline 0.003 -17"><span class='ocrx_word' id='word_1_600' title='bbox 1895 3148 2126 3213; x_wconf 90' lang='lat' dir='ltr'><strong>gratum</strong></span> <span class='ocrx_word' id='word_1_601' title='bbox 2158 3140 2267 3197; x_wconf 89' lang='lat' dir='ltr'><strong>sibi</strong></span> <span class='ocrx_word' id='word_1_602' title='bbox 2299 3140 2652 3199; x_wconf 87' lang='lat' dir='ltr'><strong>substituere</strong></span> <span class='ocrx_word' id='word_1_603' title='bbox 2681 3141 3064 3198; x_wconf 87' lang='lat' dir='ltr'><strong>sacerdotem.</strong></span> <span class='ocrx_word' id='word_1_604' title='bbox 3088 3141 3370 3200; x_wconf 77' lang='lat' dir='ltr'><strong>Felicitati</strong></span> <span class='ocrx_word' id='word_1_605' title='bbox 3394 3151 3547 3201; x_wconf 89' lang='lat' dir='ltr'><strong>tem-</strong></span> 
     </span>
     <span class='ocr_line' id='line_1_91' title="bbox 1896 3229 3543 3302; baseline 0.004 -17"><span class='ocrx_word' id='word_1_606' title='bbox 1896 3246 2103 3302; x_wconf 91' lang='lat' dir='ltr'><strong>porum</strong></span> <span class='ocrx_word' id='word_1_607' title='bbox 2136 3239 2457 3288; x_wconf 78' lang='lat' dir='ltr'><strong>vestrorum</strong></span> <span class='ocrx_word' id='word_1_608' title='bbox 2485 3230 2605 3288; x_wconf 80' lang='lat' dir='ltr'><strong>baec</strong></span> <span class='ocrx_word' id='word_1_609' title='bbox 2627 3229 2826 3287; x_wconf 85' lang='lat' dir='ltr'><strong>laetitia</strong></span> <span class='ocrx_word' id='word_1_610' title='bbox 2855 3232 3212 3302; x_wconf 81' lang='lat' dir='ltr'><strong>servabatur,</strong></span> <span class='ocrx_word' id='word_1_611' title='bbox 3244 3237 3310 3289; x_wconf 93' lang='lat' dir='ltr'><strong>ut</strong></span> <span class='ocrx_word' id='word_1_612' title='bbox 3335 3232 3446 3291; x_wconf 91' lang='lat' dir='ltr'><strong>hoc</strong></span> <span class='ocrx_word' id='word_1_613' title='bbox 3469 3235 3543 3291; x_wconf 84' lang='lat' dir='ltr'><strong>ad</strong></span> 
     </span>
     <span class='ocr_line' id='line_1_92' title="bbox 1893 3319 3546 3396; baseline 0.004 -22"><span class='ocrx_word' id='word_1_614' title='bbox 1893 3324 2222 3376; x_wconf 88' lang='lat' dir='ltr'><strong>vestrorum</strong></span> <span class='ocrx_word' id='word_1_615' title='bbox 2234 3321 2532 3376; x_wconf 87' lang='lat' dir='ltr'><strong>accederet</strong></span> <span class='ocrx_word' id='word_1_616' title='bbox 2544 3319 2790 3393; x_wconf 87' lang='lat' dir='ltr'><strong>gloriam</strong></span> <span class='ocrx_word' id='word_1_617' title='bbox 2814 3319 3139 3391; x_wconf 89' lang='lat' dir='ltr'><strong>titulorum,</strong></span> <span class='ocrx_word' id='word_1_618' title='bbox 3155 3321 3546 3396; x_wconf 86' lang='lat' dir='ltr'><strong>scilicetquod</strong></span> 
     </span>
     <span class='ocr_line' id='line_1_93' title="bbox 1896 3409 3549 3482; baseline 0.002 -18"><span class='ocrx_word' id='word_1_619' title='bbox 1896 3410 2111 3482; x_wconf 91' lang='lat' dir='ltr'><strong>ubique</strong></span> <span class='ocrx_word' id='word_1_620' title='bbox 2141 3409 2329 3467; x_wconf 88' lang='lat' dir='ltr'><strong>virtus</strong></span> <span class='ocrx_word' id='word_1_621' title='bbox 2358 3413 2543 3467; x_wconf 88' lang='lat' dir='ltr'><strong>vestra</strong></span> <span class='ocrx_word' id='word_1_622' title='bbox 2590 3425 2760 3467; x_wconf 86' lang='lat' dir='ltr'><strong>suam</strong></span> <span class='ocrx_word' id='word_1_623' title='bbox 2803 3409 3134 3467; x_wconf 88' lang='lat' dir='ltr'><strong>restitueret</strong></span> <span class='ocrx_word' id='word_1_624' title='bbox 3173 3409 3445 3469; x_wconf 81' lang='lat' dir='ltr'><strong>Ecclesiae</strong></span> <span class='ocrx_word' id='word_1_625' title='bbox 3471 3411 3549 3468; x_wconf 91' lang='lat' dir='ltr'><strong>li·</strong></span> 
     </span>
     <span class='ocr_line' id='line_1_94' title="bbox 1895 3499 2209 3555; baseline 0 0"><span class='ocrx_word' id='word_1_626' title='bbox 1895 3499 2209 3555; x_wconf 86' lang='lat' dir='ltr'><strong>bertatem.</strong></span> 
     </span>
    </p>

    <p class='ocr_par' dir='ltr' id='par_1_17' title="bbox 1891 3587 3560 5622">
     <span class='ocr_line' id='line_1_95' title="bbox 1968 3587 3547 3661; baseline 0.004 -18"><span class='ocrx_word' id='word_1_627' title='bbox 1968 3588 2315 3644; x_wconf 89' lang='lat' dir='ltr'><strong>Benedictus</strong></span> <span class='ocrx_word' id='word_1_628' title='bbox 2344 3592 2538 3645; x_wconf 90' lang='lat' dir='ltr'><strong>autem</strong></span> <span class='ocrx_word' id='word_1_629' title='bbox 2572 3587 2750 3659; x_wconf 88' lang='lat' dir='ltr'><strong>Deus,</strong></span> <span class='ocrx_word' id='word_1_630' title='bbox 2773 3588 2874 3661; x_wconf 88' lang='lat' dir='ltr'><strong>qui</strong></span> <span class='ocrx_word' id='word_1_631' title='bbox 2897 3589 2967 3645; x_wconf 86' lang='lat' dir='ltr'><strong>ad</strong></span> <span class='ocrx_word' id='word_1_632' title='bbox 3002 3605 3357 3646; x_wconf 89' lang='lat' dir='ltr'><strong>consensum</strong></span> <span class='ocrx_word' id='word_1_633' title='bbox 3389 3590 3547 3650; x_wconf 86' lang='lat' dir='ltr'><strong>hunc</strong></span> 
     </span>
     <span class='ocr_line' id='line_1_96' title="bbox 1895 3676 3547 3750; baseline 0.002 -17"><span class='ocrx_word' id='word_1_634' title='bbox 1895 3676 2085 3734; x_wconf 90' lang='lat' dir='ltr'><strong>devoti</strong></span> <span class='ocrx_word' id='word_1_635' title='bbox 2118 3677 2220 3733; x_wconf 81' lang='lat' dir='ltr'><strong>filii</strong></span> <span class='ocrx_word' id='word_1_636' title='bbox 2244 3677 2426 3734; x_wconf 88' lang='lat' dir='ltr'><strong>nostri</strong></span> <span class='ocrx_word' id='word_1_637' title='bbox 2456 3676 2700 3733; x_wconf 89' lang='lat' dir='ltr'><strong>senioris</strong></span> <span class='ocrx_word' id='word_1_638' title='bbox 2731 3676 2883 3750; x_wconf 86' lang='lat' dir='ltr'><strong>regis</strong></span> <span class='ocrx_word' id='word_1_639' title='bbox 2932 3677 3191 3734; x_wconf 88' lang='lat' dir='ltr'><strong>animum</strong></span> <span class='ocrx_word' id='word_1_640' title='bbox 3220 3676 3547 3738; x_wconf 86' lang='lat' dir='ltr'><strong>inclinavit.</strong></span> 
     </span>
     <span class='ocr_line' id='line_1_97' title="bbox 1893 3765 3550 3840; baseline 0.001 -18"><span class='ocrx_word' id='word_1_641' title='bbox 1893 3766 2253 3838; x_wconf 78' lang='lat' dir='ltr'><strong>Factumque</strong></span> <span class='ocrx_word' id='word_1_642' title='bbox 2282 3766 2390 3823; x_wconf 90' lang='lat' dir='ltr'><strong>hoc</strong></span> <span class='ocrx_word' id='word_1_643' title='bbox 2410 3766 2601 3823; x_wconf 90' lang='lat' dir='ltr'><strong>debito</strong></span> <span class='ocrx_word' id='word_1_644' title='bbox 2622 3765 2816 3823; x_wconf 82' lang='lat' dir='ltr'><strong>favore</strong></span> <span class='ocrx_word' id='word_1_645' title='bbox 2837 3765 3228 3838; x_wconf 85' lang='lat' dir='ltr'><strong>prosequitur,</strong></span> <span class='ocrx_word' id='word_1_646' title='bbox 3259 3768 3415 3840; x_wconf 89' lang='lat' dir='ltr'><strong>quod</strong></span> <span class='ocrx_word' id='word_1_647' title='bbox 3439 3766 3550 3825; x_wconf 82' lang='lat' dir='ltr'><strong>ali-</strong></span> 
     </span>
     <span class='ocr_line' id='line_1_98' title="bbox 1897 3853 3549 3931; baseline -0.001 -17"><span class='ocrx_word' id='word_1_648' title='bbox 1897 3858 2132 3931; x_wconf 87' lang='lat' dir='ltr'><strong>quando</strong></span> <span class='ocrx_word' id='word_1_649' title='bbox 2155 3859 2535 3914; x_wconf 86' lang='lat' dir='ltr'><strong>consueverat</strong></span> <span class='ocrx_word' id='word_1_650' title='bbox 2553 3854 2957 3928; x_wconf 86' lang='lat' dir='ltr'><strong>designatione</strong></span> <span class='ocrx_word' id='word_1_651' title='bbox 2982 3853 3311 3912; x_wconf 87' lang='lat' dir='ltr'><strong>necessaria</strong></span> <span class='ocrx_word' id='word_1_652' title='bbox 3330 3871 3549 3927; x_wconf 66' lang='lat' dir='ltr'><strong>praeve-</strong></span> 
     </span>
     <span class='ocr_line' id='line_1_99' title="bbox 1896 3943 3552 4015; baseline 0.001 -13"><span class='ocrx_word' id='word_1_653' title='bbox 1896 3946 2043 4003; x_wconf 90' lang='lat' dir='ltr'><strong>nire.</strong></span> <span class='ocrx_word' id='word_1_654' title='bbox 2087 3946 2302 4003; x_wconf 89' lang='lat' dir='ltr'><strong>Verum</strong></span> <span class='ocrx_word' id='word_1_655' title='bbox 2330 3944 2511 4011; x_wconf 82' lang='lat' dir='ltr'><strong>filius,</strong></span> <span class='ocrx_word' id='word_1_656' title='bbox 2541 3959 2716 4015; x_wconf 90' lang='lat' dir='ltr'><strong>quem</strong></span> <span class='ocrx_word' id='word_1_657' title='bbox 2750 3944 2822 4015; x_wconf 85' lang='lat' dir='ltr'><strong>ad</strong></span> <span class='ocrx_word' id='word_1_658' title='bbox 2871 3943 3307 4001; x_wconf 89' lang='lat' dir='ltr'><strong>succedendum</strong></span> <span class='ocrx_word' id='word_1_659' title='bbox 3344 3943 3458 4002; x_wconf 90' lang='lat' dir='ltr'><strong>sibi</strong></span> <span class='ocrx_word' id='word_1_660' title='bbox 3489 3945 3552 4005; x_wconf 82' lang='lat' dir='ltr'><strong>in</strong></span> 
     </span>
     <span class='ocr_line' id='line_1_100' title="bbox 1896 4031 3549 4107; baseline 0.001 -16"><span class='ocrx_word' id='word_1_661' title='bbox 1896 4051 2141 4107; x_wconf 88' lang='lat' dir='ltr'><strong>regnum</strong></span> <span class='ocrx_word' id='word_1_662' title='bbox 2180 4034 2316 4091; x_wconf 77' lang='lat' dir='ltr'><strong>fecit</strong></span> <span class='ocrx_word' id='word_1_663' title='bbox 2346 4037 2693 4105; x_wconf 69' lang='lat' dir='ltr'><strong>praematura</strong></span> <span class='ocrx_word' id='word_1_664' title='bbox 2726 4031 2909 4105; x_wconf 84' lang='lat' dir='ltr'><strong>patris</strong></span> <span class='ocrx_word' id='word_1_665' title='bbox 2939 4032 3164 4091; x_wconf 80' lang='lat' dir='ltr'><strong>affectio</strong></span> <span class='ocrx_word' id='word_1_666' title='bbox 3193 4035 3549 4106; x_wconf 88' lang='lat' dir='ltr'><strong>consecrari,</strong></span> 
     </span>
     <span class='ocr_line' id='line_1_101' title="bbox 1893 4120 3554 4197; baseline 0 -16"><span class='ocrx_word' id='word_1_667' title='bbox 1893 4128 2056 4182; x_wconf 91' lang='lat' dir='ltr'><strong>tanto</strong></span> <span class='ocrx_word' id='word_1_668' title='bbox 2106 4124 2259 4180; x_wconf 92' lang='lat' dir='ltr'><strong>bono</strong></span> <span class='ocrx_word' id='word_1_669' title='bbox 2304 4120 2479 4194; x_wconf 86' lang='lat' dir='ltr'><strong>coepit</strong></span> <span class='ocrx_word' id='word_1_670' title='bbox 2507 4120 2811 4190; x_wconf 89' lang='lat' dir='ltr'><strong>obsistere,</strong></span> <span class='ocrx_word' id='word_1_671' title='bbox 2852 4137 3054 4178; x_wconf 90' lang='lat' dir='ltr'><strong>eorum</strong></span> <span class='ocrx_word' id='word_1_672' title='bbox 3085 4120 3309 4180; x_wconf 86' lang='lat' dir='ltr'><strong>scilicet</strong></span> <span class='ocrx_word' id='word_1_673' title='bbox 3339 4124 3554 4197; x_wconf 89' lang='lat' dir='ltr'><strong>impel-</strong></span> 
     </span>
     <span class='ocr_line' id='line_1_102' title="bbox 1891 4210 3554 4286; baseline 0.001 -17"><span class='ocrx_word' id='word_1_674' title='bbox 1891 4214 1943 4269; x_wconf 94' lang='lat' dir='ltr'><strong>le</strong></span> <span class='ocrx_word' id='word_1_675' title='bbox 1955 4217 2052 4270; x_wconf 90' lang='lat' dir='ltr'><strong>nte</strong></span> <span class='ocrx_word' id='word_1_676' title='bbox 2068 4211 2336 4282; x_wconf 90' lang='lat' dir='ltr'><strong>consilio,</strong></span> <span class='ocrx_word' id='word_1_677' title='bbox 2362 4211 2463 4283; x_wconf 90' lang='lat' dir='ltr'><strong>qui</strong></span> <span class='ocrx_word' id='word_1_678' title='bbox 2488 4227 2621 4268; x_wconf 89' lang='lat' dir='ltr'><strong>eum</strong></span> <span class='ocrx_word' id='word_1_679' title='bbox 2643 4210 2715 4268; x_wconf 88' lang='lat' dir='ltr'><strong>de</strong></span> <span class='ocrx_word' id='word_1_680' title='bbox 2733 4210 2867 4268; x_wconf 90' lang='lat' dir='ltr'><strong>sinu</strong></span> <span class='ocrx_word' id='word_1_681' title='bbox 2884 4211 3066 4283; x_wconf 87' lang='lat' dir='ltr'><strong>patris</strong></span> <span class='ocrx_word' id='word_1_682' title='bbox 3088 4211 3425 4270; x_wconf 84' lang='lat' dir='ltr'><strong>abstrahere</strong></span> <span class='ocrx_word' id='word_1_683' title='bbox 3448 4230 3554 4286; x_wconf 90' lang='lat' dir='ltr'><strong>po·</strong></span> 
     </span>
     <span class='ocr_line' id='line_1_103' title="bbox 1893 4298 3544 4375; baseline 0 -15"><span class='ocrx_word' id='word_1_684' title='bbox 1893 4307 2155 4371; x_wconf 88' lang='lat' dir='ltr'><strong>tuerunt,</strong></span> <span class='ocrx_word' id='word_1_685' title='bbox 2188 4305 2245 4358; x_wconf 90' lang='lat' dir='ltr'><strong>et</strong></span> <span class='ocrx_word' id='word_1_686' title='bbox 2273 4299 2710 4373; x_wconf 87' lang='lat' dir='ltr'><strong>simplicitatem</strong></span> <span class='ocrx_word' id='word_1_687' title='bbox 2739 4298 3144 4357; x_wconf 66' lang='lat' dir='ltr'><strong>adolescentia</strong></span> <span class='ocrx_word' id='word_1_688' title='bbox 3180 4301 3306 4374; x_wconf 79' lang='lat' dir='ltr'><strong>ejus</strong></span> <span class='ocrx_word' id='word_1_689' title='bbox 3333 4301 3391 4359; x_wconf 92' lang='lat' dir='ltr'><strong>in</strong></span> <span class='ocrx_word' id='word_1_690' title='bbox 3419 4319 3544 4375; x_wconf 90' lang='lat' dir='ltr'><strong>pro·</strong></span> 
     </span>
     <span class='ocr_line' id='line_1_104' title="bbox 1893 4389 3555 4465; baseline 0 -18"><span class='ocrx_word' id='word_1_691' title='bbox 1893 4391 2088 4465; x_wconf 89' lang='lat' dir='ltr'><strong>prium</strong></span> <span class='ocrx_word' id='word_1_692' title='bbox 2124 4391 2308 4462; x_wconf 89' lang='lat' dir='ltr'><strong>magis</strong></span> <span class='ocrx_word' id='word_1_693' title='bbox 2337 4406 2515 4462; x_wconf 86' lang='lat' dir='ltr'><strong>quam</strong></span> <span class='ocrx_word' id='word_1_694' title='bbox 2554 4389 2614 4445; x_wconf 91' lang='lat' dir='ltr'><strong>in</strong></span> <span class='ocrx_word' id='word_1_695' title='bbox 2646 4389 2828 4462; x_wconf 90' lang='lat' dir='ltr'><strong>patris</strong></span> <span class='ocrx_word' id='word_1_696' title='bbox 2858 4393 3081 4447; x_wconf 88' lang='lat' dir='ltr'><strong>vertere</strong></span> <span class='ocrx_word' id='word_1_697' title='bbox 3111 4391 3555 4450; x_wconf 88' lang='lat' dir='ltr'><strong>detrimentum.</strong></span> 
     </span>
     <span class='ocr_line' id='line_1_105' title="bbox 1902 4478 3555 4555; baseline -0.001 -17"><span class='ocrx_word' id='word_1_698' title='bbox 1902 4479 2173 4538; x_wconf 87' lang='lat' dir='ltr'><strong>Studium</strong></span> <span class='ocrx_word' id='word_1_699' title='bbox 2204 4479 2384 4555; x_wconf 87' lang='lat' dir='ltr'><strong>igitur</strong></span> <span class='ocrx_word' id='word_1_700' title='bbox 2398 4494 2596 4536; x_wconf 88' lang='lat' dir='ltr'><strong>eorum</strong></span> <span class='ocrx_word' id='word_1_701' title='bbox 2626 4482 2717 4535; x_wconf 91' lang='lat' dir='ltr'><strong>est</strong></span> <span class='ocrx_word' id='word_1_702' title='bbox 2734 4478 2925 4551; x_wconf 90' lang='lat' dir='ltr'><strong>ipsum</strong></span> <span class='ocrx_word' id='word_1_703' title='bbox 2948 4480 3099 4552; x_wconf 87' lang='lat' dir='ltr'><strong>patri</strong></span> <span class='ocrx_word' id='word_1_704' title='bbox 3122 4495 3355 4552; x_wconf 88' lang='lat' dir='ltr'><strong>semper</strong></span> <span class='ocrx_word' id='word_1_705' title='bbox 3372 4497 3555 4554; x_wconf 91' lang='lat' dir='ltr'><strong>oppo-</strong></span> 
     </span>
     <span class='ocr_line' id='line_1_106' title="bbox 1908 4567 3556 4641; baseline -0.001 -14"><span class='ocrx_word' id='word_1_706' title='bbox 1908 4585 2066 4637; x_wconf 90' lang='lat' dir='ltr'><strong>nere,</strong></span> <span class='ocrx_word' id='word_1_707' title='bbox 2098 4573 2163 4625; x_wconf 90' lang='lat' dir='ltr'><strong>ut</strong></span> <span class='ocrx_word' id='word_1_708' title='bbox 2191 4585 2261 4625; x_wconf 87' lang='lat' dir='ltr'><strong>ex</strong></span> <span class='ocrx_word' id='word_1_709' title='bbox 2300 4567 2578 4624; x_wconf 88' lang='lat' dir='ltr'><strong>omnibus</strong></span> <span class='ocrx_word' id='word_1_710' title='bbox 2608 4567 2805 4625; x_wconf 89' lang='lat' dir='ltr'><strong>causis</strong></span> <span class='ocrx_word' id='word_1_711' title='bbox 2835 4567 2982 4623; x_wconf 88' lang='lat' dir='ltr'><strong>inter</strong></span> <span class='ocrx_word' id='word_1_712' title='bbox 3011 4582 3130 4636; x_wconf 88' lang='lat' dir='ltr'><strong>eos,</strong></span> <span class='ocrx_word' id='word_1_713' title='bbox 3164 4584 3292 4641; x_wconf 71' lang='lat' dir='ltr'><strong>quie</strong></span> <span class='ocrx_word' id='word_1_714' title='bbox 3323 4567 3436 4640; x_wconf 89' lang='lat' dir='ltr'><strong>ipsi</strong></span> <span class='ocrx_word' id='word_1_715' title='bbox 3461 4582 3556 4625; x_wconf 89' lang='lat' dir='ltr'><strong>se-</strong></span> 
     </span>
     <span class='ocr_line' id='line_1_107' title="bbox 1904 4654 3558 4726; baseline -0.002 -11"><span class='ocrx_word' id='word_1_716' title='bbox 1904 4658 2272 4715; x_wconf 89' lang='lat' dir='ltr'><strong>minaverunt</strong></span> <span class='ocrx_word' id='word_1_717' title='bbox 2319 4657 2454 4713; x_wconf 90' lang='lat' dir='ltr'><strong>odia</strong></span> <span class='ocrx_word' id='word_1_718' title='bbox 2492 4654 2915 4723; x_wconf 89' lang='lat' dir='ltr'><strong>convalescant,</strong></span> <span class='ocrx_word' id='word_1_719' title='bbox 2966 4671 3039 4712; x_wconf 87' lang='lat' dir='ltr'><strong>ue</strong></span> <span class='ocrx_word' id='word_1_720' title='bbox 3081 4654 3395 4726; x_wconf 79' lang='lat' dir='ltr'><strong>aliquando</strong></span> <span class='ocrx_word' id='word_1_721' title='bbox 3420 4671 3558 4712; x_wconf 89' lang='lat' dir='ltr'><strong>con-</strong></span> 
     </span>
     <span class='ocr_line' id='line_1_108' title="bbox 1903 4740 3560 4818; baseline -0.002 -15"><span class='ocrx_word' id='word_1_722' title='bbox 1903 4763 2099 4805; x_wconf 89' lang='lat' dir='ltr'><strong>versus</strong></span> <span class='ocrx_word' id='word_1_723' title='bbox 2128 4747 2199 4803; x_wconf 89' lang='lat' dir='ltr'><strong>ad</strong></span> <span class='ocrx_word' id='word_1_724' title='bbox 2232 4761 2351 4814; x_wconf 89' lang='lat' dir='ltr'><strong>cor,</strong></span> <span class='ocrx_word' id='word_1_725' title='bbox 2382 4743 2645 4802; x_wconf 88' lang='lat' dir='ltr'><strong>debitum</strong></span> <span class='ocrx_word' id='word_1_726' title='bbox 2675 4742 2873 4816; x_wconf 65' lang='lat' dir='ltr'><strong>gratiae</strong></span> <span class='ocrx_word' id='word_1_727' title='bbox 2917 4740 3201 4798; x_wconf 89' lang='lat' dir='ltr'><strong>naturalis</strong></span> <span class='ocrx_word' id='word_1_728' title='bbox 3221 4758 3560 4818; x_wconf 83' lang='lat' dir='ltr'><strong>agnoscere,</strong></span> 
     </span>
     <span class='ocr_line' id='line_1_109' title="bbox 1900 4827 3559 4907; baseline 0 -14"><span class='ocrx_word' id='word_1_729' title='bbox 1900 4840 1957 4893; x_wconf 91' lang='lat' dir='ltr'><strong>et</strong></span> <span class='ocrx_word' id='word_1_730' title='bbox 1979 4837 2051 4893; x_wconf 93' lang='lat' dir='ltr'><strong>ad</strong></span> <span class='ocrx_word' id='word_1_731' title='bbox 2074 4840 2347 4907; x_wconf 87' lang='lat' dir='ltr'><strong>paternos</strong></span> <span class='ocrx_word' id='word_1_732' title='bbox 2367 4832 2608 4906; x_wconf 89' lang='lat' dir='ltr'><strong>incipiat</strong></span> <span class='ocrx_word' id='word_1_733' title='bbox 2638 4831 2824 4888; x_wconf 92' lang='lat' dir='ltr'><strong>redire</strong></span> <span class='ocrx_word' id='word_1_734' title='bbox 2848 4827 3207 4902; x_wconf 88' lang='lat' dir='ltr'><strong>complexus.</strong></span> <span class='ocrx_word' id='word_1_735' title='bbox 3233 4831 3419 4905; x_wconf 89' lang='lat' dir='ltr'><strong>Super</strong></span> <span class='ocrx_word' id='word_1_736' title='bbox 3443 4850 3559 4905; x_wconf 87' lang='lat' dir='ltr'><strong>quo</strong></span> 
     </span>
     <span class='ocr_line' id='line_1_110' title="bbox 1900 4917 3559 5000; baseline 0 -19"><span class='ocrx_word' id='word_1_737' title='bbox 1900 4925 2274 5000; x_wconf 86' lang='lat' dir='ltr'><strong>prudentiam</strong></span> <span class='ocrx_word' id='word_1_738' title='bbox 2304 4927 2560 4980; x_wconf 86' lang='lat' dir='ltr'><strong>vestram</strong></span> <span class='ocrx_word' id='word_1_739' title='bbox 2595 4936 2832 4977; x_wconf 88' lang='lat' dir='ltr'><strong>necesse</strong></span> <span class='ocrx_word' id='word_1_740' title='bbox 2851 4922 2910 4976; x_wconf 90' lang='lat' dir='ltr'><strong>et</strong></span> <span class='ocrx_word' id='word_1_741' title='bbox 2937 4917 3185 4976; x_wconf 88' lang='lat' dir='ltr'><strong>sollicite</strong></span> <span class='ocrx_word' id='word_1_742' title='bbox 3216 4921 3559 4996; x_wconf 78' lang='lat' dir='ltr'><strong>praevidere,</strong></span> 
     </span>
     <span class='ocr_line' id='line_1_111' title="bbox 1900 5007 3559 5085; baseline 0 -15"><span class='ocrx_word' id='word_1_743' title='bbox 1900 5030 1973 5071; x_wconf 90' lang='lat' dir='ltr'><strong>ne</strong></span> <span class='ocrx_word' id='word_1_744' title='bbox 1993 5013 2328 5070; x_wconf 90' lang='lat' dir='ltr'><strong>violentiam</strong></span> <span class='ocrx_word' id='word_1_745' title='bbox 2352 5009 2688 5067; x_wconf 72' lang='lat' dir='ltr'><strong>necessariis</strong></span> <span class='ocrx_word' id='word_1_746' title='bbox 2705 5007 3157 5081; x_wconf 83' lang='lat' dir='ltr'><strong>designationis,</strong></span> <span class='ocrx_word' id='word_1_747' title='bbox 3177 5025 3304 5082; x_wconf 72' lang='lat' dir='ltr'><strong>quae</strong></span> <span class='ocrx_word' id='word_1_748' title='bbox 3321 5009 3382 5067; x_wconf 90' lang='lat' dir='ltr'><strong>in</strong></span> <span class='ocrx_word' id='word_1_749' title='bbox 3397 5016 3559 5085; x_wconf 89' lang='lat' dir='ltr'><strong>patre</strong></span> 
     </span>
     <span class='ocr_line' id='line_1_112' title="bbox 1903 5096 3550 5176; baseline -0.002 -17"><span class='ocrx_word' id='word_1_750' title='bbox 1903 5120 2007 5175; x_wconf 88' lang='lat' dir='ltr'><strong>per</strong></span> <span class='ocrx_word' id='word_1_751' title='bbox 2033 5100 2278 5176; x_wconf 88' lang='lat' dir='ltr'><strong>gratiam</strong></span> <span class='ocrx_word' id='word_1_752' title='bbox 2309 5100 2412 5157; x_wconf 89' lang='lat' dir='ltr'><strong>Dei</strong></span> <span class='ocrx_word' id='word_1_753' title='bbox 2441 5104 2497 5155; x_wconf 89' lang='lat' dir='ltr'><strong>et</strong></span> <span class='ocrx_word' id='word_1_754' title='bbox 2529 5096 2778 5171; x_wconf 85' lang='lat' dir='ltr'><strong>gloriam</strong></span> <span class='ocrx_word' id='word_1_755' title='bbox 2810 5101 3063 5156; x_wconf 88' lang='lat' dir='ltr'><strong>vestram</strong></span> <span class='ocrx_word' id='word_1_756' title='bbox 3094 5099 3329 5172; x_wconf 88' lang='lat' dir='ltr'><strong>penitus</strong></span> <span class='ocrx_word' id='word_1_757' title='bbox 3359 5102 3550 5174; x_wconf 87' lang='lat' dir='ltr'><strong>exspi-</strong></span> 
     </span>
     <span class='ocr_line' id='line_1_113' title="bbox 1901 5187 3559 5253; baseline 0 -5"><span class='ocrx_word' id='word_1_758' title='bbox 1901 5192 2067 5253; x_wconf 89' lang='lat' dir='ltr'><strong>ravit.</strong></span> <span class='ocrx_word' id='word_1_759' title='bbox 2097 5189 2311 5247; x_wconf 87' lang='lat' dir='ltr'><strong>intuitu</strong></span> <span class='ocrx_word' id='word_1_760' title='bbox 2345 5187 2810 5246; x_wconf 86' lang='lat' dir='ltr'><strong>mansuetudinis</strong></span> <span class='ocrx_word' id='word_1_761' title='bbox 2840 5188 2927 5247; x_wconf 88' lang='lat' dir='ltr'><strong>vel</strong></span> <span class='ocrx_word' id='word_1_762' title='bbox 2954 5187 3444 5247; x_wconf 84' lang='lat' dir='ltr'><strong>dissimulationis</strong></span> <span class='ocrx_word' id='word_1_763' title='bbox 3463 5204 3559 5248; x_wconf 88' lang='lat' dir='ltr'><strong>ve-</strong></span> 
     </span>
     <span class='ocr_line' id='line_1_114' title="bbox 1900 5275 3547 5351; baseline 0 -15"><span class='ocrx_word' id='word_1_764' title='bbox 1900 5284 2032 5337; x_wconf 78' lang='lat' dir='ltr'><strong>strae</strong></span> <span class='ocrx_word' id='word_1_765' title='bbox 2046 5281 2314 5351; x_wconf 87' lang='lat' dir='ltr'><strong>resurgat</strong></span> <span class='ocrx_word' id='word_1_766' title='bbox 2328 5277 2387 5333; x_wconf 92' lang='lat' dir='ltr'><strong>in</strong></span> <span class='ocrx_word' id='word_1_767' title='bbox 2406 5275 2524 5333; x_wconf 76' lang='lat' dir='ltr'><strong>silio</strong></span> <span class='ocrx_word' id='word_1_768' title='bbox 2542 5293 2557 5344; x_wconf 89' lang='lat'>;</span> <span class='ocrx_word' id='word_1_769' title='bbox 2575 5291 2646 5333; x_wconf 89' lang='lat' dir='ltr'><strong>ne</strong></span> <span class='ocrx_word' id='word_1_770' title='bbox 2664 5277 2912 5333; x_wconf 84' lang='lat' dir='ltr'><strong>nontam</strong></span> <span class='ocrx_word' id='word_1_771' title='bbox 2928 5275 3158 5333; x_wconf 86' lang='lat' dir='ltr'><strong>sublata</strong></span> <span class='ocrx_word' id='word_1_772' title='bbox 3172 5292 3348 5348; x_wconf 84' lang='lat' dir='ltr'><strong>quam</strong></span> <span class='ocrx_word' id='word_1_773' title='bbox 3360 5283 3547 5336; x_wconf 86' lang='lat' dir='ltr'><strong>trans·</strong></span> 
     </span>
     <span class='ocr_line' id='line_1_115' title="bbox 1899 5365 3551 5441; baseline 0.001 -17"><span class='ocrx_word' id='word_1_774' title='bbox 1899 5370 2016 5427; x_wconf 87' lang='lat' dir='ltr'><strong>lata</strong></span> <span class='ocrx_word' id='word_1_775' title='bbox 2045 5369 2310 5425; x_wconf 88' lang='lat' dir='ltr'><strong>videatur</strong></span> <span class='ocrx_word' id='word_1_776' title='bbox 2336 5365 2398 5424; x_wconf 91' lang='lat' dir='ltr'><strong>in</strong></span> <span class='ocrx_word' id='word_1_777' title='bbox 2428 5366 2630 5432; x_wconf 89' lang='lat' dir='ltr'><strong>alium,</strong></span> <span class='ocrx_word' id='word_1_778' title='bbox 2662 5369 2943 5437; x_wconf 84' lang='lat' dir='ltr'><strong>tantoque</strong></span> <span class='ocrx_word' id='word_1_779' title='bbox 2961 5365 3362 5423; x_wconf 90' lang='lat' dir='ltr'><strong>vehementior</strong></span> <span class='ocrx_word' id='word_1_780' title='bbox 3389 5372 3551 5441; x_wconf 85' lang='lat' dir='ltr'><strong>paret</strong></span> 
     </span>
     <span class='ocr_line' id='line_1_116' title="bbox 1895 5453 3558 5533; baseline -0.004 -18"><span class='ocrx_word' id='word_1_781' title='bbox 1895 5457 2407 5530; x_wconf 85' lang='lat' dir='ltr'><strong>insistere,quanto</strong></span> <span class='ocrx_word' id='word_1_782' title='bbox 2420 5459 2749 5530; x_wconf 85' lang='lat' dir='ltr'><strong>parternam</strong></span> <span class='ocrx_word' id='word_1_783' title='bbox 2762 5453 3332 5514; x_wconf 84' lang='lat' dir='ltr'><strong>abrenuntiationem</strong></span> <span class='ocrx_word' id='word_1_784' title='bbox 3344 5472 3558 5533; x_wconf 84' lang='lat' dir='ltr'><strong>propo.</strong></span> 
     </span>
     <span class='ocr_line' id='line_1_117' title="bbox 1896 5542 3554 5622; baseline 0 -17"><span class='ocrx_word' id='word_1_785' title='bbox 1896 5548 2009 5605; x_wconf 90' lang='lat' dir='ltr'><strong>sito</strong></span> <span class='ocrx_word' id='word_1_786' title='bbox 2031 5562 2137 5606; x_wconf 89' lang='lat' dir='ltr'><strong>suo</strong></span> <span class='ocrx_word' id='word_1_787' title='bbox 2158 5545 2489 5603; x_wconf 87' lang='lat' dir='ltr'><strong>considerat</strong></span> <span class='ocrx_word' id='word_1_788' title='bbox 2503 5543 2756 5604; x_wconf 87' lang='lat' dir='ltr'><strong>obviare.</strong></span> <span class='ocrx_word' id='word_1_789' title='bbox 2776 5542 3090 5602; x_wconf 89' lang='lat' dir='ltr'><strong>Personam</strong></span> <span class='ocrx_word' id='word_1_790' title='bbox 3115 5544 3333 5619; x_wconf 84' lang='lat' dir='ltr'><strong>itaque,</strong></span> <span class='ocrx_word' id='word_1_791' title='bbox 3354 5543 3417 5605; x_wconf 88' lang='lat' dir='ltr'><strong>in</strong></span> <span class='ocrx_word' id='word_1_792' title='bbox 3438 5562 3554 5622; x_wconf 86' lang='lat' dir='ltr'><strong>qua</strong></span> 
     </span>
    </p>
   </div>
  </div>
 </body>
</html>
