3784 6000
191 269 318 332 509

711 271 911 337 ms'r.
959 275 1231 340 RERUM
1276 274 1826 340 TRANSMARIN.
1876 308 1953 322 —-
1994 277 2138 338 LIB.
2185 276 2287 338 Xl.
2337 274 2792 341 BALDUIMUS
2840 277 2860 338 l
2911 276 3087 338 REX.

3490 281 3615 344 510

192 403 381 462 stium
412 404 572 477 regio
602 404 704 462 illa
728 407 841 464 sita
868 412 992 466 erat
1019 412 1077 465 et
1104 408 1361 466 inimicis
1384 409 1646 482 undique
1673 408 1849 467 valla·
1878 409 1934 478 Α
1965 409 2424 481 diens‚depenso
2446 408 2655 467 debite
2675 408 3043 468 salutationis
3065 412 3267 479 affatu,
3288 411 3559 484 quesivit
3580 431 3614 470 a

190 497 288 561 ta:
324 508 432 550 nec
463 493 724 552 locorum
768 495 969 554 incoloe
1018 498 1360 555 hostilitatis
1409 501 1567 555 metu
1601 497 1842 556 liberam

190 582 565 656 agriculturas
599 591 864 657 poterant
892 603 1126 660 operam
1159 588 1318 658 dare,
1354 589 1455 657 ita,
1489 589 1641 661 quod
1687 588 1842 645 cives

190 673 351 729 illius
383 673 546 730 urbis
566 675 738 731 simul
764 680 821 732 et
846 677 1172 734 suburbani
1193 677 1572 734 nihilominus
1593 677 1844 735 hordea-

191 778 359 820 ceum
386 779 618 835 panem,
669 769 727 822 et
766 767 940 824 etiam
991 768 1204 839 glande
1234 768 1492 834 mistum,
1527 767 1696 823 edere
1725 784 1840 841 pree

188 851 389 924 inopia
419 859 784 924 cogerentur.
807 857 984 912 Terra
1005 861 1198 914 autem
1231 857 1449 913 domini
1480 857 1757 914 Joscelini
1780 857 1838 913 in

189 945 314 999 tuto
346 942 433 999 cis
463 943 812 1017 Euphratem
843 945 1142 1015 collocata,
1192 946 1457 1018 frugibus
1507 949 1564 1001 et
1592 946 1838 1003 alimen·

188 1036 386 1089 torum
416 1032 585 1102 copia
615 1033 848 1104 plenius
881 1035 1237 1092 abundabat.
1288 1035 1525 1104 Verum,
1575 1034 1712 1093 licet
1757 1036 1842 1093 ita

190 1121 364 1178 bonis
393 1121 670 1179 omnibus
701 1122 965 1180 afflueret
994 1124 1123 1195 ejus
1166 1123 1483 1196 provincia,
1530 1125 1840 1196 praedictus

187 1209 538 1280 loscelinus,
569 1211 631 1267 in
663 1211 768 1269 hac
811 1217 970 1283 parte
1008 1213 1201 1269 minus
1235 1213 1485 1286 sapienS,
1520 1217 1576 1269 et
1612 1214 1838 1286 ingrato

189 1298 428 1366 similis,
480 1299 718 1356 domino
761 1305 821 1357 et
867 1302 1301 1374 consanguineo
1341 1319 1470 1372 suo,
1503 1302 1603 1373 qui
1634 1302 1685 1359 ei
1718 1303 1838 1358 haec

189 1387 398 1444 eadem
429 1388 703 1446 universa
739 1391 1086 1460 contulerat,
1135 1391 1205 1447 de
1233 1409 1342 1447 sua
1391 1391 1671 1461 plenitudi
1684 1408 1753 1448 ne
1781 1397 1839 1448 et

189 1478 458 1533 ubertate
507 1480 797 1550 stupenda
842 1478 988 1535 nihil
1039 1479 1277 1536 omnino
1323 1480 1671 1552 porrigebat,
1705 1480 1838 1538 licet

186 1567 499 1623 dominum
530 1567 798 1624 comitem
828 1572 1413 1641 suosqueextremam
1437 1569 1554 1641 pati
1580 1586 1693 1625 non
1725 1572 1837 1627 du-

188 1655 403 1712 bitaret
444 1656 723 1726 inopiam.
770 1658 1010 1714 Factum
1060 1663 1150 1715 est
1207 1663 1397 1716 autem
1456 1663 1520 1715 ut
1570 1675 1672 1731 pro
1703 1659 1837 1732 qui-

185 1744 442 1801 busdam
474 1745 726 1818 negotiis
759 1747 1034 1804 dominus
1065 1763 1257 1804 eomes
1290 1747 1610 1805 Balduinus
1637 1749 1704 1804 ad
1737 1750 1832 1804 do-

188 1832 417 1889 minum
448 1833 763 1906 Rogerum‚
796 1834 982 1891 fllium
1016 1836 1290 1893 Richardi
1340 1837 1833 1894 Antiochenorum

182 1920 534 1992 principem,
566 1923 662 1978 cui
693 1923 865 1979 etiam
907 1924 1223 1995 quamdam
1273 1940 1532 1980 sororem
1575 1940 1741 1980 suam
1775 1924 1833 1979 in

185 2028 431 2068 uxorem
455 2013 798 2081 contulerat,
822 2014 1060 2071 nuntios
1075 2015 1414 2071 destinaret.
1434 2015 1498 2071 Hi
1525 2015 1832 2084 abeuntes,

185 2101 485 2173 Euphrate
513 2103 784 2164 transIto.
807 2119 908 2175 per
937 2107 1151 2160 terram
1175 2103 1395 2160 domini
1425 2103 1703 2161 Joscelini
1725 2103 1834 2159 iter

186 2189 495 2257 habentes,
525 2195 731 2249 euntes
752 2193 1171 2264 redeuntesque
1194 2193 1265 2248 ab
1291 2210 1356 2250 eo
1387 2197 1526 2250 sunt
1555 2193 1695 2249 satis
1727 2192 1835 2249 ho-

185 2277 479 2349 spitaliter
520 2284 578 2335 et
626 2279 880 2336 humane
925 2283 1172 2337 tractati.
1208 2282 1496 2350 Tandem,
1526 2281 1677 2338 sicut
1706 2296 1834 2337 mos

183 2373 274 2424 est
294 2367 788 2441 imprudentibus,
811 2372 1051 2443 quidam
1067 2373 1138 2427 de
1161 2371 1382 2427 familia
1402 2371 1835 2429 domini-losce-

182 2458 316 2526 lini,
350 2460 585 2516 nuntios
606 2459 829 2516 domini
861 2461 1089 2518 comitis
1116 2461 1302 2518 verbis
1338 2461 1711 2530 lacessentes,
1733 2477 1831 2516 ex·-

183 2547 458 2620 probrare
497 2553 798 2619 coeperunt
844 2550 1065 2607 domini
1112 2550 1343 2606 comitis
1392 2552 1831 2621 paupertatem:

177 2638 408 2697 domini
455 2655 589 2696 vero
636 2640 726 2695 sui
785 2639 1102 2697 immensas
1150 2656 1181 2697 e
1238 2655 1513 2697 converso
1561 2639 1835 2696 extollere

176 2728 422 2802 copias:
459 2728 757 2798 frumenti,
789 2728 909 2785 vini
939 2736 993 2785 et
1024 2728 1155 2795 olei,
1199 2733 1256 2784 et
1296 2727 1704 2786 alimentorum
1736 2744 1836 2783 re-

178 2817 602 2889 dundantiam,
651 2817 774 2874 auri
827 2818 1170 2891 argentique
1215 2820 1506 2874 immensa
1535 2816 1829 2890 pondera;

179 2906 444 2964 militum
493 2907 873 2980 peditumque
925 2909 1430 2978 numerositatem,
1489 2908 1831 2978 adjicientes

180 2996 387 3068 etiam,
419 2995 573 3053 sicut
602 2997 790 3068 linquo
819 2999 1098 3069 pruriens,
1148 2999 1365 3055 incaute
1400 2996 1723 3070 plerumque
1752 2996 1835 3054 lo-

184 3089 402 3160 quitur,
433 3088 590 3159 quod
623 3104 735 3144 non
767 3095 884 3145 erat
912 3104 1106 3145 comes
1137 3087 1219 3144 illi
1259 3086 1507 3161 regioni,
1556 3089 1649 3142 cui
1679 3102 1836 3158 prae-

1951 497 2183 554 domino
2213 498 2448 565 comite,
2472 498 2767 570 quomodo
2797 498 2849 556 ei
2871 500 3077 556 esset?
3107 500 3212 557 Cui
3243 500 3341 557 ille
3364 517 3601 574 respon-

1952 589 2033 645 dit
2067 606 2080 645 :
2113 590 2279 645 Multo
2324 589 2542 658 melius,
2567 605 2671 660 per
2718 591 2960 658 qratiam
2990 591 3106 658 Dei,
3138 607 3308 664 quam
3354 599 3415 649 tu
3443 593 3600 660 velis,

1950 680 2019 735 Et
2049 680 2261 736 iterum
2310 679 2552 736 verbum
2601 679 2975 749 continuans,
3028 680 3269 738 intulit:
3314 683 3603 751 losceline,

1951 768 2191 824 habesne
2237 767 2470 840 aliquid,
2520 768 2660 840 quod
2711 784 2804 839 eqo
2851 768 2963 824 tibi
3014 786 3127 825 non
3175 769 3471 826 dederim?
3498 768 3602 827 Cui

1945 855 2044 913 ille
2076 875 2088 911 ε
2125 857 2353 912 Domine
2379 857 2539 912 nihil.
2567 888 2633 898 -
2666 856 2814 914 Uncto
2841 863 2926 914 est
2952 873 3080 927 erqo
3109 857 3251 930 quod
3280 858 3604 932 ineratuset

1948 960 2191 1001 meorum
2230 945 2620 1015 beneficiorum
2665 946 2973 1013 immemor,
3004 945 3070 1003 de
3098 963 3222 1004 meo
3257 948 3600 1018 superabun-

1948 1036 2081 1090 dans
2124 1043 2177 1090 et
2220 1034 2504 1102 dilatatus,
2535 1039 2589 1090 et
2634 1036 2776 1092 milii
2803 1037 3135 1107 benefactori
3178 1041 3272 1094 tuo
3302 1038 3599 1108 indigenti,

1947 1140 2053 1180 nou
2076 1139 2147 1179 ex
2172 1124 2502 1194 temeritate,
2522 1125 2619 1181 sed
2647 1141 2717 1182 ex
2744 1141 2929 1194 causa,
2954 1143 3116 1198 quam
3141 1128 3333 1183 nullus
3355 1131 3601 1199 sapiens,

1945 1213 2142 1269 nullus
2165 1213 2377 1285 peritus
2406 1213 2682 1271 declinare
2720 1219 2901 1284 posset
2927 1215 3091 1288 (quia
3139 1231 3253 1272 non
3283 1218 3375 1272 est
3402 1215 3600 1272 consi·
3627 1285 3636 1299 ·

1945 1301 2091 1357 lium
2123 1306 2324 1359 contra
2367 1301 2701 1376 Dominum)
2729 1321 2842 1359 non
2888 1306 3255 1376 compateris?
3279 1305 3594 1377 portionem

1945 1392 2059 1459 eius
2104 1395 2246 1463 quod
2275 1396 2446 1448 totum
2491 1392 2636 1461 dedi,
2668 1408 2778 1449 nou
2825 1392 3086 1450 retribuis
3109 1396 3135 1446 .⁹
3161 1393 3389 1466 insuper
3433 1399 3486 1450 et
3515 1395 3602 1449 te·

1943 1484 2207 1537 unitatem
2228 1481 2500 1538 divinitus
2522 1482 2803 1551 collatam,
2824 1481 2985 1555 quasi
3013 1499 3109 1556 pro
3131 1485 3262 1541 vitio
3290 1484 3597 1555 exprobras

1945 1577 2000 1625 ct
2027 1586 2125 1642 pro
2170 1569 2410 1628 crimine
2450 1571 2687 1641 obiicis?
2723 1573 2928 1629 Sumne
2976 1588 3070 1644 eqo
3109 1577 3225 1629 tom
3276 1573 3512 1640 inutilis,
3545 1576 3607 1629 ut

1946 1659 2179 1714 vendam
2205 1660 2309 1715 tibi
2336 1661 2477 1733 quod
2524 1662 2663 1717 mihi
2691 1660 2926 1718 eontulit
2970 1662 3254 1732 Dominus,
3286 1670 3337 1720 et
3361 1664 3601 1735 fugiam,

1944 1756 2007 1803 ut
2033 1747 2220 1804 dicis?
2250 1751 2481 1820 Resiync
2525 1749 2667 1821 quod
2708 1750 2850 1819 dedi,
2881 1759 2934 1807 et
2980 1751 3149 1809 redde
3186 1750 3447 1808 universa
3475 1764 3601 1823 quae

1944 1836 2048 1892 tibi
2091 1840 2323 1909 contuli,
2371 1840 2503 1911 quia
2562 1838 2866 1912 indiqnum
2912 1844 2964 1896 te
3000 1840 3208 1912 fecisti.
3247 1841 3352 1897 His
3397 1840 3594 1898 verbis

1944 1927 2139 1995 dictis,
2190 1929 2460 2000 praecepit
2524 1945 2655 1985 eum
2703 1933 2942 2001 captum
2999 1929 3246 1986 vinculis
3297 1929 3597 2002 macipari,

1944 2018 2266 2090 afflixitque
2311 2034 2445 2076 eum
2495 2018 2838 2076 mirabiliter
2885 2023 2942 2075 et
3000 2018 3429 2090 miserabiliter,
3479 2035 3596 2075 non

1944 2107 2137 2164 minus
2165 2114 2223 2165 et
2266 2109 2631 2165 multimodis
2680 2109 3105 2181 quaestionihus
3135 2113 3192 2165 et
3240 2107 3549 2166 tormentis
3581 2109 3601 2150 ³

1943 2213 2249 2271 quousque
2268 2199 2539 2271 adjurata
2568 2198 2839 2255 universa
2865 2197 3348 2272 regionc,cuncta
3367 2214 3498 2271 quae
3522 2198 3595 2254 ab

1944 2287 2147 2344 eodem
2178 2288 2392 2345 comite
2421 2289 2574 2345 dono
2621 2291 2984 2359 susceperat,
3016 2287 3352 2359 resignaret.
3383 2287 3595 2344 Exiens

1944 2390 2080 2448 crgo
2106 2376 2175 2432 de
2206 2375 2419 2433 fluibus
2470 2376 2608 2444 illis,
2638 2375 2810 2434 bonis
2858 2376 3134 2434 omnibus
3182 2375 3486 2448 spoliatus,
3519 2376 3592 2432 ad
3623 2424 3630 2431 ,

1946 2464 2248 2521 dominum
2284 2465 2632 2523 Balduinum
2664 2466 3200 2538 Hierosolymorum
3250 2480 3447 2537 regem
3478 2464 3601 2538 pri-

1945 2568 2107 2609 mum
2137 2555 2403 2623 accessit,
2425 2555 2768 2627 cunctisque
2797 2571 2924 2627 quie
2952 2555 3004 2612 ei
3033 2554 3364 2611 acciderant
3392 2552 3598 2611 ordine

1946 2642 2346 2710 manifestatis,
2381 2645 2745 2715 propositum
2791 2645 2996 2716 aperit,
3036 2641 3194 2716 quod
3234 2642 3295 2698 in
3345 2641 3592 2712 patriam

1945 2729 2130 2786 redire
2151 2735 2552 2804 proposuerat.
2578 2739 2704 2801 Quo
2726 2732 2948 2802 audito,
2967 2733 3245 2790 dominus
3267 2747 3365 2789 rex
3387 2731 3593 2789 videns

1945 2834 2078 2875 eum
2112 2835 2284 2890 regno
2325 2821 2580 2878 maxime
2628 2822 3049 2891 necessarium,
3083 2822 3244 2878 dedit
3290 2821 3341 2878 ei
3390 2820 3595 2879 urbem

1943 2906 2412 2964 Tiberiadensem
2440 2925 2575 2965 cum
2607 2909 2825 2967 finibus
2845 2910 2967 2966 suis
2990 2911 3123 2978 ,iure
3152 2913 3429 2981 perpetuo
3464 2923 3598 2981 pos-

1944 2996 2278 3066 sidendam,
2312 3003 2373 3055 ut
2419 2999 2566 3057 tanti
2597 2999 2702 3057 viri
2751 2998 2959 3057 solatio
2990 3016 3052 3057 se
3098 2998 3371 3057 muniret.
3404 2998 3592 3065 Quam

1945 3084 2148 3142 urbem
2180 3090 2411 3145 strenue
2439 3092 2498 3144 et
2518 3089 2835 3161 prudenter
2864 3106 2995 3145 cum
3020 3088 3293 3145 omnibus
3324 3088 3447 3146 suis
3469 3103 3595 3161 per-

186 3181 333 3238 erat.
365 3177 751 3235 commodus:
783 3178 1104 3235 consultius
1138 3179 1370 3249 taceret,
1406 3178 1456 3234 si
1487 3176 1829 3233 comitatum
1863 3156 1907 3223 C
1945 3174 2229 3247 tinentiis,
2262 3178 2523 3251 quandiu
2577 3179 2638 3235 in
2695 3195 2763 3236 ea
2818 3178 3059 3249 mansit,
3099 3179 3319 3236 rexisse
3373 3182 3430 3235 et
3494 3176 3604 3234 fini

188 3282 365 3324 suum
399 3266 636 3324 domino
666 3268 959 3324 Joscelino
990 3266 1264 3325 venderet
1287 3287 1302 3336 ;
1327 3271 1382 3324 et
1411 3270 1642 3339 recepta
1671 3266 1848 3323 innu-

198 3373 364 3414 mera
393 3355 661 3429 pecunia,
694 3365 975 3414 remearet
996 3357 1055 3412 in
1080 3357 1408 3414 Franciam.
1441 3357 1574 3421 Qum
1593 3354 1767 3413 verba
1784 3356 1846 3412 in

196 3452 405 3519 pectus
434 3447 775 3503 nuntiorum
813 3447 942 3518 (etsi
993 3447 1368 3504 dissimulare
1393 3447 1744 3517 viderentur)
1767 3446 1846 3502 al·

196 3538 322 3594 tius
351 3536 780 3594 descenderunt
810 3555 824 3606 ;
859 3540 934 3607 et,
967 3536 1102 3593 licet
1145 3553 1178 3591 a
1206 3536 1427 3592 levibus
1466 3535 1730 3607 personis
1759 3551 1839 3592 es·

192 3629 328 3685 sent
352 3625 531 3694 dicta,
552 3628 746 3683 tamen
770 3625 991 3683 domini
1016 3633 1268 3682 mentem
1292 3625 1544 3681 redolere
1564 3624 1842 3680 videban-

191 3721 285 3773 tur
314 3733 330 3784 ;
364 3717 728 3788 'sumptaque
764 3715 1021 3785 licentia,
1081 3716 1150 3772 ad
1203 3714 1507 3771 dominum
1567 3713 1843 3771 comitem

192 3804 510 3862 redieruut.
533 3803 657 3869 Quo
681 3804 1100 3876 pervenientes,
1133 3804 1471 3875 omniaque
1501 3804 1557 3859 in
1576 3802 1672 3860 via
1697 3803 1843 3859 acci·

188 3896 426 3962 derant,
459 3892 637 3949 simul
663 3897 719 3949 et
747 3894 942 3955 verba,
971 3910 1096 3965 quae
1129 3891 1381 3964 indomo
1405 3892 1626 3949 domini
1654 3892 1841 3949 Josce-

189 3983 298 4040 lini
346 3981 674 4048 audierant,
732 3982 935 4039 ordine
999 3983 1281 4054 pandunt,
1331 3981 1555 4048 Quibus
1601 3980 1839 4051 auditis,

186 4075 377 4131 iratus
408 4073 683 4129 dominus
713 4089 911 4129 comes
941 4076 996 4128 et
1045 4072 1224 4129 multo
1265 4071 1572 4129 libramine
1622 4069 1839 4142 ponde-

185 4179 350 4233 rans,
372 4162 528 4235 apud
558 4178 621 4219 se
640 4163 814 4219 verba
834 4179 961 4235 quse
991 4162 1277 4230 audierat,
1311 4160 1597 4218 intellexit
1636 4160 1789 4233 quod
1807 4176 1842 4216 a

186 4250 426 4308 domino
457 4251 752 4307 Joscelino
784 4252 906 4307 haec
935 4252 1131 4308 omnia
1161 4254 1353 4306 ortum
1387 4247 1750 4306 habuerant:
1782 4258 1839 4307 et

186 4339 528 4414 indignatus
559 4339 875 4411 plurimum
908 4341 1061 4413 quod
1095 4340 1211 4408 ille,
1236 4338 1330 4395 cui
1362 4342 1556 4395 tantas
1577 4338 1837 4396 contule·

186 4433 282 4485 rat
300 4428 499 4500 copias
528 4445 663 4485 cum
694 4430 765 4485 de
819 4446 926 4486 sua
972 4429 1272 4502 opulentia
1303 4428 1509 4485 merito
1539 4432 1836 4486 teneretur

1952 3267 2267 3339 ampliasse
2296 3270 2510 3326 dicitur
2558 3269 3077 3341 praestantissime:
3110 3284 3362 3342 cumque
3408 3266 3598 3325 adhuc

1951 3358 2139 3430 Tyrus
2166 3358 2240 3415 ad
2285 3358 2617 3416 infidelibus
2665 3360 3039 3423 detineretur,
3070 3357 3334 3431 exemplo
3374 3357 3601 3430 priede-

1950 3448 2199 3506 cessoris
2245 3450 2359 3519 sui,
2394 3450 2605 3506 multas
2634 3451 2763 3523 ejus
2810 3448 3032 3504 civibus
3062 3448 3277 3504 dicitur
3326 3445 3597 3503 intulisse

1951 3538 2267 3597 molestias.
2290 3540 2380 3609 Et,
2404 3539 2538 3597 licet
2566 3537 2989 3610 aliquantulum
3017 3536 3318 3592 montibus
3348 3535 3600 3606 interpo-

1948 3627 2078 3684 sitis
2107 3628 2179 3685 ab
2225 3629 2310 3685 eis
2340 3628 2633 3684 videretur
2673 3641 2800 3683 esse
2845 3624 3164 3689 remotior,·
3209 3636 3355 3693 saepe
3401 3625 3595 3678 tamen

1947 3732 2150 3774 eorum
2197 3717 2343 3774 fines
2394 3716 2847 3789 ingrediebatur,
2879 3714 2964 3771 eis
3011 3714 3228 3769 damna
3256 3709 3597 3767 collaturuS.

2537 3806 2768 3863 CAPUT
2805 3804 2998 3862 xxm.

1948 3904 2132 3960 Terrae
2182 3903 2357 3957 molus
2414 3901 2603 3971 inqens
2658 3905 2840 3971 partes
2904 3897 3147 3954 concutit
3205 3892 3589 3978 Antiocheuas.

2017 3975 2387 4045 Borsequinus
2416 3986 2646 4043 quoque,
2683 3972 2978 4026 Ture-orum
3019 3974 3246 4038 satrapa
3283 3972 3591 4038 potentissi-

2012 4062 2159 4112 mus,
2192 4048 2251 4100 in
2278 4042 2468 4100 eadem
2486 4043 2708 4099 desoevit
2738 4043 2976 4114 reqione.

2014 4157 2182 4210 Anno
2212 4153 2285 4209 ab
2314 4150 2721 4209 incarnatione
2762 4149 2995 4207 Domini
3031 4148 3189 4217 1114,
3222 4150 3422 4203 tantus
3452 4142 3591 4200 uni-

1944 4259 2164 4301 versam
2195 4241 2639 4316 Syriam'ssterroe
2672 4242 2866 4296 motus
2913 4236 3234 4306 concussit,
3265 4238 3333 4291 ut
3372 4232 3588 4309 multas

1947 4335 2118 4392 urbes
2146 4337 2204 4391 et
2232 4333 2447 4407 oppida
2466 4331 2697 4388 infinita
2717 4330 2974 4387 dirueret
3001 4327 3268 4385 funditus
3292 4346 3308 4394 ς
3338 4324 3593 4381 maxime

1945 4428 2138 4481 autem
2162 4424 2318 4481 circa
2335 4420 2620 4489 Ciliciam,
2640 4420 2926 4478 Isauriam
2948 4423 3006 4476 et
3033 4414 3423 4488 Coelesyriam.
3446 4415 3586 4469 Nam

186 4533 366 4575 suam
392 4518 642 4576 relevare
670 4520 950 4593 inopiam,
981 4527 1173 4576 contra
1205 4519 1368 4575 bonos
1396 4533 1569 4576 mores
1597 4533 1833 4590 pauper·-
1862 4520 1910 4587 Ι)
1941 4516 2000 4571 in
2030 4513 2229 4572 Cilicia
2261 4513 2620 4571 Mamistram
2640 4526 2777 4568 cum
2810 4507 3010 4565 multis
3027 4506 3260 4579 oppidis
3289 4504 3588 4561 solotenus

182 4614 388 4678 tatem,
409 4616 668 4681 tanquam
687 4610 906 4679 vitium,
928 4609 1337 4681 exprobraret:
1367 4608 1426 4662 in
1450 4622 1622 4679 quam
1639 4609 1833 4663 tamen

184 4714 305 4756 non
334 4696 561 4754 levibus
607 4698 856 4766 actibus,
909 4699 1008 4755 sed
1060 4698 1405 4754 necessitate
1453 4695 1835 4753 descenderat

182 4786 546 4857 inevitabili;
581 4787 813 4860 sibique
833 4788 888 4843 id
918 4788 1115 4859 ipsum
1149 4787 1299 4842 unde
1320 4785 1417 4842 ille
1445 4785 1831 4858 gloriabatur,

183 4876 505 4933 liberaliter
546 4877 890 4945 detraxerat,
943 4881 1003 4932 ut
1049 4876 1109 4931 in
1140 4892 1274 4932 cum
1318 4876 1626 4946 conferret,
1659 4877 1833 4948 coepit

183 4969 437 5021 aestuare
461 4966 857 5040 indignatione
889 4965 1113 5038 plenus,
1149 4964 1398 5022 Simulat
1418 4980 1555 5038 ergo
1585 4967 1831 5038 aegritu-

179 5057 406 5124 dinem,
436 5055 652 5113 etlecto
666 5058 980 5127 decubans,
1004 5056 1496 5112 mandatdomino
1512 5055 1825 5125 Joscelino,

180 5150 250 5202 ut
279 5145 505 5217 absque
535 5162 699 5201 mora
731 5146 803 5202 ad
834 5161 898 5202 se
930 5146 1124 5201 venire
1165 5148 1464 5217 properet:
1499 5161 1610 5216 quo
1664 5161 1828 5201 com-

181 5241 365 5307 perto,
396 5235 633 5290 festinat
679 5235 951 5292 dominus
997 5233 1343 5301 Joscelinus,
1395 5233 1543 5290 nihil
1581 5234 1825 5301 veritus,

178 5326 243 5380 in
279 5321 436 5379 nullo
475 5325 609 5381 vian
660 5325 882 5381 habens
930 5332 1299 5395 suspectam3
1352 5323 1591 5380 tandem
1634 5325 1825 5381 Edes-

176 5429 308 5470 sam
341 5412 704 5485 perveniens,
735 5414 951 5470 invenit
987 5412 1261 5469 comitem
1292 5412 1350 5467 in
1384 5411 1650 5483 praesidio
1681 5413 1823 5470 civi·

173 5502 340 5564 tatis.
379 5507 439 5560 et
468 5503 530 5560 in
576 5519 646 5560 ca
688 5504 819 5576 ejus
850 5508 1032 5576 parte,
1064 5519 1191 5575 quae
1225 5501 1554 5573 Rangulath
1585 5500 1818 5572 dicitur,

172 5593 235 5650 in
263 5590 539 5651 interiore
567 5592 827 5652 conclavi
864 5591 1295 5652 decubantem:
1323 5591 1393 5649 ad
1424 5605 1601 5663 quem
1630 5590 1823 5665 ingre·

1943 4605 2293 4677 prostravit3
2327 4601 2632 4660 Maresiam
2681 4615 2911 4671 quoque
2957 4596 3163 4667 dejecit
3193 4608 3325 4650 cum
3371 4591 3589 4647 subur-

1943 4695 2111 4754 banis
2143 4695 2286 4764 suis,
2321 4693 2400 4750 ita
2429 4694 2497 4750 ut
2525 4689 2913 4763 quorumdam
2947 4686 3041 4741 vix
3071 4684 3249 4742 etiam
3299 4681 3591 4737 exstarent

1941 4785 2182 4859 vestigia
2233 4800 2247 4840 :
2297 4781 2735 4856 quatiebantur-j
2756 4781 2942 4833 turres
2984 4779 3044 4832 et
3089 4771 3322 4838 moenia,
3355 4765 3587 4841 majori-

1942 4874 2167 4948 busque
2193 4872 2456 4931 aediticiis
2487 4866 2870 4945 periculosius
2916 4861 3245 4929 ruentibus,
3279 4859 3455 4916 flebat
3483 4872 3587 4929 po·

1939 4964 2468 5038 pulcrum-strages
2498 4958 2727 5016 infinita
2754 4976 2769 5026 ;
2801 4959 2858 5012 et
2888 4953 3152 5011 civitates
3202 4948 3587 5022 amplissimae

1939 5052 2107 5127 quasi
2133 5067 2310 5124 agger
2334 5051 2597 5123 lapidum
2621 5047 2970 5111 constitutae,
2992 5041 3260 5097 tumulus
3289 5042 3458 5097 erant
3484 5053 3588 5109 op-

1937 5156 2293 5215 pressorum,
2315 5146 2371 5196 et
2392 5139 2657 5196 contritis
2679 5134 3108 5193 habitatoribus
3130 5131 3314 5189 vicem
3349 5130 3587 5202 praesta·

1937 5233 2081 5289 bant
2128 5229 2399 5304 sepulcri.
2434 5228 2710 5301 Fugiebat
2756 5225 2925 5299 plebs
2973 5231 3166 5280 mente
3213 5217 3586 5277 consternata

1933 5321 2354 5379 habitationem
2386 5318 2638 5385 urbium,
2672 5314 3099 5373 domiciliorum
3131 5309 3358 5368 ruinam
3389 5309 3587 5366 formi-

1933 5413 2131 5468 dantes
2152 5451 2168 5479 ,
2200 5413 2260 5466 et
2286 5410 2427 5465 dum
2458 5407 2566 5464 sub
2593 5404 2688 5464 dio
2728 5405 2985 5477 requiem
3035 5402 3293 5459 invenire
3319 5404 3579 5473 sperant,

1928 5501 2137 5558 timore
2165 5500 2458 5566 concussi,
2492 5511 2728 5555 somnos
2756 5496 3216 5568 interrumpunt,
3249 5489 3580 5566 oppressio-

1929 5606 2032 5651 nes
2050 5607 2201 5665 quas
2228 5587 2540 5664 vigilantes
2587 5585 2927 5658 timuerant,
2956 5582 3019 5643 in
3064 5580 3286 5642 somnis
3316 5580 3579 5656 perpessi
