3784 6000
179 249 307 309 27⁷

1114 241 1311 306 ms'r.
1360 243 1633 309 RERUM
1674 243 2217 307 TRANSMARIN.
2265 277 2343 291 --
2387 242 2540 307 Lm.
2581 242 2690 306 111.

3487 244 3608 309 278

185 382 340 441 alter
365 379 429 437 in
451 376 711 436 tumultu
740 375 934 451 gladio
964 376 1270 434 confossus
1301 378 1542 435 interiit.
1575 377 1684 444 Qui
1712 393 1846 436 vero
1873 380 1929 449 A
1959 379 2276 435 exercitum
2307 394 2489 452 supra
2504 377 2654 435 vires
2674 377 2928 451 fatigari,
2956 377 3193 435 irruunt
3211 378 3607 438 unanimiter:

185 475 400 545 captus
429 476 540 537 est,
563 466 879 525 incolumis
910 471 1044 522 ante
1074 465 1369 538 principes
1399 467 1708 538 deductus,
1736 467 1845 524 mi·

188 561 285 620 nis
307 562 364 618 et
388 557 713 616 terroribus
749 556 819 613 ad
850 556 1277 614 confessionem
1309 555 1629 630 perductus
1656 565 1759 626 est,
1785 560 1849 614 ut

190 651 364 725 plane
393 651 614 705 cuncta
640 647 990 703 edissereret
1019 661 1034 701 :
1085 646 1257 717 cujus
1299 645 1509 718 gratia,
1565 650 1622 703 et
1651 662 1684 702 a
1730 662 1847 719 quo

188 740 405 798 missus
439 736 790 794 advenisset.
844 734 1117 792 Constitit
1164 739 1356 791 autem
1391 736 1519 806 elus
1546 734 1846 806 relatione,

188 829 349 904 quod
390 826 770 885 Solimannus
825 839 922 881 eos
969 824 1039 880 ad
1097 824 1565 881 denuntiandum
1625 824 1849 882 civibus

185 921 322 992 ejus
339 919 660 976 adventum
683 915 977 971 direxerat
998 930 1014 983 3
1037 914 1309 986 quodque
1333 915 1390 970 in
1426 914 1617 971 vicino
1637 914 1851 972 consti-

185 1014 380 1076 tutus,
410 1006 679 1079 ingentes
735 1009 1147 1060 convocaverat
1188 1004 1404 1074 copias,
1437 1003 1531 1060 die
1560 1002 1741 1061 altera
1786 1003 1848 1059 in

190 1105 386 1156 castra
443 1098 642 1152 nostra
668 1091 820 1151 clam
866 1092 1206 1150 irruiturus.
1248 1091 1626 1166 Compertum
1666 1093 1848 1167 igitur

186 1188 479 1246 habentes
509 1187 840 1241 nostrarum
862 1180 1158 1256 legionum
1181 1183 1491 1254 capitanei,
1514 1184 1665 1255 qnod
1699 1199 1847 1255 prae·

189 1276 384 1333 dictus
421 1272 803 1331 Solimannus
840 1276 1162 1329 maturaret
1185 1272 1476 1339 accedere,
1504 1271 1847 1345 pradictum

188 1365 494 1424 hominem
515 1360 859 1435 precipiunt
885 1362 1164 1418 custodiae
1187 1361 1505 1433 mancipari
1533 1366 1625 1429 ;et
1650 1361 1850 1418 missis

189 1453 562 1519 cursoribus,
595 1450 903 1508 dominum
934 1450 1206 1507 comitem
1253 1450 1609 1507 Tolosanum
1640 1453 1697 1505 et
1733 1450 1851 1523 epi-

192 1559 446 1615 scopum
478 1541 845 1606 Podiensem,
877 1540 975 1612 qui
1024 1540 1288 1596 nondum
1336 1540 1408 1596 ad
1441 1556 1540 1596 eos
1572 1554 1850 1611 pervene-

189 1637 348 1704 rant,
380 1631 736 1705 quantocius
766 1633 1006 1686 monent
1043 1644 1373 1700 properare.
1421 1627 1511 1685 Illi
1568 1644 1704 1685 vero
1751 1645 1849 1685 su·

193 1727 403 1796 scepta
432 1723 676 1778 fratrum
727 1720 1037 1792 legatione,
1080 1717 1472 1776 sollicitudine
1530 1734 1645 1774 non
1678 1718 1848 1791 pigri,
1877 1758 1928 1825 Β

195 1830 435 1872 omnem
463 1818 774 1885 arguentes
802 1826 1049 1877 moram,
1072 1814 1131 1866 et
1157 1814 1275 1867 tota
1305 1814 1472 1866 nocte
1503 1810 1849 1867 insistentes

194 1904 419 1972 itineri,
440 1901 609 1959 valde
631 1917 803 1959 mane
823 1904 959 1956 ante
981 1898 1120 1956 solis
1147 1902 1433 1968 exortum,
1467 1915 1600 1956 cum
1625 1899 1848 1971 ingenti

194 1992 578 2053 multitudine
597 1990 807 2048 erectis
834 1989 1082 2057 vexillis,
1120 1990 1177 2045 in
1210 2004 1509 2045 armorum
1541 1986 1762 2061 fulgore
1791 1992 1850 2045 et

194 2085 461 2144 maximo
492 2082 740 2140 strebitu
773 2081 982 2139 castris
1010 2096 1073 2137 se
1103 2078 1445 2136 intulerunt.
1467 2080 1696 2150 Vixque
1722 2096 1849 2136 aar·

194 2175 361 2233 cinas
381 2174 795 2245 deposuerant,
811 2174 876 2226 ut
898 2184 1034 2226 cum
1062 2168 1191 2225 aliis
1214 2168 1274 2224 in
1298 2167 1422 2224 loco
1444 2166 1849 2239 sibideputato

194 2281 260 2322 se
282 2262 647 2321 collocarent
668 2281 685 2331 3
710 2276 844 2317 cum
869 2274 1000 2317 ecce
1018 2259 1176 2315 circa
1193 2258 1395 2314 horam
1419 2257 1674 2329 tertiam,
1695 2258 1850 2314 sicut

192 2353 293 2410 ille
324 2352 427 2425 qui
458 2352 521 2407 in
550 2349 801 2407 vinculis
831 2349 1221 2414 detinebatur,
1256 2346 1618 2419 praedixerat,
1642 2346 1851 2419 proedi-

191 2447 327 2500 ctus
364 2441 747 2498 Solimannus
783 2454 915 2496 cum
963 2437 1303 2511 ingentibus
1346 2437 1609 2509 equitum
1641 2437 1845 2510 copiis,

192 2534 296 2605 qni
327 2532 401 2588 ad
437 2529 870 2604 quinquaginta
900 2527 1089 2584 millia
1116 2526 1660 2598 oestimabantur,dc
1681 2542 1847 2583 mon-

190 2621 355 2679 tibus
386 2619 769 2689 descendens,
791 2617 863 2674 ad
884 2617 1061 2690 plana
1080 2633 1143 2673 se
1163 2615 1508 2685 contulerat,
1544 2617 1616 2672 ad
1642 2616 1847 2673 urbem

193 2725 569 2768 accessurus.
595 2708 758 2776 Quod
790 2706 973 2764 nostri
990 2706 1277 2772 videntes,
1298 2705 1567 2778 protinus
1588 2706 1660 2762 ad
1684 2721 1848 2762 arma

192 2798 530 2866 convolant,
577 2794 952 2854 monentibus
1008 2794 1171 2850 lituis
1199 2811 1215 2862 3
1272 2800 1326 2850 et
1381 2792 1654 2866 clangore
1708 2809 1845 2851 cor-

193 2890 465 2949 nicinum
521 2889 793 2947 cohortes
838 2886 1114 2955 excitant,
1145 2885 1445 2942 instruunt
1474 2885 1731 2958 agmina,
1761 2885 1849 2943 in·

192 2985 467 3041 staurant
488 2979 680 3050 acies3
711 2984 766 3035 et
820 2978 1122 3036 observata
1157 2975 1239 3032 rei
1292 2973 1562 3032 militaris
1615 2975 1846 3049 plenius

192 3071 537 3145 disciplina,
584 3070 754 3142 cujus
827 3066 1244 3140 experientiam
1304 3064 1600 3122 habebant
1654 3066 1846 3122 omni-

194 3163 453 3231 modam,
483 3164 543 3217 et
568 3173 742 3216 usum
783 3156 1153 3225 familiarem,
1196 3153 1342 3210 nihil
1374 3156 1443 3212 de
1495 3154 1843 3228 contingen·

188 3251 355 3310 tibus
384 3251 744 3316 omittentes,
778 3247 853 3305 ad
882 3245 1308 3304 occurrendum
1338 3244 1609 3303 hostibus
1642 3261 1706 3302 se
1736 3261 1841 3303 ac-

187 3342 460 3417 cingunt.

833 3446 1065 3504 CAPUT
1112 3448 1208 3504 tv,

178 3561 545 3619 solimannus
598 3556 669 3615 de
696 3556 971 3613 montibus
1025 3556 1372 3616 descendens,
1421 3557 1484 3611 in
1504 3558 1686 3612 castra
1714 3555 1839 3612 vio-

254 3633 446 3689 lentus
472 3632 646 3685 irruit
660 3646 686 3698 ,·
708 3630 980 3685 sternitur
1006 3629 1124 3696 eius
1142 3630 1415 3684 exercitus
1434 3644 1456 3695 ;
1484 3625 1654 3697 siqua
1673 3630 1839 3685 victo-

252 3706 359 3761 τίκ
384 3703 457 3759 ad
486 3702 873 3774 imperatorem
920 3699 1246 3771 dirimantur
1261 3716 1284 3763 ;
1316 3700 1414 3756 ille
1447 3698 1726 3773 principes
1752 3715 1840 3756 re-

254 3778 539 3833 munerat.

249 3881 630 3940 solimannus
658 3880 840 3954 igitur
860 3880 1161 3955 praemissa
1180 3880 1437 3954 quadam
1458 3878 1605 3949 acie,
1634 3880 1694 3936 in
1725 3897 1838 3952 qua

178 3975 349 4030 erant
379 3971 651 4043 equitum
681 3970 880 4025 decem
911 3967 1117 4037 millia,
1147 3968 1217 4025 ad
1244 3975 1470 4040 portam
1492 3967 1838 4040 properabat

178 4060 589 4123 Hei-idiaoem,
640 4075 765 4133 quas
810 4058 1048 4115 domino
1088 4058 1284 4114 comiti
1331 4058 1613 4115 Tolosano
1642 4058 1714 4114 ad
1739 4072 1837 4114 cu·

178 4151 438 4209 stodiam
466 4152 593 4207 erat
622 4150 920 4222 deputata.
973 4150 1216 4222 Ignarus
1245 4148 1403 4205 enim
1459 4148 1530 4204 de
1581 4146 1831 4206 adventu

178 4240 451 4315 eiusdem
483 4238 729 4307 comitis,
763 4238 913 4295 sicut
943 4237 1068 4294 heri
1097 4243 1157 4295 et
1203 4238 1420 4295 nudius
1455 4238 1658 4295 tertius
1700 4252 1829 4293 eam

180 4330 581 4388 arbitrabatur
600 4328 851 4400 reperire
871 4342 1043 4400 posse
1065 4331 1367 4383 vacantem
1386 4343 1404 4395 3
1428 4327 1529 4383 sed
1558 4326 1828 4399 opinione

180 4423 531 4487 frustratus,
560 4416 643 4474 ibi
664 4433 813 4491 pene
834 4418 1084 4490 majores
1103 4433 1281 4489 quam
1320 4417 1462 4473 alibi
1499 4416 1712 4488 reperit
1739 4431 1829 4473 co·

1957 473 2017 527 et
2040 468 2293 526 hostium
2325 482 2389 526 se
2419 468 2683 525 inierunt
2705 466 3054 540 legionibus,
3077 466 3291 542 gladiis
3308 472 3368 527 et
3385 468 3609 528 lanceis

1958 559 2223 616 cominus
2253 558 2564 615 instantes.
2592 557 2857 630 Cumque
2884 557 3082 615 hostes
3111 557 3280 630 quasi
3302 573 3406 633 per
3427 558 3607 617 unius

1961 648 2113 706 horte
2134 647 2391 722 spatium
2410 646 2718 704 resistendi
2737 646 2888 703 vires
2908 650 2966 704 et
2981 647 3244 704 animum
3277 647 3610 705 viderentur

1958 736 2258 804 habuisse,
2289 735 2608 794 interfectis
2633 751 2704 792 ex
2721 735 2807 792 eis
2836 736 3009 809 quasi
3034 735 3105 792 ad
3127 742 3378 809 quatuor
3398 734 3606 806 millia,

1959 830 2016 884 et
2043 828 2347 901 captivatis
2377 827 2697 898 nonnullis,
2727 827 2787 883 in
2825 828 3025 900 fugam
3056 826 3206 883 versi
3229 830 3388 884 sunt.
3411 827 3610 886 Nostri

1959 934 2093 974 vero
2127 917 2234 975 hac
2265 919 2451 990 prima
2480 917 2742 986 victoria,
2772 917 3096 990 opitulante
3116 916 3382 988 Domino,
3405 917 3605 989 potiti,

1959 1008 2322 1066 obsidionem
2355 1008 2723 1076 continuant,
2755 1007 2964 1064 castris
2995 1023 3097 1080 per
3125 1022 3336 1080 gyrum
3359 1008 3488 1066 sine
3516 1006 3611 1066 in·

1957 1097 2198 1155 tervallo
2228 1098 2550 1170 dispositis.
2583 1099 2668 1155 Ab
2698 1113 2765 1154 ea
2793 1112 2926 1171 ergo
2955 1096 3051 1153 die
3078 1111 3270 1170 neque
3301 1096 3613 1167 pradictus

1960 1188 2362 1257 Solimannus,
2409 1203 2597 1261 neque
2650 1186 2974 1244 infidelium
3008 1186 3338 1258 principum
3364 1184 3606 1258 aliquis,

1959 1278 2150 1335 simile
2175 1277 2395 1349 aliquid
2427 1293 2609 1333 ausus
2636 1276 2744 1332 fuit
2775 1279 3081 1343 attentare,
3113 1274 3374 1346 quandiu
3411 1274 3473 1330 in
3503 1273 3611 1330 ob·

1959 1367 2186 1425 sidione
2209 1367 2609 1438 perstiterunt.
2630 1364 2859 1436 Optime
2880 1379 3049 1437 porro
3078 1364 3137 1419 in
3159 1379 3227 1420 eo
3247 1362 3526 1421 conflictu
3547 1378 3612 1421 se

1960 1456 2294 1514 habuerunt
2315 1454 2891 1530 prodicti'principes
2913 1471 2929 1524 3
2952 1453 3054 1511 sed
3076 1455 3134 1510 et
3148 1451 3427 1509 dominus
3451 1452 3617 1510 'l'an-

1959 1548 2188 1618 credus,
2237 1545 2504 1603 Galterus
2532 1560 2766 1618 quoque
2804 1545 2874 1601 de
2912 1541 3222 1612 Garlanda,
3255 1542 3610 1600 Francorum

1959 1638 2114 1709 regis
2133 1636 2376 1707 dapifer,
2399 1635 2588 1693 Guido
2616 1635 2795 1692 etiam
2824 1634 2897 1691 de
2923 1634 3225 1699 Pol-sessa,
3251 1635 3310 1690 et
3327 1630 3614 1705 Rogerius

1958 1726 2030 1783 de
2057 1725 2408 1797 Barnavilla,
2439 1725 2719 1783 celebrem
2747 1724 2857 1780 sibi
2877 1723 2936 1779 in
2958 1738 3026 1780 eo
3053 1721 3282 1792 negotio
3302 1736 3606 1796 compara·
3727 1789 3732 1793 .

1959 1820 2167 1873 verunt
2193 1816 2435 1874 l'amam.
2466 1814 2662 1872 Nostri
2691 1814 2875 1887 igitur
2889 1814 2962 1870 ad
2992 1812 3400 1871 incutiendum
3423 1818 3605 1869 terro·

1960 1920 2083 1963 rem
2114 1905 2378 1963 hostibus
2407 1906 2479 1962 de
2518 1904 2812 1976 capitibus
2840 1902 3166 1960 occisorum
3209 1901 3362 1958 intra
3390 1900 3597 1958 urbem

1959 1995 2212 2069 plurima
2233 1995 2393 2068 injici
2417 1993 2707 2051 machinis
2723 1990 3082 2065 jaculatoriis
3101 1991 3505 2062 praeceperunt
3520 2007 3537 2060 3
3555 1998 3621 2052 et

1959 2099 2028 2141 ex
2058 2085 2140 2141 eis
2171 2084 2330 2141 mille
2359 2087 2418 2141 et
2444 2085 2514 2141 de
2541 2081 2789 2155 captivis
2819 2079 3044 2154 aliquot
3086 2079 3160 2136 ad
3190 2078 3605 2151 imperatorem

1958 2177 2295 2250 dirigentes,
2318 2174 2634 2248 plurimum
2654 2173 2783 2245 eJus
2801 2188 2905 2245 per
2923 2171 3033 2228 hoc
3055 2169 3167 2226 sibi
3185 2167 3433 2243 gratiam
3454 2183 3604 2226 oom-

1958 2269 2324 2338 paraverunt.
2374 2263 2537 2322 Unde
2584 2266 2642 2319 et
2698 2260 3005 2334 pecuniam
3057 2274 3177 2317 non
3208 2256 3523 2325 modicam,
3551 2262 3612 2315 et

1958 2355 2417 2413 holosericorum
2468 2354 2697 2409 diversa
2743 2364 2957 2424 genera
3010 2349 3085 2405 ad
3143 2346 3603 2405 remunerandos

1958 2445 2321 2501 exercituum
2373 2443 2684 2515 principes,
2745 2438 2930 2497 multa
2971 2454 3102 2497 cum
3133 2436 3478 2513 liberalitate
3507 2433 3604 2491 di-

1956 2534 2123 2604 rexit,
2156 2531 2519 2606 praecipiens,
2553 2535 2637 2601 ut,
2667 2534 2725 2588 et
2752 2530 2933 2587 victui
2959 2524 3292 2586 necessaria
3320 2528 3377 2582 et
3405 2538 3604 2582 rerum

1956 2623 2269 2693 venalium,
2303 2638 2437 2679 cum
2468 2621 2628 2679 omni
2653 2619 3041 2692 plenitudine,
3071 2624 3126 2674 et
3155 2615 3285 2674 sine
3325 2611 3603 2673 dilatione

1959 2713 2030 2770 ad
2061 2727 2162 2770 eos
2191 2712 2485 2770 deferatur
2513 2708 2957 2768 commercium.

2606 2852 2841 2911 CAPUT
2877 2850 2946 2907 V.

1957 2987 2234 3042 Locantur
2261 2984 2539 3057 principes
2565 2979 2838 3051 deputatis
2871 2976 2984 3035 sibi
3012 2973 3361 3035 stationibus.
3388 2979 3443 3030 et
3468 2969 3602 3029 urbs

2028 3058 2162 3113 andi
2201 3072 2268 3113 ue
2295 3056 2514 3112 obsessa
2538 3054 2897 3125 impugnatur
2913 3070 2934 3113 ,-
2977 3048 3214 3123 quidam
3241 3044 3451 3104 nobiles
3463 3059 3604 3117 pro·

1874 3121 1919 3191 C
2028 3144 2150 3185 cum
2189 3136 2288 3184 unt
2319 3129 2378 3185 in
2408 3129 2543 3183 acie.

2025 3255 2222 3315 Visum
2256 3260 2344 3312 est
2401 3252 2580 3321 igitur
2619 3247 2985 3324 principibus
3036 3244 3249 3303 nostris
3286 3240 3599 3316 expediens

1952 3362 2080 3404 esse
2108 3345 2176 3401 ad
2212 3343 2596 3418 propositum,
2628 3340 2834 3397 urbem
2863 3353 2934 3395 ex
2962 3336 3124 3395 omni
3154 3337 3338 3408 parte,
3370 3339 3434 3389 nt
3451 3346 3600 3406 prtu-

1952 3434 2238 3503 diximus,
2267 3433 2572 3492 obsidione
2607 3429 2861 3499 vallare3
2907 3430 2965 3484 et
2994 3425 3290 3499 principes
3318 3421 3596 3494 congruis

1949 3525 2140 3584 locare
2169 3524 2540 3591 stationibus,
2581 3525 2646 3577 ut
2693 3521 3002 3592 ingruente
3051 3515 3277 3573 civibus
3333 3512 3597 3587 undique

1950 3616 2241 3685 molestia,
2270 3630 2371 3671 eos
2403 3613 2475 3670 ad
2503 3608 2861 3668 deditionem
2892 3603 3311 3677 compellerent
3339 3602 3592 3660 lacillus.

1948 3711 2029 3765 De
2057 3703 2361 3763 communi
2389 3701 2569 3773 igitur
2588 3696 2856 3763 consilio,
2879 3694 3059 3765 aquis
3076 3690 3448 3765 portionibus
3465 3703 3597 3747 am-

1947 3797 2138 3854 bitum
2149 3794 2441 3861 dividunt,
2464 3787 2730 3862 singulas
2751 3784 3003 3859 singulis
3023 3784 3372 3855 deputantes
3391 3779 3597 3854 prinoi-

1945 3885 2120 3960 plbus
2152 3900 2168 3941 ε
2202 3880 2618 3949 dominumque
2647 3876 2855 3932 ducem
2886 3888 3020 3930 cum
3050 3870 3283 3929 duobus
3311 3865 3593 3925 tratribus

1945 3974 2089 4043 suis,
2118 3976 2177 4030 et
2207 3985 2409 4028 eorum
2441 3965 2772 4041 legionibus
2799 3962 2873 4019 ab
2894 3960 3161 4020 orieniali
3190 3962 3351 4031 parte
3369 3956 3587 4016 locant.

1944 4062 2230 4121 Dominus
2245 4075 2379 4117 vero
2408 4057 2809 4123 Boamundus,
2834 4068 2970 4110 cum
2997 4048 3233 4109 domino
3258 4047 3582 4117 Tancredo,

1942 4156 2001 4212 et
2021 4152 2153 4211 aliis
2173 4148 2558 4224 principibus,
2575 4145 2674 4220 qui
2699 4160 2833 4202 eum
2854 4140 3038 4200 secuti
3056 4140 3308 4209 fuerant,
3331 4153 3582 4212 quorum

1940 4242 2213 4314 superius
2243 4239 2485 4297 nomina
2510 4235 2837 4310 posuimus,
2869 4247 2998 4289 cum
3046 4244 3157 4287 suo
3185 4229 3399 4286 iterum
3425 4241 3586 4287 exet·b

1937 4332 2080 4402 citu,
2099 4334 2327 4405 partem
2358 4327 2520 4385 urbis
2541 4322 3054 4399 septentrionalem
3083 4318 3356 4378 obtinuit.
3371 4315 3583 4376 Comes

1937 4438 2069 4480 vero
2101 4418 2475 4478 Flandrensis
2503 4419 2561 4474 et
2607 4414 2874 4489 princeps
2903 4412 3393 4477 Normannorum,
3449 4419 3585 4464 cum

180 4510 329 4585 piu·
389 4509 612 4567 Horum
660 4513 855 4564 tamen
901 4508 1138 4579 ignarus
1191 4505 1480 4578 omnium,
1530 4507 1602 4563 ad
1633 4505 1828 4563 locum
1856 4502 1904 4569 D
1936 4513 2061 4571 suis
2088 4510 2302 4567 iterum
2333 4506 2695 4574 cohortibus,
2735 4504 2904 4577 juxta
2948 4500 3260 4575 praedictos
3290 4497 3351 4553 in
3380 4495 3586 4552 ordine

178 4601 527 4674 predictum
556 4599 859 4668 testinans,
881 4613 1016 4655 cum
1044 4596 1227 4654 multo
1257 4598 1475 4669 impetu
1506 4597 1565 4653 in
1604 4595 1826 4652 domini

176 4690 415 4749 comitis
445 4690 623 4746 irruit
644 4689 927 4762 legiones,
948 4704 1080 4762 quae
1108 4687 1302 4744 adhuc
1327 4688 1422 4743 vix
1442 4685 1705 4743 sarcinas
1735 4686 1828 4743 de·

174 4783 523 4855 posuerant.
553 4781 601 4836 A
629 4778 846 4852 quibus
884 4782 1157 4849 exceptus
1204 4776 1564 4847 mirabiliter,
1603 4775 1829 4832 confra-

176 4871 286 4927 ctis
305 4868 644 4937 conatibus,
667 4875 726 4925 et
742 4868 933 4941 priore
959 4868 1194 4941 penitus
1226 4867 1347 4923 acie
1377 4864 1682 4935 dissoluta,
1701 4865 1825 4937 jam

173 4959 236 5016 in
263 4960 469 5031 fugam
497 4957 647 5015 versi
679 4960 846 5014 erant
872 4975 887 5016 ε
938 4974 1071 5014 cum
1120 4971 1251 5015 ecce
1280 4956 1655 5014 Solimannus
1686 4971 1823 5012 cum

173 5049 506 5124 majoribus
532 5050 897 5123 subsequens
943 5050 1151 5124 copiis,
1201 5048 1283 5106 eis
1330 5047 1650 5105 refundens
1696 5047 1823 5102 ani-

172 5159 327 5212 mos,
358 5141 465 5216 qul
488 5143 619 5214 jam
647 5145 814 5200 erant
844 5141 1134 5209 dissoluti,
1156 5156 1354 5199 secum
1389 5142 1604 5197 iterum
1630 5139 1690 5195 in
1719 5153 1824 5195 no-

174 5239 331 5291 stros
352 5232 549 5289 redire
576 5231 875 5305 compulit.
909 5233 986 5288 At
1012 5247 1145 5289 vero
1194 5231 1330 5300 dux,
1377 5230 1647 5286 dominus
1675 5244 1824 5301 quo-

174 5329 293 5398 que
317 5320 725 5384 Boamundus,
756 5326 809 5379 et
849 5336 1043 5379 comes
1082 5318 1481 5388 Flandreosis,
1524 5333 1659 5375 cum
1699 5317 1821 5375 suis

172 5410 651 5487 expeditionibus
664 5410 738 5468 ad
758 5427 1014 5484 unguem
1030 5409 1540 5480 armati,videntes
1560 5405 1820 5465 hostium

172 5503 432 5576 majores
450 5500 762 5558 advenisse
785 5516 1000 5559 cuneos
1021 5509 1076 5558 et
1097 5505 1323 5557 turmas
1343 5495 1664 5566 densiores,
1684 5513 1823 5569 prae-

170 5607 285 5671 que
300 5589 473 5666 gravi
500 5589 878 5651 multitudine
906 5596 963 5650 et
980 5591 1246 5651 animosa
1265 5587 1566 5659 instantia,
1588 5588 1821 5648 comitis

1937 4601 2110 4659 locati
2132 4602 2290 4657 sunt.
2321 4596 2650 4655 Australem
2681 4608 2813 4651 vero
2843 4591 3070 4665 plagam
3091 4584 3451 4645 Raimondus
3469 4584 3583 4641 To·

1935 4691 2171 4748 losanus
2202 4703 2399 4747 comes
2444 4690 2502 4744 et
2556 4684 2867 4759 episcopus
2921 4678 3247 4744 podiensis,
3292 4688 3427 4731 cum
3453 4672 3580 4731 suis

1935 4780 2306 4839 consortibus
2326 4776 2436 4835 sibi
2450 4769 3173 4843 obtinueruntdeputatam
3190 4782 3206 4835 3
3222 4764 3392 4836 Juxta
3401 4775 3579 4834 quem

1933 4870 2208 4928 dominus
2234 4867 2563 4941 Stephanus
2584 4860 2947 4920 Blesensium
2969 4870 3168 4913 comes
3186 4856 3244 4910 et
3261 4851 3580 4910 Carnuten-

1934 4960 2109 5029 sium,
2141 4973 2277 5016 cum
2312 4954 2550 5014 domino
2578 4954 2821 5024 lIugone
2847 4951 3055 5021 Regno
3082 4947 3141 5003 et
3163 4941 3296 5001 aliis
3325 4940 3579 5016 quibus-

1933 5051 2064 5107 dam
2096 5046 2326 5121 inclytis
2355 5053 2408 5104 et
2437 5043 2734 5101 nobilibus
2760 5038 2905 5098 viris
2932 5039 3126 5095 castra
3151 5035 3461 5094 locaverat.
3483 5030 3580 5089 Sic

1933 5140 2115 5214 igitur
2143 5152 2213 5195 ex
2237 5134 2396 5194 omni
2427 5135 2592 5206 parte
2622 5131 2764 5190 urbe
2790 5127 3024 5198 vallata,
3041 5124 3264 5201 placuit
3290 5120 3578 5196 principi-

1931 5230 2063 5298 bus,
2087 5242 2158 5284 ex
2175 5225 2369 5282 vicina
2390 5222 2535 5281 silva
2568 5226 2808 5296 sumpta
2826 5222 2893 5280 ad
2918 5233 3018 5276 eos
3049 5231 3193 5274 usus
3212 5212 3577 5283 competente

1932 5317 2194 5386 materia,
2210 5312 2513 5372 machinas
2534 5314 2607 5369 ad
2630 5309 3064 5369 suffodiendum
3087 5316 3325 5361 murum
3343 5296 3571 5358 habiles

1930 5413 1988 5467 et
2007 5405 2379 5475 necessarias,
2392 5418 2542 5477 quas
2563 5400 2739 5474 vulgo
2759 5394 3044 5470 Scrophas
3060 5391 3381 5468 appellant3
3403 5389 3571 5447 item·

1929 5513 2043 5574 que
2058 5494 2458 5570 jaculatorias,
2470 5508 2617 5567 quas
2636 5488 2858 5564 vulgari
2879 5482 3270 5561 appellatione
3280 5479 3571 5553 Mangana

1929 5589 2154 5660 dicunt,
2182 5592 2239 5644 et
2267 5583 2554 5659 petrarias
2580 5580 2692 5642 sub
2719 5577 2869 5639 omni
2905 5573 3201 5637 celeritate
3257 5567 3569 5630 fabrefieri.
