3784 6000
122 220 263 279 1181

1139 221 1516 281 EPISTOLAE
1549 221 1641 281 m·
1676 219 2113 281 PfflvlLEolA.
2152 253 2224 265 —
2260 223 2378 283 AN.
2410 224 2573 284 uas.

3409 210 3554 285 ssas

91 344 279 401 sicut
295 345 346 416 ej
358 360 425 400 us
451 346 674 418 scripto
693 345 1034 403 authentico
1048 347 1401 413 continetur,
1428 348 1504 404 dc
1531 343 2089 413 consilio'sbebis,
2117 348 2429 407 Nati-vitate
2446 349 2667 407 scilicet
2697 350 2953 419 Domini,
2979 350 3130 409 festo
3155 352 3215 408 S.
3238 349 3543 424 Stephani,

113 439 176 488 et
193 449 490 490 consensu
506 436 779 491 omnium
807 434 1057 492 fratrum
1086 452 1337 493 suorum
1378 436 1574 493 eidem
1590 410 1810 509 eccle-²}
1890 437 2109 493 Octava
2124 438 2800 511 NativitatisDominicoe,
2818 440 3163 513 Epiphaniae
3176 441 3540 513 Hypopauti,

119 521 231 578 siae
254 522 441 579 libera
457 528 513 579 et
541 529 871 596 spontanea
888 524 1129 581 tradidit
1141 525 1464 593 voluntate,
1499 541 1637 582 cum
1650 541 1776 582 om·
1798 514 1805 521 ’

116 611 302 666 nibus
356 611 715 677 tenimentis,
768 612 1022 680 villania,
1067 618 1123 670 et
1172 614 1681 686 possessionibus,
1721 618 1776 669 et

116 701 283 756 omni
294 700 426 770 jure
449 717 559 756 suo
580 719 597 772 ;
631 718 702 757 ex
731 703 1116 758 concessione
1139 702 1316 759 bonoe
1357 703 1663 760 memoriae
1686 702 1777 759 Ni-

113 787 289 852 colai,
321 790 633 862 quondam
650 790 1495 864 Messanensisarchiepiscopi
1516 807 1656 848 cum
1687 797 1777 848 to-

115 877 234 934 tius
269 877 511 949 capituli
567 878 659 935 sui
707 894 1004 935 consensu
1059 895 1241 937 omne
1279 881 1379 952 jus
1431 880 1800 953 episcopale·

113 966 281 1038 quod
304 967 553 1022 ecclesia
576 968 969 1024 messanensis
996 968 1256 1026 debebat
1296 968 1514 1026 habere
1546 970 1604 1026 in
1649 985 1775 1025 mo·

109 1055 392 1120 nasterio,
435 1062 490 1111 et
526 1057 808 1113 omnibus
847 1057 1217 1129 pertinentiis
1247 1057 1399 1130 ejus,
1439 1058 1606 1130 quod
1646 1058 1772 1113 illu·

111 1144 250 1200 stris
265 1145 690 1201 recordationis
706 1146 757 1216 ej
769 1145 979 1203 usdem
1003 1147 1155 1217 regis
1172 1151 1365 1204 mater
1392 1146 1768 1216 margaritha,

110 1231 375 1302 gloriosa
398 1234 708 1306 quondam
744 1234 971 1305 regina,
1003 1236 1065 1291 iu
1097 1235 1229 1292 loco
1267 1236 1371 1310 qui
1408 1235 1620 1292 dicitur
1658 1237 1772 1292 Mo-

105 1320 413 1386 nachium,
448 1321 507 1377 in
547 1321 792 1378 dioecesi
825 1325 1209 1390 messanensi,
1244 1325 1304 1381 in
1325 1324 1621 1381 honorem
1646 1323 1766 1393 Dei,

105 1414 163 1465 et
196 1412 252 1465 Β.
282 1410 474 1466 Marisa
505 1426 740 1482 semper
764 1411 1006 1481 virginis
1023 1413 1376 1469 memoriam
1401 1428 1508 1485 pro
1526 1429 1636 1470 sua
1669 1412 1769 1469 de-

109 1498 345 1554 votione
372 1500 719 1565 construxit,
762 1507 818 1556 et
851 1516 956 1572 per
981 1500 1208 1559 dictum
1246 1502 1764 1573 archiepiscopum

105 1586 186 1643 ab
201 1588 363 1643 omni
382 1588 583 1644 debito
609 1591 1001 1646 Messanensis
1030 1590 1293 1648 ecclesiae
1321 1589 1581 1647 liberum
1612 1591 1761 1646 obti-

1890 524 2276 581 Dominicain
2305 527 2491 583 ramis
2512 527 2877 593 Palmarum‚
2908 531 3087 586 Coeua
3107 528 3361 595 Domini,
3397 529 3541 587 Sab-

1887 613 2029 669 bato
2040 613 2275 679 Sancto,
2294 616 2538 679 Pascha,
2554 620 2609 672 et
2622 617 2863 674 dnobus
2884 616 3100 673 diebus
3115 618 3536 690 sequentibus,

1886 702 2332 774 Assumptione,
2365 703 2729 771 Pentecoste,
2771 705 2960 761 tribus
2990 704 3409 762 festivitatibus
3437 705 3539 762 Dei

1886 789 2183 859 genitricis
2225 795 2281 846 et
2322 790 2577 863 Virginis
2619 792 2834 858 Marias,
2879 792 3155 851 Natalitio
3194 795 3249 849 S.
3292 793 3539 850 Ioannis

1888 879 2183 950 Baptistae,
2223 882 2797 939 commemoratione
2836 883 3117 939 Omnium
3160 883 3536 950 Sanctorum,

1885 967 2366 1024 solemnitatibus
2396 969 2667 1025 omnium
2683 970 3121 1042 apostolorum,
3141 975 3196 1026 et
3218 968 3539 1042 proecipuis

1885 1055 2046 1112 festis
2057 1055 2469 1122 ecclesiastaes,
2484 1057 2963 1116 dedicationibus
2977 1059 3383 1126 ecclesiarum,
3398 1072 3538 1114 con·

1883 1143 2318 1200 secretionibus
2330 1146 2776 1218 episcoporum,
2792 1146 3274 1203 ordinationibus
3285 1147 3537 1203 clerico-

1878 1248 2037 1301 rum,
2066 1238 2121 1288 et
2142 1235 2550 1291 anniversario
2582 1240 2696 1292 tuoe
2737 1237 3202 1293 consecrationis
3233 1235 3350 1292 die.
3399 1237 3539 1292 Pro-

1879 1321 2085 1378 videas
2104 1322 2603 1396 igiturquomodo
2620 1324 3150 1397 hujusindumenti
3182 1325 3378 1381 honor
3410 1339 3537 1380 mo·

1878 1409 2049 1468 desta
2074 1410 2147 1467 sit
2175 1419 2374 1468 actum
2406 1413 2719 1471 vivacitate
2746 1414 3104 1480 servandus,
3136 1419 3200 1470 ut
3217 1414 3268 1469 ei
3298 1428 3536 1470 morum

1877 1504 2115 1555 tuorum
2144 1506 2504 1559 ornamenta
2532 1503 2913 1569 conveniant,
2933 1506 2991 1559 et
3016 1519 3149 1559 esse
3171 1503 3307 1575 plus
3336 1501 3535 1558 valeas

1874 1587 2050 1645 bonis
2066 1589 2299 1645 actibus
2311 1605 2497 1662 quam
2525 1590 2876 1663 hujusmodi
2897 1594 3276 1657 ornament0,
3294 1595 3536 1647 auctore

106 1676 235 1733 nuit
255 1682 311 1733 et
339 1677 607 1748 quietum
622 1678 700 1734 ab
722 1678 888 1734 omni
909 1678 1041 1750 jure
1073 1695 1086 1744 ς
1117 1694 1188 1735 ex
1210 1681 1599 1737 concessione
1618 1680 1767 1736 Tho·
1800 1702 1844 1757 Β
1876 1676 2015 1742 Deo,
2045 1679 2423 1751 conspicuus,
2453 1686 2509 1735 et
2531 1695 2715 1753 quem
2728 1679 3220 1752 pastoraliscurae
3245 1680 3535 1736 constrin-

109 1780 223 1820 moe
240 1764 570 1836 Rhegytani
591 1765 1173 1838 archiepiscopicum
1193 1769 1500 1825 communi
1518 1767 1762 1841 capituli

92 1853 197 1923 ,sui
214 1869 534 1920 consensu,
552 1860 738 1912 totum
752 1856 845 1928 jus
857 1857 1222 1929 episcopale,
1241 1858 1332 1914 vel
1353 1857 1762 1931 quodcunque

105 1941 271 1999 aliud
302 1942 379 1999 ad
419 1943 830 2015 Rhegytanam
861 1946 1194 2017 pertinebat
1217 1946 1529 2003 ecclesiam
1549 1948 1604 2004 in
1641 1963 1761 2003 mo·

108 2031 368 2087 nasterio
394 2032 450 2087 S.
485 2033 810 2089 Salvatoris
834 2033 908 2090 de
932 2035 1208 2101 Martello,
1237 2036 1401 2109 quod
1431 2038 1762 2093 construxit

102 2121 365 2176 Ioannes
396 2120 773 2187 CalomenuS,
802 2124 996 2192 regius
1026 2125 1339 2196 quondam
1369 2126 1757 2193 camerarius,

103 2209 241 2265 etin
275 2211 634 2266 monasterio
655 2211 1003 2267 monialium
1022 2212 1219 2270 Sancti
1241 2213 1489 2270 Ioannis
1522 2214 1760 2271 Exocal-

102 2298 403 2370 nia,quod
439 2305 526 2353 est
545 2304 703 2356 extra
733 2317 935 2356 muros
956 2302 1209 2359 civitatis
1231 2301 1454 2372 Rhegii,
1477 2319 1613 2359 cum
1642 2303 1761 2360 cel-

97 2385 195 2452 lis,
224 2386 601 2451 obedientiis,
637 2390 1136 2459 possessionibus.
1156 2391 1513 2459 tenimentis,
1543 2397 1600 2449 et
1622 2408 1758 2464 per-

101 2475 363 2530 tinentiis
417 2477 918 2534 monasteriorum
959 2479 1249 2552 ipsorum,
1285 2481 1458 2550 J‘uxta
1492 2481 1657 2555 quod
1696 2480 1756 2537 in

87 2564 228 2636 jam
266 2564 403 2619 dicti
444 2565 875 2638 archiepiscopi
916 2568 1226 2638 privilegio
1264 2571 1600 2626 continetur
1631 2586 1645 2635 ;
1683 2586 1756 2626 ex

94 2653 486 2709 concessione
498 2653 914 2712 Bartholomaei
929 2657 1293 2727 Agrigentini
1316 2657 1584 2730 episcopi
1615 2674 1754 2715 cum

93 2740 342 2812 capituli
383 2742 472 2796 sui
510 2757 762 2800 assensu
803 2751 922 2799 tam
966 2746 1311 2816 parochiam
1352 2750 1410 2802 et
1446 2746 1754 2803 dioecesim

90 2845 282 2901 quam
311 2832 655 2888 universum
674 2833 771 2903 jus
801 2835 1161 2907 episcopale,
1190 2852 1330 2892 cum
1359 2836 1754 2894 omnibusde-

92 2919 288 2981 cimis,
321 2924 377 2974 et
406 2918 537 2975 aliis
561 2920 829 2991 justitiis,
862 2939 932 2979 ac
955 2924 1291 2980 redditibus
1323 2925 1467 2990 suis,
1501 2940 1656 2998 quos
1677 2923 1752 2981 de

91 3007 454 3079 baronibus,
479 3017 536 3066 et
556 3011 686 3066 aliis
719 3011 1064 3068 hominibus
1104 3014 1326 3070 castelli
1352 3014 1669 3082 Battalazii,
1697 3018 1754 3070 et

1873 1767 1958 1834 git
1996 1765 2286 1833 officium,
2318 1767 2699 1824 dilectionem
2737 1769 3010 1841 proberis
3050 1767 3332 1824 fratribus
3366 1766 3534 1823 exhi-

1872 1855 2033 1921 bere,
2061 1856 2200 1911 utin
2232 1856 2579 1913 humilitatis
2606 1858 2814 1913 virtute
2844 1857 3150 1924 fundatuS,
3180 1871 3254 1913 ne
3284 1855 3531 1913 eleveris

1871 1945 2197 2018 prosperis,
2231 1959 2341 2001 nec
2369 1944 2636 2016 fatigeris
2661 1944 3082 2017 adversis.1psi
3116 1946 3297 2001 etiam
3324 1943 3535 2000 adver-

1872 2032 2010 2091 sarii
2048 2048 2152 2104 per
2193 2033 2545 2091 mandatum
2586 2034 2964 2091 Dominicum
3005 2039 3105 2090 tuo
3145 2034 3303 2090 circa
3342 2038 3396 2090 te
3428 2047 3529 2089 co-

1872 2121 2155 2194 pulentur
2179 2121 2393 2179 affectu
2428 2141 2441 2189 ;
2470 2128 2548 2188 et,
2571 2127 2869 2196 quantum
2899 2123 2958 2178 iu
2992 2128 3047 2179 te
3086 2120 3283 2186 tuerit,
3317 2136 3531 2194 pacem

1869 2211 2094 2267 habere
2125 2226 2263 2267 cum
2293 2210 2600 2278 omnibus,
2641 2211 2800 2269 etad
2830 2226 3041 2283 pacem
3074 2210 3313 2267 studeto
3352 2208 3533 2266 redu-

1870 2314 2003 2355 cere
2031 2300 2469 2357 discordantes.
2496 2299 2736 2370 Fulgeat
2753 2300 2815 2356 in
2846 2306 3084 2373 pectore
3109 2305 3212 2356 tuo
3238 2297 3530 2356 rationale

1864 2387 2073 2459 judicii
2098 2404 2235 2444 cum
2267 2388 2746 2461 superhumerali
2773 2389 3000 2445 ratione
3032 2389 3446 2459 conjunctum,
3473 2390 3531 2444 et

1867 2477 1952 2533 ita
1974 2477 2034 2533 in
2059 2481 2385 2548 conspectu
2415 2477 2512 2532 Dei
2544 2479 2836 2549 procedas
2861 2482 2918 2533 et
2942 2478 3281 2543 hominum,
3323 2481 3529 2550 quate-

1867 2581 1983 2622 nus
2008 2566 2450 2622 commissatibi
2477 2567 2641 2636 gregi
2682 2565 2989 2622 Dominico
3017 2566 3248 2621 virtutis
3278 2567 3528 2636 praestes

1865 2654 2232 2727 exemplum,
2265 2660 2319 2709 et
2357 2653 2550 2710 taliter
2588 2669 2767 2727 opere
2807 2653 3102 2726 procedas
3137 2658 3193 2710 et
3223 2653 3429 2723 verbo,
3466 2655 3531 2708 ut

1866 2744 2133 2800 videntes
2152 2758 2337 2815 opera
2362 2748 2463 2798 tua
2477 2743 2638 2799 bona
2655 2741 3229 2813 glorificentl’atrem
3256 2747 3528 2797 nostrum

1854 2832 1971 2904 qui
2002 2833 2062 2888 iu
2097 2831 2261 2888 coelis
2300 2837 2387 2887 est
2418 2831 2662 2904 (Μαὶιὴ.
2706 2831 2787 2902 v),
2827 2837 2884 2888 et
2925 2830 3229 2901 gaudeant
3251 2845 3314 2885 se
3346 2828 3525 2886 talem

1860 2920 2087 2978 habere
2105 2924 2418 2985 rectorem,
2449 2935 2557 2991 per
2580 2936 2763 2993 quem
2785 2926 2876 2976 ete
2909 2920 3224 2976 rudiantur
3236 2919 3313 2974 ad
3344 2917 3526 2975 fidem

1862 3010 2006 3068 etad
2025 3015 2377 3082 rectaopera
2398 3017 2815 3082 provocentur.
2853 3011 3124 3067 obeunte
3157 3023 3300 3065 vero
3332 3012 3386 3064 te
3422 3009 3526 3063 aut

92 3098 589 3169 pertinentiarum
622 3100 754 3170 ejus
782 3106 840 3157 et
875 3102 1074 3158 casale
1115 3102 1455 3170 Busachini,
1489 3119 1600 3160 nec
1629 3119 1751 3160 non
1790 3112 1832 3169 c
1865 3106 2105 3158 tuorum
2133 3099 2403 3172 quolibet
2431 3114 2871 3167 successorum,
2907 3098 3108 3156 nullus
3139 3098 3219 3155 ibi
3255 3095 3525 3170 qualibet

94 3190 156 3242 et
184 3201 393 3242 omnes
418 3188 704 3255 decimas,
735 3195 790 3246 et
808 3189 956 3246 alios
975 3190 1267 3258 redditus,
1293 3206 1446 3263 quos
1469 3192 1753 3262 Agrigen-

97 3274 222 3329 tina
241 3274 578 3333 ecclesiade
607 3284 806 3335 castro
831 3277 1134 3336 Corleonis
1158 3284 1216 3335 et
1232 3281 1598 3350 pertinentiis
1622 3282 1753 3352 ejus

81 3363 378 3429 habebat,
421 3366 571 3422 sicut
609 3366 669 3422 in
692 3368 912 3440 scripto
936 3368 1128 3440 ipsius
1158 3369 1424 3441 episcopi
1455 3369 1754 3442 dignosci·

97 3456 193 3507 tur
225 3472 238 3520 ;
272 3470 340 3509 ex
361 3453 1038 3514 concessione‘Matthaei
1078 3458 1450 3515 Mazariensis
1488 3458 1752 3530 episcopi

98 3542 471 3612 parochiam,
501 3544 899 3611 etdioecesim‚
927 3551 985 3602 et
1005 3547 1103 3617 jus
1132 3546 1493 3618 episcopale,
1519 3561 1754 3603 omnes-

95 3645 215 3701 que
239 3629 506 3688 decimas
537 3638 593 3686 et
621 3633 766 3688 alios
801 3634 1090 3699 redditus,
1118 3651 1271 3708 quos
1295 3635 1543 3693 ecclesia
1573 3637 1754 3693 Maza·

93 3718 305 3774 riensis
336 3721 675 3777 habebatin
704 3723 1031 3794 municipio
1046 3725 1178 3792 Jati,
1206 3728 1265 3780 et
1289 3724 1621 3797 municipio
1650 3726 1754 3783 Ca·

84 3806 320 3879 ‚lati-asi,
361 3813 712 3884 cunctisque
753 3814 1124 3885 pertinentiis
1161 3814 1455 3879 ipsorum,
1496 3814 1653 3870 sicut
1692 3815 1753 3870 in

97 3895 318 3969 scripto
351 3897 574 3970 praefati
597 3900 864 3973 episcopi
879 3901 1252 3959 manifestius
1268 3904 1605 3960 continetur
1634 3919 1649 3970 ;
1681 3918 1753 3959 ex

93 3987 479 4042 concessione
492 3990 554 4043 R.
586 3989 982 4059 Anglonensis
995 3992 1263 4064 episcopi
1282 4007 1422 4048 cum
1443 3992 1751 4048 communi

93 4072 334 4142 capituli
365 4075 456 4129 sui
485 4091 734 4133 assensu
776 4078 835 4133 in
880 4081 1241 4136 monasterio
1281 4078 1569 4136 Carbonis
1608 4095 1748 4136 cum

92 4160 276 4225 cellis,
304 4162 658 4220 obedientiis
682 4172 739 4222 et
772 4168 1255 4237 possessionibus
1269 4168 1602 4239 eJ'ustotum
1629 4168 1750 4239 epi-

92 4249 334 4321 scopale
349 4250 472 4321 jus,
502 4255 977 4327 etquodcunque
1006 4256 1243 4312 aliudin
1273 4256 1750 4326 eoAnglonensis

90 4338 357 4395 habebat
406 4341 691 4409 ecclesias,
734 4345 884 4401 sicut
918 4344 979 4401 in
1019 4344 1206 4417 ipsius
1233 4345 1497 4417 episcopi
1527 4345 1749 4418 scripto

92 4426 407 4484 denotatur
432 4445 787 4501 expressum
823 4451 836 4500 ς
869 4449 944 4490 ex
973 4434 1366 4491 concessione
1410 4434 1747 4491 Risiniensis
1782 4465 1829 4523 D

90 4517 356 4589 episcopi
387 4534 525 4575 cnm
555 4520 901 4591 capitulisui
925 4523 1510 4580 assensuecclesiam
1541 4523 1601 4581 S.
1636 4526 1750 4581 Ma-

91 4605 195 4662 riae
226 4605 300 4661 de
331 4607 697 4664 Macclacum
711 4611 1037 4682 episcopali
1047 4612 1200 4684 jure,
1224 4612 1576 4669 etomuibus
1604 4613 1750 4669 obe-

91 4694 326 4750 dientiis
357 4702 414 4750 et
439 4696 808 4767 pertinentiis
847 4701 994 4764 suis.
1030 4702 1180 4758 sicut
1216 4702 1281 4757 iu
1319 4701 1597 4773 ejusdem
1623 4702 1748 4772 epi-

93 4785 257 4855 scopi
289 4786 595 4857 privilegio
625 4787 1070 4845 demonstratur
1103 4806 1117 4857 ;
1150 4790 1463 4847 ecclesiam
1505 4805 1748 4862 quoque

93 4871 152 4927 S.
203 4873 432 4929 Martini
471 4881 878 4933 constructam
925 4879 982 4933 in
1039 4879 1365 4936 tenimento
1408 4878 1676 4936 ecclesias
1710 4896 1747 4937 a

95 4963 259 5016 Petro
288 4962 535 5029 indulfo,
569 4980 755 5037 quam
786 4968 915 5039 ipse
946 4970 1141 5024 Petrus
1171 4968 1386 5026 obtulit
1423 4968 1619 5025 eidem
1656 4985 1747 5026 ec-

91 5048 285 5105 clesiae
315 5067 453 5109 cum
484 5056 846 5123 tenimentis,
880 5058 1362 5129 possessionibus
1384 5059 1746 5131 etpertinen-

94 5139 187 5194 tiis
218 5139 360 5196 suis,

164 5226 415 5285 Pallium
430 5230 506 5286 ad
525 5232 672 5298 hoec,
688 5234 1118 5305 plenitudinem
1146 5235 1369 5293 scilicet
1383 5234 1745 5308 pontificalis

91 5314 290 5379 officii,
328 5316 675 5379 fraternitati
698 5328 812 5380 tuoe
838 5324 911 5381 de
929 5324 1083 5381 sedis
1114 5325 1457 5397 apostolicus
1486 5325 1748 5382 liberali·-

94 5411 209 5462 tate
239 5405 543 5478 largimur,
567 5426 689 5482 quo
713 5412 871 5470 intra
896 5415 1209 5471 ecclesiam
1238 5420 1406 5472 tuam
1427 5414 1505 5471 ad
1532 5414 1745 5472 missa·

88 5510 227 5553 rum
244 5494 537 5558 solemnia
546 5498 907 5570 celebranda
926 5503 1281 5586 subscriptis
1303 5503 1520 5564 diebus
1542 5502 1627 5582 uti
1641 5503 1745 5566 do-

1864 3188 2267 3260 subreptionis
2297 3188 2513 3245 astutia
2536 3204 2641 3244 seu
2661 3188 2939 3245 violentia
2971 3193 3378 3260 praeponatur,
3409 3183 3524 3242 nisi

1862 3293 2045 3350 quem
2077 3276 2356 3335 monachi
2381 3276 2798 3349 ejusdemloci,
2817 3275 2907 3333 vel
2938 3276 3132 3346 major
3153 3290 3294 3348 pars
3323 3272 3522 3330 consi-

1861 3366 1922 3422 lii
1948 3367 2202 3423 sanioris
2231 3365 2305 3422 de
2333 3366 2464 3436 ipso
2484 3366 2753 3435 collegio,
2780 3365 3085 3438 siquidem
3115 3364 3368 3420 idoneus
3401 3364 3526 3419 fue-

1863 3455 1937 3511 rit
1965 3456 2024 3511 in
2066 3470 2137 3510 eo
2179 3459 2469 3525 repertus,
2510 3454 2846 3510 secundum
2880 3456 3062 3510 Deum
3102 3460 3159 3508 et
3198 3452 3522 3510 canonicas

1862 3543 2203 3601 sanctiones
2214 3537 2946 3611 crediderinteligend'um.
2962 3542 3133 3608 Quod
3163 3541 3211 3596 si
3230 3539 3377 3597 torte
3397 3538 3524 3595 ido-

1862 3648 2013 3690 neus
2069 3632 2149 3689 ibi
2192 3631 2432 3705 reperiri
2479 3631 2827 3703 nequiverit,
2860 3629 3102 3686 aliunde
3140 3626 3321 3684 fuerit
3354 3642 3524 3686 assu-

1864 3724 2141 3787 mendus,
2166 3737 2271 3793 per
2299 3721 2509 3777 fratres
2538 3720 2726 3793 ipsius
2752 3720 2864 3776 loci
2891 3718 3224 3775 monachus
3244 3716 3519 3787 eligatur,

1862 3813 1968 3886 qui
2026 3810 2310 3867 nimirum
2364 3814 2423 3866 et
2458 3807 2833 3880 regularibus
2867 3806 3015 3865 cibis
3051 3813 3107 3863 et
3146 3803 3518 3863 indumentis

1865 3905 2087 3957 utatur.

1936 3988 2320 4046 Decernimus
2351 4001 2494 4059 ergo
2520 3992 2586 4043 ut
2623 3986 2766 4042 nulli
2807 3985 3059 4042 omnino
3097 3981 3416 4042 hominum
3454 3981 3521 4039 li-

1862 4083 1991 4134 ceat
2038 4076 2349 4149 praefatam
2390 4075 2704 4133 ecclesiam
2753 4080 2971 4132 temere
3004 4071 3376 4146 perturbare,
3419 4074 3524 4130 aut

1860 4167 1990 4238 ejus
2046 4167 2462 4238 possessiones
2510 4162 2762 4232 auferre,
2817 4162 2913 4219 vel
2963 4161 3197 4221 ablatas
3247 4160 3516 4227 retinere,

1860 4256 2152 4321 minuere,
2179 4270 2283 4309 seu
2304 4252 3106 4328 quibuslibetvexationibus
3118 4251 3387 4322 fatigare,
3411 4248 3521 4306 sed

1859 4344 2066 4401 omnia
2080 4348 2309 4415 integra
2321 4349 2748 4401 conserventur
2758 4357 2989 4408 eorum,
3004 4356 3116 4413 pro
3126 4354 3391 4412 quorum
3417 4353 3521 4411 gu-

1859 4432 2214 4491 bernatione
2244 4438 2300 4489 et
2324 4433 2758 4489 sustentatione
2784 4446 3075 4488 concessa
3112 4434 3273 4499 sunt,
3305 4426 3518 4486 usibus

1859 4521 2227 4580 omnimodis
2244 4522 2572 4593 profutura.
2589 4522 2678 4578 Ad
2697 4520 2989 4578 indicium
3015 4533 3163 4576 sane
3181 4517 3521 4574 devotionis

1859 4627 2007 4682 sum,
2039 4628 2109 4669 ac
2135 4610 2213 4669 ad
2234 4611 2776 4668 demonstrandum
2808 4608 2975 4683 quod
3013 4606 3227 4664 eadem
3266 4604 3521 4661 ecclesia

1858 4704 2131 4758 Romano
2144 4705 2375 4757 tantum
2390 4700 2554 4771 ponti
2563 4698 2657 4753 tici
2675 4697 3030 4768 subjaceret,
3056 4692 3523 4767 supernomina-

1858 4796 1953 4849 tus
1980 4789 2137 4847 filius
2165 4796 2370 4847 noster
2396 4803 2524 4858 rex,
2551 4803 2690 4844 cum
2729 4802 2866 4843 eam
2898 4785 3012 4842 sub
3041 4784 3285 4841 nomine
3316 4793 3523 4842 mona·

1857 4878 2016 4933 sterii
2048 4876 2300 4933 fundare
2339 4875 2642 4946 coepisset,
2686 4877 2926 4930 centum
2969 4878 3209 4929 tarenos
3247 4872 3519 4929 Romano

1854 4965 2124 5040 pontifici
2151 4963 2325 5021 annis
2353 4961 2608 5034 singulis
2647 4961 2952 5020 constituit
2979 4959 3428 5033 persolvendos.
3461 4959 3521 5017 Si

1855 5070 1979 5128 qua
2035 5055 2214 5126 igitur
2278 5054 2341 5110 in
2379 5053 2645 5110 futurum
2683 5049 3103 5118 ecclesiastica,
3141 5048 3521 5107 soecularisvc

1854 5159 2138 5219 persona,
2170 5147 2284 5201 etc.

1926 5236 2049 5305 Ego
2078 5235 2280 5290 Lucius
2298 5230 2607 5291 catholicoe
2626 5229 2900 5289 Ecclesiae
2924 5228 3243 5304 episcopus
3264 5226 3520 5285 subscri-

1859 5339 1978 5397 psi.
3022 5337 3032 5346 ·

1930 5414 2052 5482 Ego
2080 5408 2423 5468 Theodinus
2452 5407 2793 5470 portuensis
2814 5412 2872 5465 et
2890 5405 3128 5468 Sancto
3164 5405 3396 5466 Rufino
3423 5421 3522 5465 se-

1840 5500 1952 5572 gdis
1970 5498 2312 5576 episcopus.
