3784 6000
106 238 256 304 '393

1042 242 1247 306 HIST.
1298 242 1571 308 RERUM
1619 236 2163 306 TRANSMARIN.
2209 277 2288 291 —
2331 244 2474 307 ΜΒ.
2523 246 2655 309 vn.

3428 252 3547 317 394

126 378 310 450 coepit
339 393 548 453 urgere
596 376 902 449 instantia,
951 384 1013 436 ut
1060 378 1172 437 iter
1216 380 1537 451 arriperent
1567 399 1582 449 ς
1614 383 1671 437 et
1697 380 1784 438 eis
1813 382 1868 450 Α
1898 378 2209 452 pollutione
2236 381 2526 438 Gibellum
2558 381 2780 454 dieunt,
2811 400 2939 458 quae
2969 401 3003 442 a
3032 385 3307 457 praedicta
3336 388 3547 449 Laodi-

123 468 463 526 volentibus
495 468 612 526 voti
644 467 1216 526 consummationem
1239 469 1575 543 adimplere,
1607 470 1785 527 duca-

123 562 255 614 tum
306 558 658 630 praeberent.
705 558 1146 617 Proetendebant
1191 563 1252 617 et
1299 559 1516 617 domini
1556 560 1785 617 comitis

120 646 419 716 Tolosani,
452 648 623 705 ducis
665 663 900 720 quoque
931 652 1422 720 Normannorum,
1463 652 1520 707 et
1560 645 1785 705 domini

116 736 404 794 Tancredi
432 737 606 793 fldem
626 741 685 794 et
712 737 1122 805 constantiam,
1145 746 1199 795 et
1228 737 1633 795 admirabilem
1658 754 1787 808 gra-

120 826 265 883 tiam
296 842 478 900 quam
512 826 665 899 plebi
698 827 798 884 Dei
828 826 1226 897 exhibuerant,
1250 843 1350 884 eos
1375 829 1500 899 Jam
1526 843 1626 899 per
1662 828 1786 886 dies

120 914 344 973 multos
371 915 431 973 in
478 916 575 973 via
602 915 833 973 Domini
878 916 1129 974 fideliter
1156 918 1566 991 praecedentes.
1597 916 1698 974 His
1728 921 1786 975 et

118 1007 467 1081 huJusmodi
500 1007 763 1081 persuasi
793 1008 1085 1081 principes
1130 1009 1392 1076 antefati,
1443 1009 1786 1081 compositis

118 1095 373 1154 sarcinis
413 1101 473 1154 et
499 1097 849 1154 necessariis
878 1096 952 1154 ad
985 1098 1095 1154 iter
1140 1098 1501 1170 praeparatis,
1545 1113 1782 1154 assum-

118 1190 223 1258 pta
270 1200 477 1243 secum
525 1185 799 1243 universa
844 1189 964 1242 tam
995 1186 1260 1259 equitum
1302 1201 1481 1259 quam
1515 1186 1778 1258 peditum

117 1273 524 1345 multitudine,
556 1273 772 1348 quibus
801 1275 963 1331 cordi
995 1279 1116 1332 erat
1145 1277 1203 1331 et
1231 1275 1289 1330 in
1323 1277 1620 1348 proposito
1650 1289 1780 1331 ver-

112 1380 217 1422 sus
243 1363 706 1438 Hierosolymam
758 1363 1073 1437 proticisci,
1122 1364 1185 1421 in
1233 1364 1509 1423 Kalendis
1553 1362 1779 1421 Martiis

110 1456 270 1529 apud
324 1454 651 1513 Laodiciam
700 1455 878 1527 Syriae
936 1455 1103 1527 quasi
1156 1455 1226 1511 ad
1267 1455 1470 1527 viginti
1517 1453 1780 1526 quinque

111 1543 306 1602 millia
332 1543 591 1602 virorum
624 1543 863 1600 tortium
885 1548 944 1600 et
968 1548 1329 1601 armatorum
1352 1546 1777 1612 convenerunt,

108 1629 427 1704 pradictus
459 1630 755 1702 principes
792 1628 995 1686 secuti.
1053 1628 1165 1686 Sed
1213 1637 1267 1686 et
1313 1628 1588 1686 dominus
1627 1629 1777 1685 Boa-

1896 466 1985 524 cia
2015 469 2321 526 duodecim
2353 470 2530 527 distat
2576 470 2952 544 milliaribus,
2997 482 3404 547 pervenerunt.
3436 477 3547 536 Ubi

1896 574 2030 614 cum
2073 573 2176 630 per
2221 558 2458 631 aliquod
2490 560 2769 633 temporis
2814 562 3183 620 intervallum
3232 567 3438 625 castris
3484 567 3546 625 in

1893 662 2103 720 gyrum
2149 647 2353 705 locatis
2400 649 2602 706 urbem
2648 650 3033 721 obsedissent,
3083 653 3135 710 is
3183 656 3287 728 qui
3326 656 3548 715 civitati

1897 741 2162 809 praeerat,
2210 738 2491 811 principis
2538 740 2787 812 AEgyptii
2840 747 3178 813 procurator
3222 744 3383 815 (nam
3420 745 3547 803 hec

1896 825 2081 897 prima
2137 828 2207 884 de
2266 827 2515 884 urbibus
2593 828 2906 888 maritimis
2972 831 3373 905 AEgyptiorum
3417 840 3544 892 erat

1892 914 2114 985 quecta
2143 917 2438 987 potestati)
2467 933 2773 974 aureorum
2814 934 2914 975 sex
2944 921 3129 977 millia
3157 923 3291 979 duci
3322 925 3543 983 obtule·

1891 1008 2004 1073 rat,
2037 1006 2279 1076 insuper
2306 1007 2565 1079 ingentia
2596 1023 2859 1078 munera,
2901 1010 2950 1066 si
2982 1010 3057 1067 ab
3097 1011 3401 1070 obsidione
3439 1014 3542 1074 de·

1890 1094 2154 1165 sisteret3
2187 1112 2385 1168 quem,
2439 1102 2720 1170 tanquam
2761 1100 3126 1158 sordidorum
3185 1106 3546 1176 contempto-

1889 1198 2012 1241 rem
2040 1200 2376 1253 munerum‚
2402 1201 2536 1243 cum
2567 1186 2797 1244 flectere
2828 1190 3207 1261 nequivisset,
3237 1192 3312 1247 ad
3340 1190 3455 1249 alia
3477 1209 3542 1250 se

1887 1275 2230 1330 convertens
2270 1273 2484 1342 studia,
2517 1273 2736 1345 legatos
2788 1276 2860 1332 de
2906 1293 3153 1348 quorum
3187 1278 3301 1335 lide
3331 1296 3544 1350 prosu-

1889 1360 2082 1416 mebat
2128 1365 2183 1417 et
2233 1362 2542 1431 industria,
2605 1364 2675 1420 ad
2724 1366 2997 1421 comitem
3057 1366 3266 1423 direxit
3310 1367 3542 1427 Tolosa-

1888 1466 2053 1520 num,
2089 1452 2423 1524 praediotam
2449 1453 2731 1526 pollicens
2751 1456 3080 1527 pecuniam,
3098 1456 3146 1514 si
3167 1474 3302 1514 eum
3324 1458 3542 1518 aducis

1886 1539 2154 1598 manibus
2186 1552 2380 1613 posset
2430 1543 2723 1615 expedire.
2773 1545 2876 1601 ille
2924 1550 3143 1613 autem,
3193 1551 3257 1602 ut
3304 1547 3541 1616 dicitur,

1885 1627 2037 1709 elam
2072 1629 2264 1686 oblata
2314 1637 2550 1705 sumpta
2597 1632 2867 1705 pecunia,
2905 1635 3258 1692 confinxisse
3304 1635 3541 1707 dicitur,

114 1721 379 1778 mundus
408 1735 542 1777 oum
578 1736 685 1777 suo
718 1719 993 1777 comitatu
1045 1719 1185 1777 illue
1234 1735 1420 1792 usque
1445 1735 1545 1777 eos
1576 1735 1770 1791 prose·
1805 1760 1855 1827 B
1888 1718 2045 1790 quod
2077 1719 2308 1776 infinita
2332 1720 2588 1777 hostium
2617 1720 2930 1779 multitudo
2953 1740 2986 1779 a
3017 1729 3207 1781 tractu
3230 1725 3544 1784 descende-

114 1813 294 1865 cutus
342 1812 468 1877 est;
517 1825 634 1865 non
680 1812 873 1865 tamen
918 1812 1017 1865 aut
1048 1823 1183 1864 cum
1225 1809 1309 1865 eis
1335 1807 1648 1880 proticisci,
1677 1814 1777 1863 aut
1889 1813 1975 1863 ret
2005 1807 2253 1878 Persico,
2288 1811 2648 1883 propositum
2678 1812 2897 1869 habens
2929 1829 3027 1869 eas
3069 1815 3318 1885 injurias
3349 1815 3536 1873 ultum

114 1898 201 1955 ibi
218 1914 443 1955 moram
473 1899 663 1956 facere
680 1898 1001 1970 longiorem
1034 1901 1366 1968 poterat,ne
1395 1897 1537 1954 forte
1575 1914 1775 1954 rece-es

116 1992 353 2061 captam
383 1987 746 2045 Antiochiam
776 1987 1049 2045 hostibus
1069 1986 1524 2058 circumpositis,
1561 1994 1775 2043 temero

114 2077 203 2133 vel
256 2079 332 2136 ad
366 2081 594 2150 tempus
640 2078 1065 2134 inobservatam
1115 2076 1413 2149 negligere
1443 2076 1771 2143 videretur;

112 2172 315 2225 tamen
349 2172 415 2224 ut
438 2167 730 2225 societatis
763 2184 988 2225 memor
1029 2172 1088 2224 et
1123 2167 1339 2240 gratiis,
1371 2182 1544 2237 quam
1595 2166 1652 2221 in
1684 2165 1777 2221 via

116 2255 352 2313 Domini
383 2272 518 2313 cum
538 2255 673 2313 aliis
692 2260 1055 2314 contraxerat
1075 2254 1432 2327 proceribus,
1463 2270 1563 2311 eos
1590 2269 1776 2326 usque

115 2346 189 2403 ad
239 2345 437 2403 locum
491 2350 834 2418 prosecutus
875 2349 964 2402 est
1020 2343 1445 2417 supradictum,
1491 2343 1773 2415 quidquid

112 2432 295 2490 officii
348 2438 407 2490 et
449 2434 835 2492 humanitatis
896 2438 1125 2507 poterat
1181 2439 1448 2506 prompta
1495 2433 1775 2490 exhibens

114 2522 447 2592 devotione,
505 2530 572 2580 ut
625 2522 718 2581 sui
787 2523 1129 2581 memoriam
1186 2521 1359 2578 altius
1416 2521 1776 2594 imprimeret

110 2610 494 2671 abeuntibus.
514 2610 801 2670 Reversus
816 2616 908 2669 est
928 2628 1065 2685 ergo
1088 2611 1356 2668 salutatis
1384 2609 1771 2682 principibus,

112 2705 175 2757 et
212 2705 457 2773 sumpta
485 2717 621 2759 cum
655 2702 837 2759 multo
870 2703 1087 2774 gemitu
1121 2704 1178 2759 et
1207 2701 1484 2772 suspiriis
1513 2699 1769 2763 licentia,

113 2795 183 2846 nt
212 2788 467 2847 civitatis
495 2790 609 2847 sibi
653 2790 882 2847 creditas
927 2806 1126 2847 curam
1176 2793 1374 2863 ageret
1411 2788 1770 2861 diligentem,

112 2879 338 2953 populo
355 2879 507 2952 apud
532 2879 863 2937 Laodiciam
892 2879 1185 2937 derelicto.
1214 2879 1314 2935 Est
1339 2882 1536 2935 autem
1564 2877 1770 2935 Laodi·

110 2972 221 3035 cia,
254 2968 461 3026 civitas
489 2968 702 3027 nobilis
730 2973 787 3027 et
815 2971 1077 3042 antiqua,
1119 2970 1230 3027 sita
1255 2969 1312 3026 in
1345 2968 1524 3026 maris
1556 2967 1767 3035 littore,

113 3075 251 3132 quo
296 3059 505 3116 fideles
550 3060 770 3116 habens
815 3060 1194 3129 habitatores,
1236 3059 1362 3115 sola
1408 3060 1479 3115 de
1524 3057 1769 3114 urbibus

1884 1894 1990 1966 ire,
2034 1912 2181 1968 quas
2210 1900 2520 1955 Persarum
2572 1899 2825 1972 populus
2863 1902 2973 1957 sub
3024 1904 3171 1958 duce
3209 1903 3537 1976 Corbagath

1885 2001 2096 2057 passus
2127 1987 2316 2043 fuerat
2349 1988 2504 2061 apud
2535 1988 2919 2058 Antiochiam,
2968 1998 3027 2046 et
3064 1992 3218 2062 quod
3251 2007 3366 2048 non
3399 1993 3540 2049 inre-

1886 2073 2010 2129 rius
2043 2075 2231 2148 priore
2282 2074 2491 2131 bellum
2526 2078 2842 2147 parabatur
2867 2077 3186 2135 redivivum
3219 2097 3234 2136 ε
3275 2085 3334 2136 et
3361 2097 3541 2154 super

1888 2161 1977 2220 his
2007 2163 2282 2220 omnibus
2332 2166 2568 2222 nuntios
2597 2182 2660 2222 se
2708 2167 2937 2224 dicebat
2968 2169 3257 2240 recepisse
3304 2170 3415 2227 lide
3444 2170 3539 2227 di·

1883 2269 2053 2325 gnos,
2088 2252 2157 2309 de
2189 2270 2436 2326 quorum
2478 2255 2649 2312 verbo
2683 2255 3022 2314 nullatenus
3051 2262 3203 2315 esset
3233 2259 3539 2333 ambigen-

1885 2343 2050 2397 dum.
2086 2343 2257 2400 Missa
2277 2344 2459 2417 igitur
2478 2343 2764 2417 legatione
2784 2361 2887 2418 per
2916 2346 3101 2402 virum
3123 2347 3536 2419 venerabilem,

1887 2428 2190 2487 dominum
2231 2431 2631 2490 Albariensem
2659 2435 3022 2507 episcopum.
3056 2439 3115 2491 et
3142 2435 3378 2493 directis
3408 2438 3537 2509 epi-

1883 2518 2071 2589 stolis,
2103 2521 2404 2577 dominum
2445 2523 2653 2579 ducem
2697 2527 2755 2579 et
2791 2523 3058 2580 comitem
3092 2523 3536 2584 Flandrensium

1882 2607 2049 2662 anxie
2080 2608 2256 2664 nimis
2285 2608 2561 2665 sollicitat
2594 2617 2678 2679 ut,
2730 2609 3034 2668 obsidione
3082 2611 3293 2681 soluta,
3328 2629 3534 2687 prope-

1886 2712 2015 2752 rare
2049 2713 2164 2752 non
2197 2697 2488 2769 differant,
2529 2700 2630 2756 sed
2662 2701 3076 2757 communibus
3107 2701 3384 2774 periculis
3413 2706 3539 2760 rra-

1886 2792 2045 2841 terna
2074 2788 2482 2860 compassione
2511 2795 2838 2846 occurrant.
2873 2790 2962 2846 llli
3004 2807 3158 2861 vero,
3186 2790 3390 2849 audita
3415 2793 3535 2850 fra·

1881 2878 2037 2931 trum
2071 2877 2429 2945 necessitate,
2462 2881 2519 2934 et
2539 2878 2692 2950 quod
2721 2878 3030 2936 imminere
3052 2880 3358 2938 dicebatur
3382 2883 3535 2954 peri·

1880 2964 2035 3036 culo,
2094 2967 2152 3023 in
2206 2966 2577 3040 simplicitate
2635 2969 2872 3040 spiritus
2931 2970 3284 3043 gradientes,
3341 2973 3538 3032 soluta

1880 3056 2080 3111 statim
2112 3056 2416 3114 obsidione
2466 3067 2521 3114 et
2558 3058 2765 3115 itinere
2807 3064 3122 3129 maturato,
3166 3066 3537 3121 transeuntes

112 3149 319 3223 Syria,
366 3149 736 3221 imperatoris
791 3149 1119 3206 Graecorum
1198 3147 1600 3221 jurisdictioni
1643 3151 1769 3203 erat
1799 3135 1842 3202 C
1886 3146 2086 3200 urbem
2115 3144 2443 3212 valeniam,
2474 3162 2602 3217 quer
2652 3149 2763 3204 sub
2815 3149 3026 3220 oppido
3059 3149 3306 3223 Margat,
3355 3151 3412 3208 in
3447 3153 3536 3209 lit·

110 3237 442 3312 supposita.
492 3240 573 3294 Ad
604 3237 759 3296 hanc
797 3238 1172 3295 Guinimerus
1202 3237 1435 3307 quidam
1468 3235 1772 3294 Bolonien·

114 3330 221 3399 sis,
252 3345 434 3402 quem
480 3329 754 3402 superius
783 3345 919 3387 cum
951 3329 1131 3386 classe
1171 3329 1325 3402 apud
1356 3327 1646 3385 Tharsum
1677 3327 1767 3384 Ci-

114 3417 291 3490 licini,
339 3418 484 3475 dum
534 3418 809 3478 dominus
839 3418 1007 3476 ducis
1054 3420 1230 3474 frater
1282 3416 1601 3474 Balduinus
1640 3433 1768 3473 eam

114 3513 487 3581 occupasset,
517 3508 891 3582 :applicuisse
938 3507 1341 3572 meminimus,
1389 3522 1521 3562 cum
1568 3507 1771 3562 eadem

117 3598 313 3656 classe
366 3613 477 3655 sua
504 3601 856 3669 pervenerat.
907 3601 975 3654 st
1003 3599 1143 3656 dum
1172 3612 1301 3652 eam
1351 3596 1770 3667 imprudenter,

122 3703 243 3746 non
270 3688 628 3760 comparatis
653 3688 877 3745 viribus
898 3686 1310 3760 aggrederetur
1338 3685 1684 3758 impugnare
1714 3688 1772 3741 et

122 3794 247 3835 sno
284 3777 628 3850 mancipare
674 3777 902 3845 ditioni,
948 3780 1152 3849 captus
1198 3780 1320 3833 erat
1370 3792 1405 3831 a
1451 3775 1671 3832 civibus
1714 3779 1774 3831 et

120 3865 345 3924 carceri
375 3881 507 3924 cum
552 3866 709 3924 omni
739 3883 845 3924 suo
877 3883 1021 3937 pene
1070 3868 1347 3922 comitatu
1382 3865 1768 3937 mancipatus.

125 3955 295 4014 Hunc
324 3956 465 4029 quia
512 3957 584 4012 de
614 3960 767 4015 terra
809 3955 991 4028 patris
1024 3954 1116 4011 eui
1146 3956 1479 4024 advenerat,
1511 3959 1569 4010 et
1615 3952 1772 4023 apud

122 4046 419 4104 Tharsum
459 4045 812 4118 prodictam,
858 4044 1021 4102 fratri
1067 4061 1174 4102 suo
1224 4044 1456 4101 utilitati
1502 4043 1686 4101 fuerat
1714 4046 1772 4100 et

126 4134 365 4206 honori,
394 4135 674 4192 dominns
693 4136 808 4192 dux
828 4152 864 4192 a
885 4135 1128 4207 praeside
1155 4134 1409 4190 civitatis
1438 4137 1497 4189 et
1524 4131 1632 4189 loci
1658 4131 1771 4204 pri-

125 4223 393 4279 matibus
420 4220 535 4278 sibi
583 4222 750 4294 petiit
776 4222 1050 4291 restitui3
1100 4221 1199 4293 qui
1250 4221 1424 4276 verbo
1455 4220 1620 4276 ducis
1654 4235 1768 4275 non

118 4310 407 4368 audentes
436 4310 497 4366 in
527 4310 799 4384 quopiam
838 4310 1146 4378 contraire,
1198 4309 1536 4382 praedictum
1575 4306 1770 4364 Guini-

120 4414 353 4456 merum
395 4413 531 4456 cum
570 4398 747 4455 sociis
784 4399 1073 4455 universis
1131 4401 1191 4455 et
1232 4398 1413 4455 classe
1460 4413 1638 4469 quam
1678 4397 1767 4452 in-

118 4489 430 4558 duxerant,
461 4487 593 4545 duci
642 4488 1052 4554 restituerunt;
1100 4503 1272 4559 quem
1304 4503 1421 4542 sues
1451 4485 1621 4542 classi
1652 4485 1772 4542 dux
1809 4509 1852 4576 D

118 4577 475 4649 proficiens,
503 4577 684 4650 aquis
712 4593 848 4634 eum
879 4576 1146 4649 passibus
1168 4592 1268 4647 per
1296 4581 1482 4632 terras
1510 4576 1775 4647 gradien-

116 4672 232 4724 tem
268 4667 556 4739 subsequi
584 4666 882 4739 praecipit:
916 4666 1071 4738 quod
1102 4670 1160 4722 et
1189 4667 1400 4722 factum
1429 4672 1539 4722 est.

738 4772 976 4831 CAPUT
1006 4772 1176 4831 xv11.

124 4864 272 4932 Dux,
302 4866 357 4920 ct
384 4863 629 4935 quicum
657 4877 718 4919 eo
764 4866 886 4918 erat
911 4863 1203 4931 exercitus,
1245 4861 1516 4918 Gabatum
1552 4861 1776 4918 obsidet·

198 4934 453 4992 Toletani
477 4935 636 5006 treus
674 4933 984 4990 intercedit.
1018 4934 1212 4990 Archia
1246 4940 1607 5006 properantes
1645 4934 1779 4989 reli-

190 5009 319 5079 quia
348 5008 698 5066 associantur
723 5006 1068 5080 principibus
1095 5021 1121 5073 ,·
1146 5005 1359 5062 obsidio
1400 5021 1510 5062 non
1540 5004 1775 5077 proficit.

184 5115 481 5188 Egressus
525 5115 709 5189 igitur
743 5112 1017 5172 Londicia
1061 5113 1240 5184 Syriae
1270 5112 1578 5185 praedictus
1608 5126 1776 5168 exer-

112 5205 287 5275 citus,
318 5206 573 5279 receptis
608 5204 704 5263 his
733 5221 883 5279 quos
911 5205 971 5261 in
1001 5204 1207 5261 eadem
1237 5202 1381 5259 urbe
1421 5203 1771 5274 repererant,

111 5300 173 5352 et
212 5297 313 5367 qui
344 5295 419 5353 ab
448 5295 755 5354 Antiochia
801 5300 860 5353 et
886 5293 1087 5352 Cilicia
1128 5297 1187 5350 et
1210 5291 1455 5349 urbibus
1487 5290 1771 5360 finitimis,

111 5382 317 5442 unsis
360 5382 744 5442 familiaribus
798 5387 857 5441 et
900 5382 1386 5454 occupationibus
1442 5378 1774 5438 domesticis

109 5473 363 5546 damn,
394 5473 626 5532 tardius
652 5472 873 5546 egressi
900 5474 1148 5542 inerant,
1166 5488 1330 5531 oram
1361 5471 1620 5544 legentes
1649 5485 1772 5528 ma·

114 5564 401 5637 ritimam,
432 5564 507 5622 ab
536 5564 744 5623 urbem
778 5562 1192 5635 Gabulensem,
1222 5578 1403 5638 quam
1427 5559 1653 5634 vulgari
1681 5575 1775 5635 ap-

434 5665 708 5728 Paraor..
758 5661 907 5726 CCI.

1885 3237 2010 3290 tore
2042 3233 2222 3291 maris
2251 3235 2365 3291 sita
2394 3238 2521 3303 est;
2554 3236 2764 3292 deinde
2785 3237 3155 3307 Marecleam,
3187 3255 3315 3312 quae
3346 3240 3538 3313 prima

1887 3323 1959 3378 de
2019 3323 2257 3380 urbibus
2302 3323 2592 3382 Phoenicis
2639 3342 2673 3381 a
2717 3326 3120 3397 septentrione
3170 3329 3534 3387 venientibus

1886 3412 2162 3478 occurrit,
2221 3414 2606 3483 Antaradum,
2683 3431 2809 3485 quae
2866 3415 3088 3488 vulgari
3146 3417 3533 3490 appellatione

1888 3502 2130 3558 Tortosa
2183 3502 2417 3572 dicitur,
2464 3519 2592 3574 quae
2623 3503 2898 3559 similitor
2926 3521 3044 3560 una
3074 3514 3154 3561 cst
3183 3505 3254 3561 de
3289 3508 3532 3564 urbibus

1886 3608 2060 3664 supra
2092 3590 2403 3648 nominatae
2435 3592 2762 3662 provincias,
2797 3593 2854 3647 in
2885 3593 3080 3650 littore
3112 3594 3287 3651 maris
3314 3595 3532 3652 simili-

1887 3688 1968 3737 ter
1999 3682 2338 3748 constituta,
2375 3685 2780 3751 pervenerunt.
2822 3681 3004 3745 Quam
3044 3683 3398 3754 reperientes
3427 3684 3531 3741 ha·

1888 3770 2233 3825 hitatoribus
2266 3785 2523 3836 vacuam,
2566 3768 2768 3825 insuloe
2807 3786 2938 3840 quae
2968 3771 3041 3826 ab
3098 3771 3406 3828 Occidente
3451 3775 3533 3830 ei·

1886 3860 2014 3914 dem
2063 3858 2288 3928 objecta
2335 3863 2424 3914 est
2465 3857 2710 3926 civitati,
2754 3861 2852 3915 ubi
2890 3864 2945 3917 et
2978 3865 3310 3917 nostrorum
3360 3878 3533 3919 naves

1887 3947 2109 4019 aliquot
2141 3953 2468 4019 opportuna
2506 3949 2757 4004 statione
2787 3949 3006 4006 locatas
3054 3953 3415 4013 invenerant.
3447 3954 3533 4009 vi-

1886 4037 2186 4093 cinitatem
2219 4036 2490 4094 admirati
2544 4042 2701 4094 sunt.
2745 4038 2908 4097 Unde
2956 4042 3297 4112 compendia
3325 4045 3533 4114 secuti,

1885 4126 2042 4182 infra
2073 4143 2291 4198 paucos
2322 4127 2447 4184 dies
2468 4133 2602 4184 ante
2624 4128 2826 4185 urbem
2850 4133 3194 4187 Aracensem
3217 4147 3347 4188 cum
3371 4137 3532 4190 omni

1887 4214 2385 4273 suamultitudine
2415 4218 2820 4275 constiterunt.
2847 4219 3066 4285 Quibus
3085 4219 3357 4277 dominus
3390 4220 3534 4280 Tun·

1886 4306 2098 4361 credus
2137 4321 2472 4369 occurrens.
2507 4308 2768 4365 fraudem
2794 4309 3038 4380 {cernitis
3074 4309 3406 4367 universam
3437 4327 3533 4368 se-

1887 4395 2081 4451 riatim
2110 4396 2377 4454 edocuit:
2413 4399 2565 4453 unde
2593 4403 2652 4455 et
2681 4415 2968 4470 seorsum,
3002 4400 3171 4471 longe
3202 4416 3236 4456 a
3265 4400 3532 4456 taberna·

1889 4483 2042 4543 culis
2093 4500 2296 4542 eorum
2348 4487 2448 4559 qui
2490 4494 2924 4560 praecesserant,
2956 4490 3343 4546 castrametati
3374 4494 3530 4546 sunt.

1884 4576 2104 4633 Videns
2135 4581 2328 4633 autem
2361 4593 2578 4646 comcs,
2610 4580 2767 4651 quod
2815 4580 2887 4635 ab
2931 4597 2997 4636 co
3036 4577 3282 4635 aliorum
3317 4579 3534 4650 princi-

1882 4683 2024 4735 pum
2056 4673 2206 4723 esset
2229 4666 2515 4723 alienatus
2536 4668 2793 4736 animus,
2819 4667 3019 4724 missis
3049 4668 3411 4732 muneribus,
3431 4683 3531 4723 eos

1882 4756 1997 4812 sibi
2051 4755 2423 4813 reconciliare
2470 4758 2788 4829 satagebat.
2836 4755 2998 4813 Unde
3053 4757 3273 4811 factum
3316 4763 3402 4811 est
3448 4762 3531 4825 ut,

1884 4844 2015 4913 post
2062 4842 2356 4899 modicum
2394 4844 2674 4914 temporis
2724 4842 3112 4908 intervallum,
3147 4840 3533 4898 reconciliatis

1883 4929 1998 4986 sibi
2053 4930 2438 5002 principibus,
2487 4937 2723 5003 excepto
2776 4930 3013 4987 domino
3060 4930 3380 4997 Tancred0,
3431 4931 3534 5004 qui

1884 5019 2160 5075 adversus
2218 5034 2349 5075 eum
2408 5037 2608 5092 graves
2680 5019 3005 5076 suscitabat
3052 5020 3419 5092 quaestiones,
3473 5019 3532 5075 in

1884 5124 2068 5166 unum
2087 5125 2302 5182 corpus
2329 5110 2480 5166 circa
2501 5111 2701 5168 urbem
2721 5110 3094 5167 convenerint
3116 5108 3531 5182 expeditiones.

1883 5199 2145 5271 Cumque
2184 5215 2379 5255 comes
2429 5202 2562 5254 ante
2602 5199 2770 5255 ducis
2813 5200 3126 5255 adventum
3175 5196 3374 5252 multis
3405 5195 3533 5266 jam

1883 5288 2092 5346 diebus
2128 5287 2415 5345 inutiliter
2462 5288 2538 5344 ibi
2571 5286 3055 5359 comsumpsissct
3099 5301 3357 5358 operam,
3401 5298 3534 5354 spes

1882 5382 2008 5434 erat
2037 5377 2194 5448 quod
2233 5376 2294 5432 in
2326 5377 2577 5434 adventu
2610 5376 2965 5447 reliquorum
2999 5375 3353 5448 principum,
3395 5371 3536 5428 urbs

1882 5466 2051 5523 facile
2080 5466 2344 5537 superari
2376 5471 2596 5539 posset,
2621 5472 2681 5523 et
2710 5464 3106 5523 obsidentium
3137 5463 3298 5520 labor
3334 5466 3535 5535 optato

1883 5555 2002 5614 tine
2029 5558 2429 5616 consummari
2458 5573 2474 5627 ;
2526 5556 2628 5614 sed
2674 5559 2878 5615 contra
2905 5571 3069 5629 spem
3101 5552 3337 5611 accidit.
3367 5557 3534 5622 Nam,

3139 5654 3216 5715 1³
