3784 6000
212 245 355 306 1265

1207 227 1578 291 EPISTOLAE
1615 226 1704 283 ET
1741 219 2177 291 PRIVILEGIA.
2219 269 2285 280 —
2323 244 2440 300 AN.
2486 245 2643 303 1184,

3472 245 3613 337 1266

190 370 414 429 Nicolai
445 369 519 425 de
565 366 784 435 nulla,
814 364 1130 420 ecclesiam
1163 361 1361 419 Sancti
1390 357 1532 414 Petri
1566 355 1626 411 in
1644 346 1923 418 Scan0‚A
2028 365 2148 434 Ego
2174 366 2554 428 Theobaldus
2581 371 2865 430 Ostiensis
2896 377 2954 429 et
2983 369 3352 428 velletrensis
3381 371 3610 445 episco-

191 459 508 516 ecclesiam
550 456 746 513 Sancti
785 453 951 509 Pauli
982 455 1039 508 in
1085 455 1486 523 cotrognano,
1527 441 1843 501 ecclesiam
1953 468 2070 526 pus
2097 472 2175 510 33,

192 549 385 606 Sancti
433 547 582 601 Petri
627 546 689 601 in
734 543 886 600 Olim
924 561 938 612 ;
989 543 1047 598 in
1089 541 1321 609 Tuscia,
1374 538 1435 593 in
1487 532 1839 629 episcopatu

189 636 429 694 Clusino
463 650 731 691 eremum
761 632 970 689 Viviin
1003 635 1205 687 monte
1231 629 1466 685 Amiato
1487 639 1630 682 cum
1649 633 1840 677 omm-

2024 546 2146 616 Ego
2174 548 2435 605 loannes
2465 550 2659 623 presb.
2694 550 2857 608 card.
2893 549 2979 606 tit.
3015 550 3213 606 Sancti
3253 551 3425 607 Marci
3451 567 3533 607 ss.

2023 635 2143 704 Ego
2191 636 2497 695 Laborans
2545 639 2747 710 presb.
2797 638 2964 696 card.
3007 639 3089 694 tit.
3137 640 3366 696 Sanctae
3411 640 3608 698 Marioe

185 727 299 783 bus
337 724 820 796 supradictorum
859 721 1131 778 locorum
1180 714 1588 793 pertinentiis;
1633 709 1838 766 villam
1947 719 2131 778 Trans
2158 724 2412 783 Tiberim
2444 729 2526 785 [ἢ.
2558 728 2760 785 Cauni
2792 745 2871 783 33,

191 821 472 887 praeterea
514 813 589 869 de
644 813 900 882 Mojona,
939 826 1126 883 quam
1173 806 1403 865 emistis
1451 803 1531 860 ab
1587 797 1835 858 Henrico

187 903 508 975 praeposito
567 906 624 958 et
689 901 935 973 reliquis
988 897 1296 955 canonicis
1362 910 1503 951 cum
1550 887 1835 948 omnibus

186 992 560 1065 pertinentiis
604 990 1002 1055 suis3villam
1049 988 1126 1044 de
1172 985 1490 1051 montione,
1520 995 1707 1054 quam
1754 976 1833 1034 ab

188 1080 407 1136 abbate
440 1080 676 1136 Sanctae
702 1080 889 1136 Floras
927 1077 1182 1147 emistis,
1211 1068 1733 1148 quemadmodum
1771 1065 1831 1123 in

186 1170 393 1226 vestris
435 1168 719 1225 chartulis
748 1168 1106 1233 continetur,
1149 1172 1205 1221 et
1238 1163 1409 1220 vobis
1440 1176 1477 1217 a
1507 1157 1835 1233 praedeces-

183 1274 320 1313 sore
348 1268 551 1315 nostro
590 1257 768 1313 bonas
811 1254 1118 1313 memorias
1148 1269 1312 1327 papa
1341 1247 1680 1312 Anastasio,
1712 1259 1834 1301 me-

182 1346 386 1403 diante
419 1346 668 1417 justitia,
700 1345 1047 1417 adjudicata
1077 1348 1184 1408 est,
1230 1347 1288 1398 et
1334 1337 1537 1411 scripti
1571 1335 1662 1393 sui
1706 1348 1834 1389 sen·
1876 1389 1885 1398 ,

188 1435 372 1491 tentia
400 1435 776 1491 confirmata.

254 1523 471 1580 Omnia
495 1523 674 1595 igitur
704 1523 1070 1581 monasteria
1096 1537 1235 1578 cum
1264 1516 1551 1577 omnibus
1585 1513 1664 1571 ad
1698 1512 1835 1585 ipsa

182 1613 617 1684 pertinentibus
649 1614 964 1670 statuimus
990 1617 1048 1668 et
1071 1609 1416 1684 apostolicae
1447 1605 1608 1663 sedis
1632 1606 1835 1660 aucto-

2019 812 2140 883 Ego
2173 813 2561 888 Pandolphus
2591 816 2788 890 presb.
2843 815 3011 873 card.
3058 815 3142 872 tit.
3206 815 3475 873 basilicas
3531 833 3607 875 xu

1947 901 2354 971 apostolorum
2387 922 2468 964 ss.

2019 990 2138 1061 Ego
2168 990 2405 1049 Ardicio
2436 994 2493 1050 S.
2527 994 2814 1050 Theodori
2841 993 2994 1050 diac.
3025 992 3187 1049 card.
3226 1010 3312 1048 ss.

2016 1078 2137 1148 Ego
2186 1082 2499 1139 Gratianus
2542 1085 2896 1141 Sanctorum
2948 1083 3176 1138 Cosmoe
3222 1087 3279 1139 et
3326 1083 3602 1141 Damiani

1943 1165 2100 1223 diac.
2126 1169 2291 1228 card.
2317 1187 2395 1227 sse.

2017 1258 2138 1327 Ego
2171 1258 2465 1317 soffredus
2509 1263 2738 1319 Sauctae
2770 1261 2960 1318 Mariae
3006 1261 3067 1317 in
3099 1260 3205 1317 Via
3251 1260 3398 1317 Lata
3440 1261 3599 1319 diac.

1945 1345 2108 1403 card.
2143 1364 2227 1402 ss.

2018 1437 2138 1506 Ego
2166 1436 2413 1493 Albinus
2441 1439 2671 1496 Sanctae
2701 1438 2892 1496 Marias
2919 1440 3094 1494 Novae
3122 1436 3282 1494 diac.
3315 1438 3481 1495 card.
3514 1456 3597 1496 ss.

2020 1526 2235 1583 Datum
2256 1528 2558 1592 Bononiae,
2584 1542 2690 1601 per
2708 1543 2960 1585 manum
2982 1526 3253 1597 Hugonis
3272 1533 3498 1584 sanctas
3517 1530 3603 1586 Ro

1948 1628 2142 1670 manas
2174 1614 2444 1671 Ecclesiae
2492 1617 2723 1685 notarii,
2751 1616 2928 1672 Nonis
2957 1615 2986 1670 J
2995 1615 3117 1679 ulii,
3151 1614 3478 1673 indictione
3514 1632 3602 1675 se-

181 1701 350 1760 ritate
373 1703 698 1769 sancimus,
737 1708 1029 1775 tanquam
1069 1716 1289 1774 corpus
1326 1713 1518 1754 unum
1562 1693 1676 1751 sub
1713 1704 1834 1747 uno
1865 1695 1913 1754 B
1945 1702 2159 1770 cunda,
2195 1704 2620 1762 iucarnationis
2646 1704 2968 1762 Dominicoe
2995 1719 3157 1761 anno
3189 1704 3602 1778 ¹183,p0ntifl·

181 1791 398 1860 capite,
425 1791 483 1847 id
510 1797 599 1848 est
629 1791 743 1849 sub
767 1793 961 1864 priore
978 1787 1454 1847 Camaldulensis
1472 1784 1657 1842 eremi
1684 1787 1837 1838 tem-

183 1879 432 1951 poribus
462 1880 764 1953 perpetuis
792 1895 1168 1954 permanere,
1197 1883 1254 1936 et
1278 1878 1339 1935 in
1365 1876 1523 1933 illius
1545 1873 1837 1930 observa-

187 1968 348 2024 tione
373 1968 726 2041 persistere:
765 1969 879 2025 sub
923 1985 1013 2036 eo,
1052 1969 1325 2043 inquam,
1359 1964 1578 2039 priore,
1621 1960 1724 2034 qui
1757 1959 1834 2016 ab

186 2058 372 2129 ipsius
388 2059 868 2129 congregationis
882 2058 1207 2116 abbatibus
1223 2056 1349 2113 sive
1370 2051 1666 2128 prioribus
1678 2055 1736 2107 et
1755 2047 1835 2106 ab

183 2145 445 2202 eremitis
487 2147 835 2218 regulariter
886 2147 1128 2212 electus,
1180 2146 1500 2218 praestante
1553 2138 1830 2206 Domino,

179 2234 374 2293 fuerit.
407 2236 585 2293 Porro
616 2237 1144 2307 congregationem
1173 2236 1370 2308 ipsam
1415 2233 1498 2288 ita
1536 2229 1651 2286 sub
1691 2243 1833 2301 apo-

182 2324 406 2381 stolicae
428 2325 586 2382 sedis
604 2325 785 2383 tutela
803 2331 1093 2398 perpetuo
1111 2321 1550 2381 confovendam
1567 2317 1833 2375 decerni·

183 2430 318 2471 mus
352 2421 412 2469 ut
438 2414 589 2471 nulli
617 2416 1040 2488 episcoporum
1070 2412 1322 2471 facultas
1355 2412 1430 2467 sit
1473 2407 1715 2484 aliquod
1757 2422 1832 2463 ex

178 2501 271 2558 his
297 2503 675 2560 monasteriis
707 2504 936 2576 absque
964 2503 1175 2575 prioris
1205 2499 1587 2559 conniventia
1608 2501 1667 2554 et
1686 2511 1833 2569 apo·

181 2591 402 2647 stolicae
433 2593 589 2648 sedis
618 2592 845 2649 licentia
874 2591 1401 2649 excommunicare
1431 2587 1521 2645 vel
1548 2604 1582 2644 a
1608 2585 1831 2643 divinis

176 2680 391 2736 officiis
430 2682 795 2739 interdicere.
844 2682 1148 2739 Fratribus
1180 2685 1379 2738 autem
1417 2679 1562 2750 ipsis
1592 2674 1830 2733 licentia

177 2769 299 2825 sita
317 2785 438 2842 quo
463 2770 1084 2844 maluerintepiscopo
1111 2770 1637 2828 consecrationum
1664 2769 1721 2821 et
1735 2778 1828 2820 or·

176 2857 553 2916 dinationum
583 2865 962 2918 sacramenta
991 2860 1316 2933 suscipere.
1347 2858 1435 2914 Ad
1464 2858 1593 2914 hoec
1625 2869 1827 2911 mona·

175 2949 420 3005 sterium
453 2950 525 3005 de
561 2951 751 3008 Urano
781 2950 956 3008 vobis
981 2955 1037 3007 et
1065 2948 1385 3008 conventui
1417 2951 1634 3012 vestro,
1657 2943 1826 3000 salvo

1944 1795 2113 1849 catus
2144 1808 2278 1849 vero
2307 1793 2517 1850 domni
2544 1793 2708 1851 Lucii
2733 1809 2907 1865 papae
2936 1793 3007 1848 111
3039 1807 3200 1850 anno
3230 1808 3308 1848 ιιι.

2673 1882 2850 1939 CLlll.

1945 1971 2289 2030 Monasierii
2314 1973 2378 2030 S.
2407 1972 2668 2030 Benihni
2718 1971 3085 2030 Divionensis
3110 1971 3498 2041 possessiones
3543 1977 3599 2029 et

2420 2061 2742 2134 privileqia
2767 2062 3107 2130 confirmat.

2463 2150 2764 2223 (Veronae,
2792 2149 2908 2206 Jul.
2941 2150 3060 2220 31.)

2406 2242 2665 2314 [Pansam
2697 2239 2956 2308 Recueil,
2983 2237 3134 2312 258]

2017 2331 2212 2387 Lucius
2236 2330 2578 2402 episcopus,
2612 2345 2819 2385 servus
2844 2343 3156 2385 servorum
3198 2326 3320 2393 Dei,
3365 2326 3595 2383 dilectis

1942 2417 2078 2475 filiis
2099 2421 2314 2476 Hsuom
2338 2419 2547 2476 abbati
2570 2418 2770 2474 Sancti
2793 2417 3042 2488 Benigni
3064 2415 3437 2472 Divionensis
3458 2416 3510 2489 ej
3523 2432 3593 2472 us

1939 2523 2059 2580 que
2077 2507 2378 2574 fratribus,
2402 2513 2525 2564 tam
2540 2506 2935 2580 praesentibus
2955 2521 3141 2578 quam
3165 2503 3401 2570 futuris,
3425 2519 3596 2578 regu·

1936 2594 2126 2652 larem
2156 2598 2336 2653 vitam
2368 2597 2666 2668 professis,
2699 2595 2760 2651 in
2792 2599 3171 2668 perpetuum.

2010 2683 2295 2742 Effectum
2317 2683 2480 2758 justa
2516 2683 2963 2758 postulantibus
2996 2681 3304 2753 indulgere
3330 2685 3390 2738 et
3418 2681 3589 2752 vigor

1936 2774 2231 2846 aequitatis
2242 2779 2298 2830 et
2308 2773 2455 2830 ordo
2468 2774 2728 2847 postulat
2738 2772 2986 2830 rationis
3001 2787 3122 2844 prae
3130 2771 3332 2827 sertim
3343 2769 3591 2844 quando

1936 2863 2265 2935 petentium
2311 2862 2641 2919 voluntates
2671 2867 2727 2918 et
2757 2861 2948 2934 pietas
2981 2859 3231 2932 adjuvat
3267 2863 3323 2915 et
3369 2859 3591 2917 veritas

1936 2965 2058 3008 non
2106 2951 2403 3026 relinquit.
2437 2954 2784 3025 Eapropter,
2835 2949 3030 3007 dilecti
3081 2950 3138 3006 in
3180 2949 3433 3005 Domino
3464 2947 3592 3015 filii,

169 3037 303 3107 jure
342 3039 701 3095 Ravennatis
751 3040 1047 3105 Ecclesioe.
1098 3040 1447 3097 auctoritate
1492 3033 1825 3109 apostolica
1867 3052 1909 3108 C
1937 3042 2145 3097 vestris
2169 3042 2348 3114 justis
2371 3040 2880 3114 postulationibus
2910 3039 3231 3096 clementer
3264 3038 3592 3095 annuimus

171 3126 627 3184 confirmamus.
677 3128 1061 3184 Decernimus
1107 3143 1251 3201 ergo
1303 3132 1366 3183 ut
1397 3124 1540 3183 nulli
1571 3124 1825 3181 omnino

176 3215 491 3272 hominum
532 3216 705 3273 liceat
751 3216 1062 3289 praefatum
1115 3215 1552 3274 monasterium
1603 3217 1826 3270 temere

178 3305 544 3377 perturbare,
569 3311 672 3361 aut
691 3306 819 3378 ejus
843 3306 1254 3378 possessiones
1276 3304 1530 3370 auferre,
1545 3300 1638 3359 vel
1654 3300 1829 3358 abla-

176 3398 268 3449 tas
302 3396 570 3460 retinere.
603 3396 868 3452 minuere
911 3411 1019 3452 seu
1057 3395 1186 3453 aliis
1232 3390 1601 3467 quibuslibet
1645 3406 1828 3446 vexa-

179 3483 440 3539 tionibus
493 3483 780 3555 fatigare;
813 3484 918 3541 sed
963 3483 1190 3541 illibata
1233 3482 1438 3539 omnia
1491 3486 1548 3538 et
1600 3481 1828 3550 integra

81 3604 91 3610 -
176 3578 622 3639 conserventur,
647 3590 873 3638 eorum,
899 3590 1006 3646 pro
1026 3589 1285 3646 quorum
1310 3569 1749 3642 gubernatione
1771 3572 1829 3625 et

178 3663 606 3719 sustentatione
618 3679 903 3721 concessa
916 3679 983 3719 su
994 3680 1025 3718 n
1036 3669 1076 3728 t,
1091 3662 1300 3718 usibus
1312 3657 1678 3717 omnimodis
1693 3672 1827 3730 pro·

177 3749 399 3821 futura,
414 3751 576 3808 salva
596 3753 756 3808 sedis
778 3751 1122 3824 apostolioae
1144 3750 1587 3816 auctoritate,et
1605 3747 1829 3804 dioece-

179 3856 468 3896 sanorum
506 3842 926 3914 episcoporum
975 3842 1268 3899 canonica
1324 3839 1567 3913 justitia.
1600 3839 1660 3895 Si
1704 3852 1830 3911 qua

178 3929 356 4000 igitur
376 3930 434 3985 in
457 3929 720 3987 futurum
736 3932 1143 3989 ecclesiastica
1161 3928 1542 3987 saecularisve
1566 3942 1829 4001 persona

181 4018 336 4073 hanc
365 4023 581 4074 nostrae
606 4020 1047 4077 constitutionis
1067 4020 1353 4092 paginam
1378 4017 1597 4086 sciens,
1621 4022 1830 4074 contra

180 4124 314 4163 eam
372 4114 589 4164 temere
636 4109 835 4166 venire
890 4110 1222 4180 tentaverit,
1272 4106 1540 4165 secundo
1586 4105 1830 4164 tertiove

180 4198 570 4263 commonita,
605 4197 713 4254 nisi
737 4203 969 4255 reatum
999 4216 1177 4255 suum
1207 4198 1394 4269 digna
1424 4196 1826 4254 satisfactione

178 4286 518 4351 correxerit,
553 4288 862 4358 potestatis
895 4289 1260 4360 honorisque
1300 4287 1391 4343 sui
1415 4286 1707 4357 dignitate
1736 4299 1831 4340 ca·

1936 3135 1993 3187 et
2017 3130 2334 3203 praefatum
2356 3130 2785 3189 monasterium
2809 3131 2869 3185 in
2897 3144 3019 3201 quo
3040 3128 3245 3184 divino
3267 3125 3593 3199 mancipati

1936 3219 2079 3277 estis
2122 3220 2434 3292 obsequio,
2479 3220 2554 3276 ad
2598 3217 2907 3291 exemplar
2936 3217 3122 3275 felicis
3162 3214 3593 3272 recordationis

1936 3308 2450 3382 proedecessorum
2478 3312 2842 3372 nostrorum,
2874 3304 3138 3376 Gregorii
3178 3305 3290 3372 Vll,
3326 3304 3590 3371 Honorii,

1936 3397 2280 3464 innocentii,
2329 3402 2386 3453 et
2411 3396 2731 3453 Alexandri
2770 3396 3180 3451 Romanorum
3212 3392 3588 3465 pontificum,

1938 3485 2051 3542 sub
2081 3485 2238 3541 beati
2262 3487 2412 3541 Petri
2441 3490 2497 3541 et
2524 3489 2727 3541 nostra
2753 3482 3117 3555 protectione
3148 3481 3514 3554 suscipimus
3536 3484 3595 3538 et

1937 3573 2245 3648 praesentis
2269 3573 2472 3645 scripti
2523 3569 2827 3645 privilegio
2857 3569 3346 3635 communimus;
3386 3568 3598 3641 impri-

1939 3662 2054 3720 mis
2095 3662 2392 3736 siquidem
2433 3665 2755 3719 statuentes
2785 3662 2847 3715 ut
2875 3657 3025 3714 ordo
3070 3656 3442 3712 monasticus
3489 3656 3599 3729 qui

1939 3751 2273 3809 secundum
2316 3753 2499 3808 Deum
2536 3754 2593 3807 et
2636 3751 2693 3805 B.
2747 3746 3043 3804 Benedicti
3081 3744 3372 3818 Regulam
3411 3744 3475 3802 in
3500 3758 3599 3803 eo-

1938 3843 2077 3899 dem
2125 3840 2261 3898 loco
2307 3829 2607 3896 institutus
2655 3854 2790 3896 esse
2842 3835 3231 3906 dignoscitur,
3292 3834 3598 3908 perpetuis

1937 3929 2162 3988 ibidem
2178 3928 2545 4003 temporibus
2558 3924 2979 3984 inviolabiliter
2997 3923 3361 3981 observetur.
3385 3922 3600 3980 Proete·

1939 4035 2043 4078 rea
2082 4034 2480 4095 quascunque
2526 4016 2964 4091 possessiones,
3014 4026 3393 4087 quaecunque
3430 4009 3598 4070 bona

1941 4109 2102 4167 idem
2123 4108 2554 4167 monasterium
2580 4105 3122 4177 impraesentiarum
3149 4102 3308 4175 juste
3338 4106 3394 4157 et
3418 4114 3603 4158 cano‘

1941 4200 2072 4257 nice
2103 4198 2387 4272 possidet,
2417 4197 2606 4255 autin
2637 4196 2903 4251 futurum
2944 4193 3333 4251 concessione
3364 4188 3600 4263 pontifl-

1943 4304 2105 4358 cum,
2147 4286 2458 4357 largitione
2496 4299 2705 4357 regum
2756 4282 2848 4339 vel
2890 4282 3251 4355 principum,
3293 4278 3600 4337 oblatione

178 4381 325 4440 reat,
360 4390 645 4449 reamque
674 4392 738 4432 se
769 4377 972 4434 divino
989 4376 1217 4449 judicio
1247 4377 1500 4433 existero
1521 4375 1595 4431 de
1621 4388 1832 4448 perpe·
1865 4392 1913 4448 D
1942 4375 2207 4434 fidelium
2238 4390 2342 4433 seu
2373 4374 2502 4432 aliis
2521 4373 2695 4446 justis
2724 4371 2941 4436 modis,
2970 4375 3288 4443 praestante
3316 4368 3600 4434 Domino,

184 4468 330 4519 trata
372 4464 682 4535 iniquitate
708 4470 1057 4536 cognoscat,
1097 4470 1156 4523 et
1194 4481 1229 4522 a
1261 4463 1673 4522 sacratissimo
1707 4477 1834 4520 cor·

180 4569 318 4625 pore
341 4568 413 4609 ac
433 4553 725 4624 sanguine
747 4554 844 4610 Dei
874 4562 930 4610 et
955 4554 1185 4611 Domini
1209 4551 1619 4625 Redemptoris
1649 4551 1834 4609 nostri

179 4644 315 4698 Jesu
344 4642 556 4699 Christi
580 4642 777 4699 aliena
802 4643 925 4710 fiat,
958 4650 1136 4716 atque
1180 4644 1239 4701 in
1265 4649 1531 4699 extremo
1560 4641 1835 4699 examine

179 4730 459 4787 districtae
490 4729 696 4787 ultioni
743 4730 1073 4803 snbjaceat.
1107 4730 1344 4788 Cunctis
1392 4734 1592 4788 autem
1641 4730 1835 4787 eidem

182 4821 309 4875 loco
347 4820 487 4890 jura
536 4835 647 4876 sua
699 4819 1081 4876 servantibus
1125 4819 1198 4875 sit
1236 4834 1356 4891 pax
1411 4817 1644 4875 Domini
1695 4817 1838 4875 Jesu

182 4907 411 4975 Christi,
462 4914 761 4979 quatenus
815 4914 871 4963 et
898 4907 996 4963 hic
1054 4907 1310 4965 fructum
1358 4907 1534 4964 bonoe
1586 4906 1838 4964 actionis

182 4996 532 5067 percipiant,
586 5001 642 5054 et
693 4997 855 5069 apud
886 4995 1221 5053 districtum
1272 4996 1541 5054 Judicem
1588 4996 1839 5070 praemia

184 5090 418 5141 aeternae
450 5085 612 5157 pacis
639 5085 965 5142 inveniant.
996 5088 1213 5151 Amen,
1242 5101 1441 5153 amen,
1471 5100 1669 5144 amen.

450 5190 661 5231 sumu
693 5191 816 5241 uos,
844 5192 978 5231 neus
1006 5191 1308 5232 saturatus
1334 5190 1562 5233 nosrta.

259 5263 380 5331 Ego
399 5263 599 5319 Lucius
620 5264 928 5320 catholicas
956 5263 1229 5321 Ecclesiae
1262 5264 1585 5336 episcopus
1610 5280 1692 5322 ss.

255 5352 373 5422 Ego
391 5351 731 5408 Theodinus
749 5353 1086 5410 l’ortuensis
1108 5355 1408 5412 etSanctoe
1434 5353 1660 5411 Ruflnae
1680 5352 1840 5411 sedis

187 5437 505 5511 episcopus
531 5456 611 5497 ss.

264 5531 387 5601 Ego
417 5528 704 5589 Henricus
731 5531 1089 5610 Albanensis
1115 5534 1446 5610 episcopus
1476 5550 1558 5596 ss.

1943 4466 2157 4539 poterit
2176 4464 2447 4536 adipisci,
2479 4463 2656 4519 firma
2683 4461 2855 4517 vobis
2885 4459 3211 4531 vestrisque
3239 4456 3604 4515 successori·

1941 4555 2080 4623 bus,
2098 4558 2153 4611 et
2173 4552 2404 4611 illibata
2425 4555 2840 4625 permaneant.
2863 4547 2928 4604 In
2946 4547 3169 4620 quibus
3190 4545 3319 4602 haec
3342 4544 3604 4619 propriis

1945 4642 2230 4700 duximus
2259 4638 2657 4714 exprimenda
2683 4635 2989 4693 vocabulis
3016 4650 3029 4690 z

2025 4776 2038 4790 .
2061 4777 2075 4790 .
2096 4777 2110 4790 .
2145 4736 2336 4787 vestro
2367 4730 2491 4786 sitae
2526 4731 2685 4792 sunt,
2729 4724 3070 4782 libertatem
3110 4719 3603 4795 presbyterorum

1954 4860 2253 4880 .........
2332 4816 2597 4874 ecclesiis
2646 4813 2898 4871 Domino
2963 4809 3367 4877 servientium,
3415 4824 3604 4882 quam

1946 4906 2559 4981 Robertusquondam
2575 4901 2963 4974 Lingonensis
2975 4899 3296 4973 episcopus
3312 4902 3610 4956 monaste-

1947 4999 2036 5057 rio
2049 5037 2488 5058 .............
2523 4992 2703 5050 frater
2724 4994 2928 5048 noster
2956 4992 3260 5046 manasses
3283 4987 3609 5060 episcopus

1950 5084 2344 5158 Lingonensis
2371 5085 2431 5140 in
2462 5082 2688 5140 eisdem
2721 5120 3092 5138 ...........
3126 5076 3379 5134 ecclesia
3406 5073 3610 5133 Sancti

1948 5175 2306 5250 Apollinaris
2326 5173 2466 5231 etin
2498 5171 2748 5230 ecclesia
2770 5168 2845 5226 de
2865 5168 3067 5238 Longo
3096 5165 3286 5232 Vado,
3312 5166 3388 5221 de
3413 5163 3612 5221 Plum-

1947 5265 2133 5324 bariis
2179 5271 2235 5320 et
2290 5261 2558 5328 Villariis‚
2604 5259 2775 5317 vobis
2833 5263 3122 5329 perpetuo
3175 5253 3489 5319 concessit,
3548 5256 3609 5308 et

1951 5354 2171 5428 scripto
2189 5350 2429 5424 proprio
2448 5346 2827 5408 confirmavit
2851 5362 2866 5413 ;
2897 5344 3215 5402 ecclesiam
3244 5340 3444 5401 Sancti
3469 5342 3610 5399 Ger-

1954 5442 2117 5502 mani
2148 5442 2223 5498 de
2243 5441 2491 5498 Lariaco
2516 5440 2576 5495 in
2596 5453 2717 5511 qua
2738 5432 3225 5492 sanctimoniales
3249 5432 3605 5498 consistunt,

1958 5533 2043 5593 ita
2066 5530 2315 5608 quidem
2333 5532 2476 5588 utet
2499 5527 2648 5604 ipsae
2674 5522 3159 5587 sanctimoniales
3183 5520 3359 5581 vobis
3385 5519 3617 5579 vestris-
