3784 6000
303 205 443 265 ¹20⁷

1719 204 1908 262 Lucu
1946 204 2023 261 111
2047 201 2275 283 ‚PAPAE

3471 172 3700 265 '¹¹oe

267 348 393 388 suoe
423 346 437 398 ;
469 329 737 388 similiter
763 328 1261 403 compositionem
1290 330 1498 387 initam
1529 330 1682 389 inter
1711 346 1920 388 mona·
1949 332 1996 386 A
2027 329 2143 387 loci
2170 330 2408 394 abbate,
2440 330 2791 388 veltuorum
2813 329 3084 404 quolibet
3103 327 3703 398 successorum,nul·

270 421 516 478 sterium
556 425 822 477 vestrum
865 424 921 476 et
957 418 1272 475 ecclesiam
1306 421 1364 476 S.
1399 420 1670 494 Exuperii
1711 419 1921 477 Corbo·

266 507 476 567 liensis
502 509 562 565 in
589 508 911 581 praesentia
935 507 1112 564 bonae
1140 508 1439 567 memorias
1460 510 1707 567 loannis
1727 524 1925 583 quon·

182 634 199 647 .
226 640 233 651 .
271 598 415 657 dam
466 596 848 655 carnotensis
878 596 1166 669 episcopi,
1195 612 1376 669 super
1414 597 1748 670 integritate
1778 614 1927 671 prae-

274 686 490 744 bendoe
513 685 784 757 ejusdem
814 684 1091 743 ecclesiae.

350 777 464 832 Has
507 774 806 849 siquidem
844 791 1055 832 omnes
1083 776 1547 848 compositiones
1576 793 1681 834 seu
1709 776 1933 833 refuta·

277 867 490 930 tiones,
533 865 687 921 sicut
726 864 956 938 absque
988 866 1279 937 pravitate
1315 867 1484 924 factae
1522 872 1743 925 suntet
1776 882 1935 924 rece-

277 959 416 1028 ptae,
449 957 506 1010 et
524 955 583 1011 in
609 954 847 1026 scriptis
876 955 1231 1012 authenticis
1251 956 1648 1022 continentur,
1669 962 1726 1014 et
1755 957 1936 1013 etiam

277 1043 572 1101 hactenus
601 1047 741 1101 sunt
769 1049 1035 1116 servatae,
1059 1045 1391 1118 apostolico
1413 1045 1742 1103 munimine
1769 1045 1938 1102 robo-

282 1148 510 1190 ramus.
561 1133 718 1190 Sane
767 1132 1077 1191 novalium
1125 1139 1458 1192 vestrorum
1506 1152 1643 1208 quae
1682 1133 1939 1209 propriis

285 1222 574 1280 manibus
599 1226 703 1279 aut
722 1222 1058 1296 sumptibus
1084 1223 1291 1290 colitis,
1316 1223 1441 1280 sive
1471 1224 1545 1282 de
1562 1223 1939 1282 nutrimentis

288 1310 642 1368 animalium
670 1317 1026 1377 vestrorum,
1058 1313 1258 1369 nullus
1287 1329 1324 1371 a
1352 1313 1524 1370 vobis
1551 1313 1821 1371 decimas
1845 1328 1943 1369 ex·

287 1404 565 1473 torquere
604 1405 949 1473 praesumat.
993 1401 1188 1458 Liceat
1215 1418 1458 1475 quoque
1497 1403 1668 1460 vobis
1698 1402 1943 1459 clericos

289 1495 345 1546 et
374 1488 561 1547 laicos
586 1487 810 1546 liberos
829 1495 885 1546 et
905 1489 1259 1548 absolutose
1282 1493 1499 1549 saeculo
1521 1492 1832 1562 fugientes,
1863 1491 1945 1550 ad

264 1577 745 1640 ,conversionem
764 1577 1024 1651 recipere
1039 1585 1208 1636 eteos
1227 1579 1455 1653 absque
1476 1581 1944 1637 contradictione

2028 417 2124 475 lus
2153 418 2237 475 ibi
2266 418 2533 490 qualibet
2557 420 2949 491 surreptionis
2988 419 3228 486 astutia,
3253 435 3360 476 seu
3388 417 3698 486 violentia,

2033 512 2440 581 praeponatur,
2466 508 2580 565 nisi
2609 524 2792 582 quem
2813 508 3023 566 fratres
3042 508 3353 565 communi
3369 523 3701 572 consensu.

2034 595 2125 655 vel
2153 596 2401 654 fratrum
2439 612 2577 670 pars
2619 596 2857 655 consilii
2907 597 3183 667 sanioris,
3215 596 3556 657 secundum
3602 596 3706 654 Dei

2037 685 2315 743 timorem
2364 692 2419 743 et
2455 685 2618 744 beati
2668 686 2966 744 Benedicti
3007 684 3296 757 Regulam
3323 685 3704 760 providerint

2040 773 2409 845 eligendum.
2442 775 2827 832 Decernimus
2858 791 3001 849 ergo
3029 780 3096 833 ut
3136 774 3281 832 nulli
3310 774 3570 833 omnino
3597 774 3704 834 ho·

2043 864 2277 920 minum
2307 864 2482 922 liceat
2509 864 2824 939 praefatum
2859 866 3288 923 monasterium
3326 871 3548 923 temere
3578 879 3709 939 per-

2047 952 2307 1020 turbare,
2339 958 2444 1010 aut
2470 953 2600 1025 ejus
2623 953 3035 1027 possessiones
3065 953 3317 1022 auferre,
3348 955 3444 1011 vel
3470 952 3707 1011 ablatas

2047 1043 2319 1112 retinere,
2361 1041 2647 1109 minuere,
2706 1059 2811 1100 seu
2867 1042 3238 1116 quibuslibet
3286 1041 3707 1101 vexationibus

2047 1130 2386 1202 fatigar-effic
2397 1130 2641 1189 domnia
2655 1131 2887 1203 integra
2898 1136 3588 1201 conserventur.eorum,
3603 1144 3708 1205 pro

2023 1235 2309 1298 *quorum
2346 1221 2779 1292 gubernatione
2819 1237 2891 1278 ac
2940 1222 3367 1279 sustentatione
3416 1235 3710 1280 concessa

2051 1313 2210 1375 sunt,
2243 1309 2455 1366 usibus
2498 1309 2868 1367 omnimodis
2895 1309 3231 1385 profutura,
3264 1310 3433 1369 salva
3468 1315 3713 1384 aposto·

2049 1397 2179 1455 licoe
2211 1398 2371 1455 sedis
2400 1400 2746 1456 auctoritate
2772 1404 2832 1456 et
2859 1400 2919 1457 in
2952 1399 3249 1472 praedictis
3277 1399 3552 1457 ecclesiis
3573 1399 3713 1458 dioe·

2053 1503 2412 1544 cesanorum
2442 1487 2737 1546 canonica
2755 1487 3008 1561 justitia.
3042 1489 3097 1547 Si
3130 1505 3254 1563 qua
3275 1488 3461 1560 igitur
3477 1490 3545 1546 in
3560 1489 3714 1546 futu·

2053 1592 2188 1632 rum
2211 1574 2616 1632 ecclesiastica
2640 1576 3021 1633 saecularisve
3046 1592 3324 1650 persona,
3357 1582 3472 1634 etc.

289 1665 494 1739 aliqua
535 1666 805 1723 retinere.
850 1667 1237 1724 prohibemus
1274 1669 1521 1741 insuper
1547 1674 1609 1726 ut
1643 1669 1787 1727 nulli
1828 1668 1943 1726 ira·
1982 1689 2021 1744 Β
2127 1666 2246 1737 Ego
2275 1663 2491 1721 Lucius
2527 1664 2830 1722 catholicae
2870 1666 3151 1725 Ecclesiae
3193 1665 3524 1739 episeopus
3573 1665 3711 1723 sub·

288 1759 446 1811 trum
480 1759 835 1823 vestrorum,
862 1760 998 1830 post
1025 1756 1243 1815 factam
1271 1758 1331 1814 in
1358 1773 1430 1815 eo
1459 1758 1591 1816 loco
1626 1758 1947 1832 professio-

287 1859 448 1908 nem,
486 1843 578 1901 fas
617 1843 696 1900 sit
733 1845 962 1918 absque
1002 1845 1241 1902 abbatis
1273 1846 1363 1904 sui
1406 1846 1664 1913 licentia,
1700 1847 1818 1903 nisi
1853 1863 1947 1905 ar-

256 1932 490 2011 Lctioris
512 1932 815 2004 religionis
835 1934 1429 2002 obtentu,discedere
1451 1936 1526 1993 de
1546 1936 1758 1992 eodem
1780 1952 1795 2003 ;
1819 1935 1941 1993 dis·

287 2021 600 2080 cedentem
649 2038 814 2090 vero,
858 2023 1088 2097 absque
1137 2025 1556 2082 communium
1611 2025 1940 2083 litterarum
2018 2051 2030 2063 ·

2010 2113 2237 2180 ‚Monte
2265 2108 2465 2183 presb.
2494 2108 2658 2166 card.
2686 2109 3036 2184 subscripsi.

284 2112 564 2168 cautione
618 2111 820 2168 nullus
872 2112 1093 2170 audeat
1141 2113 1410 2171 retinere.
1468 2114 1536 2171 ln
1583 2114 1939 2186 parochiali·

283 2199 399 2257 bus
434 2205 634 2258 autem
673 2199 936 2258 ecclesiis
962 2218 1119 2275 quas
1157 2202 1390 2260 habetis
1419 2202 1593 2261 liceat
1633 2204 1804 2260 vobis
1847 2220 1941 2262 sa-

284 2289 555 2347 cerdotes
572 2290 786 2362 eligere
803 2296 858 2347 et
874 2290 1214 2348 dioecesano
1234 2293 1517 2368 episcopo
1532 2297 1895 2365 praesentare
1915 2311 1933 2366 ;

281 2378 530 2452 quibus,
559 2379 606 2435 si
636 2379 835 2436 idonei
861 2379 1100 2446 fuerint,
1132 2382 1455 2454 episcopus
1476 2381 1819 2439 animarum
1838 2399 1938 2439 cu-

281 2483 414 2525 ram
445 2469 802 2535 committat,
823 2475 883 2526 ut
906 2469 957 2525 ei
979 2468 1055 2526 de
1085 2470 1510 2542 spiritualibus,
1536 2470 1708 2528 vobis
1732 2477 1936 2529 autem

279 2554 355 2612 de
404 2557 835 2630 temporalibus
900 2557 1161 2614 debeant
1220 2560 1633 2633 respondere;
1676 2561 1935 2632 justitias

280 2645 463 2703 etiam
494 2651 597 2702 aut
638 2644 837 2702 officia
877 2645 1170 2703 laicorum
1199 2664 1336 2721 quae
1367 2652 1453 2715 tu,
1487 2647 1570 2705 fili
1603 2649 1818 2719 abbas,
1856 2649 1939 2706 ad

279 2749 496 2791 manus
545 2737 679 2791 tuas
723 2734 803 2791 ab
843 2735 1196 2792 hominibus
1245 2737 1305 2792 in
1340 2736 1533 2808 burgo
1584 2739 1640 2795 S.
1672 2738 1937 2811 Dionysii

276 2824 786 2881 commorantibus
814 2823 1073 2895 legitime
1101 2825 1416 2892 revocasti,
1448 2825 1523 2882 de
1561 2830 1775 2884 emtore
1807 2827 1938 2884 aliis

278 2911 576 2984 assignari
601 2928 616 2979 ;
643 2912 947 2983 regulares
978 2913 1158 2970 etiam
1196 2914 1664 2971 consuetudines
1706 2931 1743 2971 a
1777 2931 1936 2989 prae-

2050 1769 2469 1913 aggi-petrus
2492 1843 2803 1916 presbyter
2824 1843 3150 1902 cardinalis
3171 1844 3319 1902 tituli
3343 1846 3586 1904 Sancto
3613 1846 3713 1903 Su·

2050 1948 2257 1990 sannoe
2289 1932 2639 2005 subscripsi.

2123 2024 2242 2094 Ego
2296 2021 2583 2079 vivianus
2630 2020 2781 2078 tituli
2838 2021 3044 2080 Sancti
3096 2023 3386 2098 Stephani
3415 2026 3484 2080 in
3532 2023 3714 2082 Goelio

2117 2202 2237 2270 Ego
2261 2198 2572 2256 Laborans
2599 2198 2798 2270 presb.
2825 2199 2997 2258 card.
3046 2202 3275 2260 Sanctae
3296 2201 3502 2260 Μανία)
3520 2203 3708 2261 Trans

2043 2288 2297 2346 Tiberim
2325 2288 2406 2344 tit.
2440 2286 2646 2345 Calixti
2678 2288 3026 2363 subscripsi.

2115 2377 2237 2449 Ego
2249 2375 2637 2444 Pandulphus
2652 2378 2851 2450 presb.
2874 2379 3038 2436 card·
3062 2379 3149 2436 tit.
3175 2381 3450 2438 Basilicoe
3477 2381 3707 2440 Duode-

2044 2467 2159 2524 cim
2190 2465 2598 2538 apostolorum
2630 2465 2981 2541 subscripsi.

2114 2558 2237 2627 Ego
2259 2552 2598 2611 Theodinus
2622 2555 2969 2613 Portuensis
2992 2562 3048 2614 et
3067 2559 3301 2616 Sanctoe
3327 2557 3528 2617 Ruffoe
3552 2558 3704 2617 sedis

2044 2646 2366 2719 episcopus
2396 2643 2744 2716 subscripsi.

2116 2734 2236 2806 Ego
2267 2731 2549 2788 Henricus
2577 2731 2937 2791 Albanensis
2980 2735 3303 2808 episcopus
3347 2736 3697 2811 subscripsi.

2116 2826 2238 2894 Ego
2279 2819 2498 2879 Paulus
2559 2823 2954 2881 Praenestinus
2985 2825 3303 2899 episcopus
3351 2824 3697 2900 subscripsi.

2117 2912 2238 2985 Ego
2265 2911 2488 2969 Arditio
2517 2911 2788 2969 decanus
2826 2912 2991 2970 card.
3029 2914 3114 2970 tit.
3158 2913 3359 2972 Sancti
3408 2913 3701 2973 Theodori

278 3002 693 3059 decessoribus
711 3003 921 3059 vestris
942 3006 1001 3059 et
1029 3018 1066 3059 a
1087 3002 1261 3060 vobis
1282 3004 1571 3061 hactenus
1590 3004 1933 3063 observatas
1968 3042 2010 3100 C
2044 3002 2398 3077 subscripsi.

280 3090 484 3164 aliqua
511 3088 745 3149 levitate
765 3092 1005 3157 mutari,
1030 3090 1145 3148 nisi
1170 3091 1245 3149 de
1267 3095 1370 3149 tua
1392 3093 1518 3149 sive
1546 3096 1789 3152 tuorum
1811 3094 1936 3152 fue·

250 3179 354 3246 ⁸rit
381 3178 759 3251 providentia
801 3195 1242 3249 successorum,
1283 3197 1420 3238 cum
1468 3198 1718 3240 assensu
1771 3185 1937 3258 capi·-

280 3268 406 3341 tuli,
455 3268 550 3325 vel
609 3269 856 3340 maioris
904 3274 961 3327 et
1010 3270 1264 3328 sanioris
1320 3273 1523 3345 partis,
1582 3273 1934 3331 auctoritate

280 3346 618 3432 apostolica
638 3358 1050 3431 prohibemus.
1075 3358 1272 3419 Novas
1308 3367 1598 3434 praeterea
1624 3367 1682 3418 et
1705 3362 1935 3421 indebi-

280 3451 372 3506 tas
399 3447 735 3505 exactiones
764 3447 842 3505 ab
871 3448 1361 3522 archiepiscopis,
1395 3451 1713 3524 episcopis,
1743 3452 1935 3509 archi·

279 3536 575 3604 diaconis,
607 3552 715 3594 seu
760 3536 1028 3603 decanis,
1059 3537 1310 3612 aliisque
1352 3537 1739 3597 ecclesiarum
1787 3558 1935 3614 pras·

278 3623 413 3683 latis
437 3626 689 3683 omnino
708 3625 880 3683 vobis
902 3626 1027 3683 fieri
1052 3627 1462 3700 prohibemus.
1477 3628 1750 3687 Chrisma
1771 3646 1931 3702 vcr0,

280 3714 483 3772 oleum
509 3719 806 3786 sanctum,
835 3717 1314 3773 consecrationes
1338 3716 1616 3775 altarium
1646 3734 1752 3775 seu
1780 3719 1938 3777 basi·

279 3801 555 3869 licarum,
587 3802 988 3861 ordinationes
1044 3804 1395 3863 clericorum
1445 3823 1554 3864 seu
1607 3809 1939 3866 monacho-

280 3906 416 3949 rum
449 3892 554 3964 qui
607 3892 689 3949 ad
733 3910 937 3951 sacros
981 3894 1222 3952 ordines
1268 3894 1486 3953 fuerint
1515 3898 1933 3969 promovendi,

255 3996 321 4048 ,a
365 3996 729 4057 quocunque
778 3982 1104 4040 malueritis
1143 3984 1478 4057 suscipiatis
1517 3986 1823 4059 episeopo,
1855 3988 1935 4042 si-

283 4069 530 4144 quidem
583 4070 913 4129 catholicus
966 4072 1138 4129 fuerit
1178 4077 1237 4129 et
1285 4074 1541 4146 gratiam
1595 4075 1936 4148 apostolicas

284 4159 444 4216 sedis
476 4160 774 4227 habuerit,
807 4165 863 4217 et
905 4176 973 4217 ea
1016 4160 1189 4218 vobis
1235 4163 1417 4235 gratis
1467 4163 1699 4237 absque
1729 4165 1938 4238 aliqua

285 4249 577 4320 pravitate
605 4249 857 4307 voluerit
886 4248 1184 4309 exhibere.

357 4336 704 4395 inhibemus
747 4338 991 4411 insuper
1032 4345 1098 4398 ut
1141 4340 1297 4400 infra
1320 4343 1471 4399 fines
1517 4343 1941 4416 parochiarum

284 4424 674 4483 ecclesiarum
701 4432 1057 4497 vestrarum,
1084 4430 1303 4500 nullus,
1327 4430 1453 4487 sine
1471 4431 1788 4489 dioecesani
1821 4433 1943 4506 epi-

288 4514 458 4588 scopi
503 4520 559 4571 et
599 4521 801 4575 vestro
831 4533 1109 4585 assensu,
1141 4518 1437 4591 capellam
1473 4520 1567 4577 vel
1613 4522 1942 4580 oratorium

284 4603 581 4665 aediflcare
602 4612 950 4680 praesumat,
975 4607 1155 4664 salvis
1179 4607 1508 4683 privilegiis
1531 4612 1815 4667 Romanae
1844 4613 1951 4669 Ee·

283 4695 499 4753 clesiae.
527 4697 674 4752 Cum
690 4701 892 4752 autem
911 4696 1186 4767 generale
1216 4697 1587 4756 inter-dictem
1618 4703 1782 4755 terrae
1813 4698 1946 4757 fue-

280 4783 377 4852 rit,
408 4783 501 4841 ias
535 4785 609 4839 sit
635 4784 805 4842 vobis
833 4785 1034 4855 januis
1066 4786 1311 4852 clausis,
1337 4802 1461 4844 non
1491 4788 1748 4860 pulsatis
1772 4804 1943 4847 cam-

281 4874 474 4945 panis,
501 4874 759 4930 exclusis
780 4875 1314 4934 excommunicatis
1339 4881 1397 4934 et
1422 4876 1768 4944 interdictis,
1801 4894 1942 4952 sup·

275 4977 487 5037 pressa
522 4978 669 5020 voce
718 4962 924 5020 divina
958 4964 1155 5022 officia
1199 4965 1518 5023 celebrare.
1554 4965 1937 5038 sepulturam

2117 3094 2236 3163 Ego
2261 3092 2580 3151 Gratianus
2606 3094 2694 3152 tit.
2728 3094 3078 3151 Sanctorum
3108 3093 3334 3150 Cosmae
3354 3097 3417 3150 et
3436 3092 3705 3151 Damiani

2043 3179 2199 3238 diac.
2218 3184 2383 3238 card.
2412 3180 2761 3254 subscripsi.

2116 3271 2238 3341 Ego
2272 3272 2438 3329 Bobo
2484 3271 2641 3329 diac.
2695 3269 2859 3328 card.
2907 3270 2994 3327 tit.
3052 3270 3251 3328 Sancti
3299 3271 3521 3343 Angeli
3569 3272 3705 3330 sub·

2045 3374 2513 3520 ωιέξὲιὸοτατᾱυ
2522 3466 2549 3504 s
2561 3448 2762 3506 Sancti
2781 3453 2822 3506 Α
2831 3448 3027 3506 driani
3041 3448 3197 3506 diac.
3221 3448 3559 3508 cardinalis
3572 3450 3709 3509 sub-

2046 3552 2592 3697 scgggl·soffoedus
2633 3626 2927 3686 diaconus
2968 3626 3288 3684 cardinalis
3327 3627 3419 3685 tit.
3473 3629 3707 3688 Sancto

2046 3716 2233 3773 litariae
2262 3716 2321 3772 iu
2352 3715 2459 3772 Via
2491 3717 2635 3773 Lata
2665 3715 3013 3790 subscripsi.

2116 3806 2237 3876 Ego
2258 3804 2507 3862 Albinus
2525 3806 2755 3862 Sanctoe
2773 3806 2966 3862 Marioe
2983 3807 3163 3863 Novae
3183 3804 3343 3863 diac.
3372 3806 3551 3865 card.
3574 3808 3708 3866 sub-

2046 3908 2332 4039 soffia-m
2362 3981 2616 4050 velletri,
2646 3999 2752 4057 per
2781 3999 3034 4042 manum
3070 3983 3296 4041 Alberti
3325 3992 3562 4045 sancto
3607 3989 3708 4046 Ro-

2045 4088 2244 4130 mana».
2275 4072 2546 4130 Ecclesiae
2576 4074 2909 4148 presbyteri
2953 4074 3274 4132 cardinalis
3311 4080 3371 4132 et
3413 4077 3709 4139 cancella·

2045 4164 2138 4230 rii,
2167 4162 2335 4220 tertio
2375 4162 2578 4219 Nonas
2603 4163 2785 4230 Junii,
2814 4164 3136 4222 indictione
3176 4163 3401 4238 prima,
3430 4167 3709 4225 lucarna-

2032 4252 2224 4341 tionis
2273 4252 2595 4309 Dominicae
2640 4268 2803 4311 anno
2854 4254 3014 4325 1183,
3043 4252 3436 4326 pontificatus
3484 4255 3709 4316 domini

2049 4340 2212 4398 Lucii
2242 4356 2417 4414 papae
2447 4342 2519 4397 111
2549 4357 2710 4400 anno
2738 4343 3026 4400 secundo.

2797 4467 2958 4524 cvn.

2052 4554 2482 4613 nonasterium
2522 4554 2628 4613 SS.
2671 4556 2870 4615 Plorae
2903 4563 2956 4614 et
3002 4556 3251 4615 Lucilla
3285 4559 3582 4629 Arretino,
3612 4561 3709 4619 wo

2122 4629 2485 4696 protectione
2492 4633 2715 4686 sanctae
2729 4630 3011 4687 Romanae
3021 4629 3305 4688 Ecclesia
3321 4632 3708 4707 νει-ἐρωήν·

2122 4713 2236 4771 que
2264 4698 2419 4756 bona
2455 4706 2765 4757 enumerat
2793 4706 2845 4757 et
2885 4702 3221 4770 confirmat.

2604 4788 2879 4860 (velletri,
2904 4789 3040 4846 Jun.
3068 4792 3148 4862 6.)

2301 4878 2649 4948 [Mancsamn
2680 4878 2918 4935 Bullar.
2953 4878 3180 4944 Oasin..
3213 4878 3284 4947 11,
3313 4881 3478 4955 202]

2115 4966 2319 5023 Lucius
2349 4966 2691 5039 episcopus,
2724 4982 2935 5024 servus
2963 4982 3278 5025 servorum
3318 4967 3456 5038 Dei,
3483 4971 3704 5030 dilectis

273 5056 560 5124 praeterea
587 5052 783 5125 ipsius
818 5052 930 5110 loci
968 5053 1221 5113 liberam
1261 5070 1395 5111 esse
1435 5056 1838 5121 decernimus,
1872 5061 1938 5114 ut
2044 5054 2187 5112 flliis
2233 5056 2517 5120 Csmrni,
2552 5055 2761 5113 abbati
2800 5055 3152 5114 monasterii
3202 5057 3448 5118 Sancto
3498 5060 3702 5129 Flore,

272 5155 483 5208 eorum
514 5141 823 5199 devotioni
853 5147 908 5200 et
940 5149 1215 5202 extremae
1243 5143 1538 5202 voluntati
1581 5146 1683 5217 qui
1720 5162 1782 5202 se
1812 5144 1932 5203 illic
2041 5144 2293 5218 ejusque
2319 5143 2621 5211 fratribus,
2653 5150 2775 5202 tam
2806 5146 3200 5219 praesentibus
3230 5162 3432 5220 quam
3468 5148 3703 5220 tuturis,

273 5229 506 5303 sepeliri
550 5229 1025 5302 deliberaverint,
1068 5232 1184 5290 nisi
1234 5233 1380 5290 forte
1426 5232 1927 5292 excommunicati
2039 5232 2374 5305 regularem
2405 5232 2589 5289 vitam
2617 5232 2923 5305 professis,
2948 5234 3007 5289 in
3034 5239 3427 5306 perpetuum.

268 5317 360 5375 vel
385 5318 676 5376 interdicti
704 5320 840 5389 sint,
873 5320 1077 5378 nullus
1103 5321 1376 5389 obsistat,
1408 5322 1572 5380 salva
1604 5328 1806 5381 tamen
1825 5323 1929 5394 ju·
2109 5321 2393 5379 Effectum
2418 5322 2582 5393 justa
2603 5322 3048 5395 postulantibus
3090 5322 3410 5395 indulgere
3435 5332 3496 5385 et
3539 5328 3702 5400 vigor

270 5406 682 5466 stitiaillarum
700 5409 1091 5469 ecclesiarum
1109 5428 1146 5469 a
1166 5412 1387 5485 quibus
1403 5418 1772 5470 mortuorum
1798 5428 1927 5469 cor·
2034 5412 2327 5485 requitatis
2356 5416 2413 5468 et
2432 5411 2583 5470 ordo
2601 5411 2781 5484 exigit
2799 5412 3071 5480 rationis,
3093 5414 3438 5486 presertim
3455 5418 3701 5491 quando

267 5507 419 5568 pora
450 5502 863 5575 assumuntur.
894 5500 1166 5560 Obeunte
1194 5516 1337 5562 vero
1367 5506 1422 5560 te
1458 5517 1621 5562 nunc
1647 5502 1927 5585 eiusdem
2044 5501 2374 5575 petentium
2411 5501 2870 5577 voluntatemflet
2915 5503 3106 5578 pietas
3147 5501 3405 5579 adjuvat
3441 5511 3510 5567 st
3543 5507 3702 5586 '‘nsti-
