3784 6000
531 237 716 294 HIST.
760 237 1016 296 RERUM
1055 236 1558 295 TRANSMARIN.
1598 267 1668 279 —-
1702 235 1844 293 ΜΒ.
1884 237 2059 295 ΧΧΙΙ.
2101 238 2515 298 BALDUINUS
2555 236 2626 297 Iv
2666 239 2835 299 REX.

3265 240 3373 300 85⁴

136 362 602 430 imunicationis,
654 364 866 419 merito
893 363 1096 429 latam,
1151 365 1439 438 suscepit.
1499 365 1604 421 Cui
1636 364 1684 419 Α
1713 378 1816 420 cor
1845 362 2100 429 rediens,
2131 364 2208 420 ad
2249 364 2482 436 frugem
2528 367 2661 422 vitae
2691 366 2953 424 melioris
2982 384 3045 423 se
3076 367 3284 438 erigat,
3316 372 3373 423 et

137 471 150 509 ι
181 469 303 510 non
333 453 902 520 multumdesereuS,
928 454 1031 509 sed
1048 454 1328 511 delictum
1357 454 1605 525 ingemi-

138 549 263 600 tam
290 542 607 598 dominum
633 542 1059 614 patriarcham,
1106 559 1290 616 quam
1331 543 1601 614 ejusdem

137 634 203 689 tis
222 632 543 706 episcopos
592 637 653 689 et
698 632 850 690 alios
883 631 1266 690 ecclesiarum
1303 634 1599 705 praelatos,

137 722 236 779 iter
265 723 544 797 persequi
592 722 790 793 coepit,
846 738 1062 779 manus
1109 722 1171 779 in
1216 721 1297 779 eis
1332 721 1602 794 injiciens

144 816 230 868 tas
248 829 262 878 3
280 816 334 867 et
349 809 774 867 venerabilium
790 812 1203 877 locorum,tam
1216 812 1601 869 ecclesiarum

160 900 685 969 monasteriorum,
719 906 890 974 septa
946 901 1201 966 violans,
1258 917 1350 957 res
1400 917 1602 957 sacras

137 1005 250 1054 ens,
284 995 599 1055 eteorum,
639 989 870 1046 nefario
913 990 1118 1062 spiritu
1164 996 1221 1047 et
1249 1006 1400 1046 ausu
1424 996 1602 1046 teme-

153 1078 513 1150 perturbans
568 1080 976 1150 possessiones
1011 1095 1025 1147 ;
1058 1079 1259 1151 ipsum
1288 1080 1467 1135 etiam
1498 1078 1600 1134 do·

137 1184 177 1224 n
207 1168 614 1240 patriarcham
639 1183 776 1223 cum
804 1167 981 1234 cler0,
1017 1168 1119 1240 qui
1138 1168 1213 1224 ad
1234 1184 1372 1224 eum
1397 1167 1600 1224 contu·

155 1257 214 1312 in
229 1255 498 1331 quodam
520 1255 784 1313 ecclesiae
801 1257 1148 1328 municipio,
1173 1257 1350 1312 firmo
1377 1263 1592 1326 tamen,

163 1360 403 1418 quoque
432 1350 489 1401 et
517 1345 724 1402 militia
756 1346 936 1403 simul
967 1351 1024 1402 et
1055 1345 1412 1402 victualibus
1441 1346 1604 1402 suffl-

137 1451 165 1490 r
194 1434 589 1501 communito,
617 1434 830 1491 dicitur
859 1434 1133 1491 obsidere
1158 1452 1172 1502 ;
1205 1441 1260 1490 et
1288 1434 1603 1509 frequenti·

137 1539 279 1580 nore
310 1524 528 1588 hostili,
558 1540 658 1581 eos
679 1524 1033 1596 impugnare
1051 1524 1602 1595 congressionibus.

143 1612 395 1685 quidam
439 1613 513 1670 de
541 1613 926 1686 magnatibus
954 1614 1215 1684 regionis
1260 1612 1440 1680 illius,
1469 1614 1601 1686 ejus

1713 452 1927 525 optimi
1958 454 2355 511 moderatoris
2389 455 2600 512 virtute
2632 455 2910 513 induatur
2943 472 3011 513 ex
3046 457 3184 513 alto.
3226 458 3373 514 Tan·

1711 541 1852 598 dem
1872 542 2145 599 videntes
2174 545 2359 600 nostri
2385 545 2611 600 malum
2640 544 2790 602 illud
2843 546 3281 617 ingravescere,
3312 550 3371 602 et

1711 631 1945 688 nullum
1975 631 2034 688 in
2077 633 2662 706 proximosperantes
2687 634 3050 703 remedium;
3067 635 3194 707 jam
3209 634 3368 691 enim

1713 735 1835 776 non
1865 720 2061 778 solum
2082 737 2341 794 persona
2365 723 2655 796 principis
2683 723 3087 780 anathematis
3121 723 3364 781 vinculo

1712 809 2025 867 tenebatur
2054 811 2295 867 astricta
2320 829 2333 879 ;
2365 827 2569 868 verum
2602 813 2883 869 universa
2913 812 3097 883 regi0,
3125 819 3370 885 propter

1711 900 1977 970 rapinas,
2006 898 2300 971 incendia,
2336 916 2465 973 quae
2498 902 2559 956 in
2591 901 2766 957 honis
2801 901 3237 958 venerabilium
3268 900 3369 957 fie-

1710 987 1859 1044 bant
1904 988 2196 1055 locorum,
2256 990 2569 1046 interdicto
2617 996 2744 1047 erat
2792 991 3119 1064 supposita,
3171 991 3255 1048 ita
3306 996 3369 1048 ut

1710 1083 1926 1149 praeter
1943 1078 2245 1150 baptisma
2259 1078 2668 1151 parvulorum,
2686 1078 2916 1136 nullum
2934 1080 3009 1136 de
3026 1094 3367 1137 sacramen·

1710 1167 1782 1221 tis
1824 1167 2237 1224 ecclesiasticis
2292 1168 2515 1240 populo
2546 1169 2985 1226 ministraretur
3016 1188 3029 1237 ;
3062 1172 3369 1241 caeperunt

1713 1255 1900 1312 nostri
1927 1256 2135 1313 timere
2164 1256 2444 1329 amplius,
2468 1258 2735 1315 videntes
2748 1275 2876 1315 rem
2908 1259 2968 1314 in
2984 1274 3122 1315 eum
3153 1272 3364 1315 casum

1711 1344 2117 1413 descendisse,
2142 1346 2203 1402 in
2230 1362 2353 1419 quo
2378 1362 2499 1404 non
2513 1348 2639 1404 sine
2665 1347 3087 1404 universorum
3102 1345 3367 1420 periculo

1713 1433 1816 1491 diu
1846 1438 2002 1490 stare
2034 1442 2255 1506 posset.
2284 1433 2786 1509 Ordinantitaque
2800 1435 2873 1491 de
2901 1434 3209 1492 communi
3228 1449 3367 1491 con·

1714 1522 1866 1589 silio,
1902 1526 1965 1579 ut
1988 1523 2273 1580 dominus
2302 1525 2660 1597 patriarcha,
2685 1523 3220 1597 dominusquoque
3238 1523 3368 1581 Rai-

1713 1611 1931 1668 naldus
1958 1613 2033 1668 de
2061 1612 2438 1680 Castellione,
2465 1614 2571 1687 qui
2593 1613 2921 1686 aliquando
2946 1614 3225 1686 princeps
3244 1613 3367 1669 An-

137 1702 1123 1773 zrentesinsaniam‚cognoscentes
1150 1719 1213 1758 se
1237 1702 1370 1775 plus
1384 1702 1602 1759 dehere
1639 1717 1683 1774 Β
1714 1700 2024 1757 tiochenus
2049 1701 2258 1773 fuerat,
2288 1702 2467 1773 hujus
2497 1701 2723 1758 domini
2755 1701 3094 1760 Boamundi
3105 1701 3363 1775 junioris

137 1806 289 1863 :uam
336 1790 712 1856 hominibus,
769 1791 846 1848 ab
893 1808 963 1848 eo
998 1798 1192 1848 mente
1245 1794 1302 1846 et
1348 1806 1600 1863 corpore

137 1886 346 1947 serunt,
379 1880 431 1954 ej
445 1897 513 1936 us
535 1878 828 1937 maleficia
850 1881 1209 1938 detestantes
1231 1897 1244 1948 ;
1273 1881 1423 1937 inter
1448 1896 1602 1954 quos

137 1968 281 2025 »bilis
312 1975 370 2026 et
396 1974 612 2043 potens
632 1968 984 2035 Rainaldus‚
1005 1977 1407 2041 cognomento
1436 1969 1604 2026 Man-

137 2076 173 2123 3,
198 2058 257 2113 in
283 2058 634 2130 praesidium
652 2074 828 2114 suum
849 2057 1312 2130 inexpugnabile
1333 2065 1389 2114 et
1411 2057 1603 2114 muni-

142 2163 243 2203 um
294 2146 617 2219 (adjunctis
650 2146 764 2204 sibi
813 2147 1038 2220 quibus
1070 2147 1235 2204 cordi
1266 2151 1390 2204 erat
1415 2162 1602 2203 causa

141 2235 268 2303 tior,
299 2241 355 2292 et
386 2236 567 2292 timor
614 2236 712 2293 Dei
753 2242 889 2293 ante
919 2236 1150 2309 oculos)
1187 2252 1248 2291 se
1278 2236 1514 2308 recepit,
1540 2237 1601 2292 in

137 2324 318 2380 ebens
341 2325 699 2397 praesulibus
723 2342 758 2382 a
780 2326 1034 2398 propriis
1059 2325 1258 2397 ejectis
1284 2324 1526 2381 sedibus
1545 2330 1601 2382 et

142 2413 540 2484 ndifferenter,
572 2415 650 2470 ob
695 2414 971 2470 eamdem
1032 2429 1280 2470 causam
1313 2412 1597 2486 profugis,

138 2501 492 2572 refugium.
552 2502 638 2559 Ob
677 2502 838 2576 quod
888 2500 1111 2559 factum
1165 2506 1285 2558 tota
1334 2503 1497 2573 regio
1537 2502 1598 2558 in

137 2607 175 2647 n
203 2591 515 2647 descendit
544 2597 788 2665 tamque
811 2590 1210 2664 periculosum
1254 2591 1596 2659 discrimen,

137 2697 176 2735 ,ε
202 2681 595 2753 prudentibus
621 2688 676 2737 et
692 2698 906 2738 sensus
926 2681 1289 2738 habentibus
1317 2681 1598 2738 exercita·

137 2769 317 2826 ›rocul
370 2771 533 2827 omni
565 2769 754 2828 dubio
807 2770 1099 2838 videatur,
1157 2776 1218 2826 ut
1256 2771 1369 2826 nisi
1423 2771 1598 2826 nobis

137 2874 174 2913 ·e
206 2858 412 2914 divina
443 2857 786 2916 subvenerit
819 2860 1154 2926 clementia,
1187 2860 1477 2926 hostibuS,
1518 2859 1599 2916 ad

137 2964 212 3005 im
240 2948 477 3006 ruinam
520 2955 576 3006 et
606 2949 913 3007 Christiani
962 2949 1223 3006 nominis
1271 2964 1595 3022 perennem

137 3053 243 3108 im,
280 3043 481 3111 patere
507 3038 721 3095 debeat
748 3039 1049 3105 introitus,
1085 3044 1140 3095 et
1167 3039 1228 3095 in
1256 3055 1461 3095 eorum
1495 3054 1597 3111 po·
1634 3076 1675 3131 C

137 3144 209 3183 im
264 3128 547 3184 universa
591 3128 783 3184 redire
814 3129 1165 3202 provincia;
1213 3129 1287 3185 de
1334 3145 1595 3203 quorum

137 3230 241 3284 tus,
270 3216 597 3289 opitulante
627 3218 900 3284 Domino,
921 3277 929 3281 ,
952 3217 1221 3274 fidelium
1254 3218 1595 3290 principum

137 3305 357 3377 tudine,
380 3310 439 3362 et
460 3307 808 3363 Christianae
839 3306 1031 3380 plebis
1058 3308 1255 3364 multis
1285 3306 1594 3364 laboribus

137 3395 390 3469 aptibus,
419 3400 507 3451 est
534 3401 757 3468 erepta·
784 3398 967 3452 Verus
997 3401 1085 3453 est
1134 3398 1293 3453 enim
1324 3396 1594 3452 Veritatis

137 3513 159 3549 ·,
213 3489 271 3539 et
317 3484 482 3539 omni
530 3485 876 3556 acceptioue
927 3485 1146 3554 diguus
1177 3502 1188 3541 ι
1234 3485 1377 3551 Quia
1427 3501 1597 3542 omne

137 3590 179 3630 π
204 3573 269 3629 in
299 3589 359 3632 se
387 3574 641 3630 divisum
671 3574 1058 3644 desolabitur,
1092 3583 1145 3632 et
1177 3575 1385 3632 domus
1414 3590 1596 3645 supra

137 3679 179 3720 n
211 3664 378 3720 cadet
431 3663 671 3735 (Μαιιή.
725 3680 826 3730 xn,
877 3663 991 3737 25).
1047 3664 1340 3721 Dominus
1395 3671 1592 3721 autem

137 3751 491 3826 solymorum
527 3768 627 3808 rex
661 3769 783 3807 una
809 3768 944 3809 cum
978 3753 1229 3810 domino
1254 3753 1594 3824 patriarcha

137 3859 154 3897 3
186 3841 572 3898 ecclesiarum
596 3840 873 3915 praelatiS,
898 3842 1075 3898 simul
1099 3847 1156 3900 et
1177 3843 1341 3899 laicis
1382 3843 1594 3916 princi-

153 3930 417 3987 debitam
434 3936 703 4000 gerentes
729 3931 1215 4001 sollicitudinem,
1243 3932 1594 3988 convenien-

142 4026 220 4076 ud
243 4036 327 4086 se,
354 4025 410 4075 et
435 4020 582 4092 quid
614 4020 672 4075 in
700 4024 824 4076 tam
840 4019 1174 4092 periculoso
1206 4036 1404 4077 rerum
1439 4025 1594 4077 statu

147 4125 244 4165 um
278 4108 369 4175 sit,
404 4124 643 4165 summa
675 4108 981 4179 diligentia
1012 4109 1431 4178 deliberantes,
1465 4108 1592 4166 licet

137 4198 206 4252 cti
234 4197 635 4268 imprudentis
661 4204 715 4253 et
748 4197 1024 4254 dissoluti
1055 4198 1344 4270 principis
1387 4198 1595 4256 merita

137 4288 258 4340 itur
282 4286 534 4356 exigere,
587 4287 706 4342 vim
739 4286 952 4343 inferre
983 4286 1279 4354 dubitant,
1321 4303 1395 4344 ne
1422 4286 1590 4355 forte,

144 4391 200 4430 m
226 4373 451 4429 viribus
473 4379 528 4430 et
548 4377 770 4445 rogatis
793 4376 1048 4443 auxiliis,
1074 4375 1277 4432 volens
1297 4376 1591 4441 resistere,

137 4499 140 4513 .
169 4470 430 4535 exponat
477 4464 806 4534 regionem.
839 4465 997 4520 unde
1033 4480 1134 4522 eos
1179 4465 1591 4537 postmodum,

148 4552 351 4610 volens
375 4552 671 4609 etenitens
698 4554 1043 4625 plurimum,
1069 4570 1189 4611 non
1222 4554 1410 4627 possit
1431 4571 1595 4611 amo·

139 4642 287 4700 Item
339 4642 502 4715 apud
532 4643 844 4699 hominem
903 4644 1206 4709 insanum,
1240 4649 1296 4699 et
1325 4644 1402 4700 ad
1436 4645 1595 4701 mala

137 4731 328 4805 pitem,
357 4731 666 4788 maleficiis
688 4738 1196 4805 praeoccupatum,
1229 4733 1508 4804 precibus
1541 4741 1596 4790 et

143 4819 306 4877 ribus
339 4822 576 4878 monitis
624 4821 824 4879 locum
850 4837 971 4878 non
997 4838 1125 4877 esse
1154 4822 1550 4892 intelligentes
1576 4840 1591 4890 ;

137 4925 216 4966 ,oc
232 4911 575 4968 essetsurdo
589 4911 752 4968 asino
765 4927 1018 4968 narrare
1043 4911 1330 4983 fabulam,
1360 4917 1413 4968 et
1426 4912 1597 4969 verba

154 4999 299 5056 dare
323 5021 346 5071 ;
378 5000 605 5056 mittere
633 5000 787 5055 viros
813 5000 1136 5072 prudentes
1158 5005 1211 5055 et
1241 5000 1598 5057 exhortatio·

139 5088 350 5145 bentes
392 5089 666 5162 gratiam,
698 5104 818 5144 non
852 5093 1240 5161 praesumunt.
1294 5089 1599 5146 Sustinent

138 5177 364 5235 malum
423 5177 553 5243 hoc,
614 5193 689 5233 ne
742 5177 1005 5233 deterius
1052 5178 1378 5244 incurrant,
1410 5178 1488 5235 ab
1527 5193 1598 5235 eo

137 5271 360 5323 etantes
410 5266 766 5333 subsidium,
799 5267 903 5339 qui
951 5266 1101 5324 solet
1146 5271 1490 5323 convertere
1542 5266 1596 5323 in

137 5354 251 5411 ndo
279 5356 460 5411 maris
482 5358 707 5428 positos
726 5374 738 5423 ;
763 5357 977 5413 sedare
997 5356 1186 5413 nivem
1206 5356 1357 5412 sicut
1372 5357 1599 5421 lanam,

137 5460 173 5499 ns
187 5443 1597 5517 cristallumsicutbuccellampcmis(Psal.cx1.v11,

144 5536 208 5590 ut
237 5532 330 5589 ille
354 5531 561 5590 divina
602 5534 937 5592 visitatione
979 5533 1403 5601 commonitus,
1438 5536 1495 5592 et
1524 5534 1603 5590 ad

1710 1789 1951 1846 vitricus
1974 1806 1987 1857 ;
2024 1791 2308 1860 magister
2328 1806 2569 1866 quoque
2621 1790 2843 1847 militiae
2886 1791 3132 1865 Templi,
3182 1789 3362 1848 frater

1711 1878 2007 1936 Arnaldus
2019 1881 2093 1935 de
2104 1881 2328 1949 Toroge
2344 1897 2358 1946 ;
2374 1880 2658 1950 magister
2668 1894 2913 1954 quoque
2925 1880 3145 1936 domus
3159 1880 3366 1953 Hospi-

1710 1966 1865 2034 talis,
1896 1965 2077 2024 frater
2100 1971 2365 2038 Rogerus
2391 1968 2465 2024 de
2497 1967 2729 2036 notius,
2757 1967 2838 2024 ad
2859 1973 3058 2041 partes
3078 1967 3209 2025 illas
3231 1982 3365 2040 pro·

1709 2061 1940 2129 perent,
1968 2061 2281 2124 tentantes,
2307 2058 2353 2114 si
2385 2057 2598 2131 praevia
2629 2057 2733 2114 Dei
2765 2056 2973 2128 gratia,
2996 2062 3099 2113 aut
3127 2055 3206 2114 ad
3219 2060 3366 2114 tem-

1711 2162 1844 2219 pus‚
1879 2151 1984 2203 aut
2004 2146 2065 2202 in
2090 2146 2851 2219 perpetuum,tantismalis
2874 2145 3116 2220 aliquod
3131 2145 3364 2217 possint

1708 2235 1974 2291 invenire
1996 2240 2052 2291 et
2076 2241 2281 2308 aptare
2307 2235 2661 2291 remedium.
2684 2234 3071 2292 Timebamus
3084 2234 3268 2304 enim,
3286 2249 3360 2291 ne

1709 2323 1857 2381 forte
1888 2340 1925 2381 a
1949 2324 2198 2381 domino
2228 2339 2388 2396 papa
2409 2329 2464 2380 et
2505 2324 2926 2381 transmarinis
2965 2323 3355 2396 principibus,

1708 2413 1884 2469 nobis
1901 2414 1977 2470 ad
1991 2413 2437 2485 negligentiam,
2455 2413 2548 2469 vel
2558 2413 2755 2485 potius
2768 2412 2848 2469 ad
2863 2412 3152 2469 malitiam
3168 2412 3362 2486 impu·

1710 2508 1949 2570 taretur,
1965 2503 2236 2559 sivicinis
2256 2501 2473 2560 nostris
2505 2506 2626 2559 tam
2658 2503 2878 2559 misera
2896 2506 3055 2559 sorte
3083 2501 3362 2559 laboran-

1709 2591 1883 2661 tibus,
1898 2591 2133 2649 nullum
2154 2592 2437 2649 daremus
2467 2589 2912 2665 compassionis
2935 2591 3356 2661 signum‚nul·

1706 2680 1831 2737 lum
1885 2681 2262 2738 studeremus
2320 2680 2608 2738 adhibere
2658 2678 3015 2737 remedium.
3071 2679 3363 2737 Dominus

1707 2770 1885 2844 igitur
1897 2770 2586 2842 patriarcha‚assumptis
2602 2785 2674 2825 ex
2693 2768 3087 2825 Ecclesiarum
3103 2767 3360 2840 praelatis

1706 2859 1955 2916 domino
1969 2859 2255 2917 Monacho
2270 2858 2619 2916 Coesariensi
2638 2857 2845 2924 elect0,
2860 2856 3106 2914 domino
3123 2855 3361 2915 Alberto

1709 2947 2137 3008 Bethlehemita
2166 2948 2469 3023 episcopo,
2503 2947 2747 3005 domino
2797 2945 3089 3005 Rainaldo
3140 2946 3366 3004 abbate

1708 3039 1929 3095 montis
1961 3038 2126 3105 Sion,
2167 3037 2416 3095 domino
2440 3039 2608 3095 Petro
2638 3037 2900 3095 ecclesiae
2933 3036 3222 3094 Dominici
3254 3038 3359 3095 Se-

1707 3127 1899 3201 pulcri
1921 3128 2136 3200 priore,
2164 3126 2559 3200 prudentibus
2583 3126 2725 3184 viris
2750 3131 2808 3183 et
2828 3126 3117 3193 discretis,
3153 3125 3363 3183 subse-

1704 3217 2033 3293 quentibus
2057 3232 2196 3272 eum
2223 3216 2354 3274 aliis
2385 3216 2437 3290 ej
2449 3215 2652 3273 usdem
2706 3216 2929 3273 itineris
2955 3214 3359 3285 consortibus,

1706 3305 1784 3363 ad
1815 3311 2014 3380 partes
2031 3307 2162 3363 illas
2190 3305 2501 3362 descendit
2527 3310 2998 3379 ;assumptoque
3019 3303 3131 3360 sibi
3145 3303 3361 3361 comite

1703 3395 2086 3468 TripolitanO,
2114 3395 2307 3451 eidem
2337 3394 2590 3466 principi
2634 3393 2910 3450 familiari
2939 3393 3275 3450 admodum
3305 3395 3363 3449 et

1704 3491 1971 3556 accept0,
2003 3488 2295 3540 uteorum
2326 3482 2575 3539 verbum
2628 3481 2859 3539 facilius
2884 3480 3116 3538 effectui
3158 3484 3365 3554 posset

1705 3572 2232 3646 mancipari,apud
2249 3571 2586 3629 Laodiciam
2601 3570 2963 3628 conveniunt
2978 3588 2992 3637 ;
3010 3570 3364 3643 tandemque

1706 3669 1827 3720 tam
1865 3662 2182 3718 dominum
2206 3662 2555 3734 principem,
2572 3658 3090 3732 quemdomiuum
3116 3660 3364 3731 patriar-

1703 3754 1876 3809 cham
1918 3751 2171 3808 seorsim
2193 3750 2639 3815 convenientes,
2674 3748 2834 3805 diem
2877 3748 3112 3823 utrique
3138 3748 3361 3804 consti-

1707 3845 1879 3897 tuunt
1899 3839 2061 3913 apud
2084 3838 2461 3895 Antiochiam
2495 3855 2509 3905 ;
2543 3836 2644 3893 ubi
2666 3840 3017 3910 praetentato
3046 3835 3189 3892 hinc
3217 3832 3362 3892 inde

1706 3929 1909 3997 verb0,
1936 3944 2151 4001 pacem
2171 3929 2537 3985 constituunt
2552 3925 2943 3999 temporalem
2963 3940 2977 3992 ;
2996 3924 3076 3981 ita
3088 3922 3365 3981 videlicet

1703 4025 1786 4086 ut,
1809 4018 2152 4076 refusistam
2181 4017 2431 4074 domino
2459 4016 2816 4089 patriarchas
2846 4028 3031 4087 quam
3063 4012 3363 4085 episcopis

1703 4112 1757 4164 et
1781 4106 1927 4163 locis
1945 4105 2384 4163 venerabilibus
2406 4120 2784 4179 quascunque
2803 4103 3149 4171 amiserant,
3174 4103 3365 4157 cesset

1704 4195 2085 4252 interdictum
2104 4200 2161 4251 et
2192 4194 2429 4268 populis
2451 4193 2992 4251 ecclesiasticorum
3017 4204 3364 4248 sacramen·

1704 4290 1902 4342 torum
1926 4284 2319 4341 restituantur
2346 4299 2620 4340 munera.
2641 4282 2772 4356 Ipse
2802 4286 3003 4337 autem
3028 4281 3089 4337 in
3119 4277 3366 4353 propria

1705 4388 1986 4446 persona,
2016 4371 2093 4429 ab
2115 4372 2412 4444 episcopis
2436 4370 2623 4428 latam
2645 4371 2938 4444 patienter
2966 4369 3117 4426 ferat
3130 4372 3367 4425 senten·

1705 4462 1866 4528 tiam;
1897 4467 2000 4518 aut
2022 4461 2070 4517 si
2088 4462 2323 4533 penitus
2365 4463 2601 4534 quoerat
2622 4459 2871 4525 absolvi,
2896 4457 3165 4531 pellicem
3215 4454 3368 4527 abji-

1702 4550 1837 4616 ciat,
1880 4565 2065 4607 uxore
2118 4549 2381 4621 legitima
2418 4552 2719 4606 revocata.
2755 4548 2852 4603 ilis
2902 4560 3046 4616 ergo
3078 4545 3361 4617 peractis,

1703 4644 1983 4712 putantes
2001 4655 2064 4695 se
2085 4639 2341 4711 regionis
2364 4636 2709 4694 incendium
2733 4634 3179 4708 aliquantulum
3211 4632 3365 4689 miti·

1703 4743 1901 4800 gesse,
1931 4728 2006 4784 ad
2031 4726 2273 4800 propria
2291 4727 2512 4783 reversi
2544 4729 2700 4781 sunt.
2726 4723 3007 4796 Princeps
3024 4736 3166 4778 vero
3184 4720 3365 4778 nihil-

1704 4817 2023 4875 ominusin
2037 4816 2264 4873 eisdem
2289 4814 2568 4872 sordibus
2594 4813 2938 4870 obstinatus
2965 4809 3364 4868 irrevocabili-

1708 4913 1792 4964 ter
1822 4911 2179 4980 perseverat.
2221 4904 2449 4977 Adjecit
2497 4909 2800 4976 praeterea,
2836 4908 2891 4958 et
2939 4900 3104 4974 quod
3128 4899 3358 4971 regioni

1705 4993 2306 5070 periculosiusest.eo
2328 4993 2458 5050 solo
2481 4991 2647 5066 quod
2677 4992 2762 5047 eis
2793 4991 3016 5048 factum
3048 4990 3176 5063 ejus
3203 4988 3361 5046 dice·

1705 5082 2226 5157 baturdisplicere,
2241 5081 2509 5138 fidelium
2533 5096 2777 5137 suorum
2801 5078 3087 5152 optimos,
3110 5078 3364 5150 inclytos

1708 5179 1764 5231 et
1790 5173 2021 5230 nobiles
2046 5172 2223 5239 viros,
2266 5175 2431 5228 extra
2460 5171 2755 5227 civitatem
2788 5175 2843 5225 et
2873 5182 3117 5225 omnem
3140 5173 3359 5225 terram

1709 5279 1885 5319 suam
1928 5260 2218 5334 expellere
2248 5277 2262 5328 ;
2299 5259 2570 5316 videlicet
2610 5255 3126 5315 constabularium
3158 5270 3360 5324 suum,

1709 5352 2105 5410 camerarium
2148 5365 2413 5423 quoque,
2471 5353 2528 5405 et
2567 5345 2962 5405 Guiscardum
3014 5347 3089 5401 de
3138 5342 3358 5408 Insula,

1709 5438 2105 5498 Bertraudum
2120 5453 2362 5512 quoque
2376 5437 2561 5493 filium
2579 5436 2812 5492 comitis
2827 5433 3151 5502 Gisleberti,
3176 5437 3233 5489 et
3252 5430 3365 5489 Ga·

1712 5532 1910 5590 rinum
1926 5530 2189 5599 Gainart3
2204 5527 2308 5602 qui
2320 5525 2401 5585 ad
2411 5525 2727 5583 dominum
2741 5524 3044 5597 Rupinum
3055 5520 3364 5580 Armenio·
