3784 6000
302 190 444 249 1187

1723 185 1917 251 Lucu
1961 185 2039 245 111
2078 186 2288 244 PAPAE

3592 192 3706 251 ms

299 317 586 384 nasticus,
617 315 720 389 qui
748 313 1082 372 secundum
1114 315 1302 369 Deum
1359 317 1416 368 et
1453 310 1614 367 Beati
1657 310 1953 367 Benedicti
1984 314 2026 369 A
2062 315 2118 373 et
2145 312 2242 368 hic
2267 311 2529 369 fructum
2569 312 2750 370 bonae
2777 312 3029 370 actionis
3060 314 3410 390 percipiant
3462 319 3528 373 et
3574 320 3708 390 apud

300 406 588 479 Regulam
633 406 695 460 in
735 404 948 461 eodem
992 402 1360 460 monasterio
1407 401 1766 457 constitutus
1823 415 1954 456 esse

299 496 688 567 dignoscitur,
723 493 1024 566 perpetuis
1055 492 1274 548 ibidem
1302 489 1674 563 temporibus
1703 488 1952 546 inviola-

298 584 872 643 biliterobservetur.
899 584 1184 636 Praeterea
1196 594 1591 653 quascunque
1614 579 1952 650 possessio-

299 691 428 741 nes,
456 687 834 746 quascunque
852 670 1015 727 bona
1035 670 1260 726 ibidem
1273 668 1701 725 monasterium
1722 668 1784 723 in
1804 683 1954 741 prae-

296 780 432 820 sens
448 764 608 834 juste
640 769 695 816 et
750 761 1040 816 canonice
1078 758 1361 831 possidet,
1420 762 1526 814 aut
1563 757 1622 813 in
1676 756 1949 813 futurum

299 852 682 909 concessione
712 849 1085 922 pontificum,
1116 848 1428 917 largitione
1453 861 1663 916 regum
1687 845 1951 919 velprin-

295 942 542 1016 cipium,
572 941 876 998 oblatione
915 937 1204 1007 fidelium,
1234 953 1340 993 seu
1371 937 1503 993 aliis
1530 936 1707 1006 iustis
1727 934 1947 998 modis,

294 1037 619 1105 praestante
640 1029 918 1094 Domino,
944 1027 1155 1100 poterit
1173 1025 1451 1098 adipisci,
1475 1024 1649 1081 firma
1670 1023 1841 1080 vobis
1858 1040 1951 1079 ve-

295 1121 555 1192 strisque
582 1119 1032 1175 successoribus
1054 1120 1111 1172 et
1142 1115 1370 1171 illibata
1429 1119 1843 1185 permaneant.
1886 1116 1951 1168 ln

295 1208 651 1282 quibushaec
663 1205 912 1279 propriis
924 1200 1591 1275 duximusexprimenda
1603 1200 1945 1262 vocabulis:

368 1295 816 1360 Wilbodesson,
842 1292 1229 1358 watervelde,
1268 1292 1535 1357 Trevere,
1588 1290 1809 1354 Atride,
1842 1290 1950 1345 Os·

297 1386 606 1459 senthorp,
650 1383 1062 1449 Hemelhusen,
1122 1380 1598 1448 Rocethehusen,
1665 1380 1946 1444 Northen,

295 1475 605 1541 wellethe,
657 1472 1026 1536 ilrenhusen,
1086 1472 1226 1527 item
1293 1469 1573 1541 Northen,
1625 1468 1948 1533 flistniche,

294 1565 550 1629 Wetere,
590 1561 1180 1620 Hathesbatthessen,
1215 1559 1581 1623 volmarsen,
1597 1559 1946 1625 Guntersen,

2062 399 2392 457 districtum
2410 401 2678 472 judicem
2691 402 3187 475 praemiaoeternoe
3203 404 3378 477 pacis
3393 404 3707 464 inveniant.

2062 492 2272 544 Amen.

2133 580 2256 648 Ego
2281 577 2498 636 Lucius
2529 579 2842 637 catholicae
2869 580 3152 638 Ecclesiae
3184 581 3556 656 episcopus.

2131 669 2254 738 Ego
2306 668 2649 726 Theodinus
2692 670 3040 727 Portuensis
3089 676 3149 726 et
3207 670 3458 728 Sanctae
3507 670 3708 729 Rufina

2060 758 2218 815 sedis
2247 759 2591 831 episcopus,

2131 848 2253 916 Ego
2295 847 2578 904 Henricus
2603 847 2956 905 albanensis
2993 848 3345 922 episcopus.

2130 936 2252 1004 Ego
2291 937 2607 994 Gratianus
2631 936 2738 994 SS.
2776 939 3007 994 Cosinoe
3033 943 3089 994 et
3119 939 3400 995 Damiani
3429 937 3711 996 diaconus

2059 1023 2409 1081 cardinalis.

2131 1115 2253 1182 Ego
2282 1115 2558 1170 vivianus
2584 1113 2645 1172 S.
2679 1114 2962 1187 Stephani
3010 1113 3072 1170 in
3112 1114 3296 1173 Coelio
3348 1117 3556 1174 Honte
3597 1132 3712 1190 pre-

2059 1201 2258 1273 sbyter
2273 1202 2621 1260 cardinalis.

2090 1336 2102 1347 .
2131 1293 2252 1361 Ego
2271 1291 2576 1349 Labor-ans
2608 1291 2922 1364 presbyter
2952 1293 3278 1350 cardinalis
3323 1293 3573 1352 Sancto
3611 1297 3714 1352 Ιι·

2056 1380 2159 1436 riae
2182 1386 2344 1437 trans
2365 1380 2568 1439 Tiber.

2134 1472 2251 1540 Ego
2281 1472 2568 1526 Ranerius
2599 1472 2914 1544 presbyter
2949 1470 3275 1528 cardinalis
3325 1472 3434 1530 SS.
3468 1473 3709 1532 Joannis

2058 1563 2114 1614 et
2140 1559 2302 1615 Pauli
2335 1560 2417 1615 tit.
2441 1559 2829 1615 pammachii.

295 1655 584 1719 Adonem,
614 1650 923 1714 Othedem,
954 1648 1338 1713 Honrothem,
1371 1646 1679 1712 Overethe,
1719 1650 1950 1705 curtem
1980 1674 2024 1729 Β
2126 1648 2344 1703 Datum
2386 1647 2635 1713 velletri,
2666 1663 2771 1720 per
2798 1663 3048 1705 manum
3079 1648 3304 1706 Alberti
3338 1651 3401 1706 S.
3431 1652 3706 1708 Romana

294 1744 357 1800 in
384 1743 629 1800 Suthem
661 1746 715 1795 et
739 1741 1039 1795 decimam
1060 1753 1237 1809 super
1259 1738 1542 1794 eamdem
1585 1737 1808 1806 villam,
1849 1739 1948 1793 Es-

294 1834 470 1890 nethe
488 1831 933 1894 Gheveburche,
954 1829 1179 1898 Limg0,
1204 1826 1550 1893 Winnethe,
1564 1826 1867 1883 decimam
1883 1828 1946 1882 in

294 1920 928 1986 Eddeesen,dec1mam
947 1920 1006 1974 in
1030 1915 1947 1986 Hatheburgusen,decimamin

293 2011 632 2075 Richersen‚
662 2007 963 2064 decimam
991 2006 1049 2062 in
1078 2006 1540 2071 Harderenssen,
1567 2005 1944 2061 Sundramin

294 2102 550 2164 Horuen,
575 2097 828 2154 domum
846 2095 1002 2152 infra
1030 2111 1236 2150 muros
1255 2093 1514 2150 civitatis
1549 2091 1942 2159 Patherburn,

293 2194 350 2261 et
371 2189 641 2261 quinque
661 2201 854 2252 areas,
884 2185 1123 2255 etjuxta
1168 2184 1471 2240 civitatem
1519 2189 1633 2240 tres
1670 2198 1940 2249 mansos,

292 2274 588 2335 decimam
621 2277 898 2333 omnium
938 2274 1249 2331 novalium
1271 2278 1615 2329 nostrorum
1646 2277 1704 2328 et
1727 2287 1943 2328 omnes

292 2366 560 2425 decimas
583 2366 647 2421 in
674 2364 939 2420 terminis
963 2362 1336 2418 decimarum
1368 2367 1724 2417 vestrarum.

366 2459 515 2514 Cum
537 2462 733 2510 autem
764 2451 1042 2524 generale
1088 2450 1468 2507 interdictum
1515 2448 1709 2520 fuerit,
1769 2448 1944 2505 liceat

292 2546 465 2601 vobis
504 2542 723 2598 clausis
745 2542 969 2612 ianuis,
1011 2539 1272 2596 exclusis
1309 2538 1850 2596 excommunicatis
1884 2543 1943 2593 et

292 2633 638 2698 interdictis,
662 2647 783 2686 uon
807 2630 1049 2701 pulsatis
1070 2645 1203 2685 com
1211 2628 1403 2699 panis,
1428 2642 1753 2699 suppressa
1775 2642 1939 2695 voce,

292 2718 714 2778 divinaofiicia
743 2717 1065 2774 celebrare.
1100 2717 1475 2788 sepulturam
1533 2730 1780 2786 quoque
1826 2715 1944 2771 loci

291 2808 449 2866 illius
468 2809 717 2864 liberam
732 2823 861 2863 esse
882 2805 1289 2870 concedimus,
1321 2809 1383 2859 ut
1407 2819 1617 2860 eorum
1637 2802 1945 2859 devotioni

291 2902 351 2955 et
377 2902 655 2956 extremas
694 2896 1002 2959 voluntati,
1039 2895 1141 2966 qui
1163 2909 1225 2951 se
1241 2892 1358 2949 illic
1386 2892 1622 2964 sepeliri
1647 2891 1945 2950 delibera-

293 2991 501 3054 verint,
522 2987 632 3043 nisi
651 2984 1154 3042 excommunicati
1168 2984 1283 3040 sint
1299 2982 1389 3039 vel
1411 2981 1728 3048 interdicti,
1743 2981 1944 3038 nullus

293 3076 566 3143 obsistat,
591 3076 754 3132 salva
784 3082 983 3132 tamen
1004 3073 1237 3144 iustitia
1267 3072 1506 3128 illorum
1553 3071 1945 3128 ecclesiarum

294 3166 564 3239 aquibus
581 3174 956 3223 mortuorum
969 3178 1217 3234 corpora
1237 3166 1653 3218 assumuntur.
1669 3160 1878 3218 Obeun
1887 3164 1945 3215 te

292 3271 435 3312 vero
457 3262 509 3312 te
534 3270 694 3311 nunc
715 3252 991 3324 ejusdem
1011 3252 1124 3308 loci
1154 3252 1397 3318 abbate,
1420 3250 1770 3307 veltuorum
1792 3265 1945 3322 quo·

289 3344 435 3402 libet
462 3358 897 3407 successorum,
919 3342 1118 3398 nullus
1139 3341 1221 3396 ibi
1243 3340 1516 3412 qualibet
1533 3338 1946 3412 subreptionis

292 3432 514 3492 astutia
541 3449 648 3489 seu
673 3430 954 3488 violentia
976 3435 1383 3502 praeponatur,
1420 3428 1533 3484 nisi
1562 3442 1743 3500 quem
1770 3443 1947 3484 soro·

291 3538 386 3580 res
422 3522 729 3578 communi
755 3535 1076 3584 consensu,
1112 3517 1205 3574 vel
1231 3533 1369 3589 pars
1405 3517 1638 3574 consilii
1686 3516 1947 3574 sanioris

291 3610 624 3684 secundum
658 3610 757 3666 Dei
783 3613 1057 3666 timorem
1103 3613 1160 3664 et
1208 3610 1272 3664 D.
1303 3606 1599 3663 Benedicti
1648 3605 1943 3677 Regulam

290 3700 652 3774 providerint
679 3699 1044 3770 eligendum.

362 3798 749 3854 Decernimus
803 3812 946 3869 ergo
994 3801 1056 3852 ut
1119 3793 1266 3854 nulli
1317 3794 1567 3850 omnino
1622 3791 1942 3849 hominum

288 3887 464 3945 liceat
514 3887 822 3960 praelatam
868 3884 1177 3942 ecclesiam
1228 3883 1596 3956 perturbare,
1650 3885 1755 3939 aut
1810 3881 1942 3952 ejus

289 3977 703 4051 possessiones
726 3976 990 4045 ,aufert-e,
1049 3974 1137 4030 vel
1186 3973 1424 4030 ablatas
1493 3970 1768 4036 retinere,
1836 3970 1943 4025 mi-

289 4081 494 4133 nuere,
551 4082 656 4121 seu
706 4062 1076 4137 quibuslibet
1159 4059 1578 4119 vexationibus
1657 4059 1938 4129 fatigare,

289 4156 395 4211 sed
451 4155 657 4212 omnia
726 4154 956 4224 integra
1020 4157 1446 4208 conserventur
1520 4164 1754 4216 eorum,
1827 4164 1936 4220 pro

289 4258 553 4316 quorum
581 4242 1014 4313 gubernatione
1061 4256 1132 4297 ac
1177 4239 1604 4295 sustentatione
1652 4253 1940 4295 concessa

292 4336 434 4387 sunt
492 4330 702 4386 usibus
766 4327 1134 4386 omnimodis
1181 4328 1509 4398 profutura,
1565 4326 1734 4384 salva
1778 4327 2015 4429 sedisD

290 4418 626 4492 apostolicae
646 4418 997 4475 auctoritate
1021 4416 1408 4473 etdioecesani
1452 4417 1719 4488 episcopi
1760 4431 1942 4473 cano-

287 4510 425 4566 nica
441 4508 689 4581 justitia.
719 4507 777 4566 Si
800 4507 945 4580 quia
973 4507 1222 4578 igiturin
1234 4506 1499 4563 futurum
1530 4506 1938 4564 ecclesiastica

289 4598 673 4657 saecularisve
690 4612 949 4672 persona
972 4598 1127 4655 hanc
1140 4602 1356 4653 nostrai
1368 4596 1810 4653 constitutionis
1835 4612 1940 4668 pa-

288 4689 493 4761 ginam
525 4690 742 4760 sciens,
766 4693 1118 4746 contraeam
1146 4691 1365 4744 temere
1395 4685 1591 4742 venire
1605 4686 1939 4753 tentaverit,

288 4781 348 4836 et
372 4777 638 4835 secundo
662 4778 909 4835 tertiove
937 4775 1328 4843 commonita,
1367 4774 1481 4830 nisi
1522 4774 1943 4847 praesumptio-

288 4883 429 4925 nem
456 4867 828 4939 suamdigna
854 4865 1259 4923 satisfactione
1278 4866 1609 4929 correxerit,
1627 4863 1941 4936 potestatis

287 4956 655 5030 honorisque
669 4956 761 5012 sui
775 4956 1064 5026 dignitate
1082 4961 1304 5020 careat,
1320 4968 1609 5025 reamque
1642 4967 1704 5009 se
1729 4952 1938 5009 divino

282 5046 512 5117 judicio
528 5046 778 5102 existere
794 5045 870 5102 de
881 5048 1221 5117 perpetrata
1245 5042 1555 5114 iniquitate
1582 5047 1937 5113 cagnoscat,

289 5140 346 5192 et
369 5150 407 5192 a
435 5136 837 5193 sacratissimo
860 5149 1114 5205 corpore
1140 5147 1211 5189 ac
1256 5134 1548 5201 sanguine
1578 5130 1677 5187 Dei
1731 5137 1787 5186 et
1834 5132 1942 5186 Do·

290 5226 436 5282 mini
462 5223 873 5296 Redemptoris
901 5224 1085 5281 nostri
1126 5220 1269 5279 Jesu
1305 5219 1517 5277 Christi
1563 5220 1761 5278 aliena
1812 5218 1937 5285 fiat,

287 5321 466 5388 atque
497 5315 559 5370 in
583 5323 844 5370 extremo
862 5313 1140 5371 examine
1168 5310 1447 5368 districtae
1486 5311 1689 5367 ultioni
1721 5310 1934 5382 subja·-

288 5409 439 5464 cest.
465 5405 703 5463 Cunctis
731 5408 937 5462 autem
957 5402 1156 5461 eidem
1178 5402 1309 5459 loco
1347 5400 1617 5473 suajura
1644 5400 1938 5458 servanti·

285 5491 427 5566 bus,
447 5495 523 5556 sit
547 5509 669 5572 pax
696 5492 935 5564 Domini
952 5492 1145 5552 nostri
1163 5493 1307 5552 Jesu
1351 5491 1586 5559 Christi,
1628 5494 1934 5568 quatenus

2057 1733 2332 1793 Ecclesiae
2382 1737 2713 1809 presbyteri
2751 1737 3075 1793 cardinalis
3133 1742 3190 1793 et
3243 1739 3625 1808 cancellarii,
3661 1754 3710 1794 m

2055 1825 2306 1883 Kalend.
2336 1826 2542 1891 Martii,
2583 1825 2930 1891 indictione,
2957 1841 2998 1895 1,
3036 1825 3490 1883 Incarnationis
3521 1827 3712 1884 Domi-

2053 1917 2203 1971 nicae
2231 1916 2570 1984 ann01183,
2624 1913 3007 1986 pontificatus
3055 1930 3196 1971 vero
3258 1915 3512 1973 domini
3554 1916 3712 1972 Lucii

2053 2004 2210 2060 tertii
2235 2020 2399 2060 anno
2429 2002 2721 2061 secundo.

2051 2207 2480 2265 monasterium
2516 2207 2582 2264 S.
2614 2207 2927 2264 Laurentii
2985 2207 3361 2265 Averscmum
3425 2208 3712 2266 tuendum

2190 2281 2438 2348 suscipit
2456 2283 2700 2350 eJusque
2740 2280 2894 2336 bona
2914 2293 2987 2337 ae
3014 2281 3165 2349 jura
3188 2279 3550 2348 confirmat.

2565 2367 2837 2440 (velletri,
2889 2370 3049 2425 Mart.
3089 2368 3202 2441 18.)
3397 2394 3410 2409 -

2300 2456 2654 2530 [Misenum.
2689 2459 2916 2515 Bullar
2945 2457 3176 2525 Casia„
3233 2458 3306 2523 ll,
3327 2456 3496 2533 200.]

2121 2547 2314 2604 Lucius
2338 2547 2679 2619 episcopus,
2709 2561 2916 2603 servus
2946 2561 3256 2603 servorum
3317 2548 3454 2616 Dei,
3484 2547 3704 2605 dilectis

2048 2635 2183 2692 filiis
2213 2635 2801 2701 Bouonomsi,abbati
2825 2634 3166 2691 monasterii
3184 2636 3389 2692 Sancti
3411 2635 3704 2693 Laurentii

2049 2726 2125 2780 de
2137 2727 2382 2791 Aversa,
2400 2724 2648 2798 ejusque
2665 2724 2949 2781 fratribus
2963 2731 3080 2780 tam
3100 2724 3515 2797 praesentibus
3529 2740 3702 2797 quam

2052 2813 2262 2870 futuris
2288 2813 2622 2884 regularem
2653 2816 2835 2870 vitam
2861 2814 3169 2885 professis,
3193 2815 3256 2870 in
3291 2820 3672 2889 perpetuum.

2123 2902 2409 2960 Effectum
2429 2904 2593 2974 J'usta
2620 2902 3068 2976 postulantibus
3095 2902 3440 2974 indulgere,
3467 2909 3525 2961 et
3551 2905 3708 2975 vigor

1975 3018 2016 3076 C
2051 2992 2352 3066 inquitatis
2370 2998 2426 3049 et
2441 2992 2592 3050 ordo
2622 2994 2805 3063 exigit
2830 2992 3098 3063 rationis,
3114 2993 3458 3066 praesertim
3476 2992 3705 3068 quando

2053 3084 2380 3156 petentium
2411 3082 2744 3139 voluntates
2777 3086 2833 3139 et
2862 3082 3058 3154 pietas
3100 3081 3360 3153 adjuvat
3400 3089 3463 3139 et
3498 3083 3705 3140 veritas

2054 3186 2177 3228 non
2207 3171 2505 3244 relinquit.

2124 3262 2520 3334 Quapropter,
2546 3260 2746 3318 dilecti
2773 3261 2833 3317 in
2870 3260 3124 3317 Domino
3147 3258 3275 3327 filii,
3307 3260 3529 3317 vestris
3542 3261 3707 3334 justis

2055 3350 2552 3423 postulationibus
2580 3351 2900 3407 clementer
2926 3350 3257 3406 annuimus
3296 3357 3357 3406 et
3403 3350 3706 3424 praefatum

2055 3440 2506 3506 monasterium,
2535 3439 2699 3512 quod
2722 3438 2916 3494 existit
2938 3438 3090 3509 juris
3110 3437 3273 3494 beati
3298 3437 3463 3495 Petri
3485 3440 3708 3513 specia-

2053 3527 2206 3595 liter,
2235 3529 2294 3583 in
2324 3544 2448 3600 quo
2485 3528 2690 3584 divino
2719 3528 2862 3583 estis
2891 3525 3188 3599 obsequio
3243 3528 3602 3601 mancipati,
3639 3525 3708 3583 ad

2053 3616 2360 3690 exemplar
2378 3617 2889 3689 praedecessorum
2921 3621 3270 3671 nostrorum
3297 3615 3495 3672 felicis
3529 3631 3710 3673 recor-

2052 3705 2313 3762 dationis
2355 3706 2576 3762 Urbani
2607 3712 2662 3761 et
2688 3704 3011 3761 Alexandri
3039 3706 3463 3762 Romanorum
3487 3705 3709 3778 pontifi·

2053 3810 2214 3861 cum,
2247 3796 2362 3851 sub
2388 3794 2541 3850 beati
2575 3794 2723 3850 Petri
2753 3800 2810 3849 et
2845 3799 3051 3851 nostra
3098 3794 3476 3866 protectione
3529 3797 3706 3852 susci·

2052 3885 2272 3957 pimus,
2303 3889 2360 3939 et
2380 3883 2690 3956 praesentis
2746 3882 2951 3954 scripti
3001 3880 3314 3955 privilegio
3371 3884 3704 3941 communi·

2051 3989 2190 4030 mus
2223 3989 2238 4039 ;
2266 3973 2327 4028 in
2359 3971 2569 4045 primis
2597 3970 2900 4043 siquidem
2926 3976 3256 4027 statuentes
3285 3977 3352 4029 ut
3415 3973 3575 4031 ordo
3595 3989 3706 4030 mo-

2050 4062 2318 4119 nasticus
2359 4061 2471 4134 qui
2525 4062 2858 4117 secundum
2919 4060 3106 4116 Deum
3168 4067 3227 4116 et
3280 4062 3345 4116 B.
3411 4063 3703 4119 Benedicti

2050 4152 2336 4221 Regulam
2365 4151 2426 4206 in
2470 4149 2685 4207 eodem
2750 4149 3116 4206 monasterio
3155 4151 3532 4206 constitutus
3589 4167 3704 4208 esse

2048 4240 2446 4311 cognoscitur,
2478 4240 2774 4312 perpetuis
2793 4238 3018 4296 ibidem
3038 4238 3425 4311 temporibus
3459 4240 3708 4298 inviola-

2048 4329 2242 4387 biliter
2268 4328 2634 4386 observetur.

2119 4422 2407 4476 Praeterea
2433 4432 2830 4491 quascunque
2854 4417 3294 4492 possessiones,
3325 4433 3708 4494 quincunque

2047 4507 2213 4565 bona
2231 4507 2392 4565 idem
2424 4509 2853 4564 monasterium
2879 4508 2941 4563 in
2973 4505 3432 4579 praesentiarum
3443 4506 3626 4581 ,juste
3659 4512 3708 4564 et

2050 4599 2339 4654 canonice
2362 4595 2645 4670 possidet,
2675 4595 2847 4653 autin
2862 4595 3130 4653 futurum
3143 4595 3543 4654 concessione
3566 4613 3708 4672 pon-

2052 4685 2299 4752 tificum,
2318 4685 2633 4756 largitione
2660 4700 2873 4758 regum
2906 4685 2998 4743 vel
3020 4683 3387 4757 principum,
3406 4686 3708 4744 oblatione

2049 4775 2341 4842 fidelium,
2359 4791 2465 4831 seu
2489 4774 2618 4832 aliis
2625 4775 2803 4848 justis
2822 4775 3045 4841 modis,
3070 4778 3396 4842 praestante
3435 4776 3709 4842 Domino,

2050 4863 2715 4939 poteritadipisci,firma
2729 4864 2896 4921 vobis
2913 4862 3120 4920 vestris
3169 4878 3239 4919 ue
3258 4864 3710 4922 successoribus

2050 4953 2341 5010 etillibata
2360 4953 3102 5025 permaneant.Universas
3123 4877 3379 5023 {noque
3407 4953 3710 5018 ecclesias,

2053 5048 2237 5100 terras
2256 5041 2574 5114 etoppida,
2600 5057 2737 5114 quoe
2751 5040 3182 5098 monasterium
3217 5040 3429 5111 ipsum
3463 5043 3715 5100 rationa-

2051 5131 2243 5189 biliter
2256 5131 2541 5202 possidet,
2559 5131 2729 5187 vobis
2761 5135 2819 5186 et
2838 5130 3034 5185 eidem
3056 5144 3155 5187 mo
3176 5129 3458 5186 nasterio
3476 5132 3716 5189 auctori·

2051 5227 2168 5279 tate
2179 5219 3187 5295 apostolicacontirmamus.Missas
3215 5223 3425 5274 autem
3445 5221 3713 5294 publicas

2051 5311 2131 5369 ab
2148 5310 2351 5384 aliquo
2370 5310 2725 5381 episcopoin
2754 5308 2960 5366 eodem
2985 5307 3358 5364 monasterio
3399 5309 3710 5374 celebran'.

2053 5397 2496 5460 stationesfleri,
2519 5399 2930 5470 processiones
2947 5395 3181 5462 deduci,
3202 5395 3281 5453 ab
3293 5412 3452 5469 sque
3477 5399 3710 5457 abbatis

2050 5487 2149 5554 ul
2165 5487 2420 5548 fratrum
2447 5487 2743 5547 voluntate
2763 5485 3132 5546 omnimodis
3177 5484 3440 5559 prohibe
3451 5503 3622 5559 mus,
3645 5503 3710 5547 ns
