3784 6000
999 237 1202 301 mS'r.
1250 238 1519 303 RERUM
1563 237 2108 302 TRANSMARIN.
2153 272 2231 286 —-
2275 238 2425 302 LIB.
2473 239 2637 302 vm.

3400 248 3522 311 410

101 374 307 442 suerit,
337 378 397 432 et
444 376 729 445 quomodo
774 374 886 430 sub
932 371 1473 431 Nabuchodonosor
1516 372 1755 447 Babylo·
1784 373 1840 443 Α
1870 389 2046 447 rupes
2076 379 2165 432 est
2192 373 2624 447 aliquantulum
2675 373 3048 447 eminentior,
3091 395 3224 437 cum
3256 380 3518 452 subjecta

103 463 345 522 nior-nm
386 478 520 535 rege
576 463 867 533 ceciderit,
928 462 1263 536 iterumque
1312 464 1421 521 sub
1454 462 1602 537 Cyro
1629 480 1764 537 rege

105 553 421 611 Persarum
444 553 811 611 azorobabel
848 556 907 610 et
942 552 1085 610 Jesu
1121 554 1419 610 sacerdote
1442 570 1652 627 magno
1679 570 1762 610 re·

105 642 465 699 aedificatum
513 642 733 710 fuerit3
782 646 842 698 et
889 642 1183 716 quomodo
1244 641 1389 698 illud
1443 643 1598 699 idem
1630 658 1763 699 cum

107 732 391 790 universa
419 731 562 789 urbe
592 731 962 803 postmodum
997 730 1104 788 sub
1153 732 1307 801 Tito,
1363 732 1761 790 Romanorum

110 821 401 895 principe,
436 820 691 878 deletum
730 820 924 890 fuerit,
966 824 1186 878 veteres
1215 822 1456 878 tradunt
1483 820 1760 879 historia.

109 910 303 983 liujus
323 914 521 968 autem
546 910 682 983 quis
701 914 906 968 auctor
927 910 1123 979 suerit,
1148 916 1201 968 et
1230 926 1358 983 quae
1390 910 1765 983 compositio-

108 999 203 1055 nis
234 999 318 1056 sit
335 1000 545 1069 forma,
570 999 631 1056 in
657 1000 926 1072 praesenti
948 1000 1166 1056 suflicit
1185 1000 1443 1057 edocere.
1467 1002 1671 1067 Porr0,
1703 1000 1764 1056 in

108 1088 403 1162 principio
435 1088 612 1160 hujus
654 1087 992 1160 voluminis,
1014 1089 1240 1146 aedilicii
1264 1089 1444 1161 hujus
1466 1094 1764 1147 auctorem

109 1177 371 1234 diximus
402 1177 615 1234 Homer
643 1176 833 1233 fllium
873 1178 1070 1247 Catab,
1130 1178 1231 1250 qui
1284 1179 1491 1235 tertius
1529 1195 1564 1233 a
1592 1178 1765 1234 sedu-

109 1271 267 1325 ctore
298 1265 663 1333 Mahomcth,
696 1267 908 1324 erroris
948 1270 1006 1323 et
1037 1267 1195 1339 regni
1245 1283 1549 1324 successor
1584 1266 1765 1323 exsti-

111 1357 182 1413 tit
213 1372 229 1411 ε
264 1363 322 1412 et
355 1356 439 1412 ita
463 1371 612 1422 esse,
642 1357 887 1428 antiqua
936 1356 1262 1413 litterarum
1297 1363 1675 1413 monumenta
1707 1356 1764 1412 in

113 1444 321 1502 codem
343 1445 588 1502 aedilicio
610 1445 767 1501 intus
789 1445 1030 1518 scripta,
1072 1450 1128 1502 et
1167 1447 1237 1503 de
1270 1446 1428 1517 soris,
1460 1445 1768 1503 manifeste

115 1534 438 1593 declarant.
470 1536 678 1592 Forma
708 1551 840 1593 vero
873 1537 1205 1609 hujusmodi
1235 1543 1360 1594 cst:
1388 1538 1576 1609 platea
1606 1554 1765 1609 quae-

113 1627 271 1693 dam,
296 1629 589 1697 quantum
619 1641 791 1683 arcus
821 1626 915 1683 vix
937 1626 1134 1698 jacere
1173 1630 1361 1697 potest
1388 1627 1608 1682 habens
1644 1625 1769 1682 lon-

111 1712 404 1788 gitudinis
432 1718 490 1771 et
536 1714 865 1771 latitudinis
913 1716 1301 1783 tantumdem,
1362 1715 1765 1787 quadrangula

112 1808 167 1862 et
211 1803 733 1877 aquidistantibus
790 1809 1064 1861 contenta
1119 1804 1424 1875 lateribuS,
1461 1822 1628 1863 muro
1661 1804 1766 1862 cir·

110 1894 394 1951 cumdata
414 1898 503 1949 est
527 1892 739 1964 valido,
760 1893 1088 1951 altitudinis
1112 1895 1424 1951 moderatae
1450 1912 1464 1963 ;
1498 1895 1557 1950 in
1589 1910 1763 1965 quam

111 1982 181 2038 ab
212 1983 539 2048 occidente,
572 1982 803 2039 duabus
834 1983 1015 2054 portis
1065 1982 1363 2052 introitur,
1397 1999 1647 2054 quarum
1680 1983 1764 2038 al-

113 2077 235 2129 tera
264 2072 490 2129 dicitur
522 2071 809 2142 speciosa3
846 2071 945 2127 ubi
968 2074 1293 2129 secundum
1325 2072 1481 2144 quod
1522 2072 1581 2128 in
1610 2071 1768 2128 Acti-

115 2159 225 2217 bus
275 2160 685 2231 apostolorum
739 2161 1092 2229 continetur,
1152 2158 1428 2216 claudum
1486 2178 1553 2217 ex
1604 2165 1765 2216 utero

117 2249 325 2306 matris
352 2266 499 2316 suae,
532 2249 965 2321 eleemosynam
1006 2267 1040 2304 a
1087 2250 1526 2306 transeuntibus
1572 2257 1768 2322 pelen-

118 2342 257 2405 lcm,
321 2336 702 2396 consolidatis
740 2339 978 2395 basidus
1009 2341 1190 2395 erexit
1237 2339 1478 2407 Petrus;
1528 2338 1766 2395 alterius

119 2446 250 2487 vero
276 2433 508 2485 certum
538 2444 749 2486 nomen
790 2445 905 2486 non
937 2433 1229 2487 tenemus.
1277 2433 1323 2486 A
1371 2430 1766 2501 septentrione

121 2536 253 2577 vero
296 2535 423 2576 una
452 2536 466 2588 ;
529 2518 602 2575 ab
657 2519 880 2576 oriente
928 2535 1164 2591 quoque
1222 2519 1357 2587 alia,
1412 2535 1533 2591 ques
1586 2534 1767 2590 usque

117 2608 293 2667 hodie
312 2608 489 2665 Porta
519 2623 694 2665 aurea
722 2606 956 2667 dicitur.
985 2609 1075 2665 Ab
1115 2613 1312 2666 austro
1365 2625 1498 2665 vero
1527 2610 1766 2665 domum

114 2700 291 2757 habet
322 2698 487 2772 regia
502 2715 628 2772 quae
650 2698 871 2773 vulgari
891 2699 1276 2773 appellatione
1305 2700 1590 2773 templum
1612 2699 1769 2756 Salo·

116 2789 313 2846 monis
349 2787 701 2861 appellatur.
760 2794 945 2860 super
991 2789 1252 2862 singulas
1308 2794 1506 2847 autem
1546 2794 1764 2861 portas,

114 2895 239 2952 quas
261 2878 400 2934 urbi
424 2882 564 2934 sunt
581 2879 978 2946 contermina»,
1001 2883 1058 2935 et
1079 2896 1180 2952 per
1200 2879 1449 2953 angulos
1482 2880 1766 2953 praedictae

118 2968 461 3041 superficiei
484 2972 675 3026 turres
702 2972 870 3026 erant
898 2968 1183 3028 sublimes
1205 2970 1543 3041 admodum,
1562 2972 1620 3027 in
1643 2971 1766 3042 qui-

118 3060 229 3116 bus
252 3058 437 3116 certis
458 3057 620 3115 horis
650 3058 1077 3129 superstitionis
1121 3060 1542 3140 Saracenorum
1574 3076 1765 3117 sacer·

1867 480 1936 521 ex
1963 464 2168 521 eodem
2217 479 2357 520 saxo
2387 462 2685 534 spelunea,
2729 481 2910 538 supra
2938 483 3118 538 quam
3162 469 3379 528 sedisse
3408 487 3514 526 an-

1867 553 2035 627 gelus
2062 553 2294 625 dicitur,
2327 554 2428 623 qui
2461 559 2693 626 propter
2741 554 3263 615 dinumerationem
3314 559 3514 633 populi

1871 659 1907 698 a
1940 642 2114 700 David
2146 642 2381 699 incaute
2413 642 2647 712 tactam,
2704 645 2987 715 percussit
3034 647 3333 719 populum,
3367 665 3516 722 quo-

1871 748 2058 803 usque
2087 738 2436 805 praecepturn
2469 736 2557 789 est
2598 731 2649 788 ei
2682 749 2714 788 a
2745 732 3008 806 Domino,
3045 740 3109 792 ut
3138 753 3381 809 parcens
3410 753 3519 810 po-

1870 821 2007 895 pulo
2036 822 2299 895 gladium
2331 838 2505 879 suum
2552 827 2911 880 converteret
2958 825 3018 881 in
3079 826 3375 899 vaginam.
3409 826 3526 884 Ubi

1871 914 2247 984 postmodum
2280 915 2474 984 empta
2502 912 2792 968 sexcentis
2844 911 3004 969 siclis
3043 913 3169 971 auri
3192 915 3520 986 justissimi

1872 1000 2146 1072 ponderis
2179 1017 2333 1069 area,
2368 1001 2570 1070 altare,
2624 1006 2688 1058 ut
2720 1002 3134 1074 praemisimus,
3170 1006 3517 1062 construxit.

1871 1088 2001 1145 Ilaec
2057 1094 2252 1148 autem
2311 1094 2447 1147 ante
2495 1095 2824 1147 nostrorum
2865 1093 3188 1159 introitum,
3262 1102 3316 1149 et
3371 1100 3520 1165 post-

1870 1179 2103 1236 modum
2135 1178 2306 1235 annis
2363 1178 2691 1251 quindecim
2737 1181 2897 1236 nuda
2951 1182 3137 1253 patuit
3172 1187 3231 1240 et
3271 1186 3518 1254 aperta;

1873 1270 2071 1339 postea
2100 1284 2254 1336 vero,
2285 1267 2385 1340 qui
2418 1266 2604 1323 eidem
2647 1268 3001 1339 praet'uerunt
3029 1269 3175 1333 loco,
3217 1269 3345 1326 albo
3387 1284 3522 1326 eum

1870 1355 2267 1428 cooperientes
2300 1372 2589 1413 marmore
2619 1357 2800 1413 altare
2852 1358 3102 1430 desuper
3157 1364 3211 1414 et
3249 1359 3518 1426 chorum,

1870 1445 1932 1502 in
1964 1461 2078 1518 quo
2108 1444 2303 1503 clerus
2334 1446 2530 1503 divina
2559 1445 2831 1513 celebrat,
2864 1451 3340 1506 construxerunt.

2512 1571 2743 1628 CAPUT
2783 1573 2873 1628 IV.

1873 1660 2025 1729 Quod
2080 1663 2141 1715 in
2197 1660 2309 1716 loco
2340 1661 2506 1716 arido
2535 1664 2587 1715 et
2636 1662 2904 1733 inaquoso
2957 1663 3069 1719 sita
3098 1665 3170 1717 sit
3198 1662 3413 1719 civitas,
3444 1664 3522 1720 De

1938 1734 2091 1804 sonte
2142 1731 2303 1788 Silae.
2361 1734 2425 1788 Et
2482 1733 2744 1802 quomodo
2818 1734 2979 1801 cives,
3040 1735 3233 1791 audito
3287 1744 3518 1793 nostro-

1945 1803 2358 1945 Juntiegzdventa,
2391 1804 2542 1859 lacus
2598 1803 3005 1877 dissipaverint,
3042 1811 3096 1862 et
3123 1806 3511 1865 obstruxerint

1972 1892 2038 1931 on
2129 1918 2144 1932 .

1949 1981 2175 2038 Dicitur
2218 1989 2410 2037 autem
2471 1981 2649 2054 regio,
2711 1982 2767 2038 in
2801 1998 2915 2054 qua
2965 1983 3239 2054 praedicta
3269 1983 3372 2040 Dei
3402 1983 3528 2040 eul-

1874 2071 1990 2127 trix
2018 2071 2223 2127 civitas
2268 2070 2384 2127 cita
2411 2076 2521 2137 est,
2564 2071 2810 2140 Judaea3
2871 2072 3084 2129 dicitur
3143 2072 3521 2131 nihilominus

1873 2164 1932 2217 et
1961 2159 2274 2218 Palaestina
2311 2160 2517 2233 prima.
2551 2159 2753 2217 Judaea
2785 2176 2927 2219 sane
2960 2162 3031 2219 ab
3053 2178 3139 2233 eo,
3181 2179 3249 2219 ex
3271 2179 3382 2234 quo
3413 2163 3525 2220 de-

1873 2268 2001 2311 cem
2031 2254 2221 2309 tribus
2259 2252 2563 2309 Jeroboam
2614 2252 2799 2309 tilium
2828 2253 3057 2311 Nabath
3085 2259 3314 2320 secutae,
3345 2272 3379 2311 a
3411 2254 3529 2312 Ro-

1875 2342 2044 2399 boam
2103 2342 2220 2397 lilio
2276 2343 2606 2399 Salomonis
2653 2343 3064 2412 discesserunt,
3107 2343 3360 2415 solaeque
3390 2346 3517 2401 dues

1873 2433 2083 2496 tribus,
2108 2431 2411 2504 Benjamin
2431 2431 2698 2488 videlicet
2743 2436 2802 2488 et
2840 2431 3015 2498 Juda,
3049 2432 3415 2490 adhaeserunt
3443 2432 3519 2489 ei.

1876 2522 2035 2580 Unde
2065 2538 2098 2577 a
2128 2525 2517 2593 cognomento
2546 2520 2578 2578 J
2587 2521 2735 2589 udae,
2769 2522 3076 2593 utriusque
3119 2521 3304 2578 tribus
3342 2524 3520 2594 regio,

1872 2613 2072 2670 Judaea
2095 2611 2255 2669 dicta
2283 2615 2391 2668 est.
2441 2612 2606 2668 Unde
2654 2614 2710 2667 et
2745 2611 2888 2668 illud
2921 2616 3012 2667 est
3056 2610 3128 2668 de
3158 2612 3473 2684 Evangelio
3507 2627 3522 2668 ε

1880 2705 2170 2760 Revertere
2192 2704 2251 2758 in
2282 2710 2492 2758 terram
2531 2701 2700 2758 Iuda.
2723 2701 2888 2758 Unde
2927 2702 3102 2759 etiam
3123 2705 3244 2757 tam
3268 2703 3392 2773 ipse
3422 2703 3526 2760 Ro·

1877 2792 2068 2860 boam,
2094 2808 2266 2864 quam
2285 2792 2415 2863 ejus
2437 2808 2822 2859 successores,
2842 2792 3049 2863 reges]
3059 2791 3174 2848 uda
3193 2792 3332 2849 dicti
3363 2796 3522 2856 sunt,

1875 2897 2007 2939 cum
2042 2881 2397 2953 reliquarum
2429 2880 2624 2937 decem
2652 2880 2912 2936 tribuum
2947 2896 3132 2953 reges,
3156 2896 3318 2951 reges
3347 2880 3521 2940 lsrael

1874 2970 1961 3029 vel
1984 2970 2263 3029 Samariae
2281 2970 2638 3028 dicerentur.
2658 2969 2967 3027 Palaestina
2987 2977 3179 3027 nutem
3204 2969 3372 3043 quasi
3397 2970 3528 3028 Phi·

1876 3061 2120 3119 listhina
2139 3079 2170 3117 a
2186 3060 2538 3117 Philisthiim
2554 3060 2798 3117 deducto
2814 3059 3294 3117 nominedicitur.
3311 3060 3525 3116 Dicun-

110 3148 305 3216 dotss,
334 3151 403 3205 ut
432 3147 712 3221 populum
746 3146 819 3204 ad
848 3149 1169 3206 orationem
1201 3150 1529 3218 invitarent,
1560 3164 1766 3206 ascen-
1794 3132 1837 3200 C
1875 3153 1976 3207 tur
2006 3154 2197 3207 autem
2228 3155 2342 3206 tres
2369 3166 2499 3207 esse
2543 3149 2888 3217 Palaestinae,
2921 3165 3173 3221 quarum
3218 3149 3407 3221 prima
3436 3153 3527 3206 est

112 3238 251 3295 dere
281 3242 706 3295 consueverant
736 3254 750 3294 :
778 3252 1024 3308 quarum
1048 3242 1312 3311 quiedam
1337 3239 1530 3296 adhuc
1560 3254 1762 3310 super-

111 3332 283 3398 sunt,
317 3327 586 3402 quaedam
617 3344 753 3386 vero
799 3330 978 3386 variis
1026 3332 1254 3387 casibus
1300 3336 1440 3389 sunt
1465 3331 1762 3404 depositas.

118 3416 278 3474 Intra
300 3416 426 3474 haec
437 3417 614 3489 Igitur
628 3422 794 3490 septa
814 3418 1032 3475 nemini
1056 3418 1343 3487 habitare,
1358 3419 1765 3477 nemini-etiam

116 3505 387 3578 introire,
411 3506 527 3562 nisi
548 3506 721 3563 nudis
768 3512 824 3565 et
864 3508 998 3565 lotis
1022 3509 1269 3580 pedibus
1300 3510 1769 3581 permittebatur.

114 3595 478 3667 ianitoribus
498 3611 593 3666 per
613 3595 876 3669 singulas
912 3601 1110 3669 portas
1148 3598 1501 3666 constitutis,
1534 3598 1636 3671 qui
1669 3599 1776 3653 hu-

109 3686 216 3758 jus
248 3684 335 3743 rei
363 3700 566 3742 curam
588 3684 865 3741 haberent
897 3686 1458 3757 diligentem.Porro
1487 3687 1545 3744 in
1581 3688 1774 3745 modio

120 3774 307 3846 hujus
337 3773 427 3831 sic
446 3773 846 3845 circumseptas
868 3791 1038 3843 areae,
1088 3776 1359 3846 planities
1380 3776 1592 3833 iterum
1614 3793 1777 3848 quae-

122 3864 265 3920 dam
316 3866 411 3920 est
444 3862 813 3932 eminentior,
868 3864 1071 3922 eodem
1121 3866 1291 3922 modo
1324 3866 1715 3937 quadrilatera
1743 3884 1779 3924 a

123 3952 417 4010 lateribus
444 3951 726 4024 subjecta
766 3970 831 4010 ex
884 3953 1160 4011 omnibus
1212 3955 1479 4027 partibus
1536 3955 1779 4027 aequidi-

126 4047 337 4111 stana;
366 4042 443 4100 ad
475 4058 653 4116 quam
685 4060 719 4101 a
767 4047 927 4116 parte
980 4044 1349 4113 occidentali,
1381 4042 1606 4102 duobus
1639 4043 1780 4101 locis

130 4147 234 4205 per
289 4130 509 4202 gradus
545 4138 600 4187 et
638 4131 710 4188 ab
747 4137 949 4190 austro
998 4134 1264 4199 totidem,
1296 4134 1367 4190 ab
1397 4134 1618 4189 oriente
1647 4149 1784 4190 vero

132 4236 251 4277 uno
282 4223 517 4278 tantum
544 4220 882 4278 ascenditur
908 4238 922 4277 z
954 4220 1010 4277 in
1045 4224 1216 4293 cujus
1247 4221 1498 4295 singulis
1530 4221 1782 4293 angulis,

129 4311 371 4385 singula
408 4315 576 4368 erant
617 4311 950 4383 oratoriola,
1007 4329 1252 4384 quorum
1301 4312 1567 4386 quisdam
1598 4311 1788 4369 adhue

130 4403 391 4471 exstant,
442 4401 713 4474 quedam
762 4419 920 4472 vero,
969 4407 1034 4459 ut
1074 4402 1188 4459 alia
1233 4403 1313 4459 ibi
1353 4406 1789 4469 construentur,

1874 3256 2005 3312 quae
2039 3238 2279 3309 propriae
2322 3238 2520 3294 Judaea
2560 3237 2793 3307 dicitur,
2838 3239 3010 3309 cujus
3053 3235 3393 3309 metropolis
3441 3239 3532 3293 est

1876 3327 2316 3400 Hierosolyma;
2351 3328 2628 3388 secunda.
2661 3327 2830 3397 cujus
2864 3326 3198 3398 metropolis
3235 3334 3316 3382 est
3345 3328 3525 3383 Caesa·

1875 3433 1976 3473 rea
1996 3416 2292 3473 maritima
2316 3435 2330 3484 ;
2361 3416 2555 3485 tertia,
2571 3418 2737 3487 cujus
2770 3416 3110 3488 metropolis
3130 3419 3220 3473 est
3243 3416 3521 3477 Bethsan.

1879 3507 2000 3562 sive
2022 3506 2405 3579 ScythopoliS,
2424 3508 2595 3578 cujus
2619 3506 2792 3562 hodie
2811 3506 3153 3579 dignitatem
3168 3507 3388 3562 obtinet
3408 3505 3526 3562 Na-

1878 3613 2064 3653 zaraea
2112 3595 2383 3654 Ecclesia.
2433 3596 2562 3650 Sive
2616 3599 2810 3650 autem
2867 3595 2970 3661 sic,
3001 3594 3122 3650 sive
3160 3594 3244 3650 sic
3282 3594 3529 3664 dicatur,

1882 3696 2102 3744 certum
2135 3690 2248 3754 est,
2281 3690 2447 3741 terrae
2493 3683 2891 3754 promissionis
2921 3689 2978 3740 et
2999 3682 3178 3755 Syriae
3209 3681 3534 3754 portionem

1883 3790 2035 3844 esse,
2064 3776 2214 3845 quod
2245 3790 2313 3829 ex
2344 3789 2411 3828 ea
2443 3770 2699 3828 homelia
2730 3772 2902 3827 datur
2945 3770 3213 3841 intelligi,
3258 3785 3369 3842 qua
3401 3770 3537 3826 dici-

1887 3867 1984 3921 tur
2014 3880 2027 3919 :
2061 3863 2362 3919 Familiare
2389 3868 2473 3917 est
2519 3861 2697 3934 Syris,
2753 3865 2806 3918 et
2835 3860 3078 3916 maxime
3108 3859 3410 3917 Palestinae
3449 3875 3546 3917 re-

1884 3954 2057 4025 quini,
2090 3969 2212 4024 quae
2238 3969 2370 4023 pars
2401 3952 2583 4023 Syriae
2614 3953 2710 4020 est,
2739 3951 2796 4005 in
2825 3965 2934 4021 qua
2953 3948 3220 4005 Dominus
3240 3950 3547 4021 corporati-

1890 4050 1975 4099 ἱει-
2003 4058 2270 4114 apparere
2299 4042 2565 4113 dionalus
2595 4044 2696 4108 est,
2731 4040 2800 4096 ad
2830 4053 3037 4096 omnem
3074 4055 3214 4110 pene
3239 4054 3549 4096 sermonem

1892 4147 2047 4187 suum
2067 4131 2371 4203 parabolas
2416 4130 2673 4202 juncera.
2730 4127 2841 4186 Sed
2871 4132 2929 4185 et
2976 4127 3136 4201 quasi
3178 4128 3236 4185 in
3271 4126 3544 4184 umbilico

1896 4227 2062 4277 terrae
2092 4219 2500 4294 promissionis
2529 4219 2733 4276 eadem
2767 4219 2956 4292 posita
2997 4221 3086 4275 est
3122 4218 3301 4291 regio,
3345 4232 3548 4274 secun-

1898 4311 2040 4367 dum
2076 4311 2184 4366 hoc
2213 4311 2364 4382 quod
2400 4310 2459 4364 in
2479 4308 2663 4364 Josue
2699 4313 2864 4364 terres
2887 4305 3295 4381 promissionis
3315 4304 3547 4362 termini

1901 4399 2336 4466 describuntur,
2396 4398 2454 4454 in
2482 4415 2600 4471 quo
2650 4398 2733 4455 ita
2762 4397 2977 4470 legitur
3001 4414 3014 4452 z
3063 4398 3103 4453 A
3133 4397 3344 4453 deserto
3372 4400 3424 4452 et
3452 4395 3547 4451 Li-

130 4491 400 4563 deposita
427 4498 583 4548 suut.
617 4491 680 4547 In
711 4490 894 4564 hujus
924 4492 1247 4564 superioris
1275 4509 1418 4549 arete
1442 4492 1631 4550 medio
1652 4499 1794 4548 tem·
1819 4501 1867 4568 ῃ
1899 4490 2060 4559 bano,
2093 4497 2144 4546 et
2181 4489 2415 4562 flumine
2470 4503 2673 4558 manno
2731 4488 3027 4560 Euphrate,
3083 4501 3252 4557 usquo
3288 4484 3359 4541 ad
3399 4499 3553 4540 mare

136 4579 315 4652 plum
342 4579 690 4637 edificatum
719 4584 829 4650 est,
873 4581 1056 4640 forma
1086 4582 1320 4654 quidem
1360 4586 1708 4654 octogonum
1739 4584 1798 4637 et

136 4667 399 4726 laterum
430 4668 671 4726 totidem
698 4686 713 4738 ;
746 4669 907 4727 intus
937 4675 996 4727 et
1023 4670 1237 4728 deforis
1267 4669 1610 4727 marmoreis
1640 4670 1798 4726 tabu-

138 4759 217 4816 lis
250 4763 310 4816 et
359 4774 538 4831 opere
564 4758 828 4818 musaico
872 4760 1255 4830 decoratum;
1309 4764 1524 4817 tectum
1570 4757 1798 4817 habens

139 4847 523 4919 sphericum,
557 4848 799 4920 plumbo
829 4850 1142 4908 artificiose
1183 4854 1541 4924 coopertum.
1575 4853 1796 4911 Harum

146 4942 399 5012 utraque
417 4938 746 5011 platearum
772 4945 894 4996 tum
927 4940 1232 4997 continens
1251 4948 1306 4997 et
1335 4941 1595 5015 inferior,
1617 4959 1797 5016 quam

142 5027 418 5098 superior
472 5032 531 5086 et
585 5031 880 5098 contenta,
912 5029 1044 5086 albo
1101 5032 1288 5087 strata
1319 5036 1411 5088 est
1457 5031 1670 5104 lapide,
1723 5033 1804 5089 ita

143 5122 211 5174 ut
230 5115 497 5174 hibernis
518 5116 879 5192 temporibus
892 5134 1053 5191 aquae
1077 5117 1378 5191 pluviales,
1393 5136 1526 5192 quae
1535 5120 1796 5192 plurimis

142 5208 219 5264 de
246 5205 451 5280 templi
500 5207 858 5265 descendunt
912 5208 1179 5277 aedificio,
1241 5225 1506 5281 quasque
1561 5208 1799 5267 aliunde

148 5309 274 5351 non
300 5293 605 5366 pauciores
652 5295 976 5368 excipiunt,
1011 5295 1441 5369 limpidissimae
1480 5304 1538 5354 et
1572 5298 1798 5371 absque

143 5398 317 5442 caeno
358 5382 421 5440 In
480 5383 762 5442 cisternas
819 5385 1096 5453 defluant,
1146 5400 1273 5456 quae
1327 5384 1590 5456 plurimas
1648 5387 1800 5444 int'ra

142 5477 319 5550 septa
348 5474 627 5548 predicta
682 5475 1079 5534 continentur.
1140 5475 1307 5533 Intus
1359 5491 1487 5534 vet-o
1517 5475 1576 5534 in
1608 5478 1799 5537 medio

140 5563 383 5638 templi,
440 5563 599 5624 inira
654 5563 987 5624 interiorem
1047 5565 1457 5626 columnarum
1512 5566 1798 5639 ordinem,

1905 4579 2270 4648 occidentale,
2299 4583 2463 4634 erunt
2489 4576 2716 4634 termini
2757 4579 2931 4634 vestri
2967 4576 3092 4647 (los.
3144 4592 3183 4645 t,
3213 4575 3285 4645 4).
3320 4574 3420 4630 Est
3450 4589 3552 4628 au-

1906 4675 2017 4729 tem
2054 4672 2217 4727 locus
2247 4669 2306 4725 in
2339 4686 2455 4741 quo
2488 4669 2690 4726 civitas
2711 4665 2821 4725 sita
2846 4670 2952 4735 est,
2995 4666 3194 4721 aridus
3226 4670 3283 4720 et
3310 4666 3553 4735 inaquo-

1905 4778 2030 4830 sus,
2064 4761 2238 4828 rivos,
2273 4760 2461 4816 fontes
2492 4773 2559 4816 ac
2591 4756 2840 4814 flumina
2880 4771 2992 4812 non
3034 4753 3253 4810 habens
3290 4752 3545 4824 penitus,

1907 4852 2075 4921 cujus
2097 4848 2455 4906 habitatores
2471 4847 2637 4920 aquis
2657 4851 2887 4904 tantum
2904 4846 3154 4901 utuntur
3171 4840 3551 4914 pluvialibus.

1909 4939 2209 4997 Mensibus
2239 4937 2395 4995 enim
2439 4937 2721 5005 hibernis,
2755 4937 2814 4992 in
2845 4935 3115 4993 cisternis
3142 4953 3290 5009 quas
3318 4934 3378 4992 in
3410 4933 3553 4990 eivi-

1912 5032 2031 5086 tate
2059 5028 2275 5084 habent
2300 5027 2608 5101 plurimas,
2644 5025 2860 5083 imbres
2899 5024 3095 5082 salent
3123 5024 3230 5083 sibi
3261 5024 3550 5098 colligere,

1906 5124 1963 5178 et
1977 5134 2075 5189 per
2097 5123 2275 5174 totum
2300 5132 2522 5173 annum
2544 5116 2615 5172 ad
2640 5132 2780 5173 usus
2804 5116 3164 5174 necessarios
3183 5128 3549 5173 conservare.

1907 5208 2070 5267 Unde
2128 5206 2410 5264 miramur
2454 5205 2774 5278 plurimum
2840 5206 2994 5278 quod
3025 5204 3259 5262 Solinus
3288 5203 3549 5259 Judaeam

1907 5297 2075 5371 aquis
2103 5297 2389 5354 dicitesse
2417 5294 2707 5353 illustrem
2737 5313 2752 5365 ;
2785 5295 2870 5353 ait
2898 5294 3056 5352 enim
3086 5294 3148 5350 in
3178 5309 3286 5350 suo
3318 5290 3547 5363 Polybi-

1908 5392 2064 5445 store
2096 5404 2109 5443 :
2158 5385 2350 5443 Judaea
2408 5383 2646 5441 illustris
2701 5389 2778 5441 est
2833 5386 2992 5456 aquis
3020 5400 3041 5447 ,·
3071 5382 3163 5439 sed
3190 5387 3402 5438 natura
3439 5395 3550 5436 non

1906 5475 2095 5534 eadem
2116 5491 2410 5548 aquarum.
2426 5478 2544 5531 Nec
2576 5473 2798 5548 aliquid
2823 5472 2994 5531 nobis
3017 5489 3118 5545 pro
3138 5470 3428 5529 solutione
3460 5485 3558 5530 oc·

1908 5565 2112 5641 currit,
2141 5565 2256 5630 nisi
2284 5565 2587 5637 dicamus3
2626 5567 2730 5623 aut
2765 5581 2904 5625 cum
2955 5564 3041 5623 rei
3089 5564 3401 5624 veritatem
3431 5576 3550 5620 non
