3784 6000
132 221 259 299 683

567 228 769 297 ms'r.
817 232 1091 298 RERUM
1136 234 1675 301 TRANSMARIN.
1723 273 1800 285 -
1843 240 1994 303 Lm.
2041 240 2229 305 xvn.
2277 230 2731 308 sasnmNus
2774 234 2865 307 111
2910 246 3094 307 nex.

3435 240 3556 309 686

133 370 391 443 munire,
434 371 583 430 vires
640 375 1063 433 transcendens
1124 373 1421 442 femineas,
1472 377 1788 447 satagebat.
1821 381 1879 447 Α
1911 395 2022 451 qne
2050 379 2395 453 patriarcha,
2428 379 2716 452 completo
2744 396 2814 437 ex
2858 385 3020 454 parte
3068 382 3386 459 municipio
3408 383 3555 443 inte-

131 463 230 519 Sic
258 461 444 535 igitur
484 464 737 537 peccatis
768 466 986 521 nostris
1016 464 1406 537 exigentibus,
1436 474 1679 539 utraque
1705 484 1795 527 re·-

130 552 249 623 gio,
282 552 623 609 melioribus
670 553 950 613 destituta
998 554 1280 622 consiliis,
1312 554 1404 611 vix
1427 556 1485 613 in
1517 572 1579 613 se
1608 557 1799 615 subsi-

131 646 321 711 stens,
356 640 606 701 feminco
638 643 1243 716 regebaturtimperiO.

761 750 995 806 CAPUT
1038 751 1162 807 ΧΠ.

136 840 252 897 Rex
279 854 409 895 cum
440 840 598 910 requi
625 839 1178 979 princi1›ibttisfiu.t1·ta
1216 841 1556 913 Ascalonem,
1592 842 1793 901 Gazam

800 927 929 969 retes
954 929 970 965 ι
994 928 1075 968 ica
1107 952 1119 966 .

202 1000 359 1057 Dum
394 1016 525 1058 vero
586 1016 709 1057 naec
763 1000 842 1057 ita
873 1001 1028 1058 cirea
1060 1011 1253 1072 partes
1289 1007 1543 1072 aguntur
1591 1004 1791 1060 Antio·

129 1091 492 1158 chenasmon
519 1088 700 1147 multo
725 1094 855 1161 post
885 1091 1161 1163 temporis
1192 1091 1492 1150 intervallo
1514 1093 1781 1151 visitante

130 1196 379 1252 regnum
412 1179 605 1237 divina
654 1178 985 1247 clementia,
1026 1182 1314 1253 crigentes
1370 1180 1521 1239 sede
1553 1182 1786 1255 pulvere

130 1270 295 1326 etde
351 1268 673 1341 abjectione
731 1269 934 1335 nimia,
970 1271 1027 1326 in
1088 1287 1203 1342 qua
1248 1275 1479 1343 propter
1513 1271 1788 1330 sinistros

131 1377 331 1427 casus,
364 1360 463 1431 qui
496 1360 825 1430 frequentes
843 1361 1392 1433 acciderant,jacere
1420 1362 1785 1434 videbantur3

131 1451 449 1506 redeuntes
504 1450 573 1505 ad
625 1465 725 1505 cor
784 1458 896 1505 tarn
949 1448 1221 1509 dominus
1255 1467 1351 1507 rex
1384 1467 1561 1523 quam
1596 1453 1789 1510 eaeteri

134 1536 680 1607 Hierosolymitanae
710 1538 961 1607 regionis
995 1538 1308 1612 principes,
1334 1545 1398 1597 ut
1425 1541 1788 1599 Ascalonitas

130 1626 336 1684 hostes
368 1626 833 1683 immanissimos
865 1628 1084 1683 arctius
1110 1628 1442 1696 cohibeant,
1474 1634 1529 1685 et
1562 1629 1787 1701 magnis

1905 470 2075 537 riore,
2110 470 2328 527 relictis
2359 470 2437 528 ibi
2471 469 2692 527 militioe
2721 470 2946 541 Templi
2980 470 3278 540 fratribus,
3302 487 3550 544 quorum

1904 558 2221 630 diligentiae
2253 561 2595 631 deputatum
2620 566 2763 626 erat,
2788 558 3248 637 Hierosolymam
3279 559 3552 632 reversis,

1902 647 2114 705 eccidit
2135 647 2462 705 subsidium
2487 649 2908 721 AEgyptiorum,
2933 649 3085 723 quod
3118 655 3201 707 ter
3229 649 3316 708 vel
3347 654 3559 723 quater

1902 736 1960 793 in
1993 754 2145 793 anno
2175 738 2246 795 ed
2274 739 2627 811 reparandas
2650 737 2799 795 vires
2840 737 3312 799 Ascalonitarum
3334 740 3555 801 solem-

1901 825 2052 883 niter
2106 826 2331 883 solebat
2384 828 2681 894 accedere,
2714 827 2774 883 in
2819 826 3199 885 multitudine
3229 828 3388 901 gravi
3419 831 3556 887 ente

1900 916 2236 987 preadictum
2269 916 2548 988 oppidum
2579 917 2819 983 adesse;
2852 925 2906 972 et
2957 917 3269 989 oppidanis
3298 916 3546 975 interius

1899 1006 2154 1062 hostium
2179 1014 2332 1062 metu
2364 1005 2752 1078 congregatis,
2788 1004 3043 1064 assultus
3089 1005 3334 1065 hostiles
3367 1005 3556 1065 multa

1898 1095 2175 1151 instantia
2224 1093 2476 1152 dedisse.
2507 1096 2618 1152 Sed
2671 1095 2949 1163 videntes,
2981 1097 3078 1165 qui
3149 1094 3372 1153 militias
3403 1111 3553 1169 prae-

1898 1191 2079 1252 crant,
2114 1184 2265 1255 quod
2298 1200 2430 1253 ‚non
2482 1184 2847 1255 proficerent,
2886 1200 3018 1241 cum
3079 1183 3201 1240 dies
3232 1184 3455 1257 aliquot
3489 1184 3550 1241 in

1898 1274 2201 1330 obsidione
2232 1291 2470 1346 operam
2502 1274 3028 1347 consumpsissent,
3064 1274 3406 1331 Ascalonem
3428 1290 3551 1349 pro.

1900 1363 2030 1419 fecti
2056 1370 2209 1419 sunt.
2243 1364 2328 1420 Ab
2367 1380 2435 1419 ea
2475 1363 2670 1435 itaque
2711 1364 2825 1431 die,
2862 1368 3146 1435 tanquam
3178 1362 3394 1420 attritis
3419 1361 3557 1419 viri-

1901 1453 2008 1510 bus
2039 1458 2096 1509 et
2124 1454 2684 1510 nocendicentracta
2707 1451 2963 1521 licentia,
2987 1457 3284 1527 coeperunt
3309 1468 3550 1525 prorsus
3623 1456 3648 1481 ³

1897 1558 1928 1597 a
1960 1543 2256 1601 vexatione
2310 1543 2630 1615 adjacentis
2687 1543 2984 1613 quiescere
3034 1542 3307 1615 regionis.
3341 1543 3449 1599 Sed
3495 1546 3556 1599 et

1897 1634 2295 1706 AEgyptiorum
2340 1632 2651 1699 exereitus,
2683 1634 2782 1706 qui
2843 1634 2923 1689 ita
2977 1633 3273 1704 frequen8‚
3302 1637 3366 1689 ut
3401 1648 3548 1705 proe-

140 1731 343 1773 eorum
371 1714 720 1786 periculosos
735 1717 1028 1773 refrenent
1056 1716 1557 1789 impetus,Gazam
1580 1719 1783 1775 urbem
1822 1754 1867 1819 B
1899 1722 2174 1790 diximus,
2205 1722 2423 1779 civitati
2449 1723 2576 1793 ,iam
2617 1722 2820 1779 effictae
2854 1721 3124 1781 solatium
3158 1721 3551 1789 ministrabat,

130 1804 627 1877 antiquissimam,
656 1805 729 1862 ab
773 1805 1060 1863 Ascalone
1115 1807 1316 1863 decem
1360 1806 1677 1865 distantem
1728 1807 1791 1865 in

132 1902 300 1967 parte
329 1894 958 1963 australimitliaribus,
991 1897 1247 1953 dirutam
1270 1901 1327 1952 et
1357 1896 1789 1955 habitatoribus

131 1984 787 2049 carentem,reformare
819 1993 1166 2055 proponunt,
1203 1989 1267 2043 ut
1313 1985 1461 2042 sicut
1490 2004 1524 2041 a
1553 1993 1790 2057 septen-

132 2073 325 2129 trione
348 2077 405 2129 et
445 2072 517 2129 ab
552 2072 774 2129 oriente
822 2072 1083 2129 fundatis
1112 2073 1172 2129 in
1203 2090 1413 2147 gyrum
1445 2074 1791 2145 municipiis

128 2179 260 2221 eam
292 2161 462 2235 quasi
490 2161 960 2229 obsederant,ita
1004 2161 1193 2219 eidem
1242 2162 1314 2219 ab
1373 2167 1574 2220 austro
1609 2163 1789 2223 simul

127 2268 251 2308 non
283 2253 513 2308 deesset
540 2251 821 2307 stimulus
846 2270 861 2319 ;
893 2256 947 2309 et
977 2268 1047 2308 ex
1076 2268 1142 2309 ea
1164 2268 1397 2323 quoque
1429 2256 1589 2324 parte
1612 2252 1787 2311 conti·

130 2342 271 2399 nuis
299 2342 741 2414 impugnaretur
770 2341 1350 2413 congressionibuset
1380 2342 1785 2414 frequentibus

132 2430 523 2489 lacesseretur
579 2428 832 2488 insidiis.
891 2429 997 2487 Die
1038 2430 1217 2503 igitur
1245 2434 1483 2492 statuta.
1517 2432 1787 2489 convenit

1898 1827 2023 1884 Jam
2075 1828 2189 1868 non
2240 1810 2352 1869 nisi
2399 1811 2625 1869 marino
2680 1812 2950 1869 accedere
2995 1811 3296 1869 consuevit
3325 1810 3551 1880 itinere,

1905 1902 2160 1974 praedicti
2203 1900 2504 1973 municipii
2537 1901 2916 1972 interpositas
2966 1899 3184 1957 timens
3214 1898 3462 1959 insidias
3491 1904 3552 1955 et

1903 1991 2171 2048 militiam
2205 1989 2429 2047 habens
2459 1995 2808 2061 suspectam.

2518 2094 2748 2151 CAPUT
2779 2094 2933 2151 th.

1901 2185 2050 2240 Inter
2075 2196 2256 2252 reqem
2275 2190 2326 2240 et
2347 2190 2583 2241 matrem
2601 2183 2717 2250 eius
2736 2199 2931 2253 qraves
2967 2183 3228 2239 oriuntur
3243 2181 3554 2243 simultates

2173 2261 2224 2311 ct
2255 2262 2432 2311 matre
2454 2254 2788 2323 irzqnorantc
2817 2270 2916 2309 rex
2933 2259 3261 2311 coronatur.

1972 2347 2125 2401 Inter
2153 2344 2292 2415 hoec,
2319 2345 2457 2401 dum
2491 2345 2633 2405 satis
2662 2359 2932 2417 prospero
2963 2359 3138 2399 cursu
3168 2344 3330 2415 regni
3358 2343 3551 2401 orien-

1895 2433 2028 2491 talis
2078 2434 2305 2505 negotia
2362 2432 2760 2506 procederent,
2790 2436 2846 2490 et
2898 2433 3065 2506 quasi
3090 2433 3344 2503 quadam
3375 2436 3542 2489 tran-

133 2519 445 2577 nniversus
475 2515 747 2590 populus,
776 2516 940 2588 quasi
989 2518 1073 2575 vir
1131 2533 1304 2581 unus,
1338 2520 1411 2575 sd
1440 2518 1783 2590 predictum
1893 2521 2176 2594 quillitate
2231 2522 2536 2595 gauderet3
2568 2538 2634 2580 eo
2669 2522 2884 2591 minus,
2917 2520 3072 2595 quod
3105 2521 3416 2585 comitatus
3445 2536 3552 2577 no·

124 2609 363 2678 loeum3
398 2612 615 2680 etopus
629 2606 1490 2678 unanimiteraggressi,urbem
1513 2608 1781 2667 certatim
1891 2610 1982 2669 bis
2039 2612 2330 2683 deperiret
2382 2616 2439 2673 et
2493 2611 2553 2669 in
2597 2610 2860 2671 bostium
2909 2615 3243 2668 nostrorum
3293 2613 3552 2671 cesserat

124 2698 483 2755 reaedisscare
506 2697 887 2753 contendunt.
922 2696 1130 2753 Fuerat
1160 2702 1357 2754 autem
1382 2698 1582 2754 eadem
1607 2698 1780 2768 Gaza,
1890 2704 2240 2773 potestatem
2303 2701 2657 2768 Edessanus,
2689 2700 2846 2771 regio
2906 2714 3142 2771 quoque
3181 2696 3547 2761 Antiochena

126 2788 339 2845 civitas
366 2786 792 2859 antiquissima,
835 2803 951 2843 une
981 2788 1053 2843 de
1083 2786 1345 2858 quinque
1375 2788 1614 2846 urbibus
1634 2787 1779 2845 Phi·
1891 2789 2302 2861 frequentibus
2350 2789 2606 2847 hostium
2650 2788 2883 2845 insidiis
2917 2786 3270 2860 fatigabatur
3295 2804 3311 2856 ς
3340 2785 3547 2845 videns

126 2878 359 2946 listiim,
390 2876 649 2934 aediflciis
680 2874 972 2949 praeelara,
1005 2876 1177 2946 cujus
1219 2875 1472 2948 antiquae
1502 2876 1779 2934 nobilita·
1889 2879 2168 2935 inimicus
2225 2880 2420 2946 homo,
2451 2876 2553 2950 qui
2612 2876 2760 2935 solet
2804 2875 3274 2948 superseminare
3301 2874 3546 2941 zizania,

126 2970 207 3027 tis
238 2968 297 3025 in
328 2965 589 3024 ecclesiis
618 2971 676 3024 et
715 2964 929 3038 amplis
969 2965 1266 3036 domibus,
1298 2965 1428 3024 licet
1458 2966 1683 3035 dirutis,
1716 2966 1777 3026 in
1888 2978 1946 3026 et
1979 2971 2190 3026 nostrae
2221 2967 2488 3024 invidens
2520 2965 2910 3039 prosperitati,
2946 2964 3244 3024 intestinis
3273 2980 3379 3022 nos
3408 2968 3548 3022 ten-

128 3073 419 3116 marmore
442 3062 502 3114 et
532 3056 1157 3128 magnislapidibus,in
1179 3056 1555 3114 multitudine
1568 3059 1771 3114 cister-

1888 3062 2021 3116 tans
2044 3061 2354 3114 concutere
2398 3056 2806 3124 seditionibus,
2832 3056 3084 3128 quietem
3118 3059 3380 3112 nostram
3411 3070 3542 3126 perv

129 3163 363 3215 narum,
424 3150 731 3218 puteorum
792 3161 1025 3216 quoque
1102 3160 1381 3217 aquarum
1438 3144 1779 3214 viventium,
1815 3130 2128 3205 Cturbare
2183 3163 2498 3218 aggressus
2554 3149 2666 3217 est,
2724 3147 2894 3216 quus
2963 3143 3205 3216 periculi
3259 3143 3377 3200 haee
3433 3142 3544 3202 fuit

135 3237 332 3295 multa
361 3245 417 3294 et
444 3238 690 3310 grandia
716 3236 1017 3294 exstabant
1042 3242 1407 3310 argumenta.
1439 3236 1646 3293 Fuerat
1676 3253 1782 3294 eu-

127 3331 248 3383 tem
280 3326 395 3384 sita
425 3326 485 3384 in
515 3325 662 3384 colle
693 3325 1117 3397 aliquantulum
1132 3325 1308 3396 edito,
1332 3343 1611 3399 magnum
1636 3327 1781 3384 satis

132 3425 188 3472 et
219 3415 501 3472 diffusum
562 3415 713 3472 infra
770 3431 965 3471 maros
1014 3415 1319 3472 continens
1347 3415 1656 3473 ambitum.
1689 3413 1779 3469 Vi·

133 3506 337 3562 dentes
365 3510 563 3562 autem
597 3503 782 3563 nostri
825 3504 975 3575 quod
1010 3520 1125 3559 non
1156 3503 1298 3560 satis
1330 3504 1640 3576 expediret,
1675 3519 1781 3560 neo

128 3600 376 3656 fortasse
403 3597 709 3671 proesentis
741 3598 1017 3669 temporis
1043 3598 1192 3654 vires
1206 3598 1539 3656 sufficerent
1568 3606 1627 3655 ut
1659 3601 1783 3655 tota

128 3690 563 3757 reformeretur,
599 3693 821 3761 partem
871 3687 1129 3760 praedicti
1171 3687 1338 3745 collis
1368 3692 1694 3760 occupant3
1724 3692 1783 3745 et

118 3777 303 3849 jactis
332 3779 404 3834 ad
434 3794 757 3849 congruam
788 3777 1161 3834 altitudinem
1196 3777 1611 3846 fundamentis,
1637 3793 1783 3848 opus

122 3883 287 3923 muro
342 3865 575 3938 insigne
632 3871 690 3923 ct
742 3866 1003 3923 turribus
1044 3867 1351 3935 aedificant,
1385 3877 1440 3922 ct
1497 3866 1556 3921 in
1606 3865 1782 3932 brevi,

126 3956 453 4029 opitulante
486 3956 750 4025 Domino,
779 3959 1195 4014 consummant
1223 3955 1785 4011 feliciter.Cunsum-

130 4054 356 4102 matum
386 4047 561 4102 etiam
592 4054 645 4102 et
665 4046 928 4118 partibus
969 4047 1090 4101 suis
1116 4043 1475 4100 absolutium
1524 4043 1594 4099 de
1624 4059 1788 4098 com-

129 4134 299 4190 muni
328 4135 572 4191 consilio
624 4135 900 4191 fratribus
957 4134 1155 4190 militae
1202 4132 1424 4198 Templi
1455 4133 1787 4187 custodien-

128 4224 295 4290 dum,
317 4227 376 4279 et
413 4228 695 4295 perpetuo
730 4238 865 4278 cum
918 4222 1189 4278 universa
1231 4219 1531 4291 adjacente
1552 4220 1788 4291 regione

132 4310 558 4383 possidendum
590 4310 984 4368 committunt.
1011 4309 1412 4380 Quitanquam
1445 4308 1550 4362 viri
1586 4309 1783 4375 fortes,

134 4403 194 4456 et
222 4399 285 4456 in
317 4399 497 4455 armis
525 4398 773 4466 strenui,
807 4402 863 4454 et
918 4399 1296 4454 commissum
1331 4396 1596 4469 usquein
1640 4412 1789 4468 prae·

1889 3253 2070 3294 causa
2099 3241 2156 3294 et
2185 3236 2365 3307 origo.
2399 3235 2652 3292 Domina
2703 3232 3030 3290 Milisendis
3060 3234 3282 3306 regins,
3312 3229 3542 3302 inclyte

1890 3325 2310 3385 recordationis
2334 3330 2390 3382 et
2421 3324 2527 3396 piae
2560 3325 2616 3380 in
2653 3322 2896 3381 Domino
2929 3321 3243 3390 memoriae,
3270 3321 3540 3378 defuncto

1892 3418 2122 3484 marite,
2146 3420 2208 3472 ut
2241 3415 2635 3488 praediximus,
2667 3414 2867 3474 relicta
2897 3430 3032 3470 cum
3063 3413 3297 3470 duobus
3344 3411 3546 3470 liberis

1890 3506 2080 3563 adhuc
2111 3505 2262 3562 infra
2309 3521 2484 3562 annos
2542 3502 2890 3570 constitutis,
2913 3502 3073 3572 regni
3103 3505 3386 3574 tanquam
3407 3501 3546 3571 jure

1897 3593 2258 3654 haereditarie
2277 3593 2389 3651 sibi
2419 3592 2600 3649 debiti
2631 3607 2835 3649 curam
2867 3594 2923 3647 et
2968 3589 3538 3646 administrationem

1895 3686 2103 3743 sortita
2159 3689 2268 3753 est,
2329 3682 2581 3738 filiorum
2659 3679 2978 3748 legitimam
3036 3693 3217 3750 agens
3273 3675 3538 3746 tutelam,

1895 3776 2055 3831 Hanc
2085 3770 2327 3829 consilio
2359 3769 2684 3842 principum
2707 3768 2983 3841 regionis,
3015 3772 3250 3825 strenue
3277 3770 3334 3826 et
3365 3765 3546 3822 fideli-

1897 3869 2002 3931 ter,
2027 3861 2174 3916 vires
2199 3864 2256 3916 et
2283 3859 2549 3916 animum
2582 3856 2998 3914 transcendens
3057 3853 3392 3920 femineum,
3451 3867 3547 3908 us-

1897 3968 2010 4026 que
2045 3951 2116 4007 ad
2148 3949 2312 4005 illum
2363 3947 2513 4003 diem
2560 3945 3064 4003 administraverat
3097 3961 3110 4000 :
3143 3942 3265 3999 filio
3322 3941 3549 4015 primo-

1897 4042 2120 4114 genito,
2151 4038 2387 4094 domino
2427 4035 2732 4099 Belduino,
2763 4034 2934 4104 cujus
2993 4033 3049 4088 in
3085 4030 3355 4106 praesenti
3384 4036 3550 4104 gesta

1898 4126 2348 4193 conscribimus,
2372 4124 2546 4180 etiam
2574 4126 2884 4195 postquam
2914 4122 2974 4178 in
2999 4121 3162 4192 regni
3197 4119 3550 4178 sublimatus

1899 4223 1984 4275 est
2014 4215 2249 4282 solium,
2282 4215 2406 4284 ejus
2457 4211 2706 4268 multum
2764 4211 2991 4269 favente
3042 4214 3099 4268 et
3155 4208 3364 4266 merito
3408 4209 3552 4265 sub-.-

1893 4307 2122 4378 jacente
2179 4302 2457 4373 imperiis.
2517 4302 2676 4357 Inter
2736 4311 2971 4357 caeteros
3036 4304 3232 4357 autem
3298 4311 3550 4370 quorum

1901 4412 2074 4467 opera
2126 4391 2489 4463 consilioque
2536 4392 2829 4461 utebatur,
2863 4389 3208 4448 familiarem
3231 4386 3552 4445 admodum

138 4493 368 4545 sentem
399 4488 553 4544 diem
585 4487 835 4544 fideliter
866 4488 1291 4559 prudenterque
1322 4495 1715 4556 servaverunt3
1738 4495 1789 4542 et
1826 4501 1871 4566 D
1904 4487 2153 4544 habebat
2209 4485 2522 4556 quemdam
2564 4480 2820 4538 nobilem
2867 4481 3074 4548 virum,
3097 4480 3225 4551 eius
3255 4477 3556 4534 consobri-

142 4576 353 4633 urbem
384 4578 718 4649 praedictam
750 4577 1176 4649 frequentibus,
1209 4592 1344 4632 cum
1376 4575 1621 4632 occultis
1666 4579 1791 4632 tum
1902 4593 2066 4634 num.
2103 4575 2428 4630 Manassem
2484 4572 2792 4638 videlicet;
2835 4571 2952 4635 cui,
3003 4569 3198 4625 statim
3255 4569 3386 4636 post
3425 4566 3552 4635 ejus

140 4666 472 4724 manifestis
502 4667 1042 4740 impugnationibus
1066 4665 1309 4723 viriliter
1330 4665 1641 4721 affixerunt
1667 4682 1680 4721 :
1713 4664 1795 4722 ita

139 4763 209 4815 ut
237 4757 340 4831 qui
371 4759 532 4831 prius
561 4763 936 4815 excurrentes
965 4763 1134 4829 etpcr
1154 4758 1485 4814 universam
1508 4757 1799 4829 regionem

142 4846 439 4903 hostiliter
503 4847 906 4915 desaevientes,
966 4845 1182 4901 nostris
1245 4848 1413 4901 erant
1472 4843 1793 4913 formidini,

143 4949 305 4991 nunc
334 4952 433 5008 pro
463 4952 702 4993 summa
741 4935 1012 4993 felicitate
1026 4937 1318 5006 reputent,
1347 4934 1393 4990 si
1412 4932 1797 4990 clausisintra

141 5023 364 5082 moenia
389 5027 577 5085 vivere
607 5026 798 5088 liceat.
831 5030 888 5082 et
917 5023 1111 5097 quiete
1140 5024 1381 5098 perfrui,
1415 5039 1555 5098 pace
1610 5023 1797 5097 preci-

140 5113 257 5170 bus
286 5112 373 5172 vel
404 5114 589 5186 pretio
640 5116 711 5170 ad
771 5118 1007 5186 tempus
1060 5114 1391 5185 impetrata.
1453 5112 1567 5170 Nec
1606 5110 1797 5170 solum

142 5202 292 5258 urbe
349 5203 646 5275 praedicta,
681 5203 757 5259 ad
812 5203 986 5274 cujus
1042 5203 1342 5259 laesionem
1395 5205 1795 5258 constructum

142 5296 271 5348 erat
293 5289 439 5348 illud
472 5292 832 5364 praesidium‚
860 5291 1285 5358 recalcitrante,
1320 5289 1460 5346 utile
1516 5289 1662 5357 fuit3
1694 5290 1795 5345 sed

134 5382 313 5440 etiam
334 5399 403 5439 ea
431 5383 682 5449 devicta,
715 5384 883 5456 quasi
939 5384 1101 5455 regni
1132 5381 1303 5438 limes
1331 5381 1403 5437 ab
1433 5383 1629 5436 austro
1658 5395 1796 5437 con-

132 5479 228 5529 tra
275 5471 595 5546 AEgyptios,
651 5489 757 5545 pro
805 5473 990 5530 multo
1039 5470 1153 5529 fuit
1210 5469 1438 5542 regioni
1488 5469 1796 5530 tutamine.

131 5560 303 5622 Circa
330 5560 483 5621 veris
509 5565 705 5624 antem
757 5561 1022 5633 initium,
1060 5559 1301 5620 domino
1348 5573 1483 5632 rege
1532 5559 1800 5620 domino-

1899 4665 2202 4722 introitum
2232 4662 2291 4718 in
2325 4677 2587 4732 regnum,
2627 4676 2826 4718 euram
2860 4657 3080 4714 militiae
3103 4655 3418 4712 tradiderat
3435 4669 3555 4710 om·

1904 4771 2037 4811 nem
2068 4757 2126 4810 et
2154 4753 2368 4824 [quem]
2398 4748 2767 4805 ordinaverat
2784 4743 3307 4803 constabularium.
3331 4740 3436 4798 iiic
3456 4755 3554 4798 au-

1904 4851 2020 4900 tem
2036 4844 2106 4898 de
2121 4839 2369 4897 domine
2384 4838 2594 4910 reginae
2608 4834 2800 4908 gratia
2811 4828 3444 4906 praesumens‚nimium
3458 4844 3552 4886 ar-

1905 4946 2137 5004 rogans,
2153 4932 2219 4985 ut
2240 4926 2472 4993 dicitur,
2506 4934 2556 4982 et
2592 4926 2752 4996 regni
2794 4922 3116 4995 majoribus
3143 4918 3462 4978 insolenter
3489 4933 3555 4976 se

1907 5020 2235 5096 praeferens,
2262 5013 2524 5086 nullique
2558 5014 2811 5070 debitam
2843 5011 3126 5068 exhibens
3151 5007 3554 5075 reverentiam,

1907 5108 2186 5168 invidiam
2216 5105 2276 5162 in
2307 5120 2366 5160 se
2407 5102 2692 5160 nobilium
2723 5099 2980 5175 regionis
3009 5097 3402 5156 concitaverat
3429 5111 3556 5154 ma-

1905 5201 2156 5265 ximam;
2186 5194 2301 5252 nisi
2357 5191 2606 5249 dominre
2664 5190 2874 5264 regiuae
2940 5204 3040 5248 ees
3104 5187 3400 5246 cohiberet
3454 5200 3558 5242 au·

1908 5290 2166 5356 ctoritas,
2201 5281 2385 5357 parati
2442 5287 2606 5337 erant
2644 5288 2987 5352 conceptum
3044 5277 3242 5335 edium
3275 5289 3463 5347 usque
3492 5273 3554 5330 in

1907 5395 2052 5451 opus
2105 5372 2459 5449 pertrahere.
2492 5373 2708 5428 Duxeat
2757 5374 2953 5427 autem
2994 5373 3051 5426 ct
3082 5365 3302 5424 domini
3334 5361 3558 5421 Baliani

1909 5468 2164 5526 seniores
2184 5463 2445 5531 viduam,
2478 5458 2730 5516 nobilem
2759 5464 3086 5516 matronam
3118 5455 3402 5528 nugonis,
3435 5452 3561 5510 Bal-

1907 5556 2074 5624 duinl
2127 5558 2186 5616 et.
2236 5549 2463 5616 Baliani
2520 5547 2960 5610 Ramatensinm
2993 5547 3238 5605 fratrum
3265 5547 3514 5610 matrem
3543 5557 3558 5602 z
