3784 6000
1501 770 2266 908 EPISCOPI

330 1057 1003 1227 OPERA
1137 1055 1609 1260 QUAE
1739 1053 2671 1222 EXSTANT
2804 1049 3434 1219 OMNIA

1783 1364 2006 1412 tntum

1322 1524 1399 1610 J.
1462 1523 1550 1608 A·
1618 1517 1980 1611 GILES.
2047 1519 2226 1610 LL.
2299 1520 2459 1627 D.,

539 1701 826 1766 Ecclesiae
863 1701 1224 1783 Anglicanae
1253 1701 1620 1783 presbytero
1641 1705 1704 1764 et
1730 1698 1982 1780 collegii
2008 1698 2303 1780 Corporis
2331 1695 2560 1760 Christi
2594 1697 2802 1758 Oxen.
2841 1693 2995 1756 elim
3027 1691 3225 1757 secie.

1425 1838 1656 1911 (Oxenii
1693 1836 1749 1896 J.
1790 1836 1860 1893 Η.
1892 1837 2131 1908 Par-ker,
2165 1834 2352 1907 1844.)

826 2201 915 2287 J.
975 2199 1070 2288 A.
1126 2194 1465 2289 GILES
1509 2198 2066 2293 EPISTOLA
2129 2195 2953 2290 DEDICATORIA.

250 2430 555 2490 Reverendo
608 2432 660 2488 et
712 2432 1104 2503 spectatissimo
1140 2430 1318 2515 (ratri
1363 2432 1617 2506 Philippo
1669 2432 1944 2505 wrm-na,
1992 2431 2328 2491 venerabilis
2384 2431 2696 2491 Academiae
2743 2433 3069 2491 oxoniensis
3095 2431 3602 2499 vice-cancellario,

180 2511 234 2563 et
257 2500 485 2575 colleqii
510 2502 704 2560 Sancti
727 2504 961 2560 Joannis
991 2505 1260 2576 Baptistae
1324 2503 1534 2573 raesidi,
1566 2506 1888 2578 caeterisque
1915 2520 2042 2575 care
2081 2505 2151 2561 iis
2170 2506 2311 2562 viris
2331 2507 2383 2562 et
2411 2505 2568 2562 bonis
2596 2507 2867 2578 [ratribus
2912 2507 3029 2563 suis
3063 2506 3126 2562 in
3160 2503 3352 2562 eodem
3375 2504 3604 2576 collegio

182 2575 526 2717 degentibus,
556 2574 792 2632 Ioannes
820 2576 884 2633 A.
912 2575 1107 2646 mes,
1135 2577 1268 2632 hum
1296 2577 1361 2632 Iis
1380 2591 1569 2633 eorum
1596 2576 1951 2634 consacerdos
1978 2593 2038 2633 sa
2066 2582 2210 2633 utem
2238 2583 2292 2632 et
2319 2575 2389 2633 ad
2417 2579 2607 2634 omnia
2636 2576 2926 2634 servitium
2951 2582 2972 2635 Ι

296 2649 469 2704 nanto
496 2647 726 2718 pendia,
759 2646 915 2719 quali
944 2648 1141 2704 mentis
1167 2646 1541 2705 exsultatione
1563 2648 1833 2720 afficerer,
1863 2664 1992 2705 cum
2022 2649 2227 2704 librum
2253 2650 2424 2704 istam
2450 2649 2744 2717 eximiam,
2792 2649 2950 2721 cajus
2999 2649 3141 2706 milii
3186 2652 3369 2706 vestra
3400 2651 3607 2719 [rater-

178 2719 331 2775 nitas
358 2734 519 2775 usum
543 2718 885 2791 praebuerat,
915 2720 1114 2776 iterum
1143 2719 1319 2776 oculis
1365 2734 1766 2791 percurrerem,
1826 2722 2059 2783 nemini,
2117 2722 2231 2776 nisi
2274 2721 2329 2775 ei
2380 2719 2485 2776 soli
2528 2735 2560 2777 e
2609 2727 2792 2777 vestra
2830 2720 3145 2790 sodalitate,
3177 2720 3276 2793 qui
3304 2719 3513 2776 libram
3545 2724 3604 2777 in

178 2804 331 2847 meas
355 2805 558 2847 mnus
587 2789 845 2863 tradidit,
872 2790 1043 2862 facile
1074 2797 1204 2850 esset
1231 2791 1522 2861 conjicere.
1555 2792 1662 2849 Nec
1688 2790 1841 2849 enim
1893 2793 2131 2848 maltum
2163 2800 2269 2849 tem
2306 2791 2419 2848 oris
2448 2792 2509 2848 in
2551 2795 2811 2850 nemine
2839 2794 3002 2850 istius
3029 2792 3236 2850 codicis
3287 2799 3605 2864 occupatus,

74 2896 81 2905 ·
179 2861 374 2919 inveni
399 2859 662 2934 epistolas
690 2862 818 2919 illas
844 2877 972 2937 quae
999 2863 1063 2918 in
1092 2863 1194 2919 hoc
1221 2862 1363 2919 libro
1390 2865 1451 2919 in
1491 2862 1676 2920 lucem
1728 2863 2018 2936 prodeunt,
2047 2861 2193 2935 stylo
2287 2863 2398 2919 aad
2442 2862 2749 2936 ineleqaati
2773 2866 3006 2935 scriptas
3035 2872 3089 2922 et
3117 2864 3190 2920 ad
3216 2865 3609 2921 celeberrimos

179 2933 538 3007 quamplures
565 2930 737 3002 viros,
794 2933 940 2990 inter
985 2949 1120 3017 quos
1171 2938 1302 3018 eupit
1331 2935 1598 2991 Hearicue
1644 2937 1716 3020 11,
1748 2951 1850 2992 rex
1876 2934 2119 3007 Anpliae,
2148 2941 2365 2992 sanctas
2414 2934 2639 2992 Thomas
2662 2942 2730 2993 -ct
2762 2936 3038 2994 Gilbertus
3067 2936 3485 3006 Londoniensis,
3517 2936 3606 2991 di-

179 3008 1193 3148 ᾚᾸῗῦηισοαύῖξῗῖἳντῖἕυὲωξεηεῗῗῗῖ
1222 3007 1596 3150 texant-2:135?
1613 3008 1902 3151 tettingen,
1959 3078 2127 3137 reddo
2174 3096 2377 3138 munus
2422 3079 2565 3154 quod
2594 3085 2771 3139 vestra
2799 3080 3133 3153 fraternitas
3181 3082 3326 3138 mihi
3357 3079 3558 3137 obtulit
3587 3097 3608 3135 .·

167 3148 1653 3294 mugmgwgssoffillggfszoffifflgzsssffiawb
1684 3156 1865 3210 vestra
1913 3152 2089 3211 tutela
2144 3169 2239 3210 eas
2286 3152 2496 3222 laudes,
2553 3171 2689 3227 quas
2744 3154 2892 3212 mihi
2931 3155 3120 3211 nullas
3149 3153 3342 3211 debere
3365 3155 3605 3226 poterit,

241 3293 452 3351 Datum
481 3291 655 3351 Oxou.
685 3262 779 3351 an..
812 3294 896 3351 ln.
925 3295 1087 3353 Dom.
1124 3293 1288 3362 1844,
1320 3294 1443 3352 ind.
1477 3312 1542 3354 11.
1567 3265 1583 3283 ⁰

1227 3644 1308 3733 J·
1392 3643 1480 3730 A.
1559 3641 1890 3733 GILES
1963 3641 2568 3731 PRAEFATIO·

242 3847 565 3907 Affinitatis
596 3849 820 3907 ratione
852 3847 1052 3905 habita
1080 3864 1210 3922 quae
1239 3846 1512 3920 Angliam
1543 3847 1682 3906 elim
1712 3852 1771 3906 et
1799 3847 2220 3908 Ner-manniam
2249 3847 2444 3921 junxit
2485 3847 2655 3907 facile
2684 3847 3032 3919 intelligitur
3059 3862 3161 3905 cur
3190 3847 3606 3905 Nermannum

172 3936 205 3976 e
246 3919 512 3991 iseepum
542 3919 697 3977 inter
726 3919 1031 3992 primitivas
1060 3919 1330 3978 Ecclesiae
1363 3919 1696 3993 Anglicanae
1726 3919 2040 3994 scriptores
2068 3920 2476 3977 admittamus.
2509 3920 2734 3976 Arnulli
2757 3925 3055 3993 praeterea,
3088 3918 3340 3976 Henriee
3373 3918 3447 3990 11,
3479 3921 3609 3975 An-

174 4006 213 4064 g
236 4006 407 4048 erum
438 3991 585 4060 regi,
614 4008 825 4063 genere
852 3991 1172 4063 conjuncti,
1205 3990 1460 4062 epistelae
1492 3992 1681 4049 multa
1741 3998 1982 4050 narrant
2030 3997 2436 4049 extranearum
2480 3991 2734 4064 Anglicoe
2765 3991 3004 4048 ditionis
3041 3990 3477 4060 provinciarum
3512 4007 3608 4047 res

173 4061 598 4121 ecclesiasticas
627 4071 681 4119 et
710 4062 1019 4119 historiam
1048 4061 1409 4118 illustrantia
1438 4078 1563 4134 quae
1597 4080 1712 4120 non
1742 4064 1883 4121 alibi
1915 4064 2166 4135 reperire
2194 4068 2304 4120 est.
2353 4065 2433 4121 De
2461 4062 2565 4120 lite
2610 4063 2785 4120 etiam
2836 4078 2959 4134 quae
2991 4067 3131 4119 tunc
3160 4066 3277 4119 tem
3287 4062 3445 4134 peris
3479 4063 3605 4133 spi·

174 4132 441 4190 ritualem
473 4134 626 4189 inter
655 4138 713 4190 et
740 4137 861 4190 tem
907 4132 1123 4189 etalem
1157 4137 1500 4205 potestatem
1545 4140 1741 4191 exerta
1785 4138 1893 4206 est,
1947 4134 2370 4209 pretiosissima
2417 4136 2764 4192 documenta
2792 4133 3078 4191 habemus
3110 4149 3181 4190 ex
3210 4132 3465 4189 Arnull'e
3496 4134 3601 4203 qui

174 4209 370 4279 partes
400 4204 678 4262 adversas
707 4205 869 4261 cenci
899 4206 1017 4261 iare
1048 4209 1291 4261 cenatus
1324 4209 1432 4260 est.

242 4276 324 4333 Su
403 4275 620 4333 rfluum
652 4276 932 4334 duximus
960 4275 1055 4333 hic
1085 4275 1268 4332 multa
1297 4276 1366 4331 de
1393 4275 1519 4332 Vita
1538 4275 1764 4333 Arnulss
1797 4280 2032 4335 reterre.
2067 4277 2259 4335 Pauca
2287 4296 2417 4350 quae
2456 4281 2784 4350 sequuntur
2812 4276 3130 4335 sufficiant.
3167 4275 3365 4334 Multis
3394 4273 3602 4331 adver·

175 4348 327 4405 santi
376 4362 466 4415 us,
497 4348 593 4404 sed
628 4348 853 4405 favente
884 4363 1121 4405 summe
1154 4347 1450 4419 pontifice,
1482 4363 1634 4404 anne
1670 4349 1827 4419 1141,
1858 4350 2230 4406 Lexoviensis
2261 4349 2529 4405 dioesecis
2549 4351 2863 4421 episcopus
2890 4353 3122 4405 creatus
3151 4357 3259 4407 est.
3306 4347 3398 4404 cui
3428 4346 3604 4402 annis

175 4419 565 4491 quadraginta
622 4420 870 4492 praefuit.
931 4418 962 4475 J
971 4417 1170 4475 evenis
1227 4419 1417 4475 adhuc
1476 4423 1687 4476 terram
1739 4424 1993 4477 sanctam
2052 4436 2186 4476 cum
2218 4422 2470 4476 exercitu
2511 4422 3054 4493 crucesignatorum
3088 4418 3301 4475 adiisse
3346 4416 3601 4475 videtur.

176 4489 657 4549 Familiaritatem
691 4508 824 4548 cum
855 4492 914 4547 S.
947 4491 1170 4546 Thema
1197 4489 1620 4559 cantuariensi,
1662 4496 1801 4548 tunc
1828 4493 1990 4563 regni
2020 4491 2385 4563 cancellarie,
2410 4492 2627 4564 junxit,
2661 4498 2720 4549 et
2751 4496 2809 4548 in
2845 4492 3094 4564 epistola
3125 4504 3276 4545 nunc
3333 4489 3600 4556 primum

173 4561 236 4617 in
266 4560 456 4618 lucem
485 4563 641 4618 edita
663 4561 829 4618 illum
862 4567 1060 4617 menet
1091 4570 1152 4617 ut
1180 4578 1214 4617 a
1245 4561 1516 4632 periculis
1573 4571 1630 4618 et
1684 4564 1915 4619 insidiis
1984 4568 2180 4621 caveat
2228 4563 2444 4635 quibus
2495 4563 2697 4635 p'atent
2727 4564 2786 4619 in
2820 4563 2955 4619 aula
2983 4563 3277 4632 degentes.
3316 4560 3601 4617 Dioeeesis

174 4648 292 4690 suae
322 4632 569 4705 negotiis
601 4634 747 4690 nihil
770 4634 1072 4704 antiquius
1102 4633 1328 4700 habuit,
1353 4634 1494 4689 adeo
1526 4639 1592 4690 ut
1613 4651 1690 4690 aes
1720 4633 1978 4691 alienum
1999 4650 2171 4707 grave
2200 4636 2569 4691 contraheret
2592 4634 2663 4690 de
2694 4651 2810 4706 que
2834 4649 3132 4705 nunquam
3156 4649 3220 4690 se
3246 4632 3599 4704 expedierit.

174 4704 293 4761 Hoc
323 4721 432 4762 nos
459 4704 672 4761 docent
699 4705 958 4775 epistolas
984 4721 1139 4761 nunc
1170 4705 1426 4776 primum
1458 4706 1517 4760 in
1552 4706 1657 4762 hec
1686 4710 1842 4763 teme
1873 4706 2148 4779 vulgatas.
2175 4705 2533 4762 Prostremes
2564 4706 2689 4762 vitoe
2713 4723 2899 4763 annes
2922 4705 3040 4777 egit
3067 4706 3127 4761 in
3150 4708 3475 4761 cenventus
3498 4720 3602 4760 ca-

177 4776 521 4902 nopicerum
553 4778 610 4833 S.
644 4776 891 4833 Victoris
922 4775 1291 4846 Parisiensis,
1321 4793 1436 4848 que
1469 4781 1600 4849 pest
1629 4778 1981 4846 abdicatum,
2014 4778 2226 4834 iterum
2258 4782 2430 4849 atquc
2462 4780 2674 4834 iterum
2704 4781 2954 4849 urgente
2978 4776 3226 4834 Henrice
3256 4777 3331 4847 11,
3369 4776 3602 4847 episce-

218 4863 252 4903 a
282 4863 381 4903 um
414 4863 477 4903 se
505 4863 631 4904 rece
679 4858 822 4906 erat.

176 4862 213 4919 p
245 4917 329 4974 Ex
354 4917 618 4990 epistolis
640 4867 868 4976 ¹l'arnulli
920 4919 1290 4992 septuaginta
1331 4934 1442 4976 una
1471 4919 1639 4976 edita)
1665 4925 1803 4977 sunt
1833 4919 2094 4988 Parisiis,
2128 4934 2195 4975 ex
2243 4920 2600 4978 bibliotheca
2628 4921 2847 4979 Odenis
2880 4919 3143 4976 Turnebi
3177 4916 3482 4985 Hadriani,
3518 4920 3595 4988 8⁰,

174 4989 338 5050 1585.
370 4990 517 5045 etin
548 4989 920 5048 Bibliothecis
951 4992 1187 5047 Petrum
1222 5007 1455 5047 recusae.
1506 4996 1640 5049 Tres
1680 5001 1956 5065 praeterea
2012 4992 2265 5060 reperire
2318 5001 2404 5049 est
2461 4994 2521 5049 in
2557 4995 2620 5050 D.
2655 4992 2937 5063 Bouqueti
2963 4989 3362 5061 scriptoribus
3395 5005 3591 5046 rerum

176 5060 459 5129 Francic„
481 5060 766 5119 d'Acherii
797 5062 1122 5134 spicilegio,
1158 5067 1215 5119 et
1245 5063 1370 5120 Vita
1425 5067 1484 5121 et
1540 5064 1811 5135 Epistolis
1868 5064 1983 5120 divi
2042 5064 2297 5120 Thomas.
2359 5065 2650 5121 Predeunt
2681 5081 2838 5121 nunc
2872 5079 3119 5120 numere
3152 5062 3337 5118 ferme
3368 5060 3593 5131 duplici

175 5132 485 5198 auctiora,
518 5149 625 5205 epe
655 5134 1032 5190 vetustissimi
1062 5134 1276 5190 codicis
1309 5151 1418 5190 ms·
1452 5150 1628 5207 quem
1659 5152 1790 5192 cum
1821 5137 2042 5192 editore
2072 5136 2528 5193 communicavit
2567 5138 2628 5193 D.
2668 5136 2913 5204 Winter,
2970 5134 3166 5192 Sancti
3195 5133 3446 5189 Jeannis
3477 5132 3595 5188 eel-

176 5202 315 5274 legii
338 5220 557 5286 praeses
586 5209 644 5261 et
672 5205 1077 5263 Universitatis
1106 5205 1448 5263 oxoniensis
1496 5206 2054 5264 vice-cancellarius.

249 5274 525 5344 Epistolis
563 5278 785 5333 Arnulli
820 5293 968 5352 quas
998 5277 1391 5348 suppeditavit
1424 5278 1944 5348 praestantissimus
1973 5279 2068 5336 hic
2097 5281 2273 5336 codex
2304 5280 2869 5353 acceduntejusdem
2892 5278 3166 5338 Carmina
3202 5284 3256 5333 et
3287 5280 3614 5334 Sermones·

181 5359 251 5401 ex
278 5345 529 5403 editione
558 5349 840 5423 principe,
875 5364 980 5406 nec
1011 5366 1124 5405 nen
1154 5348 1456 5405 Tractatus
1486 5351 1559 5406 Dc
1576 5351 1886 5419 schismate,
1921 5350 2116 5407 Remoe
2150 5352 2221 5408 ab
2256 5358 2491 5409 auctore
2522 5358 2720 5411 nestro
2751 5353 3007 5426 scriptus
3038 5366 3191 5408 anno
3226 5349 3390 5419 1131,
3419 5364 3598 5407 ecca-

182 5417 346 5476 siene
374 5418 711 5479 schismatis
743 5428 868 5494 pest
897 5420 1135 5479 Honorii
1169 5420 1215 5476 ll
1247 5420 1550 5478 decessum
1581 5423 1653 5480 de
1683 5423 1900 5481 summi
1926 5423 2219 5497 pontilicis
2248 5423 2528 5483 electione
2556 5427 2688 5484 ertl.
3028 5494 3063 5553 J
3126 5494 3170 5551 Α
3233 5491 3280 5550 G
