3784 6000
294 204 434 267 1³³0

1715 217 1905 279 Lucu
1944 216 2021 275 m
2061 216 2270 275 1³3?AE

3581 216 3718 277 ¹3⁴ss

290 334 1105 410 inprivilegiisquorumdam
1118 343 1946 413 apponimusaliorum.0uia
1979 349 2027 406 Α
2055 342 2172 401 bus
2199 344 2321 400 suis
2357 342 2851 417 appertinentiis:
2884 341 3238 412 Kinuelden,
3264 341 3514 410 Lebem,
3553 342 3726 402 Sobe-

293 438 439 480 vero
463 440 585 481 non
634 431 721 482 est
761 429 1124 485 conveniens
1153 436 1215 487 ut
1243 438 1449 490 contaa
1494 434 1759 491 instituta
1784 434 1946 491 sedis

292 513 641 583 apostolicis
680 521 901 572 temere
943 517 1234 585 veniatur,
1265 537 1404 594 quoe
1432 522 1701 579 obtinere
1726 522 1948 580 debent

292 600 697 659 inviolabilem
713 604 1078 671 firmitatem,
1100 621 1206 679 per
1223 609 1553 681 apostolica
1570 612 1796 686 scripta
1817 611 1951 668 ubi-

288 703 408 762 que
419 691 825 763 praecipiendo
841 694 1224 764 mandamus,
1241 699 1359 755 utsi
1379 700 1485 772 qui
1511 701 1807 767 canonici,
1838 700 1949 757 cle·

289 777 415 848 rici,
470 780 774 847 monachi,
830 789 933 839 aut
976 782 1112 841 laici
1165 791 1376 844 contra
1421 789 1733 861 privilegia
1788 788 1948 845 sedis

286 867 630 937 apostolicas
657 871 972 942 prodictus
1002 871 1214 930 tratres
1241 876 1612 935 decimarum
1641 877 1951 934 exactione

289 957 689 1024 gravaverint,
713 959 1119 1033 appellatione
1135 970 1366 1022 remota
1394 965 1582 1023 laicos
1605 981 1950 1024 excommu-

289 1043 605 1102 nicationis
643 1050 936 1107 sententia
960 1052 1314 1126 percellatiS‚
1354 1054 1616 1129 reliquos
1640 1061 1841 1112 autem
1868 1055 1949 1111 ab

288 1133 492 1191 officio
523 1150 635 1192 suo
666 1139 1048 1210 suspendatis
1071 1147 1130 1198 et
1157 1146 1281 1199 tam
1307 1146 1948 1202 excommunicationis

286 1238 474 1296 quam
504 1227 918 1298 suspensionis
960 1232 1321 1289 sententiam
1356 1233 1606 1303 faciatis,
1650 1248 1838 1308 usque
1867 1233 1943 1289 ad

287 1311 541 1382 dignam
555 1313 1054 1383 satisfactionem,
1069 1320 1127 1376 in
1136 1321 1488 1379 violabiliter
1505 1323 1831 1380 observari.
1860 1321 1948 1378 Ad

285 1400 415 1457 hoec
427 1403 809 1474 priesentium
820 1406 995 1463 vobis
1007 1410 1353 1467 auctoritate
1366 1412 1767 1486 preacipiendo
1781 1428 1949 1469 man·

287 1488 528 1556 damus,
560 1499 858 1564 quatenus
887 1496 937 1552 si
976 1497 1079 1568 qui
1112 1498 1171 1553 in
1211 1498 1418 1556 fratres
1461 1502 1946 1574 praescriptorum

290 1581 793 1638 monasteriorum
816 1598 1033 1640 manus
1057 1586 1347 1645 violentas
1367 1590 1696 1660 injecerint,
1728 1605 1832 1646 eos
1852 1605 1947 1646 ac·

2055 431 2324 503 terwald,
2349 433 2702 501 Arcenbem‚
2731 431 3142 498 mochenhem,
3162 430 3526 503 Egensheim
3542 430 3726 501 Forat,

2056 521 2393 587 Uitelwilre.
2442 522 2736 593 Kolmere‚
2790 521 2882 579 als
2913 521 3092 587 Paris,
3133 520 3517 585 Rumimunt.
3575 520 3728 579 Cha-

2055 609 2331 678 sintbale,
2355 610 2684 678 Tambacb,
2715 609 3043 684 scrotegin,
3095 606 3492 676 Plaffenhem‚
3524 615 3590 667 et
3617 610 3732 667 Ru-

2060 698 2248 757 vache
2297 704 2354 756 et
2409 699 2740 757 Herlisbem
2787 714 2927 757 cum
2972 697 3260 756 omnibus
3293 698 3429 755 suis
3472 699 3731 773 apperti-

2056 787 2299 844 nentiis.

2132 875 2571 934 Sauelaborum
2589 881 2949 944 vestrorum,
2972 891 3127 951 quos
3148 875 3412 950 propriis
3444 875 3730 934 manibus

2056 969 2160 1023 aut
2172 965 2738 1034 sumptibuscolitis,
2753 965 2962 1022 sivede
2973 963 3350 1024 nutrimentis
3361 963 3730 1023 animalium

2059 1059 2414 1122 vestrorum,
2444 1054 2643 1112 nullus
2673 1072 2711 1113 a
2738 1055 2910 1113 vobis
2930 1054 3201 1112 decimas
3223 1055 3473 1127 exigere
3507 1057 3623 1112 aut
3647 1069 3732 1112 ex·

2058 1146 2333 1217 torquere
2361 1148 2716 1218 praesumat.

2127 1233 2325 1290 Liceat
2351 1233 2528 1292 vobis
2557 1248 2804 1306 quoque
2831 1231 3074 1290 clericos
3100 1232 3197 1289 vel
3218 1230 3414 1290 laicos
3440 1248 3484 1290 a
3512 1232 3730 1290 saecuto

2055 1320 2351 1391 fugientes
2374 1321 2597 1379 liberos
2622 1328 2679 1377 et
2705 1321 3015 1378 absolutos
3042 1320 3121 1377 ad
3145 1318 3624 1379 conversionem
3656 1337 3732 1377 re-

2056 1410 2274 1481 cipere,
2304 1415 2409 1467 aut
2432 1426 2535 1467 eos
2564 1410 2797 1484 absque
2829 1408 3298 1467 contradictione
3340 1408 3567 1483 aliqua
3609 1409 3731 1466 reti·

2057 1515 2217 1555 nere.
2250 1499 2639 1557 prohibemus
2678 1500 2855 1556 etiam
2896 1499 3141 1570 insuper
3171 1502 3234 1554 ut
3285 1496 3443 1555 nulli
3477 1492 3728 1556 fratrum

2057 1592 2411 1655 vestrorum,
2462 1594 2597 1662 post
2645 1588 2862 1645 factam
2892 1588 2954 1644 in
2979 1586 3193 1643 eodem
3216 1586 3357 1644 loco
3402 1587 3727 1661 professio·

284 1667 483 1723 censis
511 1669 778 1726 candelis
808 1677 1362 1734 excommunicatos
1388 1678 1626 1750 publice
1657 1680 1945 1736 nuntietis
1974 1704 2018 1760 Β
2058 1692 2217 1743 nem,
2254 1678 2346 1735 ias
2374 1678 2450 1735 sit
2478 1678 2711 1751 absque
2740 1676 2976 1734 abbatis
2998 1677 3087 1732 sui
3114 1675 3362 1733 licentia
3415 1676 3493 1732 de
3519 1676 3726 1734 eodem

286 1758 342 1811 et
365 1754 592 1813 faciatis
633 1758 715 1815 ab
742 1761 1026 1819 omnibus
1072 1765 1223 1822 sicut
1271 1769 1826 1825 excommunicatos
1859 1769 1947 1826 di-

287 1843 546 1903 strictius
573 1847 802 1917 evitari,
824 1849 1019 1908 donec
1039 1868 1304 1924 congrue
1334 1856 1706 1913 satisfaciant
1736 1857 1943 1930 praedi·

283 1931 393 1989 ctis
417 1932 705 1992 fratribus
736 1943 794 1994 et
818 1954 956 1996 cum
982 1941 1187 1999 litteris
1212 1943 1537 2003 dioecesani
1566 1947 1830 2018 episcopi
1861 1944 1946 2002 rei

285 2022 596 2081 veritatem
640 2028 1086 2087 continentibus
1114 2032 1446 2105 apostolico
1487 2051 1551 2092 se
1598 2035 1944 2108 conspectui

284 2121 731 2183 repraesentent.

358 2199 573 2260 Datum
619 2205 881 2263 Verona.
912 2225 970 2264 iv
999 2212 1148 2267 Non.
1186 2210 1391 2278 Martii,
1427 2213 1806 2285 pontificatus
1835 2229 1942 2272 no·

286 2289 406 2346 stri.
442 2306 541 2349 an.
574 2310 630 2350 ιιι
660 2292 790 2369 [ivJ.

1012 2425 1205 2482 CCXX.

282 2522 637 2582 Monasterii
645 2527 1002 2587 Parisiensis
1016 2531 1079 2588 in
1093 2547 1248 2603 pvyo
1267 2534 1604 2592 Alsaciensi
1626 2536 1941 2606 protectio-

561 2611 693 2654 nem
733 2600 978 2669 suscipit
1019 2602 1290 2676 bonaque
1328 2607 1662 2675 confirmat.

789 2707 1073 2779 (vm-ones,
1119 2713 1279 2766 Mart.
1322 2712 1432 2784 12.)

359 2805 564 2879 [Huc0.
613 2811 820 2870 Sacra·
866 2814 1057 2887 antiq.
1105 2832 1390 2883 monum„
1442 2823 1480 2873 t.
1514 2818 1579 2884 11,
1632 2836 1690 2891 p.
1715 2822 1864 2893 282]

352 2913 552 2971 Lucius
601 2918 943 2990 episcopus,
978 2936 1189 2978 servus
1219 2938 1529 2982 servorum
1560 2925 1680 2991 Dei,
1709 2927 1939 2984 dilectis

280 3002 417 3059 tiliis
458 3004 665 3061 Wesilo
707 3008 914 3065 abbati
944 3012 1293 3069 monasterii
1323 3014 1664 3071 parisiensis
1689 3016 1748 3073 in
1777 3033 1939 3091 pago

279 3090 623 3161 alsaciensi,
687 3095 940 3169 ejusque
1004 3098 1314 3167 tratribus,
1362 3106 1488 3159 tam
1541 3107 1940 3175 praesentibus

279 3193 467 3322 :luam
498 3179 737 3249 futuris,
759 3186 1097 3254 regularem
1121 3189 1300 3247 vitam
1332 3191 1616 3263 professis
1645 3193 1705 3251 in
1733 3210 1940 3268 perpe-

307 3281 474 3323 uum.

350 3356 707 3427 Religiosam
731 3361 913 3417 vitam
936 3362 1293 3435 eligentibus
1309 3369 1711 3440 apostolicum
1726 3388 1939 3431 conve-

280 3443 366 3500 nit
389 3444 607 3502 adesse
639 3450 1005 3518 praesidium.
1028 3468 1103 3510 ne
1128 3454 1279 3512 forte
1303 3457 1620 3529 cuiuslibet
1648 3463 1940 3520 temerita-

280 3531 353 3587 tis
378 3532 654 3590 incursus
678 3542 780 3593 aut
807 3554 911 3595 eos
930 3557 966 3598 a
994 3546 1305 3614 proposito
1325 3552 1576 3614 revocet,
1606 3554 1709 3605 aut
1731 3550 1936 3618 robur,

278 3621 474 3693 (quod
496 3622 652 3681 absit
667 3625 707 3694 t)
729 3642 913 3684 sacris
932 3630 1234 3702 religionis
1260 3633 1563 3705 infringat.
1594 3639 1935 3711 Eapropter,

277 3709 470 3767 dilecti
494 3713 555 3769 in
583 3716 839 3773 Domino
857 3717 984 3785 filii,
1008 3722 1218 3778 vestris
1232 3723 1409 3794 justis
1430 3725 1938 3796 postulationibus

278 3797 600 3858 clementer
640 3806 988 3869 annuimus.
1040 3814 1096 3865 et
1142 3812 1456 3881 pressatum
1507 3817 1938 3874 monasterium

279 3887 615 3948 Parisiense
642 3892 702 3949 in
735 3908 892 3966 pago
910 3895 1248 3956 Alsaciense
1272 3901 1475 3968 situm,
1500 3903 1558 3958 in
1581 3919 1705 3975 quo
1729 3905 1940 3963 divino

279 3978 605 4052 mancipati
630 3984 767 4039 estis
790 3984 1109 4057 obsequio,
1142 3989 1256 4044 sub
1280 3988 1439 4046 beati
1472 3992 1619 4048 Petri
1646 3999 1701 4049 et
1732 4001 1939 4053 nostra

280 4068 649 4139 protectione
699 4073 1067 4145 suscipimus
1097 4082 1156 4133 et
1180 4078 1490 4150 pressantis
1531 4081 1735 4154 scripti
1765 4084 1939 4155 privi-

276 4153 436 4225 legio
461 4162 930 4218 communimus.

350 4246 416 4301 ln
451 4246 661 4317 primis
687 4249 985 4322 siquidem
1011 4257 1338 4313 statuentes
1378 4261 1441 4314 ut
1478 4257 1629 4316 ordo
1651 4262 1937 4319 monasti·

281 4347 412 4400 cus,
434 4335 541 4406 qui
565 4337 899 4395 secundum
934 4342 1141 4408 Deum,
1162 4348 1218 4400 et
1238 4343 1398 4402 beati
1430 4347 1723 4405 Benedicti
1751 4352 1939 4422 Regu·

2053 1765 2184 1822 loco
2210 1766 2518 1824 discedere
2542 1784 2558 1833 ;
2590 1765 2999 1823 discedentem
3028 1780 3169 1822 vero
3190 1765 3434 1839 absque
3460 1780 3729 1823 commu·

2053 1855 2226 1914 nium
2253 1855 2584 1913 litterarum
2607 1856 2879 1913 cautione
2906 1853 3104 1911 nullus
3127 1854 3352 1912 audeat
3374 1855 3661 1913 retinere.

2126 1947 2373 2016 insuper
2437 1944 2769 2016 apostoliea
2837 1943 3183 2001 auctoritate
3253 1942 3579 2001 sancimus
3640 1947 3715 2016 ug

2052 2033 2573 2105 quemadmodum
2607 2049 2643 2090 a
2691 2031 3233 2106 praedecessoribus
3262 2030 3493 2089 nostris
3535 2028 3716 2089 felicis

2054 2122 2358 2179 memoriis
2379 2121 2740 2189 innocentio,
2763 2120 3029 2192 Eugenio
3046 2128 3103 2179 et
3124 2118 3471 2178 Alexandro
3497 2123 3717 2179 Roma·

2053 2210 2150 2266 nis
2178 2211 2562 2283 pontificibus
2590 2216 2876 2270 statutum
2898 2215 3006 2278 est,
3032 2208 3235 2267 nullus
3260 2210 3595 2285 episcopus
3623 2225 3715 2267 ne-

2049 2314 2170 2372 que
2197 2299 2312 2357 alia
2342 2300 2627 2373 quaslibet
2649 2315 2913 2373 persona
2941 2299 3020 2356 ad
3052 2297 3326 2373 synodos
3356 2298 3451 2356 vel
3474 2298 3560 2357 ad
3580 2313 3714 2357 con-

2052 2394 2261 2446 ventus
2290 2389 2557 2447 forenses
2586 2405 2691 2446 vos
2716 2388 2931 2447 invitos
2954 2385 3298 2461 compellat.

2121 2478 2433 2536 Sancimus
2465 2478 2644 2536 etiam
2673 2484 2756 2546 ut,
2784 2477 2834 2535 si
2859 2477 3200 2551 episcopus,
3231 2475 3292 2533 in
3327 2477 3511 2548 eujus
3539 2492 3712 2550 paro-

2048 2566 2185 2624 chia
2215 2568 2436 2624 domus
2474 2571 2667 2624 vestra
2704 2567 2959 2624 fundata
2986 2569 3094 2634 est.
3127 2570 3236 2633 ter,
3263 2564 3377 2622 sed
3409 2581 3523 2637 per
3547 2566 3708 2623 inter-

2050 2655 2209 2712 valla
2254 2656 2561 2728 temporis,
2587 2672 2728 2713 cum
2758 2654 3092 2713 bumilitate
3130 2670 3205 2711 ac
3240 2653 3572 2713 devotione
3593 2670 3704 2728 qua

2047 2744 2351 2812 convenit,
2391 2745 2735 2818 requisitus,
2768 2744 3156 2801 substitutum
3207 2742 3491 2801 abbatem
3534 2743 3705 2801 bene-

2048 2832 2245 2890 dicere
2272 2832 2420 2890 forte
2452 2833 2730 2901 renuerit,
2758 2832 2985 2890 licitum
3012 2832 3088 2889 sit
3115 2832 3320 2889 eidem
3344 2831 3552 2890 abbati
3580 2846 3704 2906 pro-

2048 2921 2212 2994 prios
2239 2923 2497 2979 novitios
2522 2922 2896 2995 benedicere,
2923 2926 2980 2979 et
3008 2920 3126 2979 alia
3146 2936 3284 2993 qum
3307 2921 3390 2979 ad
3418 2919 3604 2994 ipsius
3624 2918 3704 2976 ot·

2047 3011 2253 3069 flcium
2297 3012 2596 3084 pertinent
2620 3027 2915 3083 exercere,
2952 3011 3145 3068 donec
3192 3010 3359 3068 idem
3393 3010 3706 3084 episeopus

2046 3101 2182 3157 duri
2191 3101 2334 3158 tiam
2347 3117 2519 3159 suam
2536 3102 2735 3173 recogi
2742 3107 2839 3169 tet,
2854 3098 3413 3159 etbenedicendum
3427 3097 3708 3158 abbatem

2050 3189 2401 3247 benedicere
2429 3205 2552 3247 non
2578 3195 2829 3248 recuset.

2117 3278 2252 3335 Paci
2275 3294 2519 3353 quoque
2545 3294 2619 3337 ac
2640 3277 3053 3354 tranquillitati
3076 3282 3294 3336 vestro
3323 3284 3584 3352 paterna
3601 3276 3707 3334 sol·

2045 3366 2354 3425 licitudine
2374 3368 2688 3441 providere
2703 3369 2989 3432 volentes,
3002 3366 3358 3425 auctoritate
3373 3365 3712 3440 apostoliea

2046 3457 2461 3529 probibemus,
2496 3467 2560 3515 ut
2587 3456 2741 3515 infra
2762 3458 3075 3515 clausuras
3098 3455 3376 3514 locorum
3403 3470 3518 3513 seu
3544 3470 3712 3527 gran-

2045 3545 2280 3617 giarum
2310 3551 2644 3605 vestrarum
2675 3546 2875 3604 nullus
2899 3544 3258 3610 violentiam.
3285 3544 3377 3602 vel
3407 3546 3716 3619 rapinam.

2044 3633 2268 3692 turtum
2286 3637 2652 3694 committere
2676 3636 2899 3709 ,ignem
2923 3648 3250 3708 apponere,
3277 3633 3602 3692 hominem
3625 3649 3710 3691 ca·

2047 3737 2187 3795 pere
2216 3725 2312 3782 vel
2339 3725 2669 3783 interficere
2698 3724 2942 3783 audeat.

2118 3813 2503 3870 Decernimus
2532 3826 2675 3884 ergo
2707 3816 2769 3870 ut
2807 3810 2958 3869 nulli
2986 3812 3236 3870 omnino
3262 3811 3592 3870 hominum
3625 3811 3708 3871 ns

2046 3901 2122 3957 sit
2142 3899 2460 3975 pressatum
2493 3900 2930 3958 monasterium
2952 3905 3172 3958 temere
3201 3899 3600 3971 perturbare,
3617 3904 3710 3957 aut

2044 3990 2178 4062 ejus
2202 3990 2616 4064 possessiones
2645 3988 2879 4047 auterre
2905 3987 3000 4045 vel
3026 3987 3264 4047 ablatas
3293 3988 3582 4055 retinere,
3613 3988 3710 4046 mi-

2043 4093 2250 4149 nuere,
2282 4094 2386 4136 seu
2425 4078 2794 4154 quibuslibet
2830 4076 3248 4138 vexationibus
3276 4075 3566 4150 fatigare,
3609 4075 3708 4134 sed

2044 4167 2253 4227 omnia
2289 4169 2520 4240 integra
2559 4173 2985 4225 conserventur
3029 4179 3264 4230 eorum,
3294 4180 3415 4239 pro
3452 4181 3706 4241 quorum

2045 4257 2482 4329 gubernatione
2494 4263 2552 4314 et
2572 4257 3008 4314 sustentatione
3023 4269 3317 4313 concessa
3335 4261 3488 4312 sunt
3506 4255 3706 4314 usibus

2044 4345 2413 4404 omnimodis
2451 4346 2784 4419 profutura,
2824 4344 2993 4404 salva
3021 4343 3182 4402 sedis
3215 4343 3574 4418 apostolico
3609 4360 3705 4402 aa·

275 4420 402 4478 lam
430 4427 612 4496 atque
638 4424 1067 4485 institutionem
1100 4432 1573 4492 cisterciensium
1602 4435 1853 4493 fratrum
1876 4438 1938 4494 in
1969 4429 2015 4487 D
2045 4434 2337 4492 ctoritate.

276 4510 491 4567 eodem
572 4516 940 4573 monasterio
999 4516 1304 4577 institutus
1359 4538 1490 4579 esse
1545 4524 1934 4595 dignoscitur,

275 4600 578 4673 perpetuis
621 4603 993 4678 temporibus
1028 4607 1254 4666 ibidem
1284 4610 1699 4670 inviolabiliter
1725 4613 1937 4672 obser-

276 4693 469 4746 vetur.

348 4779 634 4836 Praeterea
658 4796 1054 4855 quascunque
1091 4787 1530 4858 possessiones,
1558 4805 1939 4865 quacunque

275 4863 439 4924 bona
466 4866 626 4926 idem
654 4872 1091 4930 monasterium
1124 4875 1183 4931 in
1215 4878 1672 4948 praesentiarum
1698 4880 1859 4951 ,iuste
1881 4885 1941 4938 et

274 4956 564 5013 canonice
584 4960 874 5028 possidet,
893 4965 996 5018 aut
1015 4961 1362 5021 infuturum
1381 4968 1765 5025 concessione
1787 4984 1940 5041 pon-

273 5043 527 5112 tificum,
546 5045 862 5117 largitione
878 5063 1088 5121 regum
1114 5051 1205 5108 vel
1235 5053 1601 5127 principum,
1626 5057 1933 5116 oblatione

272 5131 566 5204 fidetium,
586 5147 693 5193 seu
717 5136 852 5195 aliis
867 5138 1046 5211 justis
1066 5140 1284 5209 modis,
1309 5149 1631 5215 praestante
1646 5145 1932 5217 Domino,

273 5223 491 5294 poterit
517 5223 792 5298 adipisci,
819 5226 995 5287 firma
1016 5229 1191 5288 vobis
1217 5232 1546 5307 vestrisque
1571 5238 1933 5294 successori·

2120 4524 2176 4581 Si
2196 4538 2320 4596 qua
2343 4523 2521 4595 igitur
2539 4524 2601 4579 in
2626 4522 2896 4581 futurum
2924 4520 3332 4580 ecclesiastica
3349 4519 3704 4582 secularisve

2047 4612 2475 4686 personabanc
2490 4618 2712 4670 nostro
2723 4611 3166 4670 constitutionis
3176 4609 3482 4684 paginam
3497 4612 3700 4676 sciens.

2048 4707 2256 4760 contra
2284 4717 2417 4758 eam
2453 4708 2675 4759 temere
2701 4701 2899 4759 venire
2927 4698 3262 4768 tentaverit.
3293 4700 3580 4758 secundo
3605 4705 3701 4758 ter·

2050 4792 2200 4849 tiove
2223 4792 2613 4861 commonita,
2645 4791 2756 4847 nisi
2779 4796 3012 4848 reatum
3051 4805 3229 4847 suum
3257 4788 3456 4862 digna
3477 4788 3698 4848 satisfe-

2047 4881 2240 4939 ctione
2269 4880 2609 4947 correxerit,
2651 4879 2959 4954 potestatis
2987 4877 3365 4952 honorisque
3395 4879 3494 4936 sui
3521 4876 3697 4951 digni·

2045 4974 2164 5027 tate
2197 4973 2418 5038 careat,
2449 4983 2739 5042 reamque
2764 4984 2829 5026 se
2851 4968 3057 5026 divino
3084 4965 3315 5039 jndicio
3345 4966 3608 5025 existere
3631 4966 3696 5024 de

2045 5063 2384 5131 perpetrata
2412 5057 2725 5130 iniquitate
2763 5061 3116 5129 cognoscat.
3139 5060 3197 5113 et
3219 5070 3260 5113 a
3285 5055 3696 5114 sacratissimo

2043 5160 2294 5219 corpore
2330 5151 2389 5203 et
2429 5146 2728 5218 sanguine
2769 5146 2869 5204 Dei
2913 5150 2972 5202 et
3001 5143 3234 5202 Domini
3283 5143 3696 5220 Redemptoris

2040 5234 2225 5293 nostri
2261 5236 2400 5292 lesu
2446 5235 2662 5293 Christi
2705 5234 2814 5293 fiat
2840 5233 3056 5303 aliena.
3087 5240 3269 5308 atque
3317 5232 3384 5290 in
3433 5240 3696 5294 extremo

269 5310 383 5369 bus
400 5320 459 5370 et
488 5312 716 5373 illibata
746 5324 1159 5389 permaneant.
1182 5319 1487 5395 inquibus
1510 5323 1642 5381 boec
1670 5327 1927 5400 propriis
2037 5325 2316 5383 examine
2342 5323 2562 5382 divinis
2593 5323 2801 5382 ultioni
2830 5322 3164 5395 subjaceat.
3213 5322 3465 5382 Cunctis
3505 5328 3696 5382 aute-

271 5398 560 5459 duxlmus
578 5405 975 5477 exprimenda
999 5408 1312 5467 vocabulis
1339 5426 1354 5467 ε
1383 5411 1584 5470 locum
1633 5414 1833 5487 ipsum
1863 5416 1927 5472 in
2036 5414 2234 5472 eidem
2261 5413 2395 5471 loco
2424 5429 2535 5472 sua
2569 5414 2710 5485 jura
2755 5411 3140 5471 servantibus
3166 5410 3246 5469 sit
3294 5427 3426 5488 pax
3473 5411 3697 5472 Domini

278 5497 405 5559 quo
425 5489 743 5562 pronum
760 5498 1196 5558 monasterium
1221 5499 1405 5561 situm
1420 5506 1535 5570 est.
1552 5517 1696 5562 cum
1722 5503 1925 5564 omni-
2033 5502 2227 5563 nostri
2247 5504 2386 5562 Jesu
2414 5501 2647 5573 Christi,
2676 5506 2980 5579 quatenus
3007 5505 3069 5561 et
3093 5499 3198 5561 bie
3221 5498 3506 5562 finctum
3533 5502 3696 5565 bene
