3784 6000
312 168 449 237 tovi
1736 150 1928 213 Lucu
1968 150 2044 209 111

385 390 499 433 nus
524 374 751 445 exigat.
786 390 815 422 n

1027 452 1231 526 (lbid.)

1052 541 1184 598 xlx.

316 649 585 722 [Roqero]
597 639 800 721 abbati
807 638 868 721 S.
878 630 1202 705 Augustini
1214 623 1656 711 cantuariensis
1668 617 1973 677 interdicit

390 742 417 767 «
452 731 523 772 ne
549 712 995 781 archiepiscopo
1025 704 1447 776 professionem
1474 698 1669 767 factat
1701 698 1807 751 aut
1828 703 1971 760 pro·

386 788 606 844 mittat.
641 803 669 835 u
1043 844 1248 917 (Ihm.)

1108 935 1215 991 XX.

319 1039 597 1103 Henrieo,
624 1033 962 1104 Anytoram
980 1026 1127 1097 reqi,
1142 1018 1569 1079 monasterium
1586 1015 1642 1072 S.
1663 1010 1977 1086 Auqustini

711 1099 1147 1161 cantuariense
1184 1090 1577 1151 commendat.

1029 1183 1234 1257 (ιοεα.)

1092 1275 1221 1329 xxi.

321 1374 749 1436 Monasterium
790 1371 853 1427 S.
895 1361 1222 1437 Auqustim‘
1248 1354 1681 1416 cantuariense
1715 1351 1781 1407 in
1804 1353 1978 1423 jussu

500 1448 653 1505 sectis
683 1441 1025 1513 apostotica-
1060 1436 1229 1505 affict'
1258 1429 1574 1487 interdicto
1616 1429 1793 1482 vetat.

1056 1522 1255 1596 (ιῡεα.)

966 1670 1104 1727 Arm
1115 1625 1214 1723 0-1
1230 1666 1346 1720 182.

1073 1808 1236 1865 xxil.

325 1911 610 1972 Ecclesioe
635 1908 697 1966 S.
728 1901 1066 1965 Salvator-is
1106 1899 1335 1954 Venetoe
1356 1885 1739 1962 possessiones
1764 1890 1817 1940 et
1854 1880 1980 1952 pri-

824 1977 1036 2045 viteyia
1065 1970 1404 2037 confirmat.

840 2059 1161 2137 (Laterani,
1202 2060 1332 2113 Jan.
1373 2056 1452 2121 8.)

400 2161 749 2237 [conamus
792 2155 1071 2212 Ecclesiae
1110 2149 1360 2209 Venetoe,
1402 2146 1443 2196 t.
1475 2137 1611 2203 xlv,
1652 2153 1711 2209 p.
1758 2130 1940 2229 1044·

399 2254 598 2309 Luctus
626 2247 971 2320 episcopus,
1013 2253 1222 2294 servus
1252 2244 1561 2288 servorum
1592 2224 1713 2289 Dei,
1745 2222 1978 2318 dilectis

327 2341 465 2399 tiliis
492 2342 768 2402 alanno,
803 2332 984 2406 priori
1022 2326 1283 2385 ecclesioe
1315 2324 1372 2378 S.
1415 2315 1735 2376 Salvatoris
1764 2313 1839 2368 de
1882 2312 1980 2365 Ri-

325 2430 546 2500 voalt0,
577 2429 828 2498 ejusque
867 2418 1166 2482 fratribus,
1201 2422 1322 2470 tam
1361 2405 1756 2483 proeseutibus
1792 2415 1981 2475 quam

327 2521 538 2576 futuris
581 2514 937 2572 canonicam
968 2510 1151 2562 vitam
1183 2500 1467 2576 professis
1508 2499 1565 2551 in
1596 2497 1975 2566 perpetuum.

402 2605 757 2676 Religiosam
792 2601 971 2655 vitam
1011 2592 1366 2664 eligentibus
1404 2581 1801 2658 apostolicum
1841 2592 1982 2635 con-

328 2697 488 2754 venit
516 2694 729 2751 adesse
760 2686 1132 2762 proesidiuui,
1158 2695 1233 2737 ne
1263 2678 1409 2734 forte
1444 2670 1762 2745 cujuslibet
1799 2673 1981 2724 teme-

328 2787 517 2844 ritatis
557 2783 834 2839 incursus
872 2780 975 2833 aut
1016 2788 1120 2829 eos
1160 2788 1197 2826 a
1234 2764 1537 2841 proposito
1575 2762 1827 2824 revocet,
1874 2759 1983 2813 aut

326 2876 513 2933 robur
537 2871 724 2945 (quod
748 2866 905 2924 absit
933 2865 969 2935 l)
996 2876 1182 2917 sacrae
1207 2853 1508 2925 religionis
1534 2848 1839 2947 infringat.
1872 2848 1979 2902 Ea·

328 2968 592 3040 propter,
617 2958 809 3017 dilecti
827 2957 887 3012 in
916 2953 1167 3012 Domino
1194 2948 1320 3015 tilii,
1349 2941 1750 3012 vestrisjustis
1776 2941 1978 3010 postu·

325 3052 655 3112 lationibus
679 3048 999 3104 clementer
1028 3038 1377 3100 annuimus,
1395 3039 1452 3089 et
1471 3028 1780 3103 praefatam
1800 3024 1980 3082 eccle·
2012 3039 2052 3096 C

328 3144 512 3208 siam,
539 3142 599 3196 in
627 3154 753 3211 qua
788 3135 991 3192 divino
1022 3125 1346 3199 mancipati
1376 3122 1515 3178 estis
1551 3117 1867 3189 obsequie,
1902 3112 1981 3170 ad

329 3230 635 3303 exemplar
650 3227 1158 3300 praedecessorum
1176 3221 1519 3271 nostrorum
1540 3208 1725 3264 felicis
1754 3219 1983 3261 memo·

330 3323 432 3379 rim
488 3316 834 3378 Innocentii,
884 3308 1152 3381 Eugenii,
1198 3299 1495 3360 anastasii
1553 3303 1610 3352 et
1659 3290 1981 3350 Alexandri

330 3415 739 3468 Romanorum
789 3401 1160 3475 pontificum,
1210 3392 1324 3448 sub
1376 3392 1435 3445 B.
1480 3387 1631 3442 Petri
1671 3388 1728 3440 et
1773 3387 1982 3438 nostra

330 3505 698 3575 protectione
730 3491 1092 3562 suscipimus
1121 3491 1176 3540 et
1215 3478 1527 3555 proesentis
1567 3473 1773 3545 scripti
1805 3470 1985 3543 privi-

328 3590 483 3660 legio
512 3582 981 3643 communimus,
1006 3576 1066 3631 in
1089 3573 1297 3646 primis
1328 3567 1624 3641 siquidem
1656 3565 1984 3618 statuentes

334 3687 396 3735 ut
416 3677 563 3733 o'rdo
587 3674 913 3730 canonicus
934 3667 1037 3738 qui
1059 3662 1390 3718 secundum
1410 3660 1594 3711 Deum
1617 3656 1674 3708 et
1704 3654 1762 3706 B.
1787 3656 1984 3718 Augu-

332 3767 472 3823 stini
500 3763 785 3834 Regulam
809 3761 869 3813 in
894 3757 1107 3811 eodem
1132 3750 1264 3806 loco
1290 3747 1594 3802 institutus
1620 3755 1748 3795 esse
1768 3738 1986 3808 digno-

333 3857 536 3919 scitur,
569 3848 868 3923 perpetuis
908 3843 1132 3900 ibidem
1161 3833 1533 3907 temporibus
1568 3826 1986 3926 inviolabiliter

332 3945 700 4001 observetur.
758 3940 1044 3992 Proeterea
1090 3936 1486 4002 quascunque
1543 3929 1983 3991 possessmnes,

330 4043 707 4106 quascunque
737 4028 900 4082 bona
924 4022 1135 4078 eadem
1163 4014 1413 4072 ecclesia
1437 4013 1496 4066 in
1524 4006 1982 4082 praesentiarum

327 4125 483 4194 juste
504 4115 867 4175 etcauonice
903 4109 1184 4183 possidet,
1219 4103 1405 4160 autin
1437 4099 1704 4155 futurum
1744 4109 1986 4194 conces-

334 4213 501 4267 sione
564 4206 934 4279 pontificum,
991 4197 1303 4266 largitione
1354 4204 1568 4260 regum
1626 4186 1715 4242 vel
1767 4199 1986 4256 princi-

335 4314 504 4371 pum,
527 4296 829 4352 oblatione
843 4288 1243 4349 fidelium‚seu
1256 4282 1385 4339 aliis
1396 4280 1580 4353 justis
1595 4273 1986 4346 modisproes-

2004 1656 2048 1711 B

335 4393 495 4444 tante
510 4378 995 4454 Domino,poterit
1007 4376 1104 4433 adi
1112 4372 1459 4448 pisci,tirma
1472 4367 1642 4424 vobis
1656 4364 1985 4435 vestrisque
2016 4398 2063 4454 D

337 4472 785 4533 successoribus
823 4474 879 4526 et
909 4467 1134 4523 illibata
1161 4462 1573 4538 permaneant.
1614 4453 1984 4509 Medietatem

335 4566 727 4630 decimarum,
767 4575 921 4633 quas
941 4552 1291 4632 parochiani
1309 4546 1569 4606 ecclesiae
1612 4549 1814 4600 vestrae
1852 4556 1985 4613 per·

334 4656 589 4721 solvunt,
621 4654 775 4708 sicut
815 4652 1000 4705 beatae
1029 4642 1335 4701 memoriae
1368 4635 1753 4709 predecessor
1784 4635 1987 4686 noster

336 4747 635 4817 Eugenius
675 4753 837 4815 papa
875 4733 1206 4797 mandavit,
1247 4734 1305 4785 et
1340 4727 1515 4783 bonai
1552 4718 1984 4819 recordationis

331 4837 592 4892 loannes
614 4830 889 4892 Polanus,
912 4821 1224 4898 quondam
1240 4818 1619 4875 dioecesanus
1638 4824 1984 4883 episcopus,

335 4922 643 4999 privilegio
664 4934 774 4975 suo
799 4916 973 4973 nobis
988 4910 1256 4975 indulsit,
1275 4912 1399 4964 tam
1417 4919 1525 4979 pro
1545 4900 1775 4958 clericis
1795 4911 1986 4971 quam

336 5029 447 5087 pro
472 5009 806 5069 sartatectis
818 5000 1173 5068 reficiendis,
1198 4997 1547 5055 auctoritate
1559 4990 1727 5048 vobis
1747 4993 1986 5061 aposto·

332 5103 452 5161 lica
489 5101 940 5158 confirmamus.
982 5095 1049 5149 Et
1090 5095 1152 5148 ut
1207 5089 1270 5145 in
1309 5082 1712 5160 parochianos
1756 5082 1985 5134 vestros

333 5195 439 5267 qui
499 5208 606 5248 nos
652 5188 970 5245 medietate
1002 5183 1272 5256 ipsarum
1328 5176 1703 5232 decimarum
1748 5165 1987 5224 defrau-

334 5284 480 5341 dare
506 5276 1020 5355 prtesumpserint,
1060 5285 1167 5345 per
1193 5268 1455 5344 priorem
1483 5261 1749 5320 ecclesius
1778 5263 1986 5315 vestrm

336 5365 976 5431 excommunicationis
1010 5359 1303 5419 sententia
1329 5352 1765 5431 promulgetur,
1787 5349 1841 5407 ei
1865 5346 1988 5422 ple-

333 5460 881 5524 namconcedimus
892 5438 1990 5530 potestatem,quemadmoduml'elicis

2079 144 2284 209 PAPAE

386 324 417 357 κ
441 317 518 361 ne
552 299 766 359 abbate
793 297 856 355 S.
886 289 1215 367 Aaqustini
1228 287 1655 360 professionem
1671 282 1970 354 atiquate-
1998 287 2047 344 Α
2076 275 2506 334 recordationis
2543 273 3017 347 prodecessores
3069 270 3279 341 nostri,
3328 270 3636 331 Adrianus
3671 276 3718 331 a

3597 138 3720 205 lm

2078 366 2413 425 Alexander
2438 365 2692 423 Romani
2739 362 3078 438 pontifices.
3109 361 3352 437 scriptis
3381 363 3513 421 suis
3539 363 3718 421 indul-

2080 456 2230 512 sisse
2253 462 2604 512 noscuntur.
3755 458 3766 537 t

2147 543 2535 615 indulgemus
2548 543 2816 617 insuper,
2835 542 2989 600 sicut
3008 556 3047 600 a
3068 541 3376 615 prodictis
3395 546 3720 599 antecesso—
3759 540 3766 585 Ι

2079 634 2243 690 ribus
2288 634 2474 690 nostri
2508 631 2807 689 indultum
2839 646 2976 688 esse
3023 630 3425 702 dignoscitur,
3475 634 3544 689 ut
3579 630 3722 705 prior

2080 722 2191 780 loci
2226 722 2401 779 vestri
2431 722 2538 795 qui
2565 737 2675 793 pro
2711 726 2983 794 tempore
3008 718 3203 789 fuerit,
3243 736 3358 794 pro
3401 720 3558 794 ipsis
3585 720 3724 777 deci·

2079 812 2217 877 mis,
2230 811 2416 869 libere
2429 811 2619 885 possit
2634 810 3015 868 securitatem
3030 814 3200 867 terrm
3215 813 3536 883 prasstare.
3558 809 3729 868 Liceat

2080 916 2323 974 quoque
2356 901 2525 957 vobis
2553 898 2800 957 clericos
2827 903 2885 956 et
2902 898 3110 964 laicos,
3131 914 3164 956 e
3193 898 3423 958 seculo
3445 898 3730 971 fugientes
3773 896 3782 979 Ι

2080 989 2299 1046 liberos
2318 994 2374 1046 et
2390 988 2720 1055 absolutos,
2733 988 2966 1060 absque
2990 987 3169 1060 alicuj
3179 1005 3247 1045 us
3267 988 3730 1047 contradictione

2083 1079 2160 1136 ad
2180 1079 2633 1135 conversionem
2661 1077 2968 1150 suscipere
2984 1078 3129 1135 etin
3157 1082 3360 1135 vestra
3379 1077 3642 1135 molesia
3657 1093 3734 1135 re·

2085 1168 2288 1225 tinere.
2309 1167 2698 1225 prohibemus
2717 1167 2963 1239 insuper
2991 1171 3057 1224 ut
3072 1166 3222 1223 nulli
3240 1164 3508 1225 fratrum
3533 1170 3734 1225 vestro-

2082 1272 2240 1323 rum,
2257 1255 2620 1329 postfactam
2636 1255 2696 1312 in
2719 1254 2934 1313 eodem
2955 1255 3088 1312 loco
3116 1254 3598 1327 professionem,
3623 1255 3736 1311 sine
3781 1262 3784 1327 ]

2084 1347 2297 1419 prioris
2335 1345 2426 1400 sui
2465 1343 2726 1411 licentia,
2758 1343 2850 1401 fas
2882 1345 2957 1401 sit
2983 1343 3060 1400 de
3089 1344 3358 1401 claustro
3387 1344 3736 1411 discedere;
3783 1340 3784 1369 ³

2083 1433 2485 1492 discedentem
2524 1448 2664 1489 vero
2701 1432 2930 1505 absque
2956 1433 3378 1489 communium
3415 1434 3736 1491 litterarum

2082 1524 2358 1581 cautione
2397 1522 2598 1577 nullus
2626 1519 2848 1577 audeat
2885 1523 3158 1577 retinere.
3194 1524 3492 1581 Praeterea
3519 1528 3738 1580 senten·

2083 1614 2247 1677 tiam,
2297 1627 2484 1685 quam
2532 1610 2891 1667 venerabilis
2942 1609 3124 1666 frater
3174 1616 3382 1667 noster
3443 1613 3736 1677 Heni-icus,

2084 1700 2398 1757 Gradcnsis
2416 1698 2837 1772 patriarcha,et
2851 1699 3020 1756 boum
3033 1699 3322 1756 memoriae
3335 1699 3736 1764 lldebrandus,

2083 1789 2346 1846 basilicas
2381 1788 2700 1845 Duodecim
2748 1786 3169 1860 Apostolorum
3206 1790 3536 1861 presbyter
3567 1789 3741 1846 cardi-

2086 1878 2260 1944 nalis,
2289 1884 2431 1933 tunc
2459 1877 2802 1949 apostolico
2828 1877 2991 1934 sedis
3021 1875 3274 1948 legatus,
3305 1892 3499 1950 super
3523 1883 3742 1935 contro·

2088 1968 2279 2023 versia
2308 1968 2457 2022 inter
2498 1981 2604 2021 vos
2628 1972 2684 2021 et
2731 1965 3106 2023 Dominicum
3137 1965 3476 2023 Plcbanum
3521 1968 3582 2023 S.
3615 1968 3740 2024 Bar·

2087 2055 2407 2121 tholomaei,
2450 2055 2525 2111 de
2552 2053 2921 2126 quibusdam
2956 2053 3407 2126 parochialibus
3437 2055 3742 2121 domibus,

2088 2145 2310 2202 scilicet
2337 2157 2523 2215 super
2551 2144 2837 2199 domibus
2857 2145 3186 2211 iustorum,
3217 2146 3740 2210 lauroeenorum,

2088 2235 2585 2298 Gradonicorum,
2617 2234 2977 2297 Groecorum,
3033 2232 3328 2291 Leonardi
3381 2233 3644 2292 b'radelli
3691 2239 3742 2291 et

2086 2322 2377 2379 Dominici
2392 2319 3028 2394 Aurei,quasquisque
3050 2320 3308 2392 suijuris
3331 2322 3738 2387 medicem,

2087 2412 2401 2485 quondam
2414 2411 2638 2467 diutius
2653 2410 2875 2480 agitata
2893 2409 3328 2467 rationabiliter
3349 2410 3736 2483 protulerunt.

2090 2501 2240 2557 sicut
2284 2498 2715 2556 intauthentico
2765 2499 2986 2570 scripto
3033 2498 3274 2556 illorum
3327 2500 3556 2558 exinde
3597 2501 3738 2559 tacto

2089 2590 2355 2647 noscitur
2403 2588 2711 2655 contineri,
2751 2587 3101 2643 auctoritate
3155 2588 3502 2660 apostolica
3543 2590 3735 2647 contir-

2089 2694 2351 2734 mamus.
2403 2677 2783 2750 sepulturam
2831 2691 3072 2750 quoque
3108 2676 3301 2748 ipsius
3343 2676 3469 2736 loci
3497 2678 3732 2735 liberam

2088 2782 2218 2825 esse
2262 2766 2661 2831 decernimus,
2697 2769 2761 2820 ut
2791 2781 3002 2822 eorum
3039 2765 3344 2823 devotioni
3373 2772 3438 2823 et
3470 2774 3732 2825 extreme

2088 2857 2378 2914 voluntati
2405 2856 2511 2929 qui
2556 2870 2621 2911 se
2645 2855 2763 2911 illic
2816 2854 3043 2927 sepeliri
3099 2854 3590 2923 deliberaverint,
3630 2856 3728 2913 nisi

2090 2946 2238 3004 torte
2269 2944 2768 3003 excommunicati
2799 2943 2892 2999 vel
2915 2942 3211 3002 interdicti
3237 2944 3380 3011 sint,
3416 2945 3620 3003 nullus
3643 2944 3732 3004 ob-

2088 3036 2273 3105 sistat,
2313 3034 2708 3091 salvatamen
2753 3033 2982 3105 justitia
3011 3034 3248 3091 illarum
3289 3034 3678 3093 ecclesiarum
3703 3051 3734 3091 a

2088 3126 2310 3198 quibus
2323 3129 2694 3180 mortuorum
2712 3137 2966 3196 corpora
2976 3129 3405 3190 assumuntur;
3423 3128 3734 3182 statuentes

2091 3222 2155 3270 ut
2184 3213 2380 3270 nullus
2412 3214 2538 3268 sine
2567 3216 2762 3269 vestro
2791 3227 3091 3268 consensu
3121 3212 3512 3284 parochianis
3543 3212 3734 3271 vestris

2090 3303 2149 3359 in
2191 3303 2532 3358 infirmitate
2585 3301 2794 3373 positis
2840 3301 3249 3372 poenitentiam
3313 3302 3468 3360 dare
3507 3309 3614 3360 aut
3647 3317 3735 3359 eos

2089 3393 2399 3464 inungere,
2433 3392 2521 3447 vel
2548 3391 2626 3446 ad
2659 3390 3028 3461 sepulturam
3059 3390 3323 3463 recipere
3354 3391 3608 3460 audeat,
3633 3390 3735 3449 nisi

2091 3482 2257 3537 salva
2280 3479 2510 3554 justitia
2535 3479 2801 3536 ecclesioe
2832 3485 3040 3536 vestrae
3065 3480 3251 3536 sacris
3282 3481 3633 3538 canonibus
3663 3481 3736 3538 in·

2092 3571 2314 3627 stituta.
2348 3569 2615 3626 obeunte
2646 3584 2786 3624 vero
2817 3574 2871 3624 te
2896 3582 3058 3624 nunc
3091 3568 3369 3640 ejusdem
3395 3568 3514 3627 loci
3537 3570 3740 3644 priore,
3783 3583 3784 3621 1

2094 3660 2444 3716 veltuorum
2474 3657 2743 3730 quolibet
2782 3671 3222 3722 successorum.
3258 3657 3469 3714 nullus
3496 3658 3585 3715 ibi
3609 3674 3740 3733 qua·

2091 3747 2233 3804 libet
2252 3748 2649 3819 subreptionis
2669 3747 2893 3803 astutia
2917 3761 3023 3802 seu
3035 3745 3316 3804 violentia
3333 3753 3738 3821 praeponatur.

2093 3838 2205 3894 nisi
2232 3851 2416 3909 quem
2445 3836 2651 3891 fratres
2699 3835 3008 3891 communi
3048 3849 3349 3892 consensu
3378 3836 3476 3893 vel
3503 3836 3738 3895 fratrum

2093 3942 2234 3999 pars
2252 3924 2483 3981 consilii
2505 3925 2780 3989 sanioris,
2813 3922 3145 3980 secundum
3167 3922 3359 3980 Deum
3389 3928 3456 3981 et
3479 3929 3539 3981 Β.
3563 3928 3740 3998 Augu·

2092 4016 2227 4071 stini
2260 4014 2572 4084 Regulam,
2601 4012 2891 4070 canonice
2921 4011 3293 4085 providerint
3312 4013 3688 4085 eligendum.

2167 4104 2547 4160 Decernimus
2573 4117 2716 4173 ergo
2769 4109 2833 4157 ut
2869 4099 3016 4157 nulli
3054 4099 3304 4157 omnino
3332 4101 3664 4160 hominum
3685 4102 3736 4159 li·

2093 4199 2223 4249 ceat
2249 4191 2565 4248 ecclesiam
2591 4195 2848 4247 vestram
2885 4197 3102 4247 temere
3150 4191 3536 4261 perturbare,
3564 4201 3668 4250 aut
3699 4191 3740 4249 ei

2094 4282 2505 4355 possessiones
2524 4278 2778 4346 auterre,
2805 4279 2894 4335 vel
2917 4279 3157 4336 ablatas
3177 4279 3460 4349 retinere,
3495 4297 3610 4339 seu
3633 4283 3742 4355 qui·

2094 4370 2352 4427 buslibet
2379 4367 2795 4425 vexationibus
2822 4367 3100 4437 fatigare,
3131 4369 3241 4422 sed
3279 4369 3500 4427 omnia
3525 4370 3744 4442 integra

2093 4463 2520 4516 conserventur
2547 4471 2756 4513 eorum
2782 4471 2892 4530 pro
2920 4470 3182 4529 quorum
3208 4455 3664 4528 gubernatione
3687 4471 3744 4514 sc

2092 4547 2522 4604 sustentatione
2548 4561 2837 4603 concessa
2854 4551 2995 4601 sunt
3011 4544 3221 4602 usibus
3235 4546 3614 4604 omnimodis
3631 4562 3746 4622 pm-

2093 4635 2313 4702 futura,
2341 4635 2511 4694 salva
2529 4634 2688 4691 sedis
2707 4631 3052 4706 apostolicas
3070 4632 3430 4691 auctoritate
3455 4638 3522 4692 et
3549 4637 3752 4694 dioce-

2094 4727 2224 4782 sani
2270 4723 2537 4798 episcopi
2582 4721 2880 4780 canonica
2922 4720 3180 4794 justitia.
3213 4721 3273 4780 si
3301 4737 3436 4796 qua
3489 4723 3746 4797 igitnrin

2092 4814 2361 4872 futurum
2404 4809 2808 4870 ecclesiastica
2852 4809 3228 4868 saecularisve
3266 4825 3568 4884 persona,
3609 4813 3748 4872 han

2093 4908 2310 4961 nostroe
2342 4898 2779 4958 constitutionis
2804 4900 3093 4974 paginam
3127 4899 3342 4964 sciens.
3375 4908 3603 4962 contra
3629 4917 3744 4962 eam

2095 4996 2313 5049 temere
2343 4991 2537 5047 venire
2566 4988 2898 5055 tentaverit,
2923 4985 3187 5045 secundo
3205 4987 3457 5048 tertiove
3485 5004 3744 5050 commo-

2092 5082 2236 5150 nita,
2269 5080 2631 5138 nisireatum
2643 5093 2826 5134 suum
2846 5077 3034 5148 digna
3061 5073 3474 5136 satisfactione
3499 5093 3752 5140 correxe-

2092 5171 2184 5239 rit,
2237 5167 2546 5243 potestatis
2598 5167 2960 5239 honorisque
3012 5164 3103 5224 sui
3155 5163 3464 5236 dignitate
3533 5173 3750 5236 eareat,

2092 5273 2378 5332 reamque
2409 5274 2475 5316 se
2502 5255 2708 5315 divino
2743 5255 2969 5328 jndicio
3019 5255 3274 5314 existere
3309 5254 3392 5314 de
3421 5263 3750 5334 perpeti-au

2093 5349 2406 5423 iniquitate
2424 5349 2771 5418 cognoscat,
2801 5351 2862 5404 et
2889 5359 2928 5403 a
2956 5343 3365 5404 sacratissimo
3393 5359 3666 5424 corpore
3689 5361 3748 5408 aa

2094 5439 2387 5512 sanguine
2415 5437 2517 5495 Dei
2557 5441 2614 5496 et
2653 5433 2890 5495 nomini
2936 5433 3356 5510 Redemptoris
3383 5439 3592 5498 nostri
3629 5439 3750 5500 tm
