3784 6000
296 200 326 256 1
335 200 453 256 199.-

1725 181 1921 242 LUCII
1960 182 2040 241 111
2079 183 2286 241 PAPAE

296 325 438 392 rint,
470 322 518 379 si
548 322 695 379 forte
733 320 900 377 locus
923 317 1049 391 ipse
1073 330 1109 373 a
1128 313 1347 371 divinis
1373 310 1585 369 officiis
1624 310 1701 367 sit
1755 309 1946 367 inter·
1977 310 2026 367 Δ
2128 311 2251 383 Ego
2275 309 2437 368 Bobo
2464 307 2758 366 diaconus
2787 305 3113 365 cardinalis
3147 307 3344 365 Sancti
3368 306 3614 379 Angeli.

299 414 518 480 dictus,
537 426 648 484 pro
667 405 1092 479 omnipotentis
1114 403 1214 460 Dei
1244 401 1572 458 reverentia
1630 403 1687 457 et
1736 414 1946 456 eorum

294 501 568 576 jucundo
581 493 1055 562 adventu,semel
1070 493 1128 549 in
1144 507 1306 549 anno
1319 490 1665 562 aperiantur
1686 488 1951 545 ecclesiae

302 595 379 658 et,
405 588 657 648 exclusis
682 581 1232 652 excommunicatis,
1264 580 1468 636 divina
1486 578 1566 635 ibi
1580 577 1782 635 officia
1805 577 1955 634 cele-

301 681 567 740 brentur.
595 675 920 733 statuimus
945 673 1123 728 etiam
1149 675 1212 727 ut
1224 667 1365 725 nulli
1386 669 1672 741 episcopo
1692 668 1753 723 in
1765 665 1957 724 eccle-

307 769 414 829 siis
435 766 610 825 vobis
653 768 908 835 utroque
927 761 1061 833 jure
1088 758 1366 824 subditis,
1396 755 1691 814 interdicti
1721 756 1815 812 vel
1857 772 1957 812 ex·

301 852 867 918 communicationis
911 850 1268 906 sententiam
1315 846 1491 903 liceat
1549 844 1951 919 promulgare.

300 949 725 1004 Verumtamen
746 941 793 997 si
820 937 1096 1012 generale
1116 935 1500 993 interdictum
1525 933 1782 990 fueritin
1804 932 1953 989 locis

299 1036 414 1095 illis
444 1033 771 1108 prolatum,
813 1027 1071 1086 exclusis
1097 1023 1630 1082 excommunicatis
1681 1028 1738 1079 et
1761 1022 1953 1078 nomi·

298 1125 487 1185 natim
504 1119 853 1185 interdictis,
884 1116 1101 1173 clausis
1126 1115 1352 1186 januis,
1377 1112 1610 1185 absque
1638 1110 1952 1183 signorum

298 1213 651 1288 pulsatione,
681 1208 856 1282 plane
881 1206 1085 1262 divina
1120 1202 1319 1261 officia
1370 1200 1697 1258 celebretis.
1744 1200 1953 1257 Decer-

296 1304 503 1362 nimus
517 1301 762 1370 insuper
776 1294 1122 1353 auctoritate
1136 1291 1461 1364 apostolica
1481 1296 1541 1346 ut
1557 1289 1721 1361 apud
1740 1305 1951 1362 quem-

295 1405 536 1465 cunque
571 1388 773 1445 locum
801 1401 906 1441 vos
937 1382 1137 1441 venire
1176 1380 1509 1452 contigerit,
1567 1378 1642 1435 ab
1680 1377 1948 1435 honestis

294 1486 479 1555 atque
528 1475 834 1535 catholicis
874 1470 1284 1530 sacerdotibus
1328 1467 1765 1541 poenitentiam,
1797 1483 1949 1525 unc-

291 1573 541 1634 tionem,
609 1581 715 1622 seu
766 1563 884 1620 alia
933 1560 1213 1634 quaelibet
1247 1565 1623 1616 sacramenta
1670 1557 1945 1615 ecclesia·

2132 402 2252 472 Ego
2281 396 2584 455 Gerar-dus
2608 397 2758 455 diac.
2790 396 3135 467 cardinalis,
3163 405 3276 454 etc.

2132 498 2255 568 Ego
2284 497 2643 554 Octavianus
2692 496 2985 552 diaconus
3009 493 3332 551 cardinalis
3354 494 3717 554 Sanctorum

2064 586 2246 658 Sergii
2278 585 2592 643 etBacchi.

2134 677 2257 747 Ego
2284 673 2589 732 soffredus
2604 673 2897 731 diaconus
2918 671 3243 730 cardinalis
3254 673 3493 730 Sanctae
3522 673 3717 731 marite

2062 764 2123 820 in
2153 763 2264 820 Vfa
2288 765 2450 822 Lata.

2135 853 2258 925 Ego
2278 852 2530 909 Albinus
2559 850 2881 909 cardinalis
2909 850 3143 908 Sanctae
3172 851 3364 909 Uariae
3405 853 3613 909 Nove.

2134 943 2348 998 Datnm
2373 941 2632 1009 Velletri,
2654 955 2762 1013 per
2795 956 3047 998 manum
3098 938 3319 996 Aiberti
3349 946 3586 997 sanctas
3615 943 3720 998 Ro·

2062 1045 2259 1087 manee
2282 1030 2552 1087 Ecclesiae
2571 1029 2901 1102 presbyteri
2914 1027 3239 1087 cardinalis
3262 1034 3320 1085 et
3346 1030 3713 1097 cancellarii,

2061 1133 2123 1175 iv
2148 1118 2275 1176 Kal.
2304 1118 2457 1184 Maii,
2476 1119 2798 1176 indictione
2851 1119 3069 1190 prima,
3122 1119 3568 1175 incarnationis
3610 1119 3718 1176 Do-

2061 1209 2296 1265 minicoe
2321 1223 2481 1266 anno
2514 1208 2668 1277 ¹¹83,
2699 1207 3080 1279 pontificatus
3104 1223 3247 1264 vero
3282 1207 3521 1264 domini
3556 1208 3716 1264 Lucii

2056 1311 2234 1371 papae
2266 1300 2336 1354 ΙΙΙ
2363 1311 2599 1354 annon.

2129 1387 2368 1460 (Siqillo
2379 1386 2654 1458 plumbeo
2678 1385 2972 1456 pendente
2992 1400 3024 1443 e
3046 1385 3170 1455 filis
3188 1386 3399 1444 sericis
3429 1386 3719 1459 rubeique

2056 1477 2292 1534 coloris.

2816 1581 2949 1639 clv.

292 1659 441 1717 stica
454 1657 758 1728 suscipere
781 1652 1065 1717 1100822110
1081 1649 1228 1705 sorte
1250 1647 1326 1704 ad
1349 1650 1795 1721 P⁸P0012⁰0n0m
1826 1648 1944 1721 ⁸Pi‘
1974 1667 2018 1724 B
2053 1671 2325 1730 Ecclesiae
2353 1670 2408 1727 S.
2439 1670 2605 1729 Petri
2641 1670 3083 1740 Ratasponensis
3122 1673 3564 1740 protectionem
3592 1689 3712 1732 sus·

288 1747 596 1807 ritualium
624 1744 921 1800 bonorum
950 1738 1119 1796 vobis
1143 1737 1460 1811 quidpiam
1480 1736 1691 1792 deesse
1721 1735 1939 1794 valeat.

290 1838 593 1905 Quiavero
617 1846 829 1889 omnes
855 1831 915 1885 in
942 1827 1169 1885 christo
1206 1843 1361 1883 unus
1419 1841 1651 1892 sumus,
1705 1829 1764 1882 et
1817 1840 1941 1883 non

288 1930 383 1985 est
397 1936 791 1997 personarum
815 1917 1166 1986 differentia,
1186 1915 1350 1987 apud
1373 1917 1581 1981 Deum,
1602 1919 1726 1971 tam
1739 1915 1940 1972 remis-

286 2014 473 2073 sionis
539 2014 924 2084 peccatorum
981 2021 1168 2079 quam
1216 2003 1458 2060 alterius
1508 2002 1940 2061 beneficientia!

287 2110 469 2177 atque
495 2097 837 2174 apostolicae
865 2093 1297 2152 benedictionis
1315 2108 1454 2165 quae
1499 2090 1672 2148 vobis
1705 2092 1941 2149 indulta

285 2197 395 2259 est,
421 2193 605 2249 etiam
635 2185 926 2245 familiam
966 2187 1023 2240 et
1058 2182 1382 2238 servientes
1406 2185 1631 2238 vestros
1658 2180 1937 2238 volumus

284 2299 415 2342 esse
439 2278 784 2355 participes.

356 2370 511 2430 Nulli
541 2383 679 2439 ergo
709 2363 952 2422 omnino
981 2360 1299 2418 hominum
1321 2359 1494 2418 liceat
1522 2357 1833 2430 proefatum
1855 2359 1941 2416 lo·

285 2478 424 2521 cum
453 2464 673 2517 temere
702 2452 1050 2530 perturbare
1077 2455 1179 2507 aut
1206 2450 1335 2522 ejus
1391 2449 1801 2520 possessiones
1836 2464 1939 2505 au·

286 2551 460 2616 ferre,
485 2545 580 2603 vel
609 2544 844 2601 ablatas
872 2541 1144 2605 retinere,
1170 2538 1460 2601 minuere,
1492 2542 1598 2592 aut
1635 2535 1939 2609 aliquibus

287 2633 706 2696 vexationibus
738 2630 1006 2700 fatigare,
1039 2628 1144 2683 sed
1166 2626 1372 2683 omnia
1417 2626 1643 2696 integra
1697 2641 1942 2682 conser-

287 2732 499 2787 ventur
519 2722 728 2780 vestris
753 2725 933 2791 atque
963 2716 1217 2774 aliorum
1271 2716 1366 2770 Dei
1416 2713 1684 2770 fidelium
1735 2716 1939 2770 usibus

289 2813 656 2877 omnimodis
686 2808 1019 2883 profutura,
1048 2804 1215 2861 salva
1234 2803 1293 2859 in
1308 2802 1594 2859 omnibus
1626 2803 1941 2875 sedisapo-

292 2906 515 2965 stolicae
543 2900 909 2960 auctoritate.
943 2895 1000 2952 Si
1044 2892 1178 2967 quis
1234 2893 1430 2964 igitur,
1479 2892 1666 2965 hujus
1719 2898 1941 2949 nostroe

2123 1743 2265 1814 cipit
2296 1749 2351 1800 et
2385 1743 2706 1814 privileqia
2745 1742 3015 1814 bonaque
3048 1743 3388 1811 confirmat.

2547 1829 2832 1902 (velletri,
2857 1828 3038 1902 April.
3060 1830 3178 1902 30.)

2226 1921 2406 1993 [flium
2450 1919 2596 1977 Cod.
2624 1919 2867 1990 diplom.
2897 1920 3231 1990 Ratispon„
3265 1920 3307 1986 1,
3337 1920 3502 1997 260.]

2125 2012 2319 2067 Lucius
2351 2008 2692 2082 episcopus,
2726 2023 2931 2065 servus
2974 2024 3284 2065 servorum
3324 2012 3444 2081 Dei,
3471 2012 3709 2069 dilectis

2050 2101 2330 2156 Hirci-om
2353 2099 2584 2154 decano
2646 2098 3094 2170 Ratisponensis
3120 2100 3417 2166 Ecclesia,
3456 2100 3710 2175 ejusque

2048 2187 2350 2254 iratribus,
2381 2192 2505 2244 tam
2536 2185 2938 2259 praesentibus
2964 2203 3155 2260 quam
3181 2187 3419 2254 futuris,
3451 2190 3711 2247 canoni·

2050 2293 2115 2334 ce
2146 2275 2602 2341 substituendis,
2631 2274 2692 2331 in
2723 2281 3102 2348 perpetuum.

2121 2366 2362 2432 Quoties
2377 2380 2413 2422 a
2433 2363 2608 2420 uobis
2621 2363 2836 2437 petitur
2849 2362 3016 2436 quod
3034 2364 3306 2436 religioni
3334 2370 3389 2421 et
3404 2365 3708 2425 honestati

2047 2454 2369 2513 convenire
2390 2453 2779 2525 dignoscitur,
2794 2453 2999 2509 animo
3021 2468 3132 2509 nos
3156 2454 3329 2510 decet
3343 2453 3562 2512 libenti
3577 2473 3707 2514 con·

2048 2545 2273 2612 cedere,
2305 2548 2362 2599 et
2377 2542 2706 2616 petentium
2729 2541 3044 2598 desideriis
3061 2541 3340 2600 effectum
3363 2559 3702 2616 congruum

2047 2633 2716 2707 impertiri.Eapropter,
2749 2629 2943 2686 dilecti
2967 2630 3026 2686 in
3054 2631 3307 2687 Domino
3334 2633 3465 2702 filii,
3497 2635 3701 2691 vestris

2043 2723 2222 2796 justis
2249 2719 2749 2795 postulationibus
2776 2719 3099 2777 clementer
3126 2721 3487 2793 annuimus,
3511 2730 3568 2781 et
3590 2725 3703 2781 feli·

2050 2812 2133 2868 cis
2149 2809 2577 2867 recordationis
2591 2807 2836 2878 Eugenii
2848 2823 2922 2880 pa
2932 2824 3024 2880 poe
3037 2809 3509 2881 proedecessoris
3526 2813 3700 2870 nostri

2050 2899 2314 2972 vestigiis
2345 2898 2713 2966 inhaerentes,
2734 2897 3050 2954 ecclesiam
3077 2904 3360 2968 vestram,
3386 2899 3452 2956 in
3479 2917 3603 2975 qua
3619 2902 3704 2958 di·

294 2990 731 3056 constitutionis
763 2986 1049 3062 pagiuam
1080 2984 1293 3048 sciens,
1327 2986 1536 3039 eontra
1565 2997 1699 3039 eam
1725 2987 1943 3040 temere
1980 3022 2024 3081 C
2052 2990 2196 3048 vino
2215 2990 2354 3045 estis
2386 2987 2678 3060 obsequio
2704 2986 3048 3059 mancipati,
3099 2987 3217 3044 sub
3261 2987 3426 3046 beati
3459 2990 3606 3048 Petri
3653 2996 3706 3049 et

293 3085 494 3144 venire
532 3078 866 3144 tentaverit,
899 3073 1168 3131 secundo
1218 3071 1464 3129 tertiove
1517 3073 1942 3141 commonitus,

296 3174 415 3234 nisi
434 3175 662 3230 reatum
680 3182 858 3223 suum
873 3178 1142 3235 congrua
1155 3159 1566 3218 satisfactione
1601 3162 1942 3227 correxerit,

296 3258 602 3338 potestatis
619 3254 985 3324 honorisque
1003 3251 1095 3307 sui
1108 3249 1395 3320 dignitate
1421 3254 1640 3314 careat,
1655 3264 1947 3321 reumque

300 3368 364 3411 se
392 3349 595 3407 divino
625 3343 848 3419 judicio
871 3340 1121 3398 existere
1143 3340 1216 3395 de
1248 3342 1586 3411 perpetrata
1634 3337 1948 3410 iniquitate

300 3440 625 3512 cognoscat
649 3439 706 3491 et
736 3448 774 3489 a
797 3429 1174 3489 sanctissimo
1219 3441 1469 3499 corpore
1523 3443 1594 3483 ac
1654 3429 1947 3499 sanguine

304 3531 404 3588 Dei
429 3532 488 3586 et
513 3518 1179 3590 DominiRedemptoris
1199 3516 1384 3573 nostri
1408 3519 1547 3572 Jesu
1571 3515 1779 3573 Christi
1806 3518 1946 3575 alie·

299 3636 415 3678 nus
427 3616 549 3682 fiat,
569 3618 751 3686 atque
773 3611 834 3666 in
848 3612 1115 3666 extremo
1128 3605 1402 3663 examine
1428 3604 1708 3661 districtoe
1737 3605 1945 3663 ultioni

298 3708 633 3779 subJ’aceat.
666 3702 1100 3759 conservantes
1125 3699 1329 3752 autem
1354 3693 1484 3749 haec
1511 3694 1945 3765 omnipotentis

299 3796 402 3854 Dei
426 3800 481 3852 et
508 3792 825 3849 beatorum
866 3786 1014 3843 Petri
1045 3790 1104 3841 et
1155 3783 1316 3840 Pauli
1343 3782 1754 3854 apostolorum
1811 3782 1942 3855 ejus

297 3880 782 3944 benedictionem
813 3881 868 3933 et
915 3873 1172 3946 gratiam
1215 3876 1675 3944 consequantur.
1730 3874 1941 3939 Amen,

299 3989 500 4045 amen,
532 3984 732 4029 amen.

366 4067 490 4134 Ego
517 4060 731 4118 Lucius
753 4054 1060 4113 catholicae
1090 4049 1361 4108 Ecclesioe
1386 4050 1728 4124 episcopus.

368 4156 491 4225 Ego
542 4145 882 4206 'theodinus
933 4140 1277 4197 Portuensis
1333 4145 1390 4195 et
1446 4139 1677 4196 Sanctae
1716 4140 1944 4197 Rufinoe

296 4241 458 4297 sedis
477 4237 817 4310 episcopus.

365 4331 489 4399 Ego
518 4324 738 4382 Paulus
770 4318 1171 4378 Praenestinus
1197 4318 1538 4391 episcopus.

364 4420 488 4487 Ego
517 4418 721 4472 Petrus
750 4407 955 4485 presb.
990 4406 1154 4464 card.
1180 4407 1262 4464 tit.
1298 4408 1354 4464 S.
1380 4408 1689 4464 Susannoe.

359 4508 483 4579 Ego
512 4501 821 4562 Rainerius
850 4496 1050 4571 presb.
1089 4494 1410 4553 cardinalis
1443 4497 1534 4554 tit.
1585 4498 1936 4554 Sanctorum

290 4595 542 4656 Jonnnis
571 4599 628 4651 et
663 4589 829 4649 Pauli
852 4587 936 4645 tit.
965 4584 1358 4643 Pammachii.

354 4689 479 4758 Ego
497 4682 800 4742 Laborans
828 4675 1027 4752 presb.
1068 4674 1234 4732 card.
1264 4675 1320 4732 S.
1346 4673 1553 4732 Mariae
1584 4678 1747 4732 trans
1775 4675 1936 4732 Tibe·

281 4775 396 4835 rim
423 4776 510 4833 tit.
538 4769 766 4829 Calixti.

353 4868 476 4935 Ego
508 4860 761 4918 Ubertus
784 4854 984 4929 presb.
1034 4852 1198 4911 card.
1245 4852 1329 4909 tit.
1389 4854 1445 4910 S.
1520 4852 1816 4910 Laurentii
1871 4852 1933 4910 in

282 4954 875 5113 ὓῖῑῑὲἓῖῒηάυὶρὴυε
894 5029 1540 5106 presbytercardinalis
1564 5031 1646 5088 tit.
1670 5029 1932 5090 Basilicoe

277 5147 360 5189 xu
388 5127 832 5203 Apostolorum.

345 5224 469 5293 Ego
497 5216 758 5274 lacobus
805 5212 1097 5269 diaconus
1155 5209 1496 5268 cardinalis.
1550 5210 1606 5268 S.
1643 5209 1836 5268 Marias
1867 5211 1930 5270 in

274 5317 613 5378 cosmedin.

345 5411 465 5480 Ego
490 5404 721 5464 ardicio
777 5401 1075 5460 diaconus
1106 5396 1430 5456 cardinalis
1486 5397 1685 5455 Sancti
1733 5398 1926 5457 Theo·

271 5494 429 5558 dori.

2053 3084 2261 3137 nostra
2290 3076 2651 3151 protectione
2677 3075 3068 3148 suscipimus,
3089 3082 3141 3132 et
3163 3080 3486 3149 praesentis
3511 3080 3704 3155 scripti

2055 3167 2366 3243 privilegio
2386 3164 2855 3233 communimus,
2874 3169 3201 3222 statuentes
3227 3173 3292 3223 ut
3310 3183 3707 3245 quascunque

2055 3256 2873 3332 possessiones,quaecunque
2887 3252 3050 3310 bona
3067 3255 3125 3310 in
3156 3259 3613 3326 praesentiarum
3621 3260 3710 3333 ju·

2055 3351 2143 3403 ste
2165 3350 2221 3402 et
2244 3344 2530 3401 canonice
2552 3341 2889 3415 possidetis,
2916 3348 3021 3398 aut
3050 3342 3408 3402 infuturum
3461 3363 3707 3407 conces-

2055 3437 2222 3492 sione
2293 3432 2663 3507 pontificum,
2702 3429 3060 3489 liberalitate
3108 3447 3343 3503 regum,
3396 3434 3710 3507 largitione

2051 3523 2415 3597 principum,
2446 3520 2747 3578 oblatione
2765 3520 3052 3592 fidelium,
3086 3537 3192 3578 seu
3225 3522 3362 3580 aliis
3386 3526 3568 3595 justis
3586 3543 3709 3585 mo·

2052 3614 2165 3678 dis,
2186 3614 2505 3685 proestante
2519 3610 2793 3676 Domino,
2815 3609 3079 3682 poteritis
3102 3609 3377 3683 adipisci,
3408 3614 3593 3672 firma
3613 3632 3713 3673 vo·

2053 3703 2146 3760 bis
2159 3701 2491 3773 vestrisque
2504 3698 2952 3755 successoribus
2967 3703 3028 3755 et
3044 3698 3275 3757 illibata
3286 3713 3707 3774 permaneant.

2055 3795 2118 3849 ln
2138 3788 2501 3863 quibushaec
2519 3788 2777 3860 propriis
2792 3787 3520 3861 duximusexperimenda
3537 3809 3709 3852 voca·

2051 3878 2211 3937 bulis
2241 3898 2256 3933 ε
2291 3876 2612 3934 Ecclesiam
2644 3876 2841 3949 ipsam
2904 3876 3063 3933 Beati
3112 3878 3259 3935 Petri
3318 3881 3703 3955 Ratisponen.

2053 3984 2192 4026 cum
2214 3967 2498 4025 omnibus
2527 3965 3007 4038 possessionibus
3031 3969 3091 4023 et
3142 3969 3529 4040 appendiciis
3570 3973 3702 4038 suis,

2051 4057 2405 4132 parochiam
2430 4054 2678 4126 majoris
2706 4054 2999 4120 Ecclesite,
3027 4061 3255 4113 curtem
3278 4056 3360 4113 de
3403 4060 3700 4135 Gislingen

2053 4163 2191 4205 cum
2218 4145 2501 4204 omnibus
2529 4143 3014 4217 possessionibus
3041 4144 3095 4200 ei
3149 4146 3513 4217 appendicis
3566 4151 3702 4214 suis.

2050 4236 2268 4293 domos
2288 4240 2514 4291 vestras
2542 4230 3100 4298 claustrales,areas
3124 4232 3458 4294 domorum
3487 4238 3552 4295 in
3577 4239 3705 4296 civi·

2052 4330 2167 4383 tate
2192 4324 2580 4395 Ratisponen.
2609 4322 2754 4378 sitas
2786 4338 2801 4389 ;
2834 4321 3150 4379 ecclesiam
3176 4322 3252 4379 de
3297 4326 3526 4383 Persen
3555 4328 3618 4386 in
3641 4344 3704 4385 ea

1973 4381 2019 4436 D
2047 4413 2318 4471 libertate
2341 4428 2466 4485 qua
2489 4413 2661 4469 bonae
2704 4410 3004 4468 memoriae
3057 4411 3394 4471 Hartwicus
3443 4417 3706 4492 Ratispo-

2047 4518 2188 4561 nen.
2214 4502 2535 4575 episcopus
2550 4500 2720 4558 vobis
2735 4500 3050 4564 concessit,
3068 4507 3125 4557 et
3141 4501 3408 4573 pacifere
3429 4520 3509 4563 ac
3537 4508 3700 4565 ratio-

2045 4592 2321 4652 nabiliter
2340 4589 2702 4664 possidetis;
2739 4589 3051 4646 ecclesiam
3077 4590 3152 4646 de
3167 4589 3704 4663 Wibelsdorfl',·ec-

2044 4682 2287 4740 clesiam
2300 4680 2374 4737 de
2398 4678 2781 4745 illinchoven,
2795 4677 3109 4736 ecclesiam
3126 4678 3201 4736 de
3227 4677 3699 4750 Hovechircheu,

2045 4770 2358 4829 ecclesiam
2396 4766 2873 4838 waltkeringen,
2902 4767 3217 4825 ecclesiam
3257 4767 3698 4847 pfaffenberge,
3783 4840 3784 4848 ἵ

2042 4858 2200 4917 eccle
2207 4858 2361 4916 siam
2376 4856 2788 4923 flitinchoven,
2798 4856 3114 4913 ecclesiam
3128 4854 3602 4930 Prolonehovsn,
3621 4877 3698 4920 ec·
3781 4881 3784 4896 ·

2041 4948 2286 5005 clesiam
2336 4945 2666 5011 Lirendorf,
2703 4944 3021 5002 ecclesiam
3060 4944 3482 5017 Leuchingen,
3527 4950 3698 5008 ecclc—
3775 4943 3780 4948 '

2041 5037 2195 5094 siam
2211 5035 2678 5101 punnechoven,
2699 5033 3017 5092 ecclesiam
3047 5032 3376 5100 otelhaim,
3392 5039 3694 5098 ecclesiam

2041 5124 2520 5199 chirphinholze,
2548 5122 2861 5181 ecclesiam
2900 5121 3358 5190 Hazenchoven,
3403 5125 3694 5186 decimam

2039 5217 2430 5286 Wimtingen,
2450 5212 2751 5270 decimam
2765 5212 3137 5283 Samtingen,
3157 5212 3436 5272 decimas
3449 5216 3512 5275 in
3529 5219 3694 5275 Tosn-

2035 5305 2212 5373 kove,
2246 5303 2515 5362 decimas
2553 5302 2614 5359 in
2636 5301 2923 5359 Norkowe
2951 5318 2965 5369 ;
2993 5300 3690 5377 prndium,quodhabe·

2038 5396 2112 5453 tis
2143 5396 2203 5451 in
2244 5392 2402 5459 villa,
2442 5406 2579 5466 quoe
2609 5391 2825 5448 dicitur
2864 5390 3077 5448 Holzen
3107 5406 3128 5459 ,·
3158 5391 3494 5467 praedium,
3539 5393 3688 5471 quod

2032 5484 2270 5548 habeti·
2294 5482 2359 5543 in
2369 5481 2678 5558 vilia,quae
2696 5480 3472 5546 dieiturinneitemohovan
3501 5499 3684 5563 3111·-
