3784 6000
180 246 293 307 511

1252 245 1675 309 GUILLELMI
1716 242 2106 310 TYRENSIS
2153 241 2514 305 ARGmEP.

3475 242 3590 307 ⁸12

180 377 296 436 Nec
324 385 448 437 erat
476 380 604 450 boc,
637 384 755 437 tam
789 380 1013 452 ingens,
1046 381 1104 436 in
1136 395 1254 438 una
1299 383 1528 438 tantum
1572 381 1823 452 regione,
1856 381 1911 448 Α
1941 377 2156 436 sidium
2174 392 2244 434 ex
2266 377 2507 451 AEgypto
2534 378 2893 448 ascenderat,
2921 393 3100 451 quam
3121 381 3262 437 ante
3281 394 3348 436 ee
3367 380 3592 452 preire,

182 468 503 540 periculum
530 494 546 539 3
579 471 676 527 sed
728 486 910 542 usque
956 471 1028 526 ad
1059 474 1346 527 extremos
1376 469 1629 528 Orientis
1657 471 1827 538 fines,

182 555 302 614 haec
334 558 509 630 pestis
537 557 655 616 late
682 573 745 615 se
773 558 1107 616 diffuderat.

258 649 425 704 Anno
473 663 704 720 quoque
753 649 1246 721 sequenti,Juxta
1292 665 1514 706 morem
1563 649 1825 719 solitum,

180 735 607 808 Bursequinus,
635 737 961 794 Turcorum
995 737 1460 811 potentissimus,
1484 741 1828 811 congregata

175 825 369 899 gentis
396 824 663 897 ejusdem
698 825 1075 884 multitudine
1101 825 1351 897 infinita,
1386 827 1605 901 regioni
1633 827 1828 886 Antio-

177 913 374 970 cbenae
406 912 696 970 hostiliter
724 930 784 970 se
813 914 1046 984 infudit,
1079 916 1596 988 pertransiensque
1642 920 1826 974 totam

174 1002 338 1060 illam
387 1001 768 1074 provinciam,
821 1004 972 1059 inter
1016 1003 1320 1076 Halapiam
1385 1009 1443 1061 et
1481 1005 1827 1063 Damascum

175 1094 621 1148 castrametatus
683 1094 797 1160 est,
856 1099 1196 1164 exspectans
1265 1097 1348 1164 ut,
1397 1093 1829 1165 opportunitate

177 1195 472 1248 concessa,
504 1179 638 1236 inde
661 1179 722 1235 in
753 1183 946 1252 partes
977 1186 1208 1239 nostras
1255 1181 1360 1238 has
1391 1182 1479 1239 vel
1510 1181 1642 1239 illas
1670 1183 1827 1239 irru-

179 1268 408 1340 ptiones
448 1267 779 1325 moliretur.
827 1272 1007 1326 Porro
1053 1270 1452 1343 Doldequinus
1515 1272 1828 1329 Domasce-

180 1371 384 1412 norum
463 1373 581 1428 rex,
639 1357 868 1414 illorum
948 1359 1295 1431 expediones
1363 1361 1584 1417 babens
1657 1362 1830 1419 nimis

180 1449 484 1517 suspectas
513 1461 525 1499 :
556 1445 887 1518 timensque
917 1464 990 1504 ne
1021 1447 1210 1521 magis
1239 1465 1304 1506 ea
1336 1450 1660 1507 intentione
1687 1450 1829 1509 illuc

180 1533 611 1603 convenissent,
637 1540 701 1591 ut
728 1536 917 1593 sibiet
948 1554 1122 1610 regno
1153 1555 1261 1595 suo
1283 1540 1631 1597 detrimenta
1653 1540 1829 1597 moli-

180 1624 405 1691 rentur,
437 1639 616 1695 quam
651 1629 712 1681 ut
757 1630 958 1683 contra
986 1626 1348 1685 Christianos
1390 1645 1638 1702 quorum
1680 1629 1829 1686 vires

179 1711 391 1783 saepius
412 1716 581 1769 erant
600 1714 836 1785 experti,
861 1715 1191 1772 dimicaturi
1216 1718 1613 1788 advenissent;
1638 1719 1829 1777 factus

177 1803 268 1856 cst
296 1800 604 1858 sollicitus.
638 1805 1047 1876 Imputabatur
1089 1806 1245 1862 enim
1291 1807 1342 1864 ei
1376 1824 1531 1864 mors
1568 1808 1829 1880 proedicti

178 1886 388 1944 nobilis
409 1889 534 1958 viri,
552 1891 653 1962 qui
672 1892 827 1964 apud
848 1894 1194 1951 Damascum
1217 1897 1400 1952 fuerat
1419 1896 1829 1969 interemptus,

177 1975 341 2047 quasi
370 1978 443 2034 de
471 1979 598 2049 ejus
644 1981 997 2038 conscientia
1022 1982 1154 2040 talis
1200 1983 1339 2041 illus
1391 1985 1661 2042 interitus
1693 2004 1826 2058 pro-

173 2065 684 2125 cessisset.ltudito
707 2085 843 2142 ergo
866 2071 1185 2129 Turcorum
1208 2075 1453 2131 adventu
1477 2080 1537 2132 et
1553 2092 1753 2133 eorum
1769 2077 1828 2133 in

173 2155 433 2211 tentione
461 2155 694 2228 plenius
734 2160 986 2233 cognita.
1021 2162 1214 2218 missis
1263 2162 1649 2234 legationibus
1692 2182 1825 2222 cum

174 2241 400 2315 ingenti
432 2260 745 2303 munerum
798 2248 1234 2320 magnificentia
1266 2261 1382 2309 tam
1419 2256 1490 2309 ad
1523 2255 1825 2311 dominum

176 2347 367 2405 regem
390 2348 570 2404 quam
603 2334 673 2390 ad
699 2335 1003 2392 dominum
1026 2339 1344 2410 principem
1365 2343 1826 2412 Antiochenum,

179 2433 377 2488 pacem
409 2420 558 2491 petit
587 2422 656 2478 ad
689 2428 908 2480 certum
961 2428 1193 2497 tempus
1223 2433 1279 2484 et
1327 2429 1826 2503 implorat3jura-

180 2511 377 2564 menta
406 2515 692 2579 praestans
713 2516 770 2567 et
798 2513 1223 2586 obside5,quod
1249 2522 1368 2574 toto
1401 2521 1658 2576 concussi
1681 2525 1826 2577 tem-

180 2593 334 2665 poris
383 2597 621 2666 foedere,
651 2599 997 2658 Christianis
1044 2608 1163 2659 tam
1213 2621 1281 2661 ex
1332 2623 1510 2680 regno
1551 2626 1729 2681 quam
1763 2626 1831 2666 ex

182 2683 514 2758 principatu
563 2687 797 2746 fidelem
842 2690 1051 2748 debeat
1108 2693 1440 2752 societatem
1508 2698 1830 2756 observare.

180 2772 403 2830 Interea
435 2774 706 2848 princeps
735 2777 1134 2836 Antiochenue
1182 2781 1383 2838 videns
1412 2798 1510 2840 eos
1538 2783 1660 2841 suis
1691 2802 1831 2857 par-

183 2861 339 2919 tibus
368 2861 717 2932 viciniores;
750 2870 804 2923 et
836 2870 1220 2940 quorumdam
1267 2871 1500 2929 edoctus
1537 2875 1831 2944 relatione,

182 2951 333 3024 quod
352 2951 504 3011 inter
524 2970 646 3012 ram
667 2970 835 3013 suam
860 2958 1115 3032 impetus
1142 2959 1508 3033 molirentur,
1532 2963 1836 3022 domiuum

185 3057 379 3115 regem
411 3042 469 3099 in
494 3044 586 3101 sui
607 3046 939 3104 subsidium
986 3054 1229 3119 evocat;
1264 3051 1690 3125 Doldequinum
1714 3055 1841 3128 qui-

1941 475 1997 524 et
2023 467 2401 540 loppensium
2433 466 2599 524 littus
2618 482 2901 539 occupare
2922 467 3299 541 precipiunt:
3325 467 3449 542 ipsi
3465 484 3594 526 vero

1938 556 2233 614 subsecuti
2263 556 2323 612 in
2359 555 2562 614 multis
2592 556 2853 626 milibus,
2885 557 3094 614 erectis
3121 555 3374 625 vexillis,
3401 558 3594 616 subito

1937 651 2072 702 ante
2103 646 2301 702 urbem
2331 645 2739 701 constiterunt.
2768 645 2877 712 Qui
2908 661 3043 703 vero
3078 644 3138 701 in
3183 644 3374 703 classe
3403 651 3588 711 erant,

1936 734 2167 807 cognito
2198 750 2439 790 suorum
2470 750 2573 806 per
2598 741 2781 791 terras
2810 735 3088 801 adventu,
3118 749 3150 790 e
3189 732 3444 791 navibus
3469 749 3589 790 cer·

1937 824 2106 880 tatim
2139 822 2471 894 prosiliunt,
2501 822 2794 880 civitatem
2819 823 3135 895 quominus
3155 822 3587 896 impugnaturi.

1937 912 2033 968 Sic
2062 927 2195 985 ergo
2228 911 2524 980 dispositis
2559 911 2612 966 in
2645 927 2854 984 gyrum
2902 909 3230 980 ordinibus,
3283 911 3494 968 urbem
3520 927 3588 968 ex

1937 1002 2097 1059 omni
2129 1006 2293 1074 parte
2314 1000 2583 1057 ambiunt
2602 1004 2658 1057 et
2684 1001 2851 1073 signo
2869 1000 3002 1058 dato
3023 999 3394 1074 impugnant.
3427 1000 3593 1058 undi-

1937 1106 2050 1163 que
2080 1091 2366 1147 instantes
2395 1090 2736 1147 animosius.
2787 1089 2953 1148 Cives
2981 1093 3198 1160 autem,
3240 1089 3353 1147 etsi
3417 1090 3587 1163 pauci

1937 1188 2129 1237 essent
2160 1195 2404 1236 numero
2433 1183 2489 1236 et
2517 1179 2737 1235 viribus
2766 1178 2936 1250 longe
2965 1179 3240 1251 impares,
3269 1195 3374 1253 pro
3404 1179 3592 1237 uxori·

1938 1272 2046 1328 bus
2076 1275 2134 1327 et
2165 1270 2384 1339 liberis,
2417 1287 2519 1342 pro
2553 1269 2817 1326 libertate
2849 1273 2906 1327 et
2923 1273 3131 1341 patria,
3157 1284 3259 1342 pro
3278 1286 3391 1344 qua
3413 1271 3591 1344 quivis

1938 1363 2195 1431 egregius
2229 1358 2509 1417 ltonestum
2558 1361 2703 1415 mori
2732 1363 2967 1432 reputat,
2996 1358 3275 1415 resistunt
3302 1358 3549 1416 viriliter
3575 1375 3589 1427 ;

1937 1454 2244 1521 turresque
2276 1466 2341 1506 ac
2378 1448 2588 1506 moenia
2610 1466 2713 1522 pro
2746 1448 2966 1505 viribus
2986 1447 3481 1520 communientes,
3504 1464 3589 1503 ar-

1938 1541 2118 1596 cubus
2149 1544 2204 1595 et
2249 1537 2501 1609 balistis,
2543 1539 2706 1610 jactu
2763 1552 2998 1610 quoque
3029 1535 3408 1610 pugillarium
3438 1537 3589 1612 lapi-

1939 1629 2079 1684 dum
2112 1627 2358 1685 bostesa
2388 1645 2450 1685 se
2479 1626 2811 1701 propellunt
2831 1627 3083 1699 longiuS,
3117 1642 3222 1684 nec
3252 1627 3326 1683 ad
3351 1642 3582 1684 murum

1943 1719 2242 1789 patiuntur
2271 1720 2561 1775 accedere.
2593 1717 2847 1790 Contigit
2877 1720 3073 1773 autem
3101 1714 3448 1774 Ascalonitis
3469 1714 3588 1772 lon-

1939 1823 2009 1880 ge
2039 1823 2209 1864 secus
2239 1824 2274 1863 a
2322 1823 2424 1879 spe
2472 1822 2650 1876 quam
2697 1815 3126 1877 conceperant;
3176 1821 3336 1874 nam,
3387 1805 3590 1862 urbem

1939 1896 2287 1952 arbitrantes
2318 1910 2558 1952 vacuam
2602 1896 2873 1967 reperire.
2924 1896 3115 1952 scalas
3163 1894 3590 1953 fabricaverant

1940 1991 1994 2042 et
2021 1985 2329 2042 altitudine
2348 1993 2400 2041 et
2423 2000 2664 2042 numero
2685 1983 3068 2057 sufficientes,
3092 2000 3193 2057 per
3214 2000 3364 2057 quas
3387 1983 3585 2041 statim

1938 2075 2062 2131 sine
2110 2074 2534 2131 contradictore
2580 2075 2731 2130 intra
2780 2074 2993 2132 moenio
3061 2074 3390 2145 irrumpere
3422 2089 3590 2145 posse

1940 2180 2055 2219 non
2106 2163 2473 2219 diffidebant.
2534 2163 2962 2219 Resistentibus
3010 2161 3184 2233 igitur
3208 2161 3460 2219 viriliter
3489 2162 3588 2217 ob·

1940 2252 2141 2321 sessis,
2178 2268 2288 2309 non
2316 2252 2563 2308 dabatur
2589 2253 2675 2308 eis
2704 2251 2893 2310 scalas
2926 2251 3214 2308 moenibus
3252 2249 3591 2324 applicare;

1940 2342 2153 2415 quibus
2212 2342 2305 2398 vix
2351 2341 2572 2397 licitum
2630 2346 2757 2398 erat
2812 2343 2882 2398 ad
2932 2357 3053 2411 eos,
3085 2340 3185 2413 qui
3226 2338 3288 2396 in
3328 2339 3591 2397 turribus

1940 2435 2126 2500 erant,
2159 2431 2381 2504 aliquid
2405 2430 2673 2503 jaculari.
2695 2431 2940 2487 Tantam
2964 2429 3122 2486 enim
3144 2428 3372 2486 civibus
3398 2428 3589 2486 Domi·

1942 2537 2055 2577 nus
2085 2519 2413 2576 contulerat
2433 2519 2706 2592 gratiam,
2740 2524 2805 2576 ut
2826 2518 3303 2576 circumstantem
3324 2518 3591 2575 multitu-

1940 2609 2161 2677 dinem,
2193 2609 2391 2665 divino
2422 2609 2549 2665 freti
2580 2608 2820 2679 auxilio,
2839 2625 2954 2666 non
2990 2609 3392 2665 formidarent.
3425 2611 3593 2665 Erant

1942 2703 2139 2755 autem
2190 2701 2364 2769 portis
2395 2697 2639 2754 civitatis
2678 2698 2904 2771 ligneis,
2963 2697 3194 2754 nullum
3238 2711 3311 2754 ex
3361 2713 3478 2754 mre
3506 2696 3592 2753 vel

1942 2788 2091 2845 ferro
2124 2787 2401 2844 habentes
2431 2788 2882 2861 operimentum.
2921 2787 3039 2844 llas
3061 2786 3258 2860 ignem
3281 2786 3595 2845 artificiose

1947 2878 2386 2950 contorquendo
2417 2893 2486 2935 ex
2516 2880 2678 2949 parte
2717 2876 3198 2946 combusseruntg
3236 2893 3354 2933 non
3408 2879 3594 2934 tamen

1947 2971 2191 3024 eatenus
2224 2971 2287 3023 ut
2318 2983 2419 3041 per
2439 2982 2537 3025 eas
2569 2967 2753 3038 major
2782 2966 2869 3024 vis
2899 2965 3143 3036 civibus,
3167 2969 3268 3024 aut
3297 2964 3595 3040 majorin-

1950 3055 2084 3113 ferri
2116 3060 2313 3130 posset
2361 3057 2645 3114 molestia.
2679 3055 2953 3114 Videntes
2989 3072 3120 3131 ergo
3170 3059 3300 3129 post
3325 3055 3458 3113 dies
3486 3054 3595 3113 ali-

186 3147 303 3205 que
349 3132 729 3191 nihilominus
770 3138 903 3207 jure
945 3137 1174 3194 soederis
1212 3139 1557 3213 obligatum,
1589 3148 1652 3200 ut
1699 3160 1831 3202 cum
1865 3132 1910 3200 C
1948 3163 2098 3217 quos
2126 3144 2463 3203 Ascalonitis
2494 3146 2648 3217 quod
2675 3162 2790 3201 non
2814 3146 3179 3218 proficerent,
3202 3144 3599 3217 timentesque

185 3220 310 3278 suis
337 3221 543 3278 adesse
573 3231 844 3294 procuret
871 3227 1072 3297 copiis,
1104 3227 1330 3285 invitat.
1357 3230 1476 3286 Rex
1505 3236 1696 3289 autem
1730 3250 1834 3306 pro

184 3309 376 3368 salute
407 3311 655 3382 regionis
677 3314 965 3372 sollicitus
995 3316 1341 3389 plurimum,
1363 3330 1709 3397 congregata
1740 3325 1840 3379 mi-

185 3397 313 3456 litia
360 3404 419 3457 et
466 3399 712 3458 honesto
760 3404 1018 3475 stipatus
1063 3406 1368 3476 comitatu,
1402 3407 1545 3466 illuc
1594 3411 1839 3484 impiger

184 3490 485 3547 contendit
510 3506 524 3546 ε
560 3496 975 3564 assumptoque
1005 3510 1202 3551 secum
1234 3496 1595 3568 Tripolitano
1625 3502 1838 3558 comite

185 3577 407 3648 Pontio,
438 3579 592 3635 intra
633 3596 849 3651 paucos
897 3583 1023 3639 dies
1052 3584 1125 3640 ad
1174 3600 1307 3641 eum
1338 3584 1557 3654 locum,
1588 3590 1688 3646 ubi
1722 3591 1830 3646 do-

184 3667 383 3724 minus
425 3669 694 3741 princeps
742 3686 879 3728 suas
928 3671 1234 3746 collegerat
1283 3676 1502 3747 copias.
1544 3680 1827 3749 pervenit.

182 3758 359 3813 Porro
389 3757 806 3831 Doldequinus,
826 3761 977 3818 sicut
1017 3767 1073 3818 et
1100 3762 1344 3820 vicinior
1374 3770 1519 3835 erat,
1542 3767 1621 3822 ita
1647 3772 1705 3824 et
1734 3769 1834 3826 do-

182 3846 327 3902 mini
359 3848 513 3920 regis
535 3855 890 3920 praevenerat
911 3854 1251 3921 exercitum,
1273 3859 1598 3913 nostrorum
1631 3859 1833 3917 castris

181 3940 460 4008 tanquam
491 3937 689 3994 socius
720 3954 783 3995 se
813 3940 1163 4015 adjungens.
1186 3942 1454 4002 Collectis
1483 3962 1618 4020 ergo
1647 3948 1829 4005 omni-

182 4022 292 4078 bus
342 4024 400 4079 in
453 4041 635 4081 unum
686 4028 892 4098 copiis,
921 4039 1052 4086 ante
1099 4032 1302 4088 urbem
1351 4032 1696 4107 Caesaream,
1728 4037 1828 4094 ubi

183 4108 379 4168 hostes
427 4114 630 4170 adesse
661 4115 823 4186 prius
859 4119 1189 4187 audierant,
1223 4123 1566 4179 unanimiter
1608 4126 1827 4184 cousti-

182 4200 420 4255 tuerunt
448 4217 461 4255 ε
496 4217 613 4272 quo
644 4201 912 4259 hostibus
944 4207 1198 4277 cognito,
1231 4210 1495 4269 videntes
1526 4216 1681 4285 quod
1712 4215 1824 4272 nisi

180 4298 316 4341 cum
341 4287 499 4356 gravi
530 4288 788 4359 periculo
821 4307 935 4347 non
987 4301 1222 4365 possent
1251 4304 1484 4357 nostros
1523 4304 1829 4374 sustinere,

178 4368 459 4429 simulant
487 4389 802 4443 recessum,
826 4380 1107 4451 tanquam
1138 4384 1210 4438 de
1239 4393 1441 4441 caetero
1473 4404 1587 4444 non
1622 4391 1832 4446 reditu-

1951 3251 2022 3291 ne
2054 3234 2305 3306 regionis
2336 3232 2586 3308 populus
2617 3236 2688 3290 ad
2708 3234 3081 3291 obsessorum
3105 3233 3440 3292 conveniret
3459 3235 3592 3292 sub·

1948 3324 2188 3394 sidium,
2238 3323 2434 3379 soluta
2480 3323 2802 3395 obsidione,
2863 3324 3105 3381 domum
3159 3324 3377 3381 reversi
3434 3327 3594 3381 sunt.

1945 3411 2161 3470 Classis
2193 3427 2326 3469 vero
2356 3414 2632 3470 secundis
2663 3429 2771 3469 usa
2815 3412 3073 3475 flatibus.
3121 3414 3182 3469 in
3228 3419 3462 3486 portum
3491 3412 3595 3485 Ty·

1949 3502 2205 3560 ronsium
2255 3518 2318 3559 se
2365 3502 2599 3574 recepit.
2647 3501 2886 3558 Evoluto
2917 3506 3112 3559 autem
3144 3504 3346 3559 decem
3373 3502 3592 3559 dierum

1944 3593 2149 3664 spatio,
2201 3596 2426 3649 tentare
2471 3592 2731 3648 volentes
2780 3596 2981 3647 utrum
3019 3590 3289 3664 Joppitas
3319 3591 3590 3649 incautos

1943 3681 2258 3753 aliquando
2274 3681 2524 3753 reperire
2537 3680 3085 3752 possent,Ascalona
3098 3679 3383 3737 secretius
3394 3695 3590 3752 egres-

1942 3769 2013 3837 si,
2063 3774 2411 3842 congregata
2457 3786 2700 3826 suorum
2767 3769 2987 3842 ingenti
3046 3768 3443 3839 multitudine,
3501 3785 3590 3827 su·

1940 3859 2060 3917 bito
2088 3862 2146 3915 et
2173 3859 2299 3915 sine
2330 3859 2595 3930 strepitu.
2625 3859 2829 3915 iterato
2855 3863 2987 3915 ante
3007 3858 3236 3930 Joppen
3257 3858 3585 3917 astiterunt.

1938 3949 2104 4006 Cives
2153 3954 2373 4019 autem,
2416 3953 2477 4005 in
2530 3948 2741 4005 talibus
2793 3947 3030 4017 assueti,
3080 3962 3314 4019 semper
3354 3951 3482 4004 erat
3529 3948 3589 4003 in

1936 4040 2213 4106 excubiis,
2248 4040 2556 4096 continuas
2586 4038 2852 4095 noctibus
2873 4039 3387 4111 persuccessiones
3414 4053 3590 4110 agen·

1935 4131 2023 4185 tes
2054 4129 2300 4202 vigilias,
2328 4134 2391 4184 ut
2422 4144 2655 4201 semper
2679 4129 2747 4183 ad
2772 4127 3163 4185 resistendum
3188 4126 3595 4183 invenirentur

1939 4218 2146 4290 parati.
2204 4218 2478 4274 Videutes
2524 4234 2659 4289 ergo
2717 4216 2974 4273 hostium
3025 4230 3286 4273 reversas
3325 4213 3592 4290 legiones

1939 4314 1993 4366 et
2025 4307 2174 4363 bella
2203 4307 2316 4363 sibi
2350 4308 2599 4364 recidiva
2653 4307 2865 4380 parari,
2910 4304 3175 4363 certatim
3226 4309 3424 4363 turres
3451 4322 3595 4362 con·

1941 4398 2231 4454 scendunt
2261 4401 2318 4453 ct
2347 4397 2563 4455 moenia
2595 4416 2612 4469 3
2668 4402 2943 4469 tantoque
2989 4396 3179 4453 acrius
3223 4398 3595 4454 contendunt

180 4460 248 4518 ri.
283 4459 447 4520 Unde
494 4466 672 4521 nostri
703 4468 774 4522 ab
819 4467 1068 4526 invicem
1124 4475 1396 4543 separati,
1430 4480 1644 4535 reversi
1689 4485 1830 4536 sunt
1862 4512 1910 4579 D
1942 4488 2231 4558 resistere,
2263 4493 2482 4560 quanto
2532 4489 2678 4545 vires
2737 4488 2995 4544 hostium
3050 4488 3304 4545 minores
3353 4487 3595 4562 conspi-

178 4552 250 4611 ad
282 4553 534 4627 propria.

773 4696 1000 4756 CAPUT
1035 4699 1228 4759 XXIV.

174 4801 503 4861 Ascalonitae
529 4801 720 4860 urbem
746 4808 1073 4878 loppensem
1101 4809 1383 4880 obsident,·
1411 4813 1504 4869 sed
1551 4818 1691 4888 reyis
1719 4818 1829 4874 ad-

245 4882 476 5015 2523an
511 4875 903 4948 formidantes,
933 4882 1139 4953 infecto
1180 4888 1396 4953 negotio
1441 4888 1701 4945 recedunt
1752 4891 1829 4946 ad

245 5085 652 5157 Interea,dum
678 5107 779 5148 rex
806 5093 889 5150 ita
920 5095 1070 5153 circa
1099 5104 1294 5169 partes
1323 5102 1718 5162 Antiochenas
1738 5106 1830 5164 de·

173 5175 455 5235 tineretur
501 5186 841 5254 occupatus,
892 5185 1238 5244 Ascalonitis
1285 5207 1354 5248 ea
1418 5192 1550 5249 freti
1611 5194 1830 5254 fiducia

172 5267 330 5338 quod
354 5283 454 5325 rex
482 5270 697 5328 absens
718 5277 842 5330 erat
861 5289 1179 5351 secumque
1203 5281 1457 5352 maj0res
1491 5285 1653 5356 regni
1675 5284 1829 5344 vires

172 5360 558 5426 contraxerat,
591 5367 831 5436 sumpta
858 5369 1292 5438 opportunitate
1320 5386 1391 5427 ex
1418 5376 1702 5446 tempore,
1733 5392 1828 5434 ur-

172 5440 305 5499 bem
334 5445 683 5520 Joppensem
741 5453 1031 5513 obsident.
1081 5457 1307 5518 Modico
1355 5461 1642 5534 siquidem
1692 5470 1831 5523 ante

170 5533 452 5608 tempore,
467 5539 833 5613 septuaginta
850 5542 1086 5604 navium
1118 5548 1328 5609 classis
1346 5550 1407 5610 in
1431 5568 1638 5614 eorum
1684 5555 1829 5616 sub-

1942 4577 2107 4634 ciunt
2124 4588 2181 4634 et
2199 4594 2506 4635 numerum
2526 4577 3135 4634 videntimminutum.
3153 4577 3596 4646 Nam,classem

1942 4682 2069 4739 quae
2105 4666 2219 4723 alia
2247 4668 2367 4723 vice
2400 4666 2585 4724 multa
2632 4666 2857 4723 civibus
2900 4666 3177 4723 intulerat
3224 4666 3595 4734 discrimina,

1938 4754 2142 4811 abesse
2171 4756 2566 4828 conspiciunt,
2599 4771 2713 4812 non
2748 4754 2915 4812 facile
2943 4755 3280 4812 redituram.
3326 4755 3599 4828 Augebat

1938 4848 1995 4902 et
2023 4844 2406 4900 nihilomiuus
2457 4846 2825 4901 obsessorum
2862 4843 3159 4911 fiduciam,
3209 4843 3366 4918 quod
3402 4860 3501 4901 rex
3533 4843 3595 4900 in

1940 4933 2204 5005 proximo
2222 4931 2522 4989 dicebatur
2536 4938 2833 4989 venturus.
2852 4931 3014 4989 Unde
3040 4931 3176 4988 facti
3207 4931 3596 4988 animosiores

1938 5029 1994 5079 et
2025 5021 2363 5079 resistentes
2393 5021 2809 5090 confidentius,
2865 5022 3041 5078 variis
3072 5021 3328 5090 casibus,
3375 5021 3596 5078 multos

1939 5113 2011 5169 de
2041 5111 2297 5170 hostium
2329 5112 2579 5169 exercitu
2635 5110 2960 5183 protervius
3008 5111 3298 5168 instantes
3328 5125 3596 5183 pereme-

1937 5210 2094 5258 runt.
2127 5202 2274 5259 Cum
2304 5216 2436 5273 ergo
2470 5200 2639 5273 quasi
2672 5216 2774 5272 per
2804 5204 3027 5272 septem
3071 5199 3246 5256 horas
3275 5198 3595 5257 continuas

1940 5290 2142 5347 urbem
2176 5291 2640 5364 impugnassent,
2661 5290 2923 5346 videntes
2949 5288 3106 5363 quod
3133 5287 3423 5346 inutiliter
3451 5306 3597 5346 con-

1939 5386 2243 5438 sumerent
2259 5397 2515 5452 operam,
2542 5380 2819 5437 revocatis
2836 5378 3175 5454 agminibus
3194 5376 3399 5437 hostes
3419 5381 3596 5438 Asca·

1939 5467 2132 5527 Ionam
2167 5470 2379 5527 reversi
2410 5473 2574 5527 sunt.
