3784 6000
170 232 292 310 eii

631 244 833 308 ntsr.
880 240 1154 310 Restm
1196 242 1746 317 TRANSMARIN.
1794 281 1871 295 -
1910 246 2053 313 tte.
2101 244 2286 311 xvn.
2336 236 2787 309 BAanNth
2832 240 2915 307 ιιι
2962 228 3150 308 ιιιιχξ

3471 248 3591 313 678

172 382 528 455 minumque
551 380 798 452 pedibus
825 381 1051 453 agitati,
1082 382 1454 456 collegerant,
1486 385 1557 442 ad
1582 383 1825 442 fluvium
1855 385 1912 453 Α
1944 398 2096 454 mus,
2137 383 2345 441 civitas
2394 382 2454 438 in
2512 387 2672 440 arcto
2728 381 3048 439 constituta
3093 388 3264 452 esset,
3310 399 3415 443 nec
3463 387 3590 458 ejus

172 489 351 547 quem
402 471 663 528 vicinum
720 471 1027 529 audierant
1084 477 1481 545 properantes,
1510 475 1611 531 ubi
1653 490 1827 533 secus

172 563 362 636 ripam
411 561 687 618 viderunt
756 566 980 619 tantam
1043 561 1300 620 hostium
1367 563 1822 635 multitudinem,

175 653 572 711 substiterunt
601 652 669 708 ad
702 651 993 709 modicum
1019 669 1035 721 ς
1065 652 1420 727 tandemque
1457 653 1712 711 collectis
1740 653 1829 711 vi-

175 742 364 810 ribus,
389 740 737 799 necessitate
766 741 920 799 vires
966 746 1025 797 et
1079 742 1385 800 audaciam
1429 742 1826 815 ministrante,

176 829 365 891 semel
395 834 453 888 et
480 831 757 900 secunde,
787 831 888 887 sed
921 829 1138 888 frustra
1175 848 1358 906 aquas
1388 832 1500 889 sibi
1532 832 1830 892 vindicare

175 922 470 980 nituntur.
519 920 784 993 Dumque
840 921 995 978 circa
1060 921 1119 977 id
1174 921 1701 994 Hierosolymorum
1733 939 1832 981 rex

176 1028 319 1069 cnm
348 1011 475 1069 suis
506 1010 820 1084 plurimum
851 1011 1097 1068 desudat
1116 1017 1173 1069 et
1194 1012 1408 1071 frustra
1433 1012 1833 1082 laborat,nun-

174 1105 356 1162 tiatur
384 1103 621 1160 domino
654 1103 989 1174 imperatori
1015 1104 1115 1174 qui
1138 1105 1556 1176 posterioribus
1590 1107 1834 1178 praeerat

176 1193 541 1266 agminibus,
573 1192 899 1249 sciscitanti
932 1208 948 1248 ε
981 1193 1240 1262 Quaenam
1277 1202 1415 1253 esset
1464 1212 1629 1252 causa
1661 1211 1836 1268 quare

176 1298 290 1338 non
319 1280 633 1354 procederet
652 1283 924 1338 exercitus
944 1284 973 1337 ?
990 1284 1148 1354 quod
1169 1283 1389 1352 hostes,
1423 1283 1660 1341 fluvium
1683 1284 1834 1342 obti-

178 1375 415 1440 nentes,
450 1376 678 1427 nostros
729 1387 844 1428 non
905 1371 1316 1442 permittebant
1370 1373 1660 1430 accedere.
1709 1377 1832 1438 Quo

180 1460 436 1532 cognito,
478 1460 565 1517 ira
611 1475 954 1529 succensus,
1002 1477 1100 1530 per
1140 1463 1359 1518 medias
1389 1463 1540 1535 regis
1583 1463 1834 1520 Franco-

181 1567 318 1607 rum
350 1549 505 1607 acies
537 1565 722 1620 usque
750 1549 822 1606 ad
853 1550 1190 1608 conflictum
1223 1566 1427 1608 eorum
1468 1551 1571 1625 qui
1602 1568 1703 1624 pro
1725 1553 1839 1609 ssu-

179 1640 346 1699 mine
397 1639 841 1701 contendebant.
893 1655 1026 1697 curn
1085 1640 1208 1697 suis
1264 1640 1629 1714 principibus
1686 1644 1839 1700 celer

183 1728 468 1802 pervenit.
503 1727 610 1785 Ubi
642 1733 762 1785 tam
785 1728 911 1801 ipse
939 1745 1116 1801 quam
1155 1729 1247 1787 sui
1291 1731 1362 1787 de
1391 1731 1560 1804 equis
1598 1733 1834 1791 descen-

181 1817 412 1884 dentes,
442 1819 501 1872 et
532 1815 669 1874 tacti
727 1817 950 1889 pedites
976 1818 1154 1889 (sicut
1195 1834 1326 1877 mos
1356 1825 1446 1876 est
1475 1821 1834 1891 Teutonicis,

177 1906 241 1963 in
280 1906 530 1964 summis
573 1905 1020 1966 necessitatibus
1074 1908 1284 1967 bellica
1312 1915 1556 1968 tractare
1584 1913 1835 1985 negotia)

182 1996 435 2067 obJectis
474 1996 714 2069 clypeis,
746 1995 955 2066 gladiis
985 1997 1249 2056 eominus
1286 2016 1417 2055 oum
1455 2000 1718 2058 hostibus
1747 2017 1841 2059 ex-

184 2085 535 2158 periuntur;
596 2102 847 2157 quorum
905 2086 1174 2158 impetus,
1235 2089 1333 2160 qui
1402 2089 1562 2161 prius
1616 2089 1840 2146 sortiter

188 2175 547 2243 restiterant,
577 2174 866 2232 sustinere
911 2193 1026 2234 non
1048 2177 1328 2246 valentes,
1360 2177 1417 2234 in
1451 2178 1640 2250 fugam
1661 2177 1837 2246 versi,

186 2264 441 2321 flumina
468 2264 766 2333 deserunt,
797 2264 854 2321 in
889 2267 1092 2322 urbem
1123 2281 1259 2322 cum
1289 2282 1522 2323 summa
1541 2267 1839 2324 velocitate

188 2370 253 2411 se
280 2354 668 2410 conterentes.
700 2352 762 2409 In
801 2370 916 2426 quo
947 2371 1279 2425 congressu,
1312 2355 1534 2413 domini
1579 2356 1839 2429 impera-

184 2444 330 2501 toris
362 2443 572 2499 facturn
604 2441 837 2499 sarculis
868 2444 1245 2501 memorabile
1275 2444 1492 2501 dicitur
1520 2445 1835 2514 accidisse;

183 2549 326 2590 nam
359 2531 460 2589 uni
499 2533 573 2588 de
613 2532 1042 2602 resistentibus,
1079 2533 1326 2591 viriliter
1379 2539 1437 2592 et
1474 2541 1712 2593 strenue
1741 2536 1839 2592 di-

183 2621 453 2691 micanti,
486 2621 741 2693 quamvis
770 2621 1031 2692 ioricat0,
1067 2638 1181 2678 uno
1220 2625 1339 2681 ictu
1370 2630 1560 2695 caput,
1593 2626 1835 2694 collum,

185 2727 329 2767 cum
371 2709 607 2768 sinistro
635 2710 879 2769 humero
910 2715 968 2769 et
989 2711 1231 2770 brachio
1275 2713 1838 2778 oohoerente,simul-

183 2816 306 2873 que
333 2805 555 2873 partem
585 2801 826 2873 subjecti
850 2799 1043 2858 lateris
1066 2802 1648 2876 dicituramputasse.
1671 2807 1831 2871 Quod

182 2891 404 2947 factum
435 2889 610 2959 cives,
640 2895 767 2947 tum
798 2893 899 2962 qui
931 2891 1042 2948 boc
1068 2892 1349 2961 viderant,
1374 2902 1498 2950 tum
1519 2910 1618 2951 eos
1647 2895 1835 2967 quiex

180 2980 434 3038 aliorum
466 2979 747 3040 relatione
779 2980 835 3037 id
869 2980 1065 3053 ipsum
1099 2988 1509 3055 cognoverant,
1531 2984 1832 3042 intentam

1867 1777 1918 1844 B

1936 474 2085 532 cives
2112 473 2422 529 resistendi
2477 476 2580 528 aut
2608 471 2822 530 salutis
2872 487 3035 544 spem
3088 471 3369 530 haberent
3390 473 3589 546 ullam,

1936 563 2037 619 sed
2072 563 2416 635 compositis
2440 561 2688 620 sarcinis
2715 561 2961 634 migrare
2985 576 3018 618 e
3040 562 3162 618 loco
3192 561 3592 639 disponerent,

1936 651 2190 725 peccatis
2234 651 2451 711 nostris
2500 650 2889 723 exigentibus,
2922 657 3223 724 coeperunt
3260 653 3332 713 de
3363 657 3596 712 nostro-

1939 759 2071 800 rum
2121 758 2473 815 proesumere
2528 740 2849 816 cupiditate
2873 757 2889 811 3
2913 746 2970 798 et
2999 741 3381 814 pecuniarum
3408 742 3594 803 inter·

1937 836 2136 904 ventu,
2166 850 2368 890 eorum
2399 831 2963 906 expugnare2animos
2995 836 3132 890 sunt
3162 833 3595 908 sggressi,quo-

1939 938 2069 980 rum
2099 938 2341 995 corpora
2371 938 2542 993 posse
2571 920 2723 977 vinci
2754 921 3132 990 diffidebant;
3166 928 3283 980 tota
3306 923 3459 981 enim
3481 925 3594 983 sol-

1939 1014 2240 1071 licitudine
2263 1014 2321 1069 in
2346 1018 2692 1086 argumenta
2707 1014 2868 1071 varia
2897 1031 2960 1072 se
2983 1016 3598 1090 attollente8,quibus-

1941 1104 2079 1161 dam
2128 1104 2199 1161 de
2247 1103 2611 1175 principibus
2660 1104 2952 1176 promissa
3001 1115 3058 1164 et
3114 1107 3324 1165 collata
3352 1107 3593 1164 intinitae

1941 1192 2288 1266 quantitatis
2321 1193 2559 1264 peunia,
2591 1195 2655 1248 ut
2699 1208 2903 1251 eorum
2961 1196 3154 1253 studio
3196 1201 3254 1254 et
3282 1212 3458 1269 opera
3486 1196 3595 1253 ob·

1943 1283 2097 1341 sidio
2127 1281 2474 1352 solveretur,
2507 1287 2574 1337 ut
2616 1282 2649 1338 J
2658 1283 2780 1338 udoe
2842 1284 3152 1355 proditoris
3181 1286 3373 1342 otflcio
3396 1285 3597 1357 funge-

1944 1376 2145 1429 rentur
2175 1375 2616 1443 pcrsuaserunt.
2647 1371 2715 1426 Hi
2747 1388 2884 1445 ergo
2916 1373 3067 1430 datis
3084 1379 3139 1431 et
3169 1374 3447 1447 pollicitis
3468 1390 3597 1433 eor-

1944 1461 2124 1533 rupti,
2168 1465 2226 1519 et
2282 1459 2556 1518 vitiorum
2613 1461 2878 1518 omnium
2912 1462 3189 1534 fomitem,
3220 1464 3597 1535 cupiditatem

1946 1551 2157 1616 secuti,
2189 1550 2251 1608 in
2290 1549 2349 1606 id
2399 1549 2635 1607 sceleris
2684 1552 3132 1615 descenderunt.
3165 1559 3229 1609 ut
3273 1552 3513 1626 regibus
3541 1560 3599 1612 et

1948 1640 2271 1716 peregrinis
2294 1639 2682 1713 principibus,
2713 1641 2786 1697 de
2834 1657 3036 1698 eorum
3089 1642 3203 1701 flde
3223 1650 3279 1700 et
3306 1642 3598 1702 industria

1947 1731 2399 1801 conlidentibus,
2431 1730 2630 1802 impiis
2660 1732 3137 1804 suggestionibus
3177 1735 3599 1806 persuaderent

1947 1825 2035 1892 ut,
2065 1820 2283 1879 relictis
2315 1820 2614 1893 pomeriis,
2645 1820 2704 1877 in
2735 1819 3061 1894 oppositam
3094 1821 3344 1879 civitatis
3371 1829 3595 1895 partem

1946 1911 2329 1969 transserrent
2356 1909 2788 1982 expeditionem
2819 1912 2878 1967 et
2904 1913 2969 1965 ut
2997 1910 3199 1967 dolum
3247 1927 3598 1986 quocunque

1947 1999 2138 2059 colore
2163 2004 2443 2071 tegerent,
2480 1998 2734 2070 allegant
2782 1999 2839 2055 in
2882 1999 3153 2072 opposita
3180 2000 3430 2058 civitatis
3461 2018 3599 2074 par-

1948 2093 2026 2157 te,
2059 2105 2186 2162 quai
2218 2092 2484 2145 austrum
2522 2087 2756 2159 respicit
2800 2097 2853 2145 et
2884 2104 3013 2158 quae
3045 2090 3114 2145 ad
3154 2090 3458 2160 orientem,
3487 2105 3596 2148 nec

1947 2179 2204 2251 pomeria
2262 2194 2411 2246 esse,
2444 2194 2573 2251 quae
2630 2177 2763 2234 urbi
2817 2178 2939 2234 sint
2990 2193 3093 2250 pro
3124 2179 3329 2236 robore
3351 2194 3367 2246 ;
3391 2195 3497 2236 nec
3523 2180 3596 2245 ad

1945 2284 2177 2325 murum
2209 2268 2686 2339 expugnandum,
2711 2266 2863 2324 vallo
2900 2267 2989 2326 vel
3036 2268 3277 2325 flumine
3322 2268 3594 2342 impediri

1947 2375 2270 2415 accessum.
2304 2357 2532 2415 Murum
2556 2373 2786 2431 quoque
2805 2362 3077 2415 asserunt
3108 2357 3403 2424 humilem,
3428 2362 3488 2415 et
3525 2374 3597 2416 ex

1945 2449 2144 2505 crudis
2174 2454 2550 2521 compactum
2583 2447 2879 2517 lateribus,
2912 2448 3131 2520 primos
3163 2447 3254 2504 vix
3285 2463 3455 2522 posse
3483 2449 3597 2506 im-

1947 2543 2117 2610 petus
2148 2538 2459 2595 sustinere.
2483 2536 2565 2594 lbi
2599 2553 2703 2594 nec
2734 2537 3048 2604 machinis,
3090 2554 3197 2595 nec
3221 2537 3403 2595 multo
3441 2553 3591 2612 opus

1946 2643 2075 2685 esse
2101 2626 2403 2685 conamine
2447 2626 2669 2693 dicunt,
2700 2626 2802 2683 sed
2854 2625 3043 2682 statim
3094 2625 3301 2699 primis
3330 2641 3599 2697 congres-

1944 2716 2210 2773 sionibus
2268 2715 2539 2773 manibus
2590 2730 2827 2771 murum
2878 2714 3068 2785 dejici,
3099 2718 3157 2770 et
3212 2714 3271 2769 in
3303 2715 3595 2773 civitatem

1947 2804 2271 2878 irrumpere
2302 2822 2417 2863 non
2467 2821 2597 2861 esse
2626 2803 2884 2860 difficile.
2913 2802 3129 2862 Horum
3153 2808 3347 2862 autem
3379 2805 3451 2861 ad
3485 2803 3595 2865 hoo

1943 2896 2132 2952 solum
2165 2896 2516 2967 properabat
2536 2893 2802 2959 intentio,
2819 2897 2881 2948 ut
2910 2893 3199 2950 exercitus
3229 2895 3301 2950 ab
3322 2910 3391 2952 ea
3407 2898 3591 2967 parte,

1944 3000 2062 3057 qua
2089 2981 2311 3040 locatus
2339 2991 2482 3052 erat,
2513 2997 2745 3056 quaque
2793 2980 2993 3039 civitas
3025 2981 3273 3039 maxime
3302 2983 3597 3055 premeba-

181 3070 394 3144 dejecit
452 3071 846 3141 formidinem,
880 3076 1030 3130 utet
1087 3073 1158 3131 de
1188 3073 1514 3132 resistendo
1539 3075 1688 3132 etde
1714 3076 1835 3133 vita
1943 3079 2058 3143 tur,
2115 3078 2174 3130 et
2220 3072 2320 3130 diu
2377 3072 2627 3129 tolerare
2688 3087 2879 3145 neque
2933 3075 3175 3142 poterat,
3236 3079 3590 3143 amoverent,

180 3156 422 3228 penitus
453 3159 848 3228 desperarent.

851 3264 1083 3323 CAPUT
1124 3266 1189 3324 V.

177 3371 480 3443 vesperam
507 3374 668 3441 cives,
700 3376 752 3430 et
779 3373 844 3430 de
869 3377 1007 3446 supa
1034 3376 1315 3446 coquant:
1343 3389 1414 3432 ex
1438 3375 1639 3432 nostris
1666 3375 1834 3446 prin-

252 3446 463 3515 cipibus
477 3445 736 3518 quosdam
756 3447 900 3502 data
928 3452 1289 3517 corrumpunt
1305 3450 1565 3519 pecunia,
1594 3463 1831 3519 quorum

248 3520 609 3601 persuasione
638 3521 700 3573 in
727 3520 1032 3591 oppositam
1063 3518 1303 3575 civitatis
1321 3530 1534 3591 partem
1561 3521 1835 3591 transfer-

252 3597 346 3644 tur
371 3599 664 3647 exercitus.

250 3697 497 3755 Obtento
520 3697 704 3770 igitur
734 3697 978 3756 flumine
1013 3706 1069 3755 et
1098 3699 1225 3771 ripa
1274 3699 1515 3758 liberius
1534 3715 1830 3770 concessa,

171 3784 351 3859 longe
380 3786 610 3861 lateque
640 3803 814 3846 secus
835 3790 1035 3846 urbem
1074 3795 1593 3860 castrametantur;
1625 3797 1682 3846 et
1710 3798 1830 3847 tam

172 3877 456 3949 pomeriis
487 3877 771 3933 violenter
808 3877 1159 3949 expugnatis
1180 3895 1353 3948 quam
1372 3878 1634 3937 fluminis
1652 3878 1833 3937 libere

173 3981 280 4037 pro
331 3964 572 4021 arbitrio
631 3965 724 4021 usi
782 3970 924 4023 sunt
975 3968 1410 4023 commoditate.
1441 3968 1667 4024 Attonti
1693 3985 1830 4042 ergo

171 4055 351 4123 cives,
375 4058 433 4111 et
463 4055 756 4113 exercitus
778 4055 968 4113 nostri
1006 4063 1060 4112 et
1104 4073 1417 4114 numerum
1439 4063 1746 4129 stupentes
1773 4066 1834 4117 et

172 4144 472 4214 virtutem,
506 4145 579 4201 de
611 4145 830 4203 viribus
860 4146 986 4202 suis
1018 4151 1317 4218 coeperunt
1343 4147 1629 4216 diffidere,
1661 4150 1829 4222 quasi

172 4234 449 4292 resistere
479 4251 596 4291 non
617 4235 913 4304 valentes;
946 4235 1335 4310 timentesque
1350 4236 1573 4295 subitas
1604 4242 1828 4296 nostro-

173 4341 310 4382 rum
366 4326 743 4397 irruptiones,
774 4326 923 4383 nihil
979 4331 1169 4384 tutum
1226 4332 1516 4400 reputant,
1571 4329 1712 4386 dum
1753 4330 1822 4387 ad

172 4419 434 4472 mentem
474 4416 782 4486 reducunt,
814 4416 1017 4488 quales
1069 4433 1168 4474 eos
1225 4416 1513 4475 hesternis
1553 4435 1822 4492 congres-

1862 3144 1907 3214 C
1946 3162 2199 3220 scientes
2230 3164 2385 3235 quod
2411 3164 2470 3218 in
2501 3162 2771 3235 opposita
2812 3167 2971 3233 parte
2999 3176 3392 3234 perseverare,
3415 3165 3472 3218 et
3491 3162 3594 3221 ob·

1941 3253 2233 3310 sidionem
2254 3251 2601 3310 continuare
2633 3268 2744 3310 non
2763 3255 3020 3325 possent.
3054 3251 3444 3310 crediderunt
3459 3268 3591 3326 ergo

1944 3347 2066 3400 tam
2093 3342 2202 3416 ipsi
2235 3359 2421 3416 reges,
2455 3360 2629 3417 quam
2664 3343 2843 3399 totius
2876 3342 3158 3416 primores
3193 3342 3498 3412 exercitus,
3531 3346 3591 3401 et

1940 3432 2067 3491 loca
2096 3449 2223 3504 qum
2254 3434 2416 3507 prius
2437 3450 2563 3490 cum
2586 3433 2768 3489 multo
2788 3432 3020 3501 sudore,
3048 3436 3104 3487 et
3134 3432 3321 3488 multa
3345 3448 3588 3490 suorum

1941 3533 2132 3596 strage
2160 3527 2608 3595 occupaverant,
2630 3521 2987 3587 deserentes,
3019 3519 3317 3577 universas
3337 3521 3589 3577 transte-

1944 3616 2083 3669 runt
2110 3612 2397 3682 legiones3
2433 3614 2491 3666 et
2519 3610 2579 3666 in
2609 3608 2876 3680 opposita
2896 3608 3143 3664 civitatis
3166 3618 3329 3680 parte
3359 3608 3590 3680 praeviis

1942 3695 2352 3754 seductoribus
2380 3694 2782 3751 castrametati
2810 3702 2963 3749 sunt.
2996 3691 3105 3749 Ubi
3136 3693 3399 3750 videntes
3421 3708 3485 3750 se
3518 3693 3590 3750 ab

1940 3802 2225 3860 aquarum
2274 3783 2685 3841 commoditate
2761 3782 2933 3855 longe
2990 3782 3230 3854 positos,
3289 3782 3588 3840 tructuum

1941 3890 2176 3949 quoque
2232 3875 2495 3931 ubertate
2550 3888 2763 3941 carere,
2791 3875 2850 3929 et
2898 3872 3024 3943 jam
3082 3871 3326 3927 deficere
3359 3871 3591 3942 penitus

1941 3965 2235 4035 alimenta,
2260 3964 2462 4021 dolum
2492 3960 2930 4030 intercessisse;
2961 3965 3020 4018 et
3065 3959 3354 4018 malitiose
3391 3959 3591 4020 alocis

1941 4056 2214 4113 uberibus
2239 4071 2299 4112 se
2335 4052 2677 4121 translatos,
2709 4050 2844 4109 licet
2868 4066 3021 4122 sero,
3052 4056 3518 4123 conqueruntur.

2582 4160 2813 4218 CAPUT
2853 4164 2949 4218 vt.

1937 4257 2005 4313 In
2033 4260 2349 4313 nostrorum
2378 4252 2575 4310 castris
2607 4254 2785 4309 victus
2812 4252 2992 4322 deficit
3004 4266 3029 4317 ,·
3054 4247 3329 4318 delenitur
3347 4249 3592 4321 prodito·

2010 4346 2138 4385 rum
2164 4326 2389 4384 malitia
2405 4344 2429 4394 ‚·
2455 4330 2507 4383 et
2534 4328 2718 4382 saluta
2754 4326 2933 4381 nostri
2964 4323 3193 4381 redeunt
3221 4322 3521 4381 obsidione.

2020 4417 2331 4476 Deficiebat
2358 4432 2494 4489 ergo
2523 4416 2709 4472 victus
2738 4415 2798 4471 in
2828 4412 3037 4471 castris
3061 4427 3077 4481 3
3109 4428 3247 4469 nam
3280 4426 3382 4485 spe
3399 4410 3594 4469 subito

174 4504 438 4561 sionibus
468 4505 586 4563 sint
629 4507 869 4577 experti.
904 4506 1114 4563 Habita
1159 4506 1341 4579 igitur
1381 4507 1825 4581 deliberatione,
1862 4523 1909 4589 1)
1941 4508 2243 4566 obtinendi
2272 4508 2588 4575 civitatem,
2617 4508 2768 4563 sicut
2812 4504 2896 4561 eis
2938 4501 3401 4577 persuadebatur
3431 4508 3593 4559 ante·

174 4594 271 4650 usi
303 4608 372 4649 ea
422 4611 545 4667 quae
604 4595 834 4652 miseris
864 4601 922 4653 et
958 4595 1192 4653 aissictis
1224 4597 1399 4653 rebus
1422 4596 1571 4654 solet
1599 4598 1826 4670 adesse,

171 4682 433 4753 solertia,
464 4688 523 4741 et
552 4685 625 4741 ad
658 4686 863 4742 ultima
910 4691 1274 4744 recurrentes
1305 4692 1671 4759 argumenta,
1704 4706 1830 4746 om-

173 4789 282 4829 nes
334 4774 489 4831 vicos
542 4774 814 4843 civitatis,
847 4793 917 4833 ex
973 4793 1041 4835 ea
1070 4783 1251 4848 parte,
1282 4778 1340 4834 in
1372 4794 1486 4850 qua
1516 4779 1700 4836 nostri
1730 4797 1831 4837 oa-

175 4867 302 4918 stra
327 4862 676 4932 locaverant,
711 4866 940 4938 magnis
968 4871 1027 4924 et
1070 4867 1326 4940 proceris
1357 4873 1676 4928 contexunt
1707 4876 1829 4928 tra·

174 4950 393 5023 bibus3
421 4952 483 5010 in
546 4969 614 5011 eo
671 4954 798 5013 solo
840 4972 1002 5028 spem
1033 4956 1337 5031 habentes,
1371 4966 1434 5020 ut
1464 4964 1607 5022 dum
1633 4960 1831 5018 nostri

172 5042 332 5098 circa
356 5041 725 5117 effringenda
766 5045 1044 5119 repagula
1081 5047 1418 5118 hujusmodi
1463 5052 1820 5119 laborarent,

173 5130 290 5204 ipsi
321 5147 426 5204 per
456 5138 680 5205 partem
714 5137 1070 5209 oppositam,
1093 5152 1226 5192 cum
1256 5139 1528 5197 uxoribus
1548 5144 1607 5198 et
1624 5140 1831 5198 liberis

173 5223 910 5298 egrederenturfugientes.
932 5224 1256 5284 Videbatur
1287 5230 1431 5287 satis
1456 5230 1518 5287 in
1539 5230 1825 5302 expedito,

173 5310 221 5365 si
249 5311 501 5383 propitia
556 5314 726 5371 nobis
782 5319 938 5372 esset
992 5314 1296 5387 Divinitas,
1342 5321 1495 5392 quod
1537 5321 1744 5377 urbem
1765 5319 1826 5377 in

171 5399 365 5457 vicino
410 5400 756 5462 obtenturus
795 5409 954 5462 esset
1002 5405 1254 5477 populus
1283 5407 1691 5479 Christianus3
1722 5410 1827 5467 sed

175 5489 348 5547 aliter
373 5490 564 5549 visum
594 5498 686 5552 est
711 5495 762 5553 ei
794 5494 1185 5568 quitcrribilis
1215 5500 1306 5555 est
1323 5499 1386 5556 in
1402 5500 1650 5558 consiliis
1665 5515 1833 5574 super

170 5580 322 5652 filios
378 5580 665 5643 hominum
720 5585 890 5657 (Psoi.
912 5601 1037 5657 nxv,
1060 5585 1138 5659 4).
1180 5585 1327 5649 Nam
1385 5588 1550 5662 dum,
1582 5593 1651 5649 nt
1672 5588 1830 5650 dixi-

1942 4615 2118 4671 quam
2179 4598 2288 4655 iter
2343 4598 2684 4669 arriperent,
2717 4595 2789 4651 ad
2832 4609 3051 4667 paucos
3082 4592 3208 4647 dies
3239 4588 3595 4647 sufficientia

1945 4688 2277 4745 detulerant
2333 4686 2606 4743 alimenta
2632 4704 2646 4754 ;
2671 4688 2731 4741 et
2761 4684 3012 4740 maxime
3032 4679 3343 4753 peregrini,
3374 4677 3593 4750 quibus

1942 4795 2058 4835 non
2092 4776 2346 4834 multum
2398 4780 2618 4847 poterat
2662 4772 2962 4845 imputari,
2997 4779 3271 4841 tanquam
3330 4767 3592 4825 locorum

1941 4865 2185 4941 ignaris.
2218 4871 2569 4922 Persuasum
2627 4877 2884 4934 namque
2941 4859 3058 4916 iliis
3089 4859 3280 4914 fuerat
3304 4856 3459 4930 quod
3483 4854 3598 4929 pri-

1943 4956 2060 5013 mis
2092 4952 2604 5027 congressionibus
2633 4951 2856 5022 statim,
2887 4954 2946 5006 et
2973 4948 3098 5005 sine
3128 4944 3471 5003 difficultate
3499 4961 3597 5003 ur-

1942 5045 2076 5103 bem
2098 5050 2294 5103 essent
2322 5041 2641 5110 obtenturi;
2671 5040 3026 5113 interimque
3054 5038 3354 5094 fructuum
3387 5034 3596 5092 alimo-

1942 5136 2063 5205 nia,
2094 5134 2197 5207 qui
2228 5133 2410 5206 gratis
2441 5130 2945 5199 occurrerent,etsi
2975 5128 3126 5185 alius
3159 5128 3397 5186 omnino
3426 5127 3594 5183 dees-

1943 5232 2028 5283 set
2055 5225 2266 5295 victus,
2299 5238 2581 5296 magnum
2614 5239 2786 5298 posse
2804 5222 2879 5279 ali
2898 5221 3218 5279 exercitum
3235 5217 3590 5276 asserebant.

1941 5316 2091 5382 Quid
2121 5331 2257 5387 ergo
2288 5314 2505 5372 faciant
2532 5315 2718 5384 dubii,
2750 5320 2807 5371 et
2837 5314 2899 5371 in
2927 5315 3146 5371 secreto
3191 5313 3247 5367 et
3276 5308 3336 5365 in
3364 5306 3594 5379 publico

1942 5404 2285 5462 deliberant.
2317 5404 2523 5463 Redire
2551 5405 2706 5461 enim
2737 5404 2806 5461 ad
2840 5404 2965 5461 loca
2996 5403 3146 5459 unde
3177 5399 3459 5467 exierant,
3494 5397 3595 5454 du·

1943 5509 2080 5552 rum
2116 5494 2419 5552 videbatur
2446 5498 2504 5553 et
2553 5492 2945 5567 impossibile;
2977 5508 3134 5555 nam,
3183 5488 3401 5547 nostris
3426 5501 3592 5560 egre-

1942 5582 2264 5655 dientibus,
2297 5585 2501 5646 statim
2528 5584 2750 5655 hostes,
2779 5588 2848 5644 ut
2862 5583 3134 5645 viderunt
3158 5576 3387 5642 effectui
3413 5591 3593 5640 man·—
