3784 6000
221 289 337 351 {93

851 424 1082 483 CAPUT
1119 425 1267 483 vill.

284 520 410 588 Age
434 519 683 588 ergo,ut
708 516 879 588 quasi
901 515 974 571 ab
994 516 1162 573 initio
1178 532 1412 575 summa
1427 517 1691 574 omnium
1714 516 1871 574 brevi

216 605 629 676 complexione
656 606 1134 681 claudatur,quia
1161 608 1232 665 ab
1264 625 1332 666 eo
1362 608 1515 681 qnod
1565 624 1873 682 exceperas

214 695 536 765 recessisti,
570 696 908 754 temeritatis
953 696 1041 754 vel
1073 697 1476 755 inconstantiae
1506 701 1563 754 te
1593 699 1870 756 condem-

216 788 329 840 nat.
356 787 471 842 Aut
501 786 665 843 enim
694 786 835 843 huic
863 788 1009 861 parti
1041 789 1387 845 temerarius
1417 805 1740 845 consensus
1768 790 1871 846 ad-

204 872 449 941 junctus
467 878 584 943 est,
607 879 711 931 aut
731 880 886 932 certe
907 876 1081 933 nimis
1102 877 1504 933 inconstanter
1542 878 1866 950 ademptus.

210 960 370 1024 Quod
405 966 613 1021 autem
648 963 896 1021 savorem
923 968 1086 1022 tuum
1119 966 1192 1022 ab
1223 966 1330 1023 hac
1362 971 1520 1040 parte
1561 968 1751 1039 prima
1780 972 1872 1022 tu-

209 1050 265 1106 lit
284 1051 790 1124 negatio,nullum
808 1069 972 1112 catoae
990 1054 1326 1111 ambitionis
1337 1060 1424 1112 est
1446 1056 1675 1113 firmius
1703 1072 1870 1129 argu-

209 1145 499 1198 mentum.
527 1144 595 1199 At
624 1158 758 1200 vero
785 1143 846 1200 id
871 1143 1068 1217 ipsum
1098 1143 1325 1216 palliari
1360 1145 1626 1203 fortassis
1666 1147 1863 1218 aliquo

210 1231 562 1302 conquisita
602 1231 874 1291 salsitatis
901 1233 1189 1291 velamine
1219 1235 1528 1307 potuisset,
1560 1236 1663 1292 sed
1714 1237 1866 1293 iacta

209 1321 257 1375 in
285 1318 547 1379 alteram
577 1326 804 1394 partem
834 1339 951 1381 non
981 1322 1093 1380 nisi
1124 1324 1328 1381 eadem
1353 1323 1644 1398 legatione
1674 1325 1865 1399 impe·

209 1415 350 1485 trata
376 1410 603 1469 i'avoris
629 1413 935 1470 translatio
972 1429 1205 1471 omnem
1253 1413 1360 1470 tibi
1391 1414 1619 1486 copiam
1671 1414 1869 1473 deten-

210 1500 389 1558 sionis
418 1501 673 1559 ademit.
692 1504 778 1560 Ad
810 1518 1130 1573 summam,
1150 1503 1275 1575 jam
1308 1508 1362 1561 te
1391 1518 1507 1560 non
1539 1502 1738 1561 illicite
1769 1522 1863 1562 so·

211 1591 342 1657 lam,
375 1591 481 1649 sed
514 1595 578 1649 et
605 1592 978 1663 impudenter
1022 1595 1251 1667 operari
1299 1593 1606 1661 convincit,
1637 1594 1862 1651 archie-

212 1680 427 1754 piscopi
447 1685 512 1740 et
540 1681 802 1756 episcopi
822 1682 887 1740 in
916 1684 1181 1742 eamdem
1204 1699 1514 1758 personam
1550 1685 1696 1742 facta
1724 1701 1862 1743 con-

212 1773 383 1828 lusio.
1238 1780 1243 1784 '

272 1860 373 1917 His
402 1853 613 1935 itaque
643 1863 716 1920 de
743 1865 802 1920 te
828 1861 935 1919 toti
967 1863 1185 1921 mundo
1219 1863 1710 1938 patentibus,qua
1747 1866 1862 1924 sal-

211 1956 317 2008 tem
346 1951 618 2025 imagine
643 1951 888 2026 justitio
917 1951 1025 2012 tibi
1056 1968 1268 2011 nomen
1300 1970 1569 2025 usurpas,
1589 1956 1728 2012 dum
1760 1972 1863 2029 pu·

208 2040 337 2096 ilice
386 2040 646 2098 suadere
675 2045 867 2113 putas,
903 2047 976 2111 te,
1009 2043 1117 2099 etsi
1170 2059 1285 2099 non
1318 2059 1387 2100 ex
1440 2044 1707 2116 scientia,
1740 2045 1861 2104 zelo

208 2134 395 2187 tamen
430 2128 640 2188 taliter
665 2130 890 2203 operari
917 2131 947 2187 Ἰ
974 2131 1246 2203 Nunquid
1277 2131 1401 2188 haec
1430 2140 1697 2206 opera,te
1744 2150 1861 2191 non

210 2219 613 2289 imprudenter
638 2232 707 2276 ex
734 2218 1111 2292 simplicitate
1140 2220 1502 2296 delinquere,
1535 2223 1633 2280 sed
1663 2223 1861 2294 impu-

209 2309 405 2365 denter
466 2324 545 2366 ex
599 2309 930 2383 arrogantia
993 2313 1367 2367 contemnere
1421 2311 1801 2368 manifestant
1830 2313 1861 2369 7

208 2397 405 2467 lupius
434 2397 602 2454 enim
646 2413 774 2455 cum
819 2399 1035 2456 merit
1063 2401 1125 2455 in
1169 2400 1530 2471 profundum,
1562 2407 1860 2459 contemnit

206 2485 377 2555 (Pr-oe.
408 2487 606 2560 xvm).
638 2488 856 2546 Saltem
886 2489 1211 2547 deficientia
1250 2494 1470 2547 naturae
1502 2490 1630 2563 lege
1670 2507 1858 2549 mem-

206 2574 297 2633 bra
321 2576 815 2650 considera,quia
836 2581 1068 2652 tempus
1089 2587 1174 2636 est
1196 2579 1367 2637 finem
1401 2581 1532 2636 dare
1557 2581 1854 2654 nequitiis,

204 2669 249 2722 ct
265 2665 513 2724 inutiles
536 2666 762 2724 mundo
791 2666 1068 2740 reliquias
1088 2670 1448 2741 exspectanti
1478 2668 1597 2726 Deo
1618 2679 1853 2744 gratum

203 2770 413 2813 munus
442 2755 683 2813 offerre.
714 2755 982 2813 Declines
1023 2758 1092 2813 ad
1142 2758 1343 2814 intima
1388 2757 1586 2816 vultus
1631 2759 1853 2828 attolle,

202 2848 249 2899 et
276 2860 561 2903 enormes
589 2844 745 2902 oculi
776 2846 862 2902 tui
893 2847 963 2903 ad
997 2850 1219 2918 partem
1253 2846 1584 2917 dirigantur
1613 2849 1855 2921 opposi-

200 2936 331 3006 tam,
363 2939 436 2993 ut
469 2934 680 2991 videas
709 2951 890 3008 quam
933 2935 1153 2992 bonum
1182 2939 1242 2992 et
1282 2937 1608 3009 jucundum
1655 2940 1745 2994 est
1790 2937 1852 2995 in

200 3035 372 3082 unum
403 3024 709 3083 habitare.
742 3025 853 3083 Sed
886 3027 1162 3098 quoniam
1195 3031 1520 3084 nocturnus
1551 3028 1728 3096 bubo,
1758 3029 1853 3084 iu-

200 3129 311 3171 cem
361 3115 657 3172 diurnam
705 3131 823 3172 non
877 3117 1129 3173 sustines
1174 3115 1408 3188 intueri,
1442 3133 1628 3174 caecus
1674 3134 1845 3175 aures

197 3204 401 3277 arrige,
432 3203 559 3261 nisi
590 3210 647 3261 st
675 3205 912 3262 easdem
953 3205 1344 3262 insurdaverit
1374 3207 1689 3264 obstinatio
1724 3224 1848 3264 cor-

194 3292 290 3351 dis.
316 3293 477 3350 Audi
513 3307 659 3366 ergo
680 3308 816 3352 cum
837 3293 1049 3365 quibus
1070 3293 1323 3364 habites,
1347 3299 1406 3351 et
1435 3311 1684 3367 quorum
1710 3313 1855 3354 con-

194 3383 363 3440 sortia
412 3396 700 3456 respuas.
735 3382 995 3440 lnfldelis
1024 3383 1377 3442 universitas
1412 3385 1515 3443 ilia
1548 3401 1724 3458 quam
1755 3404 1852 3446 se·

194 3473 403 3542 queris,
434 3470 674 3529 familia
703 3471 1096 3530 Petri—Leonis
1123 3477 1232 3541 est,
1265 3476 1529 3532 nondum
1562 3475 1851 3536 termento

192 3559 445 3618 ludaico
476 3560 878 3632 corruptionis
906 3562 1139 3634 penitus
1168 3563 1417 3634 expiata.
1440 3564 1508 3620 Et
1539 3565 1850 3638 Tyrannus

193 3646 299 3714 ille,
328 3663 516 3719 quem
548 3647 728 3705 altrix
758 3652 1141 3721 tyrannorum
1171 3650 1366 3708 Sicilia
1419 3653 1686 3723 sustinet,
1717 3656 1850 3713 Dio·

194 3737 329 3806 uysii
358 3752 703 3807 successor,
729 3738 877 3795 aulas
904 3737 1092 3811 ipsius
1113 3739 1316 3810 haeres,
1347 3748 1402 3798 et
1431 3743 1656 3813 ominis,
1683 3760 1846 3816 emp-

190 3829 275 3883 tus
300 3826 475 3885 inani
508 3827 667 3899 regis
716 3827 988 3898 nomine;
1021 3829 1140 3885 dux
1169 3830 1407 3902 quidem
1463 3836 1654 3903 antea,
1689 3850 1848 3892 nunc

192 3931 317 3975 vero
345 3932 463 3975 nee
492 3918 619 3973 dux
648 3916 778 3990 ipse
806 3933 916 3974 nec
946 3917 1125 3986 aliud,
1157 3919 1292 3990 quia
1320 3936 1533 3978 nomen
1563 3922 1844 3995 alienum,

188 4007 329 4075 quod
378 4009 607 4063 cunm
639 4006 936 4078 ‚iustitiam
991 4010 1289 4080 Tyrannus
1322 4018 1584 4083 usurpat,
1614 4012 1674 4068 in
1713 4012 1843 4086 ipso

185 4092 529 4152 nullatenus
556 4094 826 4152 obtinere
867 4098 1025 4152 certo
1047 4096 1180 4166 Jure
1210 4096 1480 4155 firmatur
1506 4118 1528 4166 ,·
1560 4100 1697 4158 huic
1728 4117 1841 4159 nu·

184 4196 333 4243 nero
352 4183 536 4242 solus
550 4183 938 4242 Pictaviensis
951 4200 1147 4242 comes
1169 4186 1839 4262 adiicitur,voluptatum

184 4269 275 4338 vir,
302 4272 604 4332 animalis
630 4271 829 4342 homo,
851 4289 1067 4331 arcana
1095 4274 1497 4347 spiritualium
1529 4293 1643 4334 non
1666 4279 1842 4337 attin·

186 4375 335 4432 gens,
368 4363 455 4420 ob
505 4361 809 4435 repulsam
859 4363 1156 4435 petitionis
1204 4364 1420 4422 illicitis
1469 4369 1840 4439 mancipatus

184 4453 369 4510 errori.
404 4451 543 4509 Sub
593 4467 713 4521 qua
754 4454 1046 4525 paucitate
1075 4455 1125 4511 si
1157 4454 1288 4527 quis
1334 4461 1594 4513 sanctam
1627 4458 1838 4515 dixerit

178 4537 499 4599 Ecchsiam
551 4541 865 4613 contineri,
923 4551 1077 4601 certe
1123 4560 1237 4601 non
1307 4545 1579 4619 derogata
1639 4546 1833 4605 solum

178 4625 377 4688 utristi
440 4629 681 4687 videtur
728 4630 1061 4699 hareditas,
1101 4633 1202 4689 sed
1246 4634 1482 4705 penitus
1529 4634 1828 4709 abrogata.

176 4714 269 4776 Ubi
294 4735 447 4794 ergo
482 4719 669 4777 David
718 4727 939 4791 sancte,
970 4723 1070 4779 ubi
1100 4726 1199 4779 tua
1234 4729 1401 4782 vetus
1449 4724 1552 4781 illa
1584 4728 1828 4798 promis·

176 4815 284 4874 n'o?
294 4817 407 4875 ubi
434 4816 605 4875 Pauli
619 4817 651 4873 ⁸?
670 4817 770 4875 ubi
792 4823 1125 4877 sanctarum
1139 4821 1478 4879 testimonia
1497 4823 1829 4896 Scriptura-

174 4907 339 4964 rum?
368 4905 483 4965 lile
512 4907 677 4964 enim
708 4924 807 4965 rex
853 4914 1094 4967 sanctus
1137 4926 1206 4967 ex
1236 4927 1483 4982 persona
1514 4912 1700 4971 Patris
1750 4916 1820 4972 ad

176 4991 421 5054 Filium:
458 4998 710 5065 Postula,
740 4998 953 5071 inquit,
984 5016 1019 5055 a
1065 5016 1175 5067 me,
1204 5008 1257 5057 et
1301 5001 1451 5059 dabo
1492 5002 1598 5059 tibi
1638 5008 1824 5076 acrites

176 5079 549 5144 hereditatem
593 5091 769 5156 tuam,
809 5097 865 5144 ce
906 5089 1305 5160 possessionem
1351 5095 1505 5148 tuam
1554 5096 1824 5150 terminos

176 5177 327 5232 tcrrae
352 5174 543 5248 (Pul.
576 5177 667 5250 ιι).
688 5176 759 5234 st
786 5176 927 5233 alibi
951 5195 966 5235 z
998 5178 1392 5237 Dominabitur
1417 5199 1452 5238 a
1478 5182 1629 5238 mari
1648 5198 1820 5255 usque

178 5261 239 5320 ed
282 5281 461 5337 scere,
493 5271 551 5324 et
574 5283 610 5323 a
636 5267 872 5342 flumine
898 5283 1069 5342 mque
1113 5268 1184 5327 ad
1212 5272 1473 5330 terminos
1519 5271 1668 5331 orbis
1711 5275 1820 5330 ter-

790 291 1069 355 TRAc'r.
1117 291 1217 355 ΒΕ
1261 290 1700 356 SCHISMATE
1744 292 1957 356 oaTo
2001 294 2197 360 POST
2242 299 2562 364 BONoRn
2608 301 2662 365 11
2708 303 3063 371 MORTEM.

3519 317 3636 380 19⁸

1902 427 1956 494 Α
1985 444 2177 485 rarum
2207 432 2378 500 (Psoi.
2412 436 2585 508 cxxi).
2619 436 2691 492 Et
2728 437 2943 496 Paulus
2973 456 2993 495 .·
3024 441 3185 509 Deus,
3221 443 3435 516 inquit,
3468 451 3638 506 exal-

1982 519 2116 572 tavit
2148 536 2293 587 cum,
2324 531 2377 578 et
2418 522 2563 580 dedit
2591 523 2687 581 itti
2723 543 2916 584 nomen
2966 531 3105 602 quod
3149 535 3227 588 est
3267 550 3437 606 super
3478 553 3636 596 omne

1979 620 2198 675 nomen,
2223 611 2360 665 utin
2383 614 2601 669 nomine
2617 615 2742 671 Iesu
2771 632 2930 674 omne
2947 634 3088 689 qenu
3110 621 3369 690 flectatur
3393 625 3631 698 (Philip.

1980 696 2063 765 ιι).
2095 696 2263 756 Dices
2311 702 2593 770 fortassis,
2621 705 2747 775 ,iam
2806 707 3038 779 impleta
3089 726 3214 782 quas
3265 713 3491 784 dicunt,
3524 732 3631 774 nee

1981 787 2209 843 obstare
2255 788 2377 845 haec
2425 793 2738 862 quominus
2770 799 3071 866 potestatis
3102 798 3281 871 hujus
3322 802 3629 863 immineat

1981 875 2260 943 deiectus,
2293 877 2399 934 Sed
2433 882 2585 951 regni
2628 883 2750 952 ejus
2785 901 2896 941 non
2929 887 3041 943 erit
3071 888 3204 945 linis
3239 906 3253 945 :
3289 893 3436 964 regit
3466 895 3624 953 euim

1980 964 2039 1020 in
2067 965 2229 1037 virga
2252 967 2451 1024 ferrea.
2479 968 2707 1027 Partem
2730 988 2863 1028 vero
2887 980 3169 1047 nostram,
3193 978 3241 1034 si
3284 986 3475 1038 tamen
3502 982 3623 1041 haic

1976 1053 2207 1110 tantilla
2237 1061 2400 1126 cogat
2429 1061 2706 1130 exceptio,
2742 1066 2803 1117 ut
2843 1064 3078 1120 nomine
3110 1068 3290 1138 partis
3334 1071 3621 1129 universi-

1976 1146 2068 1200 tas
2125 1144 2242 1200 i'ere
2292 1150 2409 1202 tota
2478 1156 2733 1217 vocetur,
2795 1152 2986 1210 omnis
3043 1154 3385 1228 Imperator,
3431 1162 3622 1219 omnis

1978 1247 2096 1299 rex,
2129 1232 2323 1289 omnis
2354 1236 2639 1308 princepS,
2673 1240 2828 1295 omni
2861 1239 3036 1298 homo
3089 1242 3338 1315 denique
3386 1248 3622 1319 profite-

1978 1325 2093 1387 tur,
2128 1321 2463 1394 quicunque
2511 1324 2823 1383 Christiani
2868 1330 3121 1386 nominis
3167 1333 3487 1408 insignitur
3515 1337 3625 1395 ho-

1978 1426 2136 1468 nore.
2170 1411 2281 1467 Sed
2314 1429 2440 1484 egO,
2464 1414 2508 1469 si
2542 1430 2658 1488 qua
2681 1417 2824 1475 fides
2855 1423 2966 1488 est,
3001 1420 3252 1479 favorem
3286 1424 3620 1498 principum

1975 1498 2309 1572 populique,
2356 1517 2502 1574 quos
2568 1504 2759 1562 adhuc
2823 1509 3117 1566 saecularis
3185 1515 3345 1569 tenet
3392 1514 3619 1574 affectio

1974 1591 2353 1662 compeditos,
2387 1593 2443 1648 in
2478 1598 2596 1650 tam
2645 1595 2839 1654 divino
2871 1601 3101 1671 negotio
3151 1602 3512 1676 negligenter
3531 1611 3618 1663 at·

1973 1679 2169 1735 tendo.
2189 1679 2404 1736 Horum
2428 1682 2485 1736 ln
2508 1681 2617 1739 hoc
2640 1685 2783 1740 mihi
2802 1692 3473 1764 consensuspraecipuus
3496 1698 3614 1754 est:

1893 1800 1942 1867 B
1973 1765 2182 1823 horum
2240 1784 2331 1825 me
2381 1775 2586 1840 movet,
2643 1778 2858 1830 motum
2912 1776 3107 1848 trahit,
3163 1784 3409 1838 tractum
3462 1785 3619 1840 tenet

1973 1856 2305 1928 auctoritas,
2337 1859 2552 1931 quibus
2585 1861 2786 1919 datum
2820 1868 2909 1920 est
2941 1882 3111 1923 nosse
3144 1872 3490 1942 mysterium
3518 1889 3616 1930 re-

1969 1947 2069 2017 gni
2105 1945 2227 2014 Dei,
2253 1962 2498 2018 quorum
2548 1949 2608 2006 in
2652 1951 2813 2008 coelis
2843 1969 2971 2009 esse
2994 1955 3118 2026 jam
3153 1973 3222 2013 ex
3265 1964 3428 2031 parte
3470 1977 3614 2019 con-

1969 2035 2216 2092 versatio
2292 2037 2625 2107 perhibetur
2690 2039 2917 2114 (Philip.
2970 2045 3069 2114 w).
3141 2045 3353 2111 Quales
3420 2065 3615 2108 revera

1967 2129 2107 2180 sunt
2136 2124 2236 2197 qui
2276 2126 2597 2183 Carthusias
2628 2134 2935 2200 perpetuas
2976 2131 3137 2188 nives
3169 2134 3524 2206 inhabitant,
3555 2144 3613 2197 et

1966 2214 2064 2285 qui
2097 2230 2130 2270 a
2158 2214 2547 2287 cisterciensi,
2580 2216 2665 2272 vel
2700 2216 3071 2278 Cluniacensi
3106 2225 3459 2282 monasterio
3484 2243 3611 2299 pro·

1967 2303 2211 2360 fluentes
2242 2303 2391 2361 lucis
2421 2321 2537 2361 suae
2583 2305 2776 2363 radios
2826 2309 3081 2380 undique
3130 2311 3505 2371 diffuderunt.
3537 2315 3608 2372 lli

1965 2395 2120 2451 enim
2176 2413 2209 2451 a
2247 2395 2517 2454 manibus
2565 2396 2687 2454 suis
2735 2402 2793 2454 et
2842 2399 3061 2468 animo,
3093 2401 3324 2460 saniore
3364 2405 3608 2464 consilio

1964 2488 2155 2541 terrea
2197 2489 2580 2557 removentes,
2625 2503 2829 2560 aspera
2872 2498 3045 2551 veste,
3088 2490 3217 2547 cibo
3268 2508 3402 2549 cum
3454 2510 3607 2563 raro,

1966 2577 2089 2629 tum
2121 2573 2553 2647 arido,vigiliis,
2580 2575 2888 2649 multisque
2918 2576 3220 2636 laboribus
3253 2596 3467 2655 corpus
3489 2599 3608 2641 ma·

1961 2668 2181 2733 corant,
2214 2665 2284 2720 ad
2335 2681 2461 2721 eam
2488 2669 2719 2722 tantum
2770 2666 3204 2725 retributionem
3256 2671 3395 2727 totis
3424 2672 3607 2729 animi

1961 2755 2180 2811 viribus
2226 2754 2589 2822 anhelantes,
2622 2771 2798 2827 quam
2849 2755 3227 2830 diligentibus
3257 2775 3320 2817 se
3360 2761 3599 2833 gratiam

1959 2843 2306 2914 repromisit.
2349 2842 2567 2900 Horum
2614 2849 2817 2901 sancta
2863 2847 3248 2916 conversatio,
3281 2865 3473 2906 sermo
3504 2867 3604 2909 sa-

1959 2932 2146 3005 piens,
2171 2932 2229 2987 in
2261 2931 2471 2988 divinis
2506 2932 2775 2989 discretio
2797 2934 3119 3008 perspicax,
3143 2951 3316 3008 quam
3347 2938 3605 3013 denique

1959 3023 2123 3078 nulla
2171 3022 2355 3077 nubes
2410 3026 2651 3078 terrenae
2701 3023 3007 3081 densitatis
3057 3025 3326 3083 offuscat.
3375 3028 3601 3085 Patitur

1959 3111 2194 3183 quidem
2224 3127 2323 3167 eos
2353 3110 2505 3168 Deus
2545 3112 2828 3170 molestiis
2868 3114 3047 3184 affici,
3080 3119 3147 3172 ut
3177 3120 3457 3189 tanquam
3489 3135 3604 3175 au·

1965 3217 2096 3257 rum
2128 3202 2187 3257 in
2218 3201 2450 3258 fornace
2482 3202 2819 3274 probentur,
2845 3204 2946 3260 sed
2968 3202 3118 3262 ultra
3140 3221 3338 3263 eorum
3369 3223 3483 3265 non
3506 3222 3605 3265 ex·

1965 3290 2174 3346 crescit
2209 3289 2452 3347 tentatio
2491 3290 2844 3348 facultatem.
2880 3292 3037 3350 Licet
3080 3293 3256 3367 igitur
3288 3312 3384 3353 eos
3413 3297 3606 3355 adhuc

1964 3397 2032 3437 ex
2064 3385 2222 3452 parte
2249 3385 2569 3438 remoretur
2597 3379 2656 3436 in
2689 3382 2881 3448 terris,
2905 3390 2967 3438 ut
2999 3384 3318 3456 promissas
3350 3392 3607 3459 augeant

1963 3468 2255 3527 desideria
2285 3472 2569 3542 protracta
2602 3486 2866 3541 coronas,
2888 3488 2922 3527 a
2951 3471 3162 3529 divinis
3185 3477 3380 3531 tamen
3411 3476 3608 3533 consi·

1960 3558 2054 3616 liis
2105 3576 2220 3617 non
2251 3560 2571 3616 creduntur
2615 3559 2831 3617 exclusi
2874 3577 2889 3617 ε
2936 3563 3145 3633 Anqeli'
3199 3564 3355 3619 enim
3412 3581 3601 3623 eorum

1959 3665 2178 3723 semper
2231 3649 2415 3705 vibent
2474 3649 2677 3719 faciem
2737 3650 2920 3706 Patris
2986 3650 3212 3722 (matth.
3280 3654 3442 3725 xvm)
3470 3672 3485 3723 ς
3550 3657 3606 3712 et

1960 3755 2059 3796 eos
2117 3737 2389 3794 familiari
2438 3736 2625 3793 sancti
2670 3737 2927 3808 Spiritus
2987 3738 3320 3796 visitatione
3379 3741 3603 3799 faciunt

1958 3826 2472 3899 illustrari.Neque
2501 3824 2657 3883 enim
2685 3826 2860 3883 etiam
2892 3826 2951 3882 in
2985 3829 3275 3899 praeseuti,
3311 3845 3419 3886 sua
3435 3829 3603 3888 dese-

1957 3918 2032 3974 rit
2062 3916 2361 3974 retributio
2392 3917 2788 3972 sustinentes:
2813 3917 2982 3988 juxta
3031 3916 3197 3972 illlud
3233 3934 3248 3973 ε
3290 3919 3600 3978 Secundum

1954 4006 2375 4062 multitudinem
2395 4006 2646 4061 dolorum
2675 4020 2920 4062 meorum
2952 4005 3011 4062 in
3066 4007 3226 4063 corde
3253 4024 3373 4065 meo
3402 4025 3600 4067 conso-

1954 4098 2183 4153 lationes
2227 4102 2342 4151 tuae
2390 4094 2803 4164 laelificaverunt
2866 4095 3115 4152 animam
3185 4113 3368 4154 meam
3417 4098 3596 4171 (Ptol.

1950 4185 2132 4260 scm).
2170 4185 2325 4242 Vado
2356 4184 2533 4254 enim,
2567 4184 2780 4257 inquit,
2812 4193 2866 4241 et
2911 4189 3071 4242 venio
3102 4188 3182 4245 ad
3224 4204 3337 4257 vos,
3370 4197 3425 4245 et
3459 4206 3599 4263 qau-

1950 4277 2095 4333 debit
2124 4292 2216 4333 cor
2252 4278 2490 4332 vestrum
2516 4276 2700 4346 (loon.
2740 4276 2875 4347 xvi).
2910 4277 3054 4343 Quid
3095 4275 3326 4351 igitur?
3359 4279 3596 4338 frauda-

1950 4367 2101 4424 bitur
2131 4367 2322 4438 operis
2353 4365 2447 4423 sui
2489 4366 2679 4421 fructu
2713 4380 2848 4437 pars
2896 4364 3077 4423 electa
3119 4383 3297 4440 quam
3348 4370 3499 4440 dico,
3540 4374 3598 4428 et

1949 4456 2394 4528 promissionem
2414 4472 2577 4512 suam
2601 4454 2875 4513 divinitas
2898 4456 3265 4529 immutabit?
3279 4458 3487 4516 Absit?
3502 4461 3594 4517 Ju-

1944 4547 2087 4604 raoit
2132 4546 2288 4602 enim
2338 4546 2616 4613 Dominus,
2646 4550 2699 4601 et
2743 4562 2853 4603 non
2894 4545 3184 4619 paenitebit
3232 4562 3359 4603 eum
3407 4547 3590 4619 (Ptol.

1941 4637 2077 4709 cix).
2111 4636 2326 4693 Horum
2358 4652 2494 4707 ergo
2526 4638 2751 4692 mentes
2800 4636 3130 4708 promissus
3158 4637 3413 4708 Spiritus
3453 4652 3590 4694 san·

1939 4734 2064 4802 ctus
2111 4725 2418 4798 inhabitat,
2452 4742 2597 4797 quas
2626 4740 2883 4797 congrua
2932 4725 3042 4779 sibi
3080 4723 3306 4797 templa
3336 4726 3588 4796 paravit,

1937 4822 1995 4875 et
2019 4819 2129 4875 'eas
2160 4816 2492 4874 necessario
2543 4814 2713 4888 plena
2743 4814 3071 4885 cognitione
3117 4812 3384 4871 veritatis
3416 4814 3590 4872 illus-

1934 4912 2068 4964 trat.
2100 4907 2387 4971 Quoniam
2437 4906 2485 4962 si
2538 4906 2782 4977 spiritus
2831 4904 2980 4959 Deus
3020 4907 3144 4972 est;
3181 4903 3336 4960 Deus
3386 4908 3585 4964 autem

1933 4997 2167 5066 veritas,
2199 4997 2453 5067 profecto
2475 4993 2585 5072 sub
2619 4993 2924 5065 proesentia
2955 4991 3211 5064 Spiritus
3252 5010 3369 5051 non
3400 5000 3587 5053 restat

1934 5085 2263 5159 ignorantia
2292 5084 2573 5142 veritatis.
2607 5083 2755 5149 Quid
2807 5083 2978 5154 plura
3006 5082 3033 5138 ‘t
3086 5086 3219 5140 Jam
3266 5100 3339 5141 ne
3397 5101 3584 5143 sermo

1932 5180 2130 5233 noster
2159 5179 2340 5231 metas
2370 5172 2577 5228 debitae
2631 5172 2927 5229 brevitatis
2977 5173 3234 5241 excedat,
3280 5188 3464 5245 pauca
3512 5174 3585 5232 de

1931 5268 2220 5344 pluribus,
2245 5264 2472 5322 minora
2501 5262 2571 5323 de
2603 5262 2876 5323 maximis
2907 5261 3128 5321 dixisse
3156 5262 3437 5319 sufficiat.

1724 5532 2026 5552 ῃ
