<?xml version="1.0" encoding="UTF-8"?>
<!DOCTYPE html PUBLIC "-//W3C//DTD XHTML 1.0 Transitional//EN"
    "http://www.w3.org/TR/xhtml1/DTD/xhtml1-transitional.dtd">
<html xmlns="http://www.w3.org/1999/xhtml" xml:lang="en" lang="en">
 <head>
  <title>
</title>
<meta http-equiv="Content-Type" content="text/html;charset=utf-8" />
  <meta name='ocr-system' content='tesseract 3.04.00' />
  <meta name='ocr-capabilities' content='ocr_page ocr_carea ocr_par ocr_line ocrx_word'/>
</head>
<body>
  <div class='ocr_page' id='page_1' title='image "./patrologiaecurs32goog_0571.png"; bbox 0 0 3784 6000; ppageno 0'>
   <div class='ocr_carea' id='block_1_1' title="bbox 174 212 316 273">
    <p class='ocr_par' dir='ltr' id='par_1_1' title="bbox 174 212 316 273">
     <span class='ocr_line' id='line_1_1' title="bbox 174 212 316 273; baseline 0 0"><span class='ocrx_word' id='word_1_1' title='bbox 174 212 316 273; x_wconf 77' lang='lat'><strong>1138</strong></span> 
     </span>
    </p>
   </div>
   <div class='ocr_carea' id='block_1_2' title="bbox 1175 216 2616 282">
    <p class='ocr_par' dir='ltr' id='par_1_2' title="bbox 1175 216 2616 282">
     <span class='ocr_line' id='line_1_2' title="bbox 1175 216 2616 282; baseline 0.005 -7"><span class='ocrx_word' id='word_1_2' title='bbox 1175 218 1544 277; x_wconf 82' lang='lat' dir='ltr'><strong>EPISTOLAE</strong></span> <span class='ocrx_word' id='word_1_3' title='bbox 1579 216 1668 276; x_wconf 82' lang='lat' dir='ltr'><strong>ET</strong></span> <span class='ocrx_word' id='word_1_4' title='bbox 1709 218 2148 281; x_wconf 79' lang='lat' dir='ltr'><strong>PRIVILEGIA.</strong></span> <span class='ocrx_word' id='word_1_5' title='bbox 2188 255 2259 268; x_wconf 96' lang='lat'>—</span> <span class='ocrx_word' id='word_1_6' title='bbox 2293 224 2412 281; x_wconf 88' lang='lat' dir='ltr'><strong>AN.</strong></span> <span class='ocrx_word' id='word_1_7' title='bbox 2453 224 2616 282; x_wconf 77' lang='lat'><strong>1182.</strong></span> 
     </span>
    </p>
   </div>
   <div class='ocr_carea' id='block_1_3' title="bbox 3438 231 3580 288">
    <p class='ocr_par' dir='ltr' id='par_1_3' title="bbox 3438 231 3580 288">
     <span class='ocr_line' id='line_1_3' title="bbox 3438 231 3580 288; baseline 0 0"><span class='ocrx_word' id='word_1_8' title='bbox 3438 231 3580 288; x_wconf 68' lang='lat'><strong>113⁴</strong></span> 
     </span>
    </p>
   </div>
   <div class='ocr_carea' id='block_1_4' title="bbox 155 340 3341 425">
    <p class='ocr_par' dir='ltr' id='par_1_4' title="bbox 155 340 3341 425">
     <span class='ocr_line' id='line_1_4' title="bbox 155 340 3341 425; baseline 0.005 -28"><span class='ocrx_word' id='word_1_9' title='bbox 155 340 297 398; x_wconf 87' lang='lat' dir='ltr'><strong>dict.</strong></span> <span class='ocrx_word' id='word_1_10' title='bbox 328 356 424 410; x_wconf 80' lang='lat' dir='ltr'><strong>xv,</strong></span> <span class='ocrx_word' id='word_1_11' title='bbox 452 341 1097 402; x_wconf 80' lang='lat' dir='ltr'><strong>incarnat.Dominicse</strong></span> <span class='ocrx_word' id='word_1_12' title='bbox 1127 361 1289 402; x_wconf 90' lang='lat' dir='ltr'><strong>anno</strong></span> <span class='ocrx_word' id='word_1_13' title='bbox 1320 345 1476 416; x_wconf 79' lang='grc'><strong>1182,</strong></span> <span class='ocrx_word' id='word_1_14' title='bbox 1499 346 1811 419; x_wconf 84' lang='lat' dir='ltr'><strong>pontifica—</strong></span> <span class='ocrx_word' id='word_1_15' title='bbox 1840 353 1887 406; x_wconf 76' lang='lat' dir='ltr'><strong>A</strong></span> <span class='ocrx_word' id='word_1_16' title='bbox 1991 352 2114 421; x_wconf 86' lang='lat' dir='ltr'><strong>Ego</strong></span> <span class='ocrx_word' id='word_1_17' title='bbox 2139 351 2431 424; x_wconf 83' lang='lat' dir='ltr'><strong>Cynthius</strong></span> <span class='ocrx_word' id='word_1_18' title='bbox 2456 352 2656 425; x_wconf 86' lang='lat' dir='ltr'><strong>presb.</strong></span> <span class='ocrx_word' id='word_1_19' title='bbox 2682 350 2842 409; x_wconf 85' lang='lat' dir='ltr'><strong>card.</strong></span> <span class='ocrx_word' id='word_1_20' title='bbox 2875 351 2965 410; x_wconf 89' lang='lat' dir='ltr'><strong>tit.</strong></span> <span class='ocrx_word' id='word_1_21' title='bbox 2999 353 3057 410; x_wconf 90' lang='lat' dir='ltr'><strong>S.</strong></span> <span class='ocrx_word' id='word_1_22' title='bbox 3091 354 3341 414; x_wconf 80' lang='lat' dir='ltr'><strong>Ceciliae.</strong></span> 
     </span>
    </p>
   </div>
   <div class='ocr_carea' id='block_1_5' title="bbox 153 430 1690 598">
    <p class='ocr_par' dir='ltr' id='par_1_5' title="bbox 153 430 1690 598">
     <span class='ocr_line' id='line_1_5' title="bbox 153 430 1690 508; baseline 0.005 -23"><span class='ocrx_word' id='word_1_23' title='bbox 153 434 250 486; x_wconf 89' lang='lat' dir='ltr'><strong>tus</strong></span> <span class='ocrx_word' id='word_1_24' title='bbox 274 435 475 487; x_wconf 89' lang='lat' dir='ltr'><strong>autem</strong></span> <span class='ocrx_word' id='word_1_25' title='bbox 505 430 735 488; x_wconf 91' lang='lat' dir='ltr'><strong>domini</strong></span> <span class='ocrx_word' id='word_1_26' title='bbox 765 432 928 490; x_wconf 91' lang='lat' dir='ltr'><strong>Lucii</strong></span> <span class='ocrx_word' id='word_1_27' title='bbox 956 448 1133 506; x_wconf 82' lang='lat' dir='ltr'><strong>papae</strong></span> <span class='ocrx_word' id='word_1_28' title='bbox 1170 433 1243 488; x_wconf 89' lang='lat'><strong>111</strong></span> <span class='ocrx_word' id='word_1_29' title='bbox 1285 449 1446 492; x_wconf 85' lang='lat' dir='ltr'><strong>anno</strong></span> <span class='ocrx_word' id='word_1_30' title='bbox 1473 435 1690 508; x_wconf 91' lang='lat' dir='ltr'><strong>primo.</strong></span> 
     </span>
     <span class='ocr_line' id='line_1_6' title="bbox 948 540 1018 598; baseline 0.029 -2"><span class='ocrx_word' id='word_1_31' title='bbox 948 540 1018 598; x_wconf 90' lang='lat' dir='ltr'><strong>L.</strong></span> 
     </span>
    </p>
   </div>
   <div class='ocr_carea' id='block_1_6' title="bbox 149 624 1805 700">
    <p class='ocr_par' dir='ltr' id='par_1_6' title="bbox 149 624 1805 700">
     <span class='ocr_line' id='line_1_7' title="bbox 149 624 1805 700; baseline 0.004 -19"><span class='ocrx_word' id='word_1_32' title='bbox 149 624 322 682; x_wconf 80' lang='lat' dir='ltr'><strong>Bona</strong></span> <span class='ocrx_word' id='word_1_33' title='bbox 357 630 412 682; x_wconf 87' lang='lat' dir='ltr'><strong>et</strong></span> <span class='ocrx_word' id='word_1_34' title='bbox 434 626 581 698; x_wconf 80' lang='lat' dir='ltr'><strong>jura</strong></span> <span class='ocrx_word' id='word_1_35' title='bbox 601 626 907 697; x_wconf 74' lang='lat' dir='ltr'><strong><em>prioratus</em></strong></span> <span class='ocrx_word' id='word_1_36' title='bbox 931 626 1132 685; x_wconf 77' lang='lat' dir='ltr'><strong>Sancti</strong></span> <span class='ocrx_word' id='word_1_37' title='bbox 1154 628 1317 687; x_wconf 80' lang='lat' dir='ltr'><strong>Petri</strong></span> <span class='ocrx_word' id='word_1_38' title='bbox 1350 630 1424 686; x_wconf 84' lang='lat' dir='ltr'><strong>de</strong></span> <span class='ocrx_word' id='word_1_39' title='bbox 1449 630 1805 700; x_wconf 75' lang='lat' dir='ltr'><strong>Humiliaco,</strong></span> 
     </span>
    </p>
   </div>
   <div class='ocr_carea' id='block_1_7' title="bbox 453 698 1510 955">
    <p class='ocr_par' dir='ltr' id='par_1_7' title="bbox 453 698 1510 955">
     <span class='ocr_line' id='line_1_8' title="bbox 453 698 1510 772; baseline 0 -18"><span class='ocrx_word' id='word_1_40' title='bbox 453 698 824 756; x_wconf 82' lang='lat' dir='ltr'><strong>Boloniensis</strong></span> <span class='ocrx_word' id='word_1_41' title='bbox 853 699 1132 766; x_wconf 82' lang='lat' dir='ltr'><strong>dioecesis,</strong></span> <span class='ocrx_word' id='word_1_42' title='bbox 1176 703 1510 772; x_wconf 76' lang='lat' dir='ltr'><strong>confirmat.</strong></span> 
     </span>
     <span class='ocr_line' id='line_1_9' title="bbox 653 788 1306 864; baseline 0.005 -21"><span class='ocrx_word' id='word_1_43' title='bbox 653 788 928 860; x_wconf 86' lang='lat' dir='ltr'><strong>(Velletri,</strong></span> <span class='ocrx_word' id='word_1_44' title='bbox 969 789 1155 861; x_wconf 88' lang='lat' dir='ltr'><strong>April.</strong></span> <span class='ocrx_word' id='word_1_45' title='bbox 1197 790 1306 864; x_wconf 83' lang='grc'><strong>11.)</strong></span> 
     </span>
     <span class='ocr_line' id='line_1_10' title="bbox 469 876 1481 955; baseline 0.002 -21"><span class='ocrx_word' id='word_1_46' title='bbox 469 876 828 941; x_wconf 76' lang='lat' dir='ltr'><strong>[Bullarium</strong></span> <span class='ocrx_word' id='word_1_47' title='bbox 854 878 1256 946; x_wconf 75' lang='lat' dir='ltr'><strong><em>cluniacense,</em></strong></span> <span class='ocrx_word' id='word_1_48' title='bbox 1277 895 1337 952; x_wconf 89' lang='lat' dir='ltr'><strong>p.</strong></span> <span class='ocrx_word' id='word_1_49' title='bbox 1363 879 1481 955; x_wconf 86' lang='lat'><strong>77.]</strong></span> 
     </span>
    </p>
   </div>
   <div class='ocr_carea' id='block_1_8' title="bbox 142 965 1803 1127">
    <p class='ocr_par' dir='ltr' id='par_1_8' title="bbox 142 965 1803 1127">
     <span class='ocr_line' id='line_1_11' title="bbox 219 965 1803 1039; baseline 0.002 -18"><span class='ocrx_word' id='word_1_50' title='bbox 219 965 422 1022; x_wconf 82' lang='lat' dir='ltr'><strong>Lucius</strong></span> <span class='ocrx_word' id='word_1_51' title='bbox 455 967 792 1039; x_wconf 85' lang='lat' dir='ltr'><strong>episcopus,</strong></span> <span class='ocrx_word' id='word_1_52' title='bbox 829 983 1036 1024; x_wconf 81' lang='lat' dir='ltr'><strong>servus</strong></span> <span class='ocrx_word' id='word_1_53' title='bbox 1077 985 1386 1026; x_wconf 77' lang='lat' dir='ltr'><strong>serrorum</strong></span> <span class='ocrx_word' id='word_1_54' title='bbox 1429 970 1546 1035; x_wconf 86' lang='lat' dir='ltr'><strong>Dei,</strong></span> <span class='ocrx_word' id='word_1_55' title='bbox 1578 969 1803 1026; x_wconf 88' lang='lat' dir='ltr'><strong>dilectis</strong></span> 
     </span>
     <span class='ocr_line' id='line_1_12' title="bbox 142 1051 1799 1127; baseline 0.005 -19"><span class='ocrx_word' id='word_1_56' title='bbox 142 1051 280 1108; x_wconf 85' lang='lat' dir='ltr'><strong>filiis</strong></span> <span class='ocrx_word' id='word_1_57' title='bbox 319 1053 501 1126; x_wconf 80' lang='lat' dir='ltr'><strong>priori</strong></span> <span class='ocrx_word' id='word_1_58' title='bbox 551 1056 895 1112; x_wconf 88' lang='lat' dir='ltr'><strong>monasterii</strong></span> <span class='ocrx_word' id='word_1_59' title='bbox 941 1056 1105 1114; x_wconf 90' lang='lat' dir='ltr'><strong>Beati</strong></span> <span class='ocrx_word' id='word_1_60' title='bbox 1138 1058 1285 1113; x_wconf 85' lang='lat' dir='ltr'><strong>Petri</strong></span> <span class='ocrx_word' id='word_1_61' title='bbox 1323 1056 1392 1114; x_wconf 92' lang='lat' dir='ltr'><strong>de</strong></span> <span class='ocrx_word' id='word_1_62' title='bbox 1446 1058 1799 1127; x_wconf 85' lang='lat' dir='ltr'><strong>Rumiliaco,</strong></span> 
     </span>
    </p>
   </div>
   <div class='ocr_carea' id='block_1_9' title="bbox 1912 440 3574 1138">
    <p class='ocr_par' dir='ltr' id='par_1_9' title="bbox 1918 440 3574 588">
     <span class='ocr_line' id='line_1_13' title="bbox 1991 440 3574 514; baseline 0.006 -19"><span class='ocrx_word' id='word_1_63' title='bbox 1991 441 2113 511; x_wconf 83' lang='lat' dir='ltr'><strong>Ego</strong></span> <span class='ocrx_word' id='word_1_64' title='bbox 2138 440 2449 498; x_wconf 88' lang='lat' dir='ltr'><strong>Laborans</strong></span> <span class='ocrx_word' id='word_1_65' title='bbox 2481 440 2683 514; x_wconf 81' lang='lat' dir='ltr'><strong>presb.</strong></span> <span class='ocrx_word' id='word_1_66' title='bbox 2719 443 2883 498; x_wconf 84' lang='lat' dir='ltr'><strong>card.</strong></span> <span class='ocrx_word' id='word_1_67' title='bbox 2908 443 2965 500; x_wconf 92' lang='lat' dir='ltr'><strong>S.</strong></span> <span class='ocrx_word' id='word_1_68' title='bbox 2999 443 3201 502; x_wconf 67' lang='grc' dir='ltr'><strong><em>Μαι-ιω</em></strong></span> <span class='ocrx_word' id='word_1_69' title='bbox 3216 455 3384 504; x_wconf 84' lang='lat' dir='ltr'><strong>trans</strong></span> <span class='ocrx_word' id='word_1_70' title='bbox 3405 447 3574 505; x_wconf 87' lang='lat' dir='ltr'><strong>Tibe-</strong></span> 
     </span>
     <span class='ocr_line' id='line_1_14' title="bbox 1918 527 2417 588; baseline 0.004 -4"><span class='ocrx_word' id='word_1_71' title='bbox 1918 527 2031 585; x_wconf 90' lang='lat' dir='ltr'><strong>rim</strong></span> <span class='ocrx_word' id='word_1_72' title='bbox 2073 530 2157 585; x_wconf 91' lang='lat' dir='ltr'><strong>tit.</strong></span> <span class='ocrx_word' id='word_1_73' title='bbox 2190 529 2417 588; x_wconf 77' lang='lat' dir='ltr'><strong>calixti.</strong></span> 
     </span>
    </p>

    <p class='ocr_par' dir='ltr' id='par_1_10' title="bbox 1917 618 3572 765">
     <span class='ocr_line' id='line_1_15' title="bbox 1988 618 3572 699; baseline 0.008 -26"><span class='ocrx_word' id='word_1_74' title='bbox 1988 618 2108 690; x_wconf 87' lang='lat' dir='ltr'><strong>Ego</strong></span> <span class='ocrx_word' id='word_1_75' title='bbox 2139 619 2447 676; x_wconf 85' lang='lat' dir='ltr'><strong>Rainerius</strong></span> <span class='ocrx_word' id='word_1_76' title='bbox 2470 618 2765 677; x_wconf 89' lang='lat' dir='ltr'><strong>diaconus</strong></span> <span class='ocrx_word' id='word_1_77' title='bbox 2787 621 3107 678; x_wconf 89' lang='lat' dir='ltr'><strong>cardinalis</strong></span> <span class='ocrx_word' id='word_1_78' title='bbox 3135 624 3193 679; x_wconf 90' lang='lat' dir='ltr'><strong>S.</strong></span> <span class='ocrx_word' id='word_1_79' title='bbox 3226 623 3461 699; x_wconf 81' lang='lat' dir='ltr'><strong>Georgii</strong></span> <span class='ocrx_word' id='word_1_80' title='bbox 3492 626 3572 684; x_wconf 88' lang='lat' dir='ltr'><strong>ad</strong></span> 
     </span>
     <span class='ocr_line' id='line_1_16' title="bbox 1917 704 2453 765; baseline 0.009 -5"><span class='ocrx_word' id='word_1_81' title='bbox 1917 704 2130 763; x_wconf 80' lang='lat' dir='ltr'><strong>velum</strong></span> <span class='ocrx_word' id='word_1_82' title='bbox 2168 708 2453 765; x_wconf 83' lang='lat' dir='ltr'><strong>Aureum.</strong></span> 
     </span>
    </p>

    <p class='ocr_par' dir='ltr' id='par_1_11' title="bbox 1916 797 3569 942">
     <span class='ocr_line' id='line_1_17' title="bbox 1987 797 3569 866; baseline 0.007 -15"><span class='ocrx_word' id='word_1_83' title='bbox 1987 797 2110 866; x_wconf 84' lang='lat' dir='ltr'><strong>Ego</strong></span> <span class='ocrx_word' id='word_1_84' title='bbox 2136 797 2453 854; x_wconf 77' lang='lat' dir='ltr'><strong>Gratianus</strong></span> <span class='ocrx_word' id='word_1_85' title='bbox 2485 800 2582 855; x_wconf 88' lang='lat' dir='ltr'><strong>SS.</strong></span> <span class='ocrx_word' id='word_1_86' title='bbox 2616 800 2847 856; x_wconf 80' lang='lat' dir='ltr'><strong>Cosmae</strong></span> <span class='ocrx_word' id='word_1_87' title='bbox 2877 804 2932 856; x_wconf 89' lang='lat' dir='ltr'><strong>et</strong></span> <span class='ocrx_word' id='word_1_88' title='bbox 2971 801 3245 859; x_wconf 90' lang='lat' dir='ltr'><strong>Damiani</strong></span> <span class='ocrx_word' id='word_1_89' title='bbox 3275 802 3569 862; x_wconf 89' lang='lat' dir='ltr'><strong>diaconus</strong></span> 
     </span>
     <span class='ocr_line' id='line_1_18' title="bbox 1916 885 2259 942; baseline 0.003 -1"><span class='ocrx_word' id='word_1_90' title='bbox 1916 885 2259 942; x_wconf 87' lang='lat' dir='ltr'><strong>cardinalis.</strong></span> 
     </span>
    </p>

    <p class='ocr_par' dir='ltr' id='par_1_12' title="bbox 1912 974 3566 1138">
     <span class='ocr_line' id='line_1_19' title="bbox 1987 974 3566 1049; baseline 0.008 -20"><span class='ocrx_word' id='word_1_91' title='bbox 1987 975 2199 1031; x_wconf 85' lang='lat' dir='ltr'><strong>Datum</strong></span> <span class='ocrx_word' id='word_1_92' title='bbox 2249 974 2451 1031; x_wconf 84' lang='lat' dir='ltr'><strong>Vellet.</strong></span> <span class='ocrx_word' id='word_1_93' title='bbox 2496 992 2603 1049; x_wconf 89' lang='lat' dir='ltr'><strong>per</strong></span> <span class='ocrx_word' id='word_1_94' title='bbox 2633 992 2884 1034; x_wconf 88' lang='lat' dir='ltr'><strong>manum</strong></span> <span class='ocrx_word' id='word_1_95' title='bbox 2928 977 3149 1036; x_wconf 85' lang='lat' dir='ltr'><strong>Alberti</strong></span> <span class='ocrx_word' id='word_1_96' title='bbox 3196 985 3418 1038; x_wconf 68' lang='lat' dir='ltr'><strong>sanctie</strong></span> <span class='ocrx_word' id='word_1_97' title='bbox 3457 984 3566 1041; x_wconf 85' lang='lat' dir='ltr'><strong>Ro·</strong></span> 
     </span>
     <span class='ocr_line' id='line_1_20' title="bbox 1912 1065 3561 1138; baseline 0.008 -21"><span class='ocrx_word' id='word_1_98' title='bbox 1912 1078 2108 1119; x_wconf 78' lang='lat' dir='ltr'><strong>manoe</strong></span> <span class='ocrx_word' id='word_1_99' title='bbox 2148 1065 2416 1121; x_wconf 77' lang='lat' dir='ltr'><strong>Ecclesioe</strong></span> <span class='ocrx_word' id='word_1_100' title='bbox 2446 1065 2799 1138; x_wconf 86' lang='lat' dir='ltr'><strong>presbyteri,</strong></span> <span class='ocrx_word' id='word_1_101' title='bbox 2839 1067 3163 1124; x_wconf 87' lang='lat' dir='ltr'><strong>cardinalis</strong></span> <span class='ocrx_word' id='word_1_102' title='bbox 3189 1074 3247 1125; x_wconf 90' lang='lat' dir='ltr'><strong>et</strong></span> <span class='ocrx_word' id='word_1_103' title='bbox 3271 1072 3561 1131; x_wconf 90' lang='lat' dir='ltr'><strong>cancella·</strong></span> 
     </span>
    </p>
   </div>
   <div class='ocr_carea' id='block_1_10' title="bbox 141 1142 3566 1227">
    <p class='ocr_par' dir='ltr' id='par_1_13' title="bbox 141 1142 3566 1227">
     <span class='ocr_line' id='line_1_21' title="bbox 141 1142 3566 1227; baseline 0.006 -29"><span class='ocrx_word' id='word_1_104' title='bbox 141 1142 396 1217; x_wconf 90' lang='lat' dir='ltr'><strong>ejusque</strong></span> <span class='ocrx_word' id='word_1_105' title='bbox 424 1144 713 1201; x_wconf 79' lang='lat' dir='ltr'><strong>fratribus</strong></span> <span class='ocrx_word' id='word_1_106' title='bbox 745 1150 868 1202; x_wconf 90' lang='lat' dir='ltr'><strong>tam</strong></span> <span class='ocrx_word' id='word_1_107' title='bbox 911 1147 1313 1218; x_wconf 62' lang='lat' dir='ltr'><strong>praesentibus</strong></span> <span class='ocrx_word' id='word_1_108' title='bbox 1341 1163 1528 1220; x_wconf 89' lang='lat' dir='ltr'><strong>quam</strong></span> <span class='ocrx_word' id='word_1_109' title='bbox 1558 1146 1796 1215; x_wconf 80' lang='lat' dir='ltr'><strong>futuris,</strong></span> <span class='ocrx_word' id='word_1_110' title='bbox 1910 1151 2000 1216; x_wconf 88' lang='lat' dir='ltr'><strong>rii,</strong></span> <span class='ocrx_word' id='word_1_111' title='bbox 2048 1168 2107 1207; x_wconf 89' lang='grc' dir='ltr'><strong>ιιι</strong></span> <span class='ocrx_word' id='word_1_112' title='bbox 2149 1153 2282 1209; x_wconf 88' lang='lat' dir='ltr'><strong>Idus</strong></span> <span class='ocrx_word' id='word_1_113' title='bbox 2334 1155 2569 1227; x_wconf 80' lang='lat' dir='ltr'><strong>Aprilis,</strong></span> <span class='ocrx_word' id='word_1_114' title='bbox 2603 1156 2802 1213; x_wconf 86' lang='lat' dir='ltr'><strong>indict.</strong></span> <span class='ocrx_word' id='word_1_115' title='bbox 2832 1172 2932 1223; x_wconf 80' lang='lat' dir='ltr'><strong>xv,</strong></span> <span class='ocrx_word' id='word_1_116' title='bbox 2977 1158 3407 1216; x_wconf 85' lang='lat' dir='ltr'><strong>incarnationis</strong></span> <span class='ocrx_word' id='word_1_117' title='bbox 3454 1161 3566 1219; x_wconf 87' lang='lat' dir='ltr'><strong>Do-</strong></span> 
     </span>
    </p>
   </div>
   <div class='ocr_carea' id='block_1_11' title="bbox 139 1232 1509 1308">
    <p class='ocr_par' dir='ltr' id='par_1_14' title="bbox 139 1232 1509 1308">
     <span class='ocr_line' id='line_1_22' title="bbox 139 1232 1509 1308; baseline 0.003 -20"><span class='ocrx_word' id='word_1_118' title='bbox 139 1232 478 1304; x_wconf 87' lang='lat' dir='ltr'><strong>regularem</strong></span> <span class='ocrx_word' id='word_1_119' title='bbox 509 1233 693 1291; x_wconf 83' lang='lat' dir='ltr'><strong>vitam</strong></span> <span class='ocrx_word' id='word_1_120' title='bbox 726 1234 1010 1306; x_wconf 81' lang='lat' dir='ltr'><strong>professis</strong></span> <span class='ocrx_word' id='word_1_121' title='bbox 1043 1236 1102 1291; x_wconf 90' lang='lat' dir='ltr'><strong>in</strong></span> <span class='ocrx_word' id='word_1_122' title='bbox 1130 1242 1509 1308; x_wconf 90' lang='lat' dir='ltr'><strong>perpetuum.</strong></span> 
     </span>
    </p>
   </div>
   <div class='ocr_carea' id='block_1_12' title="bbox 137 1321 1796 1575">
    <p class='ocr_par' dir='ltr' id='par_1_15' title="bbox 137 1321 1796 1575">
     <span class='ocr_line' id='line_1_23' title="bbox 212 1321 1796 1396; baseline 0.004 -19"><span class='ocrx_word' id='word_1_123' title='bbox 212 1321 455 1388; x_wconf 80' lang='lat' dir='ltr'><strong>Quoties</strong></span> <span class='ocrx_word' id='word_1_124' title='bbox 497 1337 533 1377; x_wconf 86' lang='lat' dir='ltr'><strong>a</strong></span> <span class='ocrx_word' id='word_1_125' title='bbox 561 1321 735 1378; x_wconf 81' lang='lat' dir='ltr'><strong>nobis</strong></span> <span class='ocrx_word' id='word_1_126' title='bbox 767 1324 985 1395; x_wconf 90' lang='lat' dir='ltr'><strong>petitur</strong></span> <span class='ocrx_word' id='word_1_127' title='bbox 1026 1324 1191 1396; x_wconf 94' lang='lat' dir='ltr'><strong>quod</strong></span> <span class='ocrx_word' id='word_1_128' title='bbox 1223 1323 1494 1396; x_wconf 83' lang='lat' dir='ltr'><strong>religioni</strong></span> <span class='ocrx_word' id='word_1_129' title='bbox 1523 1328 1580 1382; x_wconf 90' lang='lat' dir='ltr'><strong>et</strong></span> <span class='ocrx_word' id='word_1_130' title='bbox 1608 1325 1796 1384; x_wconf 90' lang='lat' dir='ltr'><strong>hone-</strong></span> 
     </span>
     <span class='ocr_line' id='line_1_24' title="bbox 138 1410 1794 1484; baseline 0.004 -19"><span class='ocrx_word' id='word_1_131' title='bbox 138 1410 274 1468; x_wconf 91' lang='lat' dir='ltr'><strong>stati</strong></span> <span class='ocrx_word' id='word_1_132' title='bbox 286 1411 598 1468; x_wconf 86' lang='lat' dir='ltr'><strong>convenire</strong></span> <span class='ocrx_word' id='word_1_133' title='bbox 619 1411 1010 1484; x_wconf 81' lang='lat' dir='ltr'><strong>dignoscitur,</strong></span> <span class='ocrx_word' id='word_1_134' title='bbox 1026 1414 1230 1470; x_wconf 91' lang='lat' dir='ltr'><strong>animo</strong></span> <span class='ocrx_word' id='word_1_135' title='bbox 1252 1429 1363 1470; x_wconf 90' lang='lat' dir='ltr'><strong>nos</strong></span> <span class='ocrx_word' id='word_1_136' title='bbox 1387 1413 1563 1471; x_wconf 90' lang='lat' dir='ltr'><strong>debet</strong></span> <span class='ocrx_word' id='word_1_137' title='bbox 1588 1413 1794 1472; x_wconf 84' lang='lat' dir='ltr'><strong>libenti</strong></span> 
     </span>
     <span class='ocr_line' id='line_1_25' title="bbox 137 1500 1794 1575; baseline 0.003 -20"><span class='ocrx_word' id='word_1_138' title='bbox 137 1500 487 1567; x_wconf 80' lang='lat' dir='ltr'><strong>concedere,</strong></span> <span class='ocrx_word' id='word_1_139' title='bbox 516 1504 575 1557; x_wconf 88' lang='lat' dir='ltr'><strong>et</strong></span> <span class='ocrx_word' id='word_1_140' title='bbox 602 1502 930 1573; x_wconf 90' lang='lat' dir='ltr'><strong>petentium</strong></span> <span class='ocrx_word' id='word_1_141' title='bbox 961 1501 1271 1559; x_wconf 84' lang='lat' dir='ltr'><strong>desideriis</strong></span> <span class='ocrx_word' id='word_1_142' title='bbox 1300 1518 1636 1575; x_wconf 91' lang='lat' dir='ltr'><strong>congruum</strong></span> <span class='ocrx_word' id='word_1_143' title='bbox 1675 1505 1794 1561; x_wconf 76' lang='lat' dir='ltr'><strong>sut-</strong></span> 
     </span>
    </p>
   </div>
   <div class='ocr_carea' id='block_1_13' title="bbox 134 1589 1789 1664">
    <p class='ocr_par' dir='ltr' id='par_1_16' title="bbox 134 1589 1789 1664">
     <span class='ocr_line' id='line_1_26' title="bbox 134 1589 1789 1664; baseline 0.003 -18"><span class='ocrx_word' id='word_1_144' title='bbox 134 1589 396 1661; x_wconf 82' lang='lat' dir='ltr'><strong>fragium</strong></span> <span class='ocrx_word' id='word_1_145' title='bbox 436 1589 746 1663; x_wconf 88' lang='lat' dir='ltr'><strong>impertiri.</strong></span> <span class='ocrx_word' id='word_1_146' title='bbox 788 1594 1136 1664; x_wconf 85' lang='lat' dir='ltr'><strong>Eapropter,</strong></span> <span class='ocrx_word' id='word_1_147' title='bbox 1176 1592 1372 1649; x_wconf 86' lang='lat' dir='ltr'><strong>dilecti</strong></span> <span class='ocrx_word' id='word_1_148' title='bbox 1425 1592 1487 1649; x_wconf 88' lang='lat' dir='ltr'><strong>in</strong></span> <span class='ocrx_word' id='word_1_149' title='bbox 1535 1593 1789 1651; x_wconf 90' lang='lat' dir='ltr'><strong>Domino</strong></span> 
     </span>
    </p>
   </div>
   <div class='ocr_carea' id='block_1_14' title="bbox 132 1678 1870 1759">
    <p class='ocr_par' dir='ltr' id='par_1_17' title="bbox 132 1678 1870 1759">
     <span class='ocr_line' id='line_1_27' title="bbox 132 1678 1870 1759; baseline 0.003 -25"><span class='ocrx_word' id='word_1_150' title='bbox 132 1678 259 1748; x_wconf 88' lang='lat' dir='ltr'><strong>filii,</strong></span> <span class='ocrx_word' id='word_1_151' title='bbox 282 1678 490 1735; x_wconf 81' lang='lat' dir='ltr'><strong>vestris</strong></span> <span class='ocrx_word' id='word_1_152' title='bbox 501 1679 678 1750; x_wconf 89' lang='lat' dir='ltr'><strong>justis</strong></span> <span class='ocrx_word' id='word_1_153' title='bbox 701 1681 1207 1752; x_wconf 85' lang='lat' dir='ltr'><strong>postulationibus</strong></span> <span class='ocrx_word' id='word_1_154' title='bbox 1232 1681 1553 1738; x_wconf 89' lang='lat' dir='ltr'><strong>clementer</strong></span> <span class='ocrx_word' id='word_1_155' title='bbox 1578 1684 1789 1739; x_wconf 89' lang='lat' dir='ltr'><strong>annui·</strong></span> <span class='ocrx_word' id='word_1_156' title='bbox 1826 1706 1870 1759; x_wconf 90' lang='lat' dir='ltr'>B</span> 
     </span>
    </p>
   </div>
   <div class='ocr_carea' id='block_1_15' title="bbox 93 1767 1788 4248">
    <p class='ocr_par' dir='ltr' id='par_1_18' title="bbox 93 1767 1788 2913">
     <span class='ocr_line' id='line_1_28' title="bbox 131 1767 1787 1845; baseline 0.002 -21"><span class='ocrx_word' id='word_1_157' title='bbox 131 1783 293 1836; x_wconf 89' lang='lat' dir='ltr'><strong>mus,</strong></span> <span class='ocrx_word' id='word_1_158' title='bbox 317 1773 373 1825; x_wconf 89' lang='lat' dir='ltr'><strong>et</strong></span> <span class='ocrx_word' id='word_1_159' title='bbox 390 1767 706 1841; x_wconf 61' lang='lat' dir='ltr'><strong>praefatum</strong></span> <span class='ocrx_word' id='word_1_160' title='bbox 734 1771 1165 1826; x_wconf 86' lang='lat' dir='ltr'><strong>monasterium</strong></span> <span class='ocrx_word' id='word_1_161' title='bbox 1186 1769 1349 1827; x_wconf 82' lang='lat' dir='ltr'><strong>Beati</strong></span> <span class='ocrx_word' id='word_1_162' title='bbox 1379 1770 1555 1839; x_wconf 91' lang='lat' dir='ltr'><strong>Petri,</strong></span> <span class='ocrx_word' id='word_1_163' title='bbox 1574 1774 1633 1827; x_wconf 91' lang='lat' dir='ltr'><strong>in</strong></span> <span class='ocrx_word' id='word_1_164' title='bbox 1664 1788 1787 1845; x_wconf 91' lang='lat' dir='ltr'><strong>quo</strong></span> 
     </span>
     <span class='ocr_line' id='line_1_29' title="bbox 130 1857 1788 1933; baseline 0.003 -20"><span class='ocrx_word' id='word_1_165' title='bbox 130 1857 338 1914; x_wconf 86' lang='lat' dir='ltr'><strong>divino</strong></span> <span class='ocrx_word' id='word_1_166' title='bbox 363 1858 690 1930; x_wconf 87' lang='lat' dir='ltr'><strong>mancipati</strong></span> <span class='ocrx_word' id='word_1_167' title='bbox 719 1858 861 1913; x_wconf 86' lang='lat' dir='ltr'><strong>estis</strong></span> <span class='ocrx_word' id='word_1_168' title='bbox 891 1858 1204 1932; x_wconf 89' lang='lat' dir='ltr'><strong>obsequio,</strong></span> <span class='ocrx_word' id='word_1_169' title='bbox 1229 1862 1304 1915; x_wconf 88' lang='lat' dir='ltr'><strong>ad</strong></span> <span class='ocrx_word' id='word_1_170' title='bbox 1334 1860 1642 1933; x_wconf 87' lang='lat' dir='ltr'><strong>exemplar</strong></span> <span class='ocrx_word' id='word_1_171' title='bbox 1666 1860 1788 1918; x_wconf 83' lang='lat' dir='ltr'><strong>feli-</strong></span> 
     </span>
     <span class='ocr_line' id='line_1_30' title="bbox 131 1947 1783 2021; baseline 0.003 -18"><span class='ocrx_word' id='word_1_172' title='bbox 131 1947 215 2005; x_wconf 90' lang='lat' dir='ltr'><strong>cis</strong></span> <span class='ocrx_word' id='word_1_173' title='bbox 248 1947 677 2003; x_wconf 90' lang='lat' dir='ltr'><strong>recordationis</strong></span> <span class='ocrx_word' id='word_1_174' title='bbox 710 1948 948 2018; x_wconf 82' lang='lat' dir='ltr'><strong>Eugenii</strong></span> <span class='ocrx_word' id='word_1_175' title='bbox 980 1964 1172 2021; x_wconf 77' lang='lat' dir='ltr'><strong>papoe,</strong></span> <span class='ocrx_word' id='word_1_176' title='bbox 1200 1950 1654 2021; x_wconf 66' lang='lat' dir='ltr'><strong>praedecessoris</strong></span> <span class='ocrx_word' id='word_1_177' title='bbox 1680 1967 1783 2008; x_wconf 91' lang='lat' dir='ltr'><strong>no·</strong></span> 
     </span>
     <span class='ocr_line' id='line_1_31' title="bbox 131 2035 1783 2113; baseline 0.003 -22"><span class='ocrx_word' id='word_1_178' title='bbox 131 2038 256 2103; x_wconf 90' lang='lat' dir='ltr'><strong>stri,</strong></span> <span class='ocrx_word' id='word_1_179' title='bbox 291 2036 405 2092; x_wconf 90' lang='lat' dir='ltr'><strong>sub</strong></span> <span class='ocrx_word' id='word_1_180' title='bbox 432 2035 591 2093; x_wconf 88' lang='lat' dir='ltr'><strong>beati</strong></span> <span class='ocrx_word' id='word_1_181' title='bbox 622 2036 768 2092; x_wconf 88' lang='lat' dir='ltr'><strong>Petri</strong></span> <span class='ocrx_word' id='word_1_182' title='bbox 802 2042 860 2093; x_wconf 96' lang='lat' dir='ltr'><strong>et</strong></span> <span class='ocrx_word' id='word_1_183' title='bbox 888 2042 1096 2094; x_wconf 90' lang='lat' dir='ltr'><strong>nostra</strong></span> <span class='ocrx_word' id='word_1_184' title='bbox 1125 2039 1488 2110; x_wconf 89' lang='lat' dir='ltr'><strong>protectione</strong></span> <span class='ocrx_word' id='word_1_185' title='bbox 1527 2040 1783 2113; x_wconf 89' lang='lat' dir='ltr'><strong>suscipi-</strong></span> 
     </span>
     <span class='ocr_line' id='line_1_32' title="bbox 130 2125 1780 2200; baseline 0.002 -19"><span class='ocrx_word' id='word_1_186' title='bbox 130 2142 288 2191; x_wconf 90' lang='lat' dir='ltr'><strong>mus,</strong></span> <span class='ocrx_word' id='word_1_187' title='bbox 319 2130 375 2181; x_wconf 92' lang='lat' dir='ltr'><strong>et</strong></span> <span class='ocrx_word' id='word_1_188' title='bbox 401 2125 718 2197; x_wconf 81' lang='lat' dir='ltr'><strong>praesentis</strong></span> <span class='ocrx_word' id='word_1_189' title='bbox 746 2126 951 2198; x_wconf 89' lang='lat' dir='ltr'><strong>scripti</strong></span> <span class='ocrx_word' id='word_1_190' title='bbox 976 2126 1281 2200; x_wconf 88' lang='lat' dir='ltr'><strong>privilegio</strong></span> <span class='ocrx_word' id='word_1_191' title='bbox 1310 2129 1780 2198; x_wconf 89' lang='lat' dir='ltr'><strong>communimus,</strong></span> 
     </span>
     <span class='ocr_line' id='line_1_33' title="bbox 129 2215 1780 2292; baseline 0.004 -23"><span class='ocrx_word' id='word_1_192' title='bbox 129 2218 457 2270; x_wconf 82' lang='lat' dir='ltr'><strong>statuentes</strong></span> <span class='ocrx_word' id='word_1_193' title='bbox 496 2230 895 2287; x_wconf 89' lang='lat' dir='ltr'><strong>quascunque</strong></span> <span class='ocrx_word' id='word_1_194' title='bbox 940 2215 1368 2288; x_wconf 87' lang='lat' dir='ltr'><strong>possessiones,</strong></span> <span class='ocrx_word' id='word_1_195' title='bbox 1401 2233 1780 2292; x_wconf 67' lang='lat' dir='ltr'><strong>quincunque</strong></span> 
     </span>
     <span class='ocr_line' id='line_1_34' title="bbox 127 2301 1780 2376; baseline 0.003 -18"><span class='ocrx_word' id='word_1_196' title='bbox 127 2301 293 2358; x_wconf 91' lang='lat' dir='ltr'><strong>bona</strong></span> <span class='ocrx_word' id='word_1_197' title='bbox 333 2302 490 2358; x_wconf 91' lang='lat' dir='ltr'><strong>idem</strong></span> <span class='ocrx_word' id='word_1_198' title='bbox 527 2302 951 2359; x_wconf 83' lang='lat' dir='ltr'><strong>monasterium</strong></span> <span class='ocrx_word' id='word_1_199' title='bbox 986 2305 1504 2376; x_wconf 73' lang='lat' dir='ltr'><strong>inpraesentiarum</strong></span> <span class='ocrx_word' id='word_1_200' title='bbox 1531 2306 1690 2376; x_wconf 87' lang='lat' dir='ltr'><strong>juste</strong></span> <span class='ocrx_word' id='word_1_201' title='bbox 1724 2311 1780 2363; x_wconf 89' lang='lat' dir='ltr'><strong>et</strong></span> 
     </span>
     <span class='ocr_line' id='line_1_35' title="bbox 125 2391 1779 2465; baseline 0.003 -18"><span class='ocrx_word' id='word_1_202' title='bbox 125 2392 413 2449; x_wconf 89' lang='lat' dir='ltr'><strong>canonice</strong></span> <span class='ocrx_word' id='word_1_203' title='bbox 466 2391 755 2465; x_wconf 90' lang='lat' dir='ltr'><strong>possidet,</strong></span> <span class='ocrx_word' id='word_1_204' title='bbox 813 2398 918 2448; x_wconf 91' lang='lat' dir='ltr'><strong>aut</strong></span> <span class='ocrx_word' id='word_1_205' title='bbox 959 2393 1016 2448; x_wconf 90' lang='lat' dir='ltr'><strong>in</strong></span> <span class='ocrx_word' id='word_1_206' title='bbox 1072 2393 1338 2449; x_wconf 74' lang='lat' dir='ltr'><strong>futurum</strong></span> <span class='ocrx_word' id='word_1_207' title='bbox 1390 2395 1779 2453; x_wconf 88' lang='lat' dir='ltr'><strong>concessione</strong></span> 
     </span>
     <span class='ocr_line' id='line_1_36' title="bbox 127 2480 1778 2555; baseline 0.002 -18"><span class='ocrx_word' id='word_1_208' title='bbox 127 2481 501 2554; x_wconf 86' lang='lat' dir='ltr'><strong>pontificum,</strong></span> <span class='ocrx_word' id='word_1_209' title='bbox 528 2480 842 2551; x_wconf 83' lang='lat' dir='ltr'><strong>largitione</strong></span> <span class='ocrx_word' id='word_1_210' title='bbox 871 2497 1081 2553; x_wconf 88' lang='lat' dir='ltr'><strong>regum</strong></span> <span class='ocrx_word' id='word_1_211' title='bbox 1105 2480 1198 2537; x_wconf 86' lang='lat' dir='ltr'><strong>vel</strong></span> <span class='ocrx_word' id='word_1_212' title='bbox 1225 2483 1586 2555; x_wconf 83' lang='lat' dir='ltr'><strong>principum,</strong></span> <span class='ocrx_word' id='word_1_213' title='bbox 1613 2484 1778 2542; x_wconf 90' lang='lat' dir='ltr'><strong>obla-</strong></span> 
     </span>
     <span class='ocr_line' id='line_1_37' title="bbox 127 2569 1777 2646; baseline 0.004 -20"><span class='ocrx_word' id='word_1_214' title='bbox 127 2570 285 2626; x_wconf 88' lang='lat' dir='ltr'><strong>tione</strong></span> <span class='ocrx_word' id='word_1_215' title='bbox 320 2570 611 2639; x_wconf 81' lang='lat' dir='ltr'><strong>tidelium,</strong></span> <span class='ocrx_word' id='word_1_216' title='bbox 644 2585 747 2625; x_wconf 86' lang='lat' dir='ltr'><strong>seu</strong></span> <span class='ocrx_word' id='word_1_217' title='bbox 795 2569 927 2626; x_wconf 89' lang='lat' dir='ltr'><strong>aliis</strong></span> <span class='ocrx_word' id='word_1_218' title='bbox 968 2571 1150 2642; x_wconf 89' lang='lat' dir='ltr'><strong>justis</strong></span> <span class='ocrx_word' id='word_1_219' title='bbox 1204 2572 1424 2638; x_wconf 87' lang='lat' dir='ltr'><strong>modis,</strong></span> <span class='ocrx_word' id='word_1_220' title='bbox 1454 2579 1777 2646; x_wconf 67' lang='lat' dir='ltr'><strong>praestante</strong></span> 
     </span>
     <span class='ocr_line' id='line_1_38' title="bbox 129 2658 1778 2734; baseline 0.002 -17"><span class='ocrx_word' id='word_1_221' title='bbox 129 2659 400 2723; x_wconf 86' lang='lat' dir='ltr'><strong>Domino,</strong></span> <span class='ocrx_word' id='word_1_222' title='bbox 416 2659 627 2731; x_wconf 88' lang='lat' dir='ltr'><strong>poterit</strong></span> <span class='ocrx_word' id='word_1_223' title='bbox 642 2658 910 2730; x_wconf 88' lang='lat' dir='ltr'><strong>adipisei,</strong></span> <span class='ocrx_word' id='word_1_224' title='bbox 925 2659 1098 2716; x_wconf 80' lang='lat' dir='ltr'><strong>firma</strong></span> <span class='ocrx_word' id='word_1_225' title='bbox 1112 2659 1284 2716; x_wconf 87' lang='lat' dir='ltr'><strong>vobis</strong></span> <span class='ocrx_word' id='word_1_226' title='bbox 1299 2664 1627 2734; x_wconf 86' lang='lat' dir='ltr'><strong>vestrisque</strong></span> <span class='ocrx_word' id='word_1_227' title='bbox 1649 2680 1778 2720; x_wconf 89' lang='lat' dir='ltr'><strong>suc-</strong></span> 
     </span>
     <span class='ocr_line' id='line_1_39' title="bbox 93 2747 1776 2822; baseline 0.003 -18"><span class='ocrx_word' id='word_1_228' title='bbox 93 2809 97 2812; x_wconf 55' lang='lat'><strong>,</strong></span> <span class='ocrx_word' id='word_1_229' title='bbox 124 2747 464 2809; x_wconf 70' lang='lat' dir='ltr'><strong>censoribus</strong></span> <span class='ocrx_word' id='word_1_230' title='bbox 493 2754 550 2803; x_wconf 90' lang='lat' dir='ltr'><strong>et</strong></span> <span class='ocrx_word' id='word_1_231' title='bbox 576 2747 802 2805; x_wconf 89' lang='lat' dir='ltr'><strong>illibata</strong></span> <span class='ocrx_word' id='word_1_232' title='bbox 832 2755 1231 2820; x_wconf 87' lang='lat' dir='ltr'><strong>permaneant</strong></span> <span class='ocrx_word' id='word_1_233' title='bbox 1256 2770 1268 2816; x_wconf 76' lang='grc' dir='ltr'>ς</span> <span class='ocrx_word' id='word_1_234' title='bbox 1303 2751 1360 2806; x_wconf 89' lang='grc' dir='ltr'><strong>ιιι</strong></span> <span class='ocrx_word' id='word_1_235' title='bbox 1391 2750 1615 2822; x_wconf 90' lang='lat' dir='ltr'><strong>quibus</strong></span> <span class='ocrx_word' id='word_1_236' title='bbox 1646 2753 1776 2809; x_wconf 80' lang='lat' dir='ltr'><strong>haec</strong></span> 
     </span>
     <span class='ocr_line' id='line_1_40' title="bbox 123 2837 1525 2913; baseline -0.001 -18"><span class='ocrx_word' id='word_1_237' title='bbox 123 2837 383 2913; x_wconf 86' lang='lat' dir='ltr'><strong>propriis</strong></span> <span class='ocrx_word' id='word_1_238' title='bbox 420 2837 703 2893; x_wconf 86' lang='lat' dir='ltr'><strong>duximus</strong></span> <span class='ocrx_word' id='word_1_239' title='bbox 740 2840 1129 2910; x_wconf 85' lang='lat' dir='ltr'><strong>exprimenda</strong></span> <span class='ocrx_word' id='word_1_240' title='bbox 1161 2839 1470 2897; x_wconf 87' lang='lat' dir='ltr'><strong>vocabulis</strong></span> <span class='ocrx_word' id='word_1_241' title='bbox 1511 2855 1525 2893; x_wconf 71' lang='grc' dir='ltr'>ε</span> 
     </span>
    </p>

    <p class='ocr_par' dir='ltr' id='par_1_19' title="bbox 113 2927 1778 4248">
     <span class='ocr_line' id='line_1_41' title="bbox 195 2927 1778 3002; baseline 0.003 -19"><span class='ocrx_word' id='word_1_242' title='bbox 195 2931 261 2985; x_wconf 85' lang='grc' dir='ltr'><strong>Ιιι</strong></span> <span class='ocrx_word' id='word_1_243' title='bbox 305 2928 654 3002; x_wconf 78' lang='lat' dir='ltr'><strong>episcopatu</strong></span> <span class='ocrx_word' id='word_1_244' title='bbox 697 2927 1108 2984; x_wconf 87' lang='lat' dir='ltr'><strong>Lundoniensi</strong></span> <span class='ocrx_word' id='word_1_245' title='bbox 1146 2928 1459 2986; x_wconf 86' lang='lat' dir='ltr'><strong>ecclesiam</strong></span> <span class='ocrx_word' id='word_1_246' title='bbox 1504 2929 1579 2987; x_wconf 92' lang='lat' dir='ltr'><strong>de</strong></span> <span class='ocrx_word' id='word_1_247' title='bbox 1611 2931 1778 2987; x_wconf 91' lang='lat' dir='ltr'><strong>Stan-</strong></span> 
     </span>
     <span class='ocr_line' id='line_1_42' title="bbox 123 3016 1778 3090; baseline 0.002 -18"><span class='ocrx_word' id='word_1_248' title='bbox 123 3016 273 3088; x_wconf 82' lang='lat' dir='ltr'><strong>sord,</strong></span> <span class='ocrx_word' id='word_1_249' title='bbox 294 3018 609 3076; x_wconf 79' lang='lat' dir='ltr'><strong>eeclesiam</strong></span> <span class='ocrx_word' id='word_1_250' title='bbox 629 3016 704 3071; x_wconf 89' lang='lat' dir='ltr'><strong>de</strong></span> <span class='ocrx_word' id='word_1_251' title='bbox 721 3016 1033 3087; x_wconf 77' lang='lat' dir='ltr'><strong>Lagefara,</strong></span> <span class='ocrx_word' id='word_1_252' title='bbox 1056 3016 1369 3074; x_wconf 86' lang='lat' dir='ltr'><strong>ecclesiam</strong></span> <span class='ocrx_word' id='word_1_253' title='bbox 1397 3018 1471 3075; x_wconf 88' lang='lat' dir='ltr'><strong>de</strong></span> <span class='ocrx_word' id='word_1_254' title='bbox 1491 3019 1778 3090; x_wconf 86' lang='lat' dir='ltr'><strong>Lagefara</strong></span> 
     </span>
     <span class='ocr_line' id='line_1_43' title="bbox 120 3105 1774 3181; baseline 0.002 -19"><span class='ocrx_word' id='word_1_255' title='bbox 120 3123 324 3179; x_wconf 88' lang='lat' dir='ltr'><strong>parva.</strong></span> <span class='ocrx_word' id='word_1_256' title='bbox 354 3106 671 3164; x_wconf 77' lang='lat' dir='ltr'><strong>ecclesiam</strong></span> <span class='ocrx_word' id='word_1_257' title='bbox 695 3106 770 3162; x_wconf 89' lang='lat' dir='ltr'><strong>de</strong></span> <span class='ocrx_word' id='word_1_258' title='bbox 791 3105 1140 3178; x_wconf 81' lang='lat' dir='ltr'><strong>cogeshala,</strong></span> <span class='ocrx_word' id='word_1_259' title='bbox 1170 3107 1488 3164; x_wconf 89' lang='lat' dir='ltr'><strong>ecclesiam</strong></span> <span class='ocrx_word' id='word_1_260' title='bbox 1514 3108 1589 3165; x_wconf 87' lang='lat' dir='ltr'><strong>de</strong></span> <span class='ocrx_word' id='word_1_261' title='bbox 1615 3110 1774 3181; x_wconf 88' lang='lat' dir='ltr'><strong>Teja,</strong></span> 
     </span>
     <span class='ocr_line' id='line_1_44' title="bbox 119 3195 1778 3256; baseline 0.001 -4"><span class='ocrx_word' id='word_1_262' title='bbox 119 3195 433 3253; x_wconf 88' lang='lat' dir='ltr'><strong>ecclesiam</strong></span> <span class='ocrx_word' id='word_1_263' title='bbox 472 3195 551 3252; x_wconf 81' lang='lat' dir='ltr'><strong>de</strong></span> <span class='ocrx_word' id='word_1_264' title='bbox 573 3195 951 3256; x_wconf 61' lang='lat' dir='ltr'><strong>Lantersoch</strong></span> <span class='ocrx_word' id='word_1_265' title='bbox 976 3211 1048 3251; x_wconf 89' lang='lat' dir='ltr'><strong>ex</strong></span> <span class='ocrx_word' id='word_1_266' title='bbox 1077 3195 1239 3252; x_wconf 92' lang='lat' dir='ltr'><strong>dono</strong></span> <span class='ocrx_word' id='word_1_267' title='bbox 1260 3196 1556 3253; x_wconf 80' lang='lat' dir='ltr'><strong>Eustachii</strong></span> <span class='ocrx_word' id='word_1_268' title='bbox 1587 3198 1778 3254; x_wconf 92' lang='lat' dir='ltr'><strong>comi-</strong></span> 
     </span>
     <span class='ocr_line' id='line_1_45' title="bbox 121 3284 1773 3355; baseline 0.001 -14"><span class='ocrx_word' id='word_1_269' title='bbox 121 3284 194 3342; x_wconf 89' lang='lat' dir='ltr'><strong>tis</strong></span> <span class='ocrx_word' id='word_1_270' title='bbox 240 3284 624 3349; x_wconf 85' lang='lat' dir='ltr'><strong>Boloniensis.</strong></span> <span class='ocrx_word' id='word_1_271' title='bbox 669 3284 873 3343; x_wconf 72' lang='lat' dir='ltr'><strong>villam</strong></span> <span class='ocrx_word' id='word_1_272' title='bbox 921 3299 1056 3355; x_wconf 78' lang='lat' dir='ltr'><strong>quae</strong></span> <span class='ocrx_word' id='word_1_273' title='bbox 1096 3288 1345 3340; x_wconf 82' lang='lat' dir='ltr'><strong>vocatur</strong></span> <span class='ocrx_word' id='word_1_274' title='bbox 1387 3285 1773 3353; x_wconf 85' lang='lat' dir='ltr'><strong>Rumiliacus,</strong></span> 
     </span>
     <span class='ocr_line' id='line_1_46' title="bbox 119 3372 1775 3442; baseline 0.001 -12"><span class='ocrx_word' id='word_1_275' title='bbox 119 3378 175 3430; x_wconf 91' lang='lat' dir='ltr'><strong>et</strong></span> <span class='ocrx_word' id='word_1_276' title='bbox 207 3375 450 3440; x_wconf 88' lang='lat' dir='ltr'><strong>Burdes,</strong></span> <span class='ocrx_word' id='word_1_277' title='bbox 495 3380 551 3430; x_wconf 91' lang='lat' dir='ltr'><strong>et</strong></span> <span class='ocrx_word' id='word_1_278' title='bbox 580 3374 921 3442; x_wconf 82' lang='lat' dir='ltr'><strong>Fosseneis,</strong></span> <span class='ocrx_word' id='word_1_279' title='bbox 950 3378 1007 3429; x_wconf 87' lang='lat' dir='ltr'><strong>et</strong></span> <span class='ocrx_word' id='word_1_280' title='bbox 1053 3372 1322 3442; x_wconf 85' lang='lat' dir='ltr'><strong>Pochim,</strong></span> <span class='ocrx_word' id='word_1_281' title='bbox 1354 3389 1493 3429; x_wconf 88' lang='lat' dir='ltr'><strong>cum</strong></span> <span class='ocrx_word' id='word_1_282' title='bbox 1532 3376 1703 3431; x_wconf 89' lang='lat' dir='ltr'><strong>terris</strong></span> <span class='ocrx_word' id='word_1_283' title='bbox 1740 3392 1775 3432; x_wconf 91' lang='lat' dir='ltr'><strong>a</strong></span> 
     </span>
     <span class='ocr_line' id='line_1_47' title="bbox 120 3459 1777 3536; baseline 0.001 -18"><span class='ocrx_word' id='word_1_284' title='bbox 120 3464 271 3518; x_wconf 86' lang='lat' dir='ltr'><strong>mari</strong></span> <span class='ocrx_word' id='word_1_285' title='bbox 298 3478 485 3536; x_wconf 84' lang='lat' dir='ltr'><strong>usque</strong></span> <span class='ocrx_word' id='word_1_286' title='bbox 510 3461 588 3518; x_wconf 90' lang='lat' dir='ltr'><strong>ad</strong></span> <span class='ocrx_word' id='word_1_287' title='bbox 621 3464 787 3528; x_wconf 86' lang='lat' dir='ltr'><strong>Fon.,</strong></span> <span class='ocrx_word' id='word_1_288' title='bbox 816 3459 1199 3527; x_wconf 81' lang='lat' dir='ltr'><strong>molendinis,</strong></span> <span class='ocrx_word' id='word_1_289' title='bbox 1229 3462 1423 3535; x_wconf 88' lang='lat' dir='ltr'><strong>aquis,</strong></span> <span class='ocrx_word' id='word_1_290' title='bbox 1452 3477 1777 3534; x_wconf 84' lang='lat' dir='ltr'><strong>aquarum-</strong></span> 
     </span>
     <span class='ocr_line' id='line_1_48' title="bbox 118 3550 1773 3624; baseline 0.002 -18"><span class='ocrx_word' id='word_1_291' title='bbox 118 3568 237 3624; x_wconf 88' lang='lat' dir='ltr'><strong>que</strong></span> <span class='ocrx_word' id='word_1_292' title='bbox 261 3550 640 3617; x_wconf 90' lang='lat' dir='ltr'><strong>decursibus,</strong></span> <span class='ocrx_word' id='word_1_293' title='bbox 662 3550 1023 3615; x_wconf 83' lang='lat' dir='ltr'><strong>adnocariis,</strong></span> <span class='ocrx_word' id='word_1_294' title='bbox 1046 3550 1258 3623; x_wconf 82' lang='lat' dir='ltr'><strong>pratis‚</strong></span> <span class='ocrx_word' id='word_1_295' title='bbox 1293 3551 1554 3621; x_wconf 84' lang='lat' dir='ltr'><strong>pascuis,</strong></span> <span class='ocrx_word' id='word_1_296' title='bbox 1582 3550 1773 3623; x_wconf 87' lang='lat' dir='ltr'><strong>silvis,</strong></span> 
     </span>
     <span class='ocr_line' id='line_1_49' title="bbox 118 3637 1773 3714; baseline 0.001 -18"><span class='ocrx_word' id='word_1_297' title='bbox 118 3640 302 3696; x_wconf 86' lang='lat' dir='ltr'><strong>servis</strong></span> <span class='ocrx_word' id='word_1_298' title='bbox 345 3645 401 3694; x_wconf 88' lang='lat' dir='ltr'><strong>et</strong></span> <span class='ocrx_word' id='word_1_299' title='bbox 438 3637 686 3705; x_wconf 82' lang='lat' dir='ltr'><strong>ancillis,</strong></span> <span class='ocrx_word' id='word_1_300' title='bbox 738 3643 796 3694; x_wconf 87' lang='lat' dir='ltr'><strong>et</strong></span> <span class='ocrx_word' id='word_1_301' title='bbox 832 3639 1055 3695; x_wconf 78' lang='lat' dir='ltr'><strong>caeteris</strong></span> <span class='ocrx_word' id='word_1_302' title='bbox 1095 3639 1468 3714; x_wconf 85' lang='lat' dir='ltr'><strong>appendiciis</strong></span> <span class='ocrx_word' id='word_1_303' title='bbox 1520 3640 1665 3696; x_wconf 89' lang='lat' dir='ltr'><strong>suis.</strong></span> <span class='ocrx_word' id='word_1_304' title='bbox 1711 3640 1773 3698; x_wconf 86' lang='lat' dir='ltr'><strong>ln</strong></span> 
     </span>
     <span class='ocr_line' id='line_1_50' title="bbox 117 3727 1775 3800; baseline 0.001 -15"><span class='ocrx_word' id='word_1_305' title='bbox 117 3729 351 3800; x_wconf 85' lang='lat' dir='ltr'><strong>Anglia,</strong></span> <span class='ocrx_word' id='word_1_306' title='bbox 392 3729 466 3784; x_wconf 92' lang='lat' dir='ltr'><strong>de</strong></span> <span class='ocrx_word' id='word_1_307' title='bbox 496 3727 657 3784; x_wconf 91' lang='lat' dir='ltr'><strong>dono</strong></span> <span class='ocrx_word' id='word_1_308' title='bbox 684 3727 917 3785; x_wconf 82' lang='lat' dir='ltr'><strong>comitis</strong></span> <span class='ocrx_word' id='word_1_309' title='bbox 942 3728 1265 3797; x_wconf 78' lang='lat' dir='ltr'><strong>Eustachii,</strong></span> <span class='ocrx_word' id='word_1_310' title='bbox 1298 3733 1515 3786; x_wconf 88' lang='lat' dir='ltr'><strong>terram</strong></span> <span class='ocrx_word' id='word_1_311' title='bbox 1546 3729 1775 3787; x_wconf 87' lang='lat' dir='ltr'><strong>solven-</strong></span> 
     </span>
     <span class='ocr_line' id='line_1_51' title="bbox 118 3817 1772 3893; baseline 0.001 -17"><span class='ocrx_word' id='word_1_312' title='bbox 118 3825 238 3876; x_wconf 89' lang='lat' dir='ltr'><strong>tem</strong></span> <span class='ocrx_word' id='word_1_313' title='bbox 251 3818 566 3875; x_wconf 89' lang='lat' dir='ltr'><strong>annuatim</strong></span> <span class='ocrx_word' id='word_1_314' title='bbox 580 3817 788 3891; x_wconf 88' lang='lat' dir='ltr'><strong>viginti</strong></span> <span class='ocrx_word' id='word_1_315' title='bbox 810 3818 994 3875; x_wconf 89' lang='lat' dir='ltr'><strong>libras</strong></span> <span class='ocrx_word' id='word_1_316' title='bbox 1020 3818 1398 3878; x_wconf 88' lang='lat' dir='ltr'><strong>sterlinorum</strong></span> <span class='ocrx_word' id='word_1_317' title='bbox 1411 3820 1471 3876; x_wconf 92' lang='lat' dir='ltr'><strong>in</strong></span> <span class='ocrx_word' id='word_1_318' title='bbox 1489 3819 1625 3876; x_wconf 86' lang='lat' dir='ltr'><strong>villa</strong></span> <span class='ocrx_word' id='word_1_319' title='bbox 1636 3835 1772 3893; x_wconf 69' lang='lat' dir='ltr'><strong>quie</strong></span> 
     </span>
     <span class='ocr_line' id='line_1_52' title="bbox 113 3908 1773 3981; baseline 0.002 -18"><span class='ocrx_word' id='word_1_320' title='bbox 113 3909 328 3964; x_wconf 90' lang='lat' dir='ltr'><strong>dicitur</strong></span> <span class='ocrx_word' id='word_1_321' title='bbox 352 3909 665 3978; x_wconf 89' lang='lat' dir='ltr'><strong>Fobinges.</strong></span> <span class='ocrx_word' id='word_1_322' title='bbox 687 3908 880 3964; x_wconf 88' lang='lat' dir='ltr'><strong>Locus</strong></span> <span class='ocrx_word' id='word_1_323' title='bbox 910 3914 1109 3965; x_wconf 89' lang='lat' dir='ltr'><strong>autem</strong></span> <span class='ocrx_word' id='word_1_324' title='bbox 1137 3908 1291 3980; x_wconf 88' lang='lat' dir='ltr'><strong>ipse,</strong></span> <span class='ocrx_word' id='word_1_325' title='bbox 1316 3908 1539 3966; x_wconf 81' lang='lat' dir='ltr'><strong>scilieet</strong></span> <span class='ocrx_word' id='word_1_326' title='bbox 1556 3910 1773 3981; x_wconf 82' lang='lat' dir='ltr'><strong>praedi-</strong></span> 
     </span>
     <span class='ocr_line' id='line_1_53' title="bbox 115 3998 1772 4071; baseline 0.001 -16"><span class='ocrx_word' id='word_1_327' title='bbox 115 4003 281 4055; x_wconf 86' lang='lat' dir='ltr'><strong>otum</strong></span> <span class='ocrx_word' id='word_1_328' title='bbox 309 3999 514 4071; x_wconf 91' lang='lat' dir='ltr'><strong>ipsum</strong></span> <span class='ocrx_word' id='word_1_329' title='bbox 542 4000 978 4055; x_wconf 88' lang='lat' dir='ltr'><strong>monasterium</strong></span> <span class='ocrx_word' id='word_1_330' title='bbox 1006 3998 1081 4053; x_wconf 89' lang='lat' dir='ltr'><strong>de</strong></span> <span class='ocrx_word' id='word_1_331' title='bbox 1110 3998 1447 4056; x_wconf 81' lang='lat' dir='ltr'><strong>Romiliaco</strong></span> <span class='ocrx_word' id='word_1_332' title='bbox 1475 4013 1611 4058; x_wconf 83' lang='lat' dir='ltr'><strong>cum</strong></span> <span class='ocrx_word' id='word_1_333' title='bbox 1643 4015 1772 4056; x_wconf 92' lang='lat' dir='ltr'><strong>om-</strong></span> 
     </span>
     <span class='ocr_line' id='line_1_54' title="bbox 114 4086 1772 4159; baseline 0.002 -16"><span class='ocrx_word' id='word_1_334' title='bbox 114 4086 296 4144; x_wconf 90' lang='lat' dir='ltr'><strong>nibus</strong></span> <span class='ocrx_word' id='word_1_335' title='bbox 340 4087 714 4159; x_wconf 86' lang='lat' dir='ltr'><strong>pertinentiis</strong></span> <span class='ocrx_word' id='word_1_336' title='bbox 773 4088 919 4157; x_wconf 87' lang='lat' dir='ltr'><strong>suis,</strong></span> <span class='ocrx_word' id='word_1_337' title='bbox 955 4086 1108 4142; x_wconf 89' lang='lat' dir='ltr'><strong>sicut</strong></span> <span class='ocrx_word' id='word_1_338' title='bbox 1141 4087 1425 4143; x_wconf 87' lang='lat' dir='ltr'><strong>hactenus</strong></span> <span class='ocrx_word' id='word_1_339' title='bbox 1464 4088 1648 4145; x_wconf 80' lang='lat' dir='ltr'><strong>fuisse</strong></span> <span class='ocrx_word' id='word_1_340' title='bbox 1674 4103 1772 4146; x_wconf 86' lang='lat' dir='ltr'><strong>oo·</strong></span> 
     </span>
     <span class='ocr_line' id='line_1_55' title="bbox 115 4175 1771 4248; baseline 0.002 -16"><span class='ocrx_word' id='word_1_341' title='bbox 115 4178 440 4248; x_wconf 76' lang='lat' dir='ltr'><strong>gnoscitur,</strong></span> <span class='ocrx_word' id='word_1_342' title='bbox 455 4176 569 4232; x_wconf 88' lang='lat' dir='ltr'><strong>sub</strong></span> <span class='ocrx_word' id='word_1_343' title='bbox 581 4175 988 4232; x_wconf 88' lang='lat' dir='ltr'><strong>Cluniacensis</strong></span> <span class='ocrx_word' id='word_1_344' title='bbox 1002 4176 1346 4232; x_wconf 90' lang='lat' dir='ltr'><strong>monasterii</strong></span> <span class='ocrx_word' id='word_1_345' title='bbox 1361 4176 1771 4236; x_wconf 84' lang='lat' dir='ltr'><strong>obedientiaet</strong></span> 
     </span>
    </p>
   </div>
   <div class='ocr_carea' id='block_1_16' title="bbox 112 4265 1126 4338">
    <p class='ocr_par' dir='ltr' id='par_1_20' title="bbox 112 4265 1126 4338">
     <span class='ocr_line' id='line_1_56' title="bbox 112 4265 1126 4338; baseline -0.001 -17"><span class='ocrx_word' id='word_1_346' title='bbox 112 4266 484 4336; x_wconf 87' lang='lat' dir='ltr'><strong>subjectione</strong></span> <span class='ocrx_word' id='word_1_347' title='bbox 509 4271 798 4338; x_wconf 89' lang='lat' dir='ltr'><strong>perpetuo</strong></span> <span class='ocrx_word' id='word_1_348' title='bbox 823 4265 1126 4321; x_wconf 86' lang='lat' dir='ltr'><strong>consistat.</strong></span> 
     </span>
    </p>
   </div>
   <div class='ocr_carea' id='block_1_17' title="bbox 1907 1240 3564 1405">
    <p class='ocr_par' dir='ltr' id='par_1_21' title="bbox 1907 1240 3564 1405">
     <span class='ocr_line' id='line_1_57' title="bbox 1909 1240 3564 1316; baseline 0.007 -20"><span class='ocrx_word' id='word_1_349' title='bbox 1909 1240 2143 1297; x_wconf 82' lang='lat' dir='ltr'><strong>minicae</strong></span> <span class='ocrx_word' id='word_1_350' title='bbox 2173 1257 2335 1298; x_wconf 90' lang='lat' dir='ltr'><strong>anno</strong></span> <span class='ocrx_word' id='word_1_351' title='bbox 2370 1245 2526 1311; x_wconf 79' lang='grc'><strong>1182,</strong></span> <span class='ocrx_word' id='word_1_352' title='bbox 2556 1244 2940 1316; x_wconf 87' lang='lat' dir='ltr'><strong>pontificatus</strong></span> <span class='ocrx_word' id='word_1_353' title='bbox 2972 1262 3113 1303; x_wconf 87' lang='lat' dir='ltr'><strong>vero</strong></span> <span class='ocrx_word' id='word_1_354' title='bbox 3138 1247 3369 1305; x_wconf 88' lang='lat' dir='ltr'><strong>domini</strong></span> <span class='ocrx_word' id='word_1_355' title='bbox 3403 1251 3564 1308; x_wconf 85' lang='lat' dir='ltr'><strong>Lucii</strong></span> 
     </span>
     <span class='ocr_line' id='line_1_58' title="bbox 1907 1331 2607 1405; baseline 0.003 -20"><span class='ocrx_word' id='word_1_356' title='bbox 1907 1344 2084 1403; x_wconf 69' lang='lat' dir='ltr'><strong>papas</strong></span> <span class='ocrx_word' id='word_1_357' title='bbox 2112 1331 2179 1385; x_wconf 84' lang='lat'><strong>111</strong></span> <span class='ocrx_word' id='word_1_358' title='bbox 2204 1347 2362 1388; x_wconf 86' lang='lat' dir='ltr'><strong>anno</strong></span> <span class='ocrx_word' id='word_1_359' title='bbox 2385 1332 2607 1405; x_wconf 91' lang='lat' dir='ltr'><strong>primo.</strong></span> 
     </span>
    </p>
   </div>
   <div class='ocr_carea' id='block_1_18' title="bbox 2687 1449 2777 1505">
    <p class='ocr_par' dir='ltr' id='par_1_22' title="bbox 2687 1449 2777 1505">
     <span class='ocr_line' id='line_1_59' title="bbox 2687 1449 2777 1505; baseline 0.011 -1"><span class='ocrx_word' id='word_1_360' title='bbox 2687 1449 2777 1505; x_wconf 87' lang='lat' dir='ltr'><strong>Ll.</strong></span> 
     </span>
    </p>
   </div>
   <div class='ocr_carea' id='block_1_19' title="bbox 1901 1563 3552 1711">
    <p class='ocr_par' dir='ltr' id='par_1_23' title="bbox 1901 1563 3552 1711">
     <span class='ocr_line' id='line_1_60' title="bbox 1901 1563 3552 1641; baseline 0.006 -22"><span class='ocrx_word' id='word_1_361' title='bbox 1901 1563 2248 1620; x_wconf 77' lang='lat' dir='ltr'><strong>Monosterii</strong></span> <span class='ocrx_word' id='word_1_362' title='bbox 2276 1563 2793 1621; x_wconf 77' lang='lat' dir='ltr'><strong>Reichenbacemis</strong></span> <span class='ocrx_word' id='word_1_363' title='bbox 2828 1566 3255 1634; x_wconf 82' lang='lat' dir='ltr'><strong>protectionem</strong></span> <span class='ocrx_word' id='word_1_364' title='bbox 3283 1571 3552 1641; x_wconf 79' lang='lat' dir='ltr'><strong>suscipit,</strong></span> 
     </span>
     <span class='ocr_line' id='line_1_61' title="bbox 1996 1635 3462 1711; baseline 0.006 -20"><span class='ocrx_word' id='word_1_365' title='bbox 1996 1635 2375 1704; x_wconf 78' lang='lat' dir='ltr'><strong>possessiones</strong></span> <span class='ocrx_word' id='word_1_366' title='bbox 2395 1637 2730 1705; x_wconf 80' lang='lat' dir='ltr'><strong>confirmat,</strong></span> <span class='ocrx_word' id='word_1_367' title='bbox 2761 1637 3083 1709; x_wconf 73' lang='lat' dir='ltr'><strong>priviteqia</strong></span> <span class='ocrx_word' id='word_1_368' title='bbox 3104 1640 3462 1711; x_wconf 79' lang='lat' dir='ltr'><strong>amplificat.</strong></span> 
     </span>
    </p>
   </div>
   <div class='ocr_carea' id='block_1_20' title="bbox 2398 1741 3056 1816">
    <p class='ocr_par' dir='ltr' id='par_1_24' title="bbox 2398 1741 3056 1816">
     <span class='ocr_line' id='line_1_62' title="bbox 2398 1741 3056 1816; baseline 0.006 -20"><span class='ocrx_word' id='word_1_369' title='bbox 2398 1741 2671 1813; x_wconf 83' lang='lat' dir='ltr'><strong>(velletri,</strong></span> <span class='ocrx_word' id='word_1_370' title='bbox 2710 1743 2897 1814; x_wconf 81' lang='lat' dir='ltr'><strong>April.</strong></span> <span class='ocrx_word' id='word_1_371' title='bbox 2940 1744 3056 1816; x_wconf 78' lang='lat'><strong>14.)</strong></span> 
     </span>
    </p>
   </div>
   <div class='ocr_carea' id='block_1_21' title="bbox 2091 1847 3357 1925">
    <p class='ocr_par' dir='ltr' id='par_1_25' title="bbox 2091 1847 3357 1925">
     <span class='ocr_line' id='line_1_63' title="bbox 2091 1847 3357 1925; baseline 0.006 -20"><span class='ocrx_word' id='word_1_372' title='bbox 2091 1847 2273 1922; x_wconf 81' lang='lat' dir='ltr'><strong>[Rieu.</strong></span> <span class='ocrx_word' id='word_1_373' title='bbox 2315 1849 2455 1905; x_wconf 85' lang='lat' dir='ltr'><strong>Cod.</strong></span> <span class='ocrx_word' id='word_1_374' title='bbox 2488 1850 2739 1919; x_wconf 81' lang='lat' dir='ltr'><strong>diplom.</strong></span> <span class='ocrx_word' id='word_1_375' title='bbox 2769 1849 3101 1917; x_wconf 67' lang='lat' dir='ltr'><strong>Ratisbon„</strong></span> <span class='ocrx_word' id='word_1_376' title='bbox 3132 1853 3174 1918; x_wconf 92' lang='lat'><strong>1,</strong></span> <span class='ocrx_word' id='word_1_377' title='bbox 3208 1854 3357 1925; x_wconf 56' lang='lat'><strong>2544</strong></span> 
     </span>
    </p>
   </div>
   <div class='ocr_carea' id='block_1_22' title="bbox 1880 1945 3552 4070">
    <p class='ocr_par' dir='ltr' id='par_1_26' title="bbox 1889 1945 3552 2378">
     <span class='ocr_line' id='line_1_64' title="bbox 1965 1945 3548 2020; baseline 0.005 -19"><span class='ocrx_word' id='word_1_378' title='bbox 1965 1945 2168 2004; x_wconf 81' lang='lat' dir='ltr'><strong>Lucius</strong></span> <span class='ocrx_word' id='word_1_379' title='bbox 2205 1948 2545 2020; x_wconf 86' lang='lat' dir='ltr'><strong>episcopus,</strong></span> <span class='ocrx_word' id='word_1_380' title='bbox 2577 1963 2781 2004; x_wconf 87' lang='lat' dir='ltr'><strong>servus</strong></span> <span class='ocrx_word' id='word_1_381' title='bbox 2825 1964 3134 2006; x_wconf 83' lang='lat' dir='ltr'><strong>servorum</strong></span> <span class='ocrx_word' id='word_1_382' title='bbox 3162 1950 3285 2018; x_wconf 89' lang='lat' dir='ltr'><strong>Dei,</strong></span> <span class='ocrx_word' id='word_1_383' title='bbox 3317 1951 3548 2009; x_wconf 88' lang='lat' dir='ltr'><strong>dilectis</strong></span> 
     </span>
     <span class='ocr_line' id='line_1_65' title="bbox 1892 2034 3548 2098; baseline 0.005 -9"><span class='ocrx_word' id='word_1_384' title='bbox 1892 2034 2029 2090; x_wconf 84' lang='lat' dir='ltr'><strong>filiis</strong></span> <span class='ocrx_word' id='word_1_385' title='bbox 2073 2038 2419 2094; x_wconf 66' lang='lat' dir='ltr'><strong>Rumam-om</strong></span> <span class='ocrx_word' id='word_1_386' title='bbox 2466 2036 2665 2095; x_wconf 90' lang='lat' dir='ltr'><strong>abbati</strong></span> <span class='ocrx_word' id='word_1_387' title='bbox 2699 2039 3042 2093; x_wconf 90' lang='lat' dir='ltr'><strong>monasterii</strong></span> <span class='ocrx_word' id='word_1_388' title='bbox 3075 2039 3307 2096; x_wconf 81' lang='lat' dir='ltr'><strong>Sanctae</strong></span> <span class='ocrx_word' id='word_1_389' title='bbox 3357 2042 3548 2098; x_wconf 68' lang='grc' dir='ltr'><strong><em>Μαι-ιω</em></strong></span> 
     </span>
     <span class='ocr_line' id='line_1_66' title="bbox 1891 2124 3552 2202; baseline 0.005 -23"><span class='ocrx_word' id='word_1_390' title='bbox 1891 2124 1952 2179; x_wconf 89' lang='grc' dir='ltr'><strong>ιιι</strong></span> <span class='ocrx_word' id='word_1_391' title='bbox 1993 2125 2425 2192; x_wconf 83' lang='lat' dir='ltr'><strong>Reichenbaeh,</strong></span> <span class='ocrx_word' id='word_1_392' title='bbox 2457 2125 2623 2197; x_wconf 85' lang='lat' dir='ltr'><strong>quod</strong></span> <span class='ocrx_word' id='word_1_393' title='bbox 2654 2125 2712 2182; x_wconf 90' lang='lat' dir='ltr'><strong>in</strong></span> <span class='ocrx_word' id='word_1_394' title='bbox 2743 2126 3160 2199; x_wconf 84' lang='lat' dir='ltr'><strong>Ratisponensi</strong></span> <span class='ocrx_word' id='word_1_395' title='bbox 3201 2129 3552 2202; x_wconf 88' lang='lat' dir='ltr'><strong>episcopatu</strong></span> 
     </span>
     <span class='ocr_line' id='line_1_67' title="bbox 1891 2213 3546 2292; baseline 0.005 -24"><span class='ocrx_word' id='word_1_396' title='bbox 1891 2213 2070 2269; x_wconf 89' lang='lat' dir='ltr'><strong>situm</strong></span> <span class='ocrx_word' id='word_1_397' title='bbox 2093 2218 2199 2281; x_wconf 89' lang='lat' dir='ltr'><strong>est,</strong></span> <span class='ocrx_word' id='word_1_398' title='bbox 2222 2214 2473 2288; x_wconf 91' lang='lat' dir='ltr'><strong>ejusque</strong></span> <span class='ocrx_word' id='word_1_399' title='bbox 2490 2214 2794 2281; x_wconf 82' lang='lat' dir='ltr'><strong>fratribus,</strong></span> <span class='ocrx_word' id='word_1_400' title='bbox 2811 2221 2930 2271; x_wconf 86' lang='lat' dir='ltr'><strong>tam</strong></span> <span class='ocrx_word' id='word_1_401' title='bbox 2950 2217 3345 2287; x_wconf 75' lang='lat' dir='ltr'><strong>praesentibus</strong></span> <span class='ocrx_word' id='word_1_402' title='bbox 3358 2234 3546 2292; x_wconf 90' lang='lat' dir='ltr'><strong>quam</strong></span> 
     </span>
     <span class='ocr_line' id='line_1_68' title="bbox 1889 2300 3535 2378; baseline 0.007 -22"><span class='ocrx_word' id='word_1_403' title='bbox 1889 2300 2123 2369; x_wconf 82' lang='lat' dir='ltr'><strong>futuris,</strong></span> <span class='ocrx_word' id='word_1_404' title='bbox 2158 2302 2497 2374; x_wconf 90' lang='lat' dir='ltr'><strong>regularem</strong></span> <span class='ocrx_word' id='word_1_405' title='bbox 2524 2304 2708 2359; x_wconf 82' lang='lat' dir='ltr'><strong>vitam</strong></span> <span class='ocrx_word' id='word_1_406' title='bbox 2749 2303 3029 2376; x_wconf 84' lang='lat' dir='ltr'><strong>professis</strong></span> <span class='ocrx_word' id='word_1_407' title='bbox 3059 2308 3117 2360; x_wconf 90' lang='lat' dir='ltr'><strong>in</strong></span> <span class='ocrx_word' id='word_1_408' title='bbox 3151 2311 3535 2378; x_wconf 90' lang='lat' dir='ltr'><strong>perpetuum.</strong></span> 
     </span>
    </p>

    <p class='ocr_par' dir='ltr' id='par_1_27' title="bbox 1880 2392 3547 4070">
     <span class='ocr_line' id='line_1_69' title="bbox 1961 2392 3545 2465; baseline 0.005 -19"><span class='ocrx_word' id='word_1_409' title='bbox 1961 2392 2201 2457; x_wconf 77' lang='lat' dir='ltr'><strong>Quoties</strong></span> <span class='ocrx_word' id='word_1_410' title='bbox 2240 2408 2276 2448; x_wconf 90' lang='lat' dir='ltr'><strong>a</strong></span> <span class='ocrx_word' id='word_1_411' title='bbox 2309 2392 2486 2448; x_wconf 90' lang='lat' dir='ltr'><strong>nobis</strong></span> <span class='ocrx_word' id='word_1_412' title='bbox 2520 2393 2742 2465; x_wconf 88' lang='lat' dir='ltr'><strong>petitur</strong></span> <span class='ocrx_word' id='word_1_413' title='bbox 2768 2393 2935 2464; x_wconf 90' lang='lat' dir='ltr'><strong>quod</strong></span> <span class='ocrx_word' id='word_1_414' title='bbox 2972 2393 3237 2464; x_wconf 90' lang='lat' dir='ltr'><strong>religioni</strong></span> <span class='ocrx_word' id='word_1_415' title='bbox 3277 2400 3334 2452; x_wconf 89' lang='lat' dir='ltr'><strong>et</strong></span> <span class='ocrx_word' id='word_1_416' title='bbox 3360 2395 3545 2454; x_wconf 89' lang='lat' dir='ltr'><strong>hone-</strong></span> 
     </span>
     <span class='ocr_line' id='line_1_70' title="bbox 1889 2481 3543 2554; baseline 0.006 -19"><span class='ocrx_word' id='word_1_417' title='bbox 1889 2481 2026 2537; x_wconf 89' lang='lat' dir='ltr'><strong>stati</strong></span> <span class='ocrx_word' id='word_1_418' title='bbox 2048 2482 2366 2537; x_wconf 86' lang='lat' dir='ltr'><strong>convenire</strong></span> <span class='ocrx_word' id='word_1_419' title='bbox 2387 2481 2777 2554; x_wconf 89' lang='lat' dir='ltr'><strong>dignoscitur,</strong></span> <span class='ocrx_word' id='word_1_420' title='bbox 2803 2483 3008 2539; x_wconf 89' lang='lat' dir='ltr'><strong>animo</strong></span> <span class='ocrx_word' id='word_1_421' title='bbox 3021 2499 3131 2540; x_wconf 89' lang='lat' dir='ltr'><strong>nos</strong></span> <span class='ocrx_word' id='word_1_422' title='bbox 3153 2485 3317 2541; x_wconf 90' lang='lat' dir='ltr'><strong>decet</strong></span> <span class='ocrx_word' id='word_1_423' title='bbox 3338 2485 3543 2545; x_wconf 89' lang='lat' dir='ltr'><strong>libenti</strong></span> 
     </span>
     <span class='ocr_line' id='line_1_71' title="bbox 1886 2569 3544 2643; baseline 0.004 -17"><span class='ocrx_word' id='word_1_424' title='bbox 1886 2569 2214 2626; x_wconf 88' lang='lat' dir='ltr'><strong>concedere</strong></span> <span class='ocrx_word' id='word_1_425' title='bbox 2256 2575 2314 2626; x_wconf 87' lang='lat' dir='ltr'><strong>et</strong></span> <span class='ocrx_word' id='word_1_426' title='bbox 2345 2572 2673 2643; x_wconf 89' lang='lat' dir='ltr'><strong>petentium</strong></span> <span class='ocrx_word' id='word_1_427' title='bbox 2713 2571 3028 2628; x_wconf 75' lang='lat' dir='ltr'><strong>desideriis</strong></span> <span class='ocrx_word' id='word_1_428' title='bbox 3057 2587 3391 2643; x_wconf 89' lang='lat' dir='ltr'><strong>congruum</strong></span> <span class='ocrx_word' id='word_1_429' title='bbox 3424 2576 3544 2632; x_wconf 75' lang='lat' dir='ltr'><strong>suf·</strong></span> 
     </span>
     <span class='ocr_line' id='line_1_72' title="bbox 1886 2659 3544 2732; baseline 0.004 -17"><span class='ocrx_word' id='word_1_430' title='bbox 1886 2659 2144 2730; x_wconf 78' lang='lat' dir='ltr'><strong>fragium</strong></span> <span class='ocrx_word' id='word_1_431' title='bbox 2188 2659 2498 2731; x_wconf 90' lang='lat' dir='ltr'><strong>impertiri.</strong></span> <span class='ocrx_word' id='word_1_432' title='bbox 2550 2661 2897 2732; x_wconf 83' lang='lat' dir='ltr'><strong>Eapropter,</strong></span> <span class='ocrx_word' id='word_1_433' title='bbox 2945 2661 3141 2717; x_wconf 87' lang='lat' dir='ltr'><strong>dilecti</strong></span> <span class='ocrx_word' id='word_1_434' title='bbox 3188 2661 3251 2718; x_wconf 91' lang='lat' dir='ltr'><strong>in</strong></span> <span class='ocrx_word' id='word_1_435' title='bbox 3291 2665 3544 2722; x_wconf 90' lang='lat' dir='ltr'><strong>Domino</strong></span> 
     </span>
     <span class='ocr_line' id='line_1_73' title="bbox 1887 2747 3546 2822; baseline 0.004 -19"><span class='ocrx_word' id='word_1_436' title='bbox 1887 2748 2014 2815; x_wconf 85' lang='lat' dir='ltr'><strong>filii,</strong></span> <span class='ocrx_word' id='word_1_437' title='bbox 2037 2750 2247 2805; x_wconf 81' lang='lat' dir='ltr'><strong>vestris</strong></span> <span class='ocrx_word' id='word_1_438' title='bbox 2263 2749 2438 2819; x_wconf 84' lang='lat' dir='ltr'><strong>justis</strong></span> <span class='ocrx_word' id='word_1_439' title='bbox 2455 2747 2962 2822; x_wconf 89' lang='lat' dir='ltr'><strong>postulationibus</strong></span> <span class='ocrx_word' id='word_1_440' title='bbox 2982 2750 3305 2807; x_wconf 90' lang='lat' dir='ltr'><strong>clementer</strong></span> <span class='ocrx_word' id='word_1_441' title='bbox 3329 2754 3546 2810; x_wconf 89' lang='lat' dir='ltr'><strong>annui-</strong></span> 
     </span>
     <span class='ocr_line' id='line_1_74' title="bbox 1888 2838 3546 2910; baseline 0.003 -15"><span class='ocrx_word' id='word_1_442' title='bbox 1888 2854 2043 2903; x_wconf 89' lang='lat' dir='ltr'><strong>mus,</strong></span> <span class='ocrx_word' id='word_1_443' title='bbox 2073 2843 2130 2893; x_wconf 92' lang='lat' dir='ltr'><strong>et</strong></span> <span class='ocrx_word' id='word_1_444' title='bbox 2158 2838 2472 2910; x_wconf 74' lang='lat' dir='ltr'><strong>proel&#39;atum</strong></span> <span class='ocrx_word' id='word_1_445' title='bbox 2501 2838 2934 2895; x_wconf 88' lang='lat' dir='ltr'><strong>monasterium</strong></span> <span class='ocrx_word' id='word_1_446' title='bbox 2972 2840 3204 2896; x_wconf 81' lang='lat' dir='ltr'><strong>Sanctae</strong></span> <span class='ocrx_word' id='word_1_447' title='bbox 3244 2841 3439 2899; x_wconf 75' lang='lat' dir='ltr'><strong>Mariae</strong></span> <span class='ocrx_word' id='word_1_448' title='bbox 3469 2844 3546 2901; x_wconf 92' lang='lat' dir='ltr'><strong>de</strong></span> 
     </span>
     <span class='ocr_line' id='line_1_75' title="bbox 1887 2925 3546 3002; baseline 0.004 -19"><span class='ocrx_word' id='word_1_449' title='bbox 1887 2925 2308 2984; x_wconf 86' lang='lat' dir='ltr'><strong>Reichenbach</strong></span> <span class='ocrx_word' id='word_1_450' title='bbox 2340 2927 2399 2982; x_wconf 91' lang='lat' dir='ltr'><strong>in</strong></span> <span class='ocrx_word' id='word_1_451' title='bbox 2428 2928 2846 2999; x_wconf 83' lang='lat' dir='ltr'><strong>Ratisponensi</strong></span> <span class='ocrx_word' id='word_1_452' title='bbox 2886 2928 3235 3002; x_wconf 87' lang='lat' dir='ltr'><strong>episcopatu</strong></span> <span class='ocrx_word' id='word_1_453' title='bbox 3267 2931 3474 2998; x_wconf 89' lang='lat' dir='ltr'><strong>situm,</strong></span> <span class='ocrx_word' id='word_1_454' title='bbox 3509 2948 3546 2990; x_wconf 88' lang='lat' dir='ltr'><strong>a</strong></span> 
     </span>
     <span class='ocr_line' id='line_1_76' title="bbox 1888 3017 3546 3092; baseline 0.004 -18"><span class='ocrx_word' id='word_1_455' title='bbox 1888 3017 2064 3074; x_wconf 78' lang='lat' dir='ltr'><strong>bonoe</strong></span> <span class='ocrx_word' id='word_1_456' title='bbox 2094 3018 2401 3075; x_wconf 67' lang='lat' dir='ltr'><strong>memorias</strong></span> <span class='ocrx_word' id='word_1_457' title='bbox 2429 3018 2716 3092; x_wconf 88' lang='lat' dir='ltr'><strong>Diepaldo</strong></span> <span class='ocrx_word' id='word_1_458' title='bbox 2748 3020 3113 3087; x_wconf 86' lang='lat' dir='ltr'><strong>marchione,</strong></span> <span class='ocrx_word' id='word_1_459' title='bbox 3147 3025 3203 3077; x_wconf 90' lang='lat' dir='ltr'><strong>et</strong></span> <span class='ocrx_word' id='word_1_460' title='bbox 3231 3038 3412 3080; x_wconf 87' lang='lat' dir='ltr'><strong>uxore</strong></span> <span class='ocrx_word' id='word_1_461' title='bbox 3434 3040 3546 3082; x_wconf 90' lang='lat' dir='ltr'><strong>sua</strong></span> 
     </span>
     <span class='ocr_line' id='line_1_77' title="bbox 1886 3107 3542 3185; baseline 0.004 -23"><span class='ocrx_word' id='word_1_462' title='bbox 1886 3107 2214 3164; x_wconf 84' lang='lat' dir='ltr'><strong>Adelheide</strong></span> <span class='ocrx_word' id='word_1_463' title='bbox 2240 3112 2649 3164; x_wconf 89' lang='lat' dir='ltr'><strong>constructum</strong></span> <span class='ocrx_word' id='word_1_464' title='bbox 2675 3114 2732 3165; x_wconf 92' lang='lat' dir='ltr'><strong>et</strong></span> <span class='ocrx_word' id='word_1_465' title='bbox 2751 3107 2928 3165; x_wconf 87' lang='lat' dir='ltr'><strong>beato</strong></span> <span class='ocrx_word' id='word_1_466' title='bbox 2962 3112 3126 3166; x_wconf 86' lang='lat' dir='ltr'><strong>Petro</strong></span> <span class='ocrx_word' id='word_1_467' title='bbox 3156 3110 3447 3185; x_wconf 89' lang='lat' dir='ltr'><strong>oblatum,</strong></span> <span class='ocrx_word' id='word_1_468' title='bbox 3482 3114 3542 3169; x_wconf 91' lang='lat' dir='ltr'><strong>in</strong></span> 
     </span>
     <span class='ocr_line' id='line_1_78' title="bbox 1885 3195 3547 3274; baseline 0.004 -22"><span class='ocrx_word' id='word_1_469' title='bbox 1885 3211 2011 3270; x_wconf 92' lang='lat' dir='ltr'><strong>quo</strong></span> <span class='ocrx_word' id='word_1_470' title='bbox 2037 3195 2242 3253; x_wconf 87' lang='lat' dir='ltr'><strong>divino</strong></span> <span class='ocrx_word' id='word_1_471' title='bbox 2274 3197 2598 3269; x_wconf 86' lang='lat' dir='ltr'><strong>mancipati</strong></span> <span class='ocrx_word' id='word_1_472' title='bbox 2615 3197 2757 3253; x_wconf 89' lang='lat' dir='ltr'><strong>estis</strong></span> <span class='ocrx_word' id='word_1_473' title='bbox 2786 3197 3101 3269; x_wconf 88' lang='lat' dir='ltr'><strong>obsequio,</strong></span> <span class='ocrx_word' id='word_1_474' title='bbox 3134 3200 3210 3256; x_wconf 89' lang='lat' dir='ltr'><strong>ad</strong></span> <span class='ocrx_word' id='word_1_475' title='bbox 3239 3202 3547 3274; x_wconf 88' lang='lat' dir='ltr'><strong>exemplar</strong></span> 
     </span>
     <span class='ocr_line' id='line_1_79' title="bbox 1886 3284 3543 3359; baseline 0.004 -18"><span class='ocrx_word' id='word_1_476' title='bbox 1886 3284 2073 3341; x_wconf 80' lang='lat' dir='ltr'><strong>felicis</strong></span> <span class='ocrx_word' id='word_1_477' title='bbox 2110 3284 2540 3342; x_wconf 88' lang='lat' dir='ltr'><strong>recordationis</strong></span> <span class='ocrx_word' id='word_1_478' title='bbox 2577 3285 2786 3342; x_wconf 87' lang='lat' dir='ltr'><strong>Calixti</strong></span> <span class='ocrx_word' id='word_1_479' title='bbox 2835 3302 3031 3359; x_wconf 72' lang='lat' dir='ltr'><strong>papae,</strong></span> <span class='ocrx_word' id='word_1_480' title='bbox 3076 3288 3543 3359; x_wconf 77' lang='lat' dir='ltr'><strong>proedecessoris</strong></span> 
     </span>
     <span class='ocr_line' id='line_1_80' title="bbox 1886 3373 3543 3449; baseline 0.004 -20"><span class='ocrx_word' id='word_1_481' title='bbox 1886 3374 2094 3439; x_wconf 86' lang='lat' dir='ltr'><strong>nostri,</strong></span> <span class='ocrx_word' id='word_1_482' title='bbox 2125 3373 2235 3429; x_wconf 89' lang='lat' dir='ltr'><strong>sub</strong></span> <span class='ocrx_word' id='word_1_483' title='bbox 2266 3374 2424 3430; x_wconf 89' lang='lat' dir='ltr'><strong>beati</strong></span> <span class='ocrx_word' id='word_1_484' title='bbox 2455 3374 2607 3429; x_wconf 87' lang='lat' dir='ltr'><strong>Petri</strong></span> <span class='ocrx_word' id='word_1_485' title='bbox 2640 3374 2825 3430; x_wconf 89' lang='lat' dir='ltr'><strong>tutela</strong></span> <span class='ocrx_word' id='word_1_486' title='bbox 2855 3380 2911 3432; x_wconf 90' lang='lat' dir='ltr'><strong>et</strong></span> <span class='ocrx_word' id='word_1_487' title='bbox 2939 3382 3149 3432; x_wconf 90' lang='lat' dir='ltr'><strong>nostra</strong></span> <span class='ocrx_word' id='word_1_488' title='bbox 3176 3380 3543 3449; x_wconf 89' lang='lat' dir='ltr'><strong>protectione</strong></span> 
     </span>
     <span class='ocr_line' id='line_1_81' title="bbox 1888 3462 3541 3536; baseline 0.005 -19"><span class='ocrx_word' id='word_1_489' title='bbox 1888 3462 2277 3534; x_wconf 89' lang='lat' dir='ltr'><strong>suscipimus,</strong></span> <span class='ocrx_word' id='word_1_490' title='bbox 2304 3468 2362 3518; x_wconf 89' lang='lat' dir='ltr'><strong>et</strong></span> <span class='ocrx_word' id='word_1_491' title='bbox 2383 3463 2696 3534; x_wconf 82' lang='lat' dir='ltr'><strong>praesentis</strong></span> <span class='ocrx_word' id='word_1_492' title='bbox 2720 3464 2919 3535; x_wconf 85' lang='lat' dir='ltr'><strong>scripti</strong></span> <span class='ocrx_word' id='word_1_493' title='bbox 2941 3465 3252 3536; x_wconf 77' lang='lat' dir='ltr'><strong>privilegio</strong></span> <span class='ocrx_word' id='word_1_494' title='bbox 3272 3481 3541 3525; x_wconf 90' lang='lat' dir='ltr'><strong>commu·</strong></span> 
     </span>
     <span class='ocr_line' id='line_1_82' title="bbox 1885 3551 3540 3623; baseline 0.004 -16"><span class='ocrx_word' id='word_1_495' title='bbox 1885 3552 2088 3607; x_wconf 85' lang='lat' dir='ltr'><strong>nimus</strong></span> <span class='ocrx_word' id='word_1_496' title='bbox 2118 3569 2136 3623; x_wconf 86' lang='lat'>;</span> <span class='ocrx_word' id='word_1_497' title='bbox 2160 3551 2459 3622; x_wconf 87' lang='lat' dir='ltr'><strong>imprimis</strong></span> <span class='ocrx_word' id='word_1_498' title='bbox 2486 3551 2784 3623; x_wconf 86' lang='lat' dir='ltr'><strong>siquidem</strong></span> <span class='ocrx_word' id='word_1_499' title='bbox 2806 3556 3130 3608; x_wconf 88' lang='lat' dir='ltr'><strong>statuentes</strong></span> <span class='ocrx_word' id='word_1_500' title='bbox 3157 3556 3384 3612; x_wconf 90' lang='lat' dir='ltr'><strong>utordo</strong></span> <span class='ocrx_word' id='word_1_501' title='bbox 3415 3573 3540 3614; x_wconf 88' lang='lat' dir='ltr'><strong>mo-</strong></span> 
     </span>
     <span class='ocr_line' id='line_1_83' title="bbox 1884 3639 3540 3712; baseline 0.002 -16"><span class='ocrx_word' id='word_1_502' title='bbox 1884 3640 2169 3707; x_wconf 89' lang='lat' dir='ltr'><strong>nasticus,</strong></span> <span class='ocrx_word' id='word_1_503' title='bbox 2202 3641 2307 3712; x_wconf 91' lang='lat' dir='ltr'><strong>qui</strong></span> <span class='ocrx_word' id='word_1_504' title='bbox 2343 3639 2676 3695; x_wconf 86' lang='lat' dir='ltr'><strong>secundum</strong></span> <span class='ocrx_word' id='word_1_505' title='bbox 2709 3639 2809 3695; x_wconf 89' lang='lat' dir='ltr'><strong>Dei</strong></span> <span class='ocrx_word' id='word_1_506' title='bbox 2838 3646 2894 3697; x_wconf 85' lang='lat' dir='ltr'><strong>et</strong></span> <span class='ocrx_word' id='word_1_507' title='bbox 2920 3640 3072 3697; x_wconf 85' lang='lat' dir='ltr'><strong>beati</strong></span> <span class='ocrx_word' id='word_1_508' title='bbox 3104 3642 3404 3699; x_wconf 83' lang='lat' dir='ltr'><strong>Benedicti</strong></span> <span class='ocrx_word' id='word_1_509' title='bbox 3434 3646 3540 3700; x_wconf 85' lang='lat' dir='ltr'><strong>Re-</strong></span> 
     </span>
     <span class='ocr_line' id='line_1_84' title="bbox 1884 3729 3539 3803; baseline 0.003 -18"><span class='ocrx_word' id='word_1_510' title='bbox 1884 3730 2090 3800; x_wconf 89' lang='lat' dir='ltr'><strong>gulam</strong></span> <span class='ocrx_word' id='word_1_511' title='bbox 2112 3730 2174 3785; x_wconf 91' lang='lat' dir='ltr'><strong>in</strong></span> <span class='ocrx_word' id='word_1_512' title='bbox 2199 3729 2412 3786; x_wconf 90' lang='lat' dir='ltr'><strong>eodem</strong></span> <span class='ocrx_word' id='word_1_513' title='bbox 2442 3729 2806 3785; x_wconf 89' lang='lat' dir='ltr'><strong>monasterio</strong></span> <span class='ocrx_word' id='word_1_514' title='bbox 2833 3729 3136 3787; x_wconf 87' lang='lat' dir='ltr'><strong>institutus</strong></span> <span class='ocrx_word' id='word_1_515' title='bbox 3166 3747 3299 3788; x_wconf 89' lang='lat' dir='ltr'><strong>esse</strong></span> <span class='ocrx_word' id='word_1_516' title='bbox 3328 3732 3539 3803; x_wconf 88' lang='lat' dir='ltr'><strong>digno·</strong></span> 
     </span>
     <span class='ocr_line' id='line_1_85' title="bbox 1884 3818 3540 3892; baseline 0.003 -18"><span class='ocrx_word' id='word_1_517' title='bbox 1884 3822 2088 3885; x_wconf 87' lang='lat' dir='ltr'><strong>scitur,</strong></span> <span class='ocrx_word' id='word_1_518' title='bbox 2122 3819 2424 3892; x_wconf 86' lang='lat' dir='ltr'><strong>perpetuis</strong></span> <span class='ocrx_word' id='word_1_519' title='bbox 2457 3818 2681 3875; x_wconf 90' lang='lat' dir='ltr'><strong>ibidem</strong></span> <span class='ocrx_word' id='word_1_520' title='bbox 2714 3818 3084 3891; x_wconf 89' lang='lat' dir='ltr'><strong>temporibus</strong></span> <span class='ocrx_word' id='word_1_521' title='bbox 3124 3820 3540 3879; x_wconf 88' lang='lat' dir='ltr'><strong>inviolabiliter</strong></span> 
     </span>
     <span class='ocr_line' id='line_1_86' title="bbox 1881 3907 3534 3982; baseline 0 -17"><span class='ocrx_word' id='word_1_522' title='bbox 1881 3907 2256 3965; x_wconf 86' lang='lat' dir='ltr'><strong>observetur.</strong></span> <span class='ocrx_word' id='word_1_523' title='bbox 2307 3910 2597 3964; x_wconf 81' lang='lat' dir='ltr'><strong>Praeterea</strong></span> <span class='ocrx_word' id='word_1_524' title='bbox 2648 3922 3048 3981; x_wconf 86' lang='lat' dir='ltr'><strong>quascunque</strong></span> <span class='ocrx_word' id='word_1_525' title='bbox 3099 3910 3534 3982; x_wconf 87' lang='lat' dir='ltr'><strong>possessiones,</strong></span> 
     </span>
     <span class='ocr_line' id='line_1_87' title="bbox 1880 3996 3536 4070; baseline 0.002 -17"><span class='ocrx_word' id='word_1_526' title='bbox 1880 4012 2260 4070; x_wconf 83' lang='lat' dir='ltr'><strong>quaecunque</strong></span> <span class='ocrx_word' id='word_1_527' title='bbox 2292 3997 2452 4052; x_wconf 90' lang='lat' dir='ltr'><strong>bona</strong></span> <span class='ocrx_word' id='word_1_528' title='bbox 2481 3996 2641 4052; x_wconf 91' lang='lat' dir='ltr'><strong>idem</strong></span> <span class='ocrx_word' id='word_1_529' title='bbox 2669 3998 3101 4053; x_wconf 86' lang='lat' dir='ltr'><strong>monasterinm</strong></span> <span class='ocrx_word' id='word_1_530' title='bbox 3128 3998 3536 4070; x_wconf 67' lang='lat' dir='ltr'><strong>inpraesentia-</strong></span> 
     </span>
    </p>
   </div>
   <div class='ocr_carea' id='block_1_23' title="bbox 1802 4085 3532 4157">
    <p class='ocr_par' dir='ltr' id='par_1_28' title="bbox 1802 4085 3532 4157">
     <span class='ocr_line' id='line_1_88' title="bbox 1802 4085 3532 4157; baseline 0.002 -16"><span class='ocrx_word' id='word_1_531' title='bbox 1802 4091 1813 4101; x_wconf 80' lang='lat'>·</span> <span class='ocrx_word' id='word_1_532' title='bbox 1880 4101 2016 4141; x_wconf 90' lang='lat' dir='ltr'><strong>rum</strong></span> <span class='ocrx_word' id='word_1_533' title='bbox 2053 4086 2211 4157; x_wconf 83' lang='lat' dir='ltr'><strong>juste</strong></span> <span class='ocrx_word' id='word_1_534' title='bbox 2265 4090 2320 4142; x_wconf 92' lang='lat' dir='ltr'><strong>et</strong></span> <span class='ocrx_word' id='word_1_535' title='bbox 2364 4085 2652 4140; x_wconf 88' lang='lat' dir='ltr'><strong>canonice</strong></span> <span class='ocrx_word' id='word_1_536' title='bbox 2691 4085 2980 4157; x_wconf 89' lang='lat' dir='ltr'><strong>possidet,</strong></span> <span class='ocrx_word' id='word_1_537' title='bbox 3027 4092 3129 4142; x_wconf 88' lang='lat' dir='ltr'><strong>aut</strong></span> <span class='ocrx_word' id='word_1_538' title='bbox 3168 4087 3230 4142; x_wconf 90' lang='lat' dir='ltr'><strong>in</strong></span> <span class='ocrx_word' id='word_1_539' title='bbox 3265 4086 3532 4144; x_wconf 83' lang='lat' dir='ltr'><strong>futurum</strong></span> 
     </span>
    </p>
   </div>
   <div class='ocr_carea' id='block_1_24' title="bbox 1879 4173 3536 4336">
    <p class='ocr_par' dir='ltr' id='par_1_29' title="bbox 1879 4173 3536 4336">
     <span class='ocr_line' id='line_1_89' title="bbox 1880 4173 3536 4249; baseline 0.002 -20"><span class='ocrx_word' id='word_1_540' title='bbox 1880 4175 2270 4231; x_wconf 88' lang='lat' dir='ltr'><strong>concessione</strong></span> <span class='ocrx_word' id='word_1_541' title='bbox 2300 4173 2666 4245; x_wconf 84' lang='lat' dir='ltr'><strong>pontificum,</strong></span> <span class='ocrx_word' id='word_1_542' title='bbox 2691 4174 2999 4244; x_wconf 87' lang='lat' dir='ltr'><strong>largitione</strong></span> <span class='ocrx_word' id='word_1_543' title='bbox 3015 4191 3224 4248; x_wconf 87' lang='lat' dir='ltr'><strong>regum</strong></span> <span class='ocrx_word' id='word_1_544' title='bbox 3250 4176 3341 4232; x_wconf 84' lang='lat' dir='ltr'><strong>vel</strong></span> <span class='ocrx_word' id='word_1_545' title='bbox 3363 4176 3536 4249; x_wconf 88' lang='lat' dir='ltr'><strong>prin-</strong></span> 
     </span>
     <span class='ocr_line' id='line_1_90' title="bbox 1879 4262 3530 4336; baseline 0.002 -17"><span class='ocrx_word' id='word_1_546' title='bbox 1879 4263 2105 4335; x_wconf 88' lang='lat' dir='ltr'><strong>cipum,</strong></span> <span class='ocrx_word' id='word_1_547' title='bbox 2137 4262 2439 4319; x_wconf 90' lang='lat' dir='ltr'><strong>oblatione</strong></span> <span class='ocrx_word' id='word_1_548' title='bbox 2477 4262 2770 4329; x_wconf 85' lang='lat' dir='ltr'><strong>fidelium,</strong></span> <span class='ocrx_word' id='word_1_549' title='bbox 2805 4279 2911 4319; x_wconf 90' lang='lat' dir='ltr'><strong>seu</strong></span> <span class='ocrx_word' id='word_1_550' title='bbox 2942 4264 3073 4320; x_wconf 88' lang='lat' dir='ltr'><strong>aliis</strong></span> <span class='ocrx_word' id='word_1_551' title='bbox 3096 4264 3278 4336; x_wconf 86' lang='lat' dir='ltr'><strong>justis</strong></span> <span class='ocrx_word' id='word_1_552' title='bbox 3306 4265 3530 4336; x_wconf 90' lang='lat' dir='ltr'><strong>modis,</strong></span> 
     </span>
    </p>
   </div>
   <div class='ocr_carea' id='block_1_25' title="bbox 110 4351 3529 4518">
    <p class='ocr_par' dir='ltr' id='par_1_30' title="bbox 110 4351 3529 4518">
     <span class='ocr_line' id='line_1_91' title="bbox 185 4351 3529 4428; baseline 0 -18"><span class='ocrx_word' id='word_1_553' title='bbox 185 4355 729 4424; x_wconf 87' lang='lat' dir='ltr'><strong>Decernimusergo</strong></span> <span class='ocrx_word' id='word_1_554' title='bbox 748 4353 1244 4411; x_wconf 80' lang='lat' dir='ltr'><strong>utnulliomnino</strong></span> <span class='ocrx_word' id='word_1_555' title='bbox 1265 4353 1769 4414; x_wconf 83' lang='lat' dir='ltr'><strong>hominumliceat</strong></span> <span class='ocrx_word' id='word_1_556' title='bbox 1877 4357 2198 4428; x_wconf 73' lang='lat' dir='ltr'><strong>praestante</strong></span> <span class='ocrx_word' id='word_1_557' title='bbox 2248 4351 2524 4418; x_wconf 79' lang='lat' dir='ltr'><strong>Domino,</strong></span> <span class='ocrx_word' id='word_1_558' title='bbox 2567 4352 2780 4424; x_wconf 89' lang='lat' dir='ltr'><strong>poterit</strong></span> <span class='ocrx_word' id='word_1_559' title='bbox 2821 4352 3099 4426; x_wconf 86' lang='lat' dir='ltr'><strong>adipisci,</strong></span> <span class='ocrx_word' id='word_1_560' title='bbox 3145 4355 3325 4410; x_wconf 85' lang='lat' dir='ltr'><strong>firma</strong></span> <span class='ocrx_word' id='word_1_561' title='bbox 3359 4354 3529 4412; x_wconf 87' lang='lat' dir='ltr'><strong>vobis</strong></span> 
     </span>
     <span class='ocr_line' id='line_1_92' title="bbox 110 4418 3526 4518; baseline -0.001 -18"><span class='ocrx_word' id='word_1_562' title='bbox 110 4444 422 4518; x_wconf 80' lang='lat' dir='ltr'><strong>prael’atum</strong></span> <span class='ocrx_word' id='word_1_563' title='bbox 441 4443 871 4499; x_wconf 86' lang='lat' dir='ltr'><strong>monasterium</strong></span> <span class='ocrx_word' id='word_1_564' title='bbox 890 4449 1109 4499; x_wconf 89' lang='lat' dir='ltr'><strong>temere</strong></span> <span class='ocrx_word' id='word_1_565' title='bbox 1127 4442 1767 4517; x_wconf 81' lang='lat' dir='ltr'><strong>perturbare,auteJ‘us</strong></span> <span class='ocrx_word' id='word_1_566' title='bbox 1796 4418 1845 4475; x_wconf 79' lang='lat' dir='ltr'>D</span> <span class='ocrx_word' id='word_1_567' title='bbox 1878 4442 2206 4515; x_wconf 79' lang='lat' dir='ltr'><strong>vestrisque</strong></span> <span class='ocrx_word' id='word_1_568' title='bbox 2249 4441 2699 4498; x_wconf 84' lang='lat' dir='ltr'><strong>successoribus</strong></span> <span class='ocrx_word' id='word_1_569' title='bbox 2739 4446 2794 4497; x_wconf 88' lang='lat' dir='ltr'><strong>et</strong></span> <span class='ocrx_word' id='word_1_570' title='bbox 2838 4440 3071 4499; x_wconf 88' lang='lat' dir='ltr'><strong>illibata</strong></span> <span class='ocrx_word' id='word_1_571' title='bbox 3109 4449 3526 4515; x_wconf 88' lang='lat' dir='ltr'><strong>permaneant.</strong></span> 
     </span>
    </p>
   </div>
   <div class='ocr_carea' id='block_1_26' title="bbox 102 4532 1765 5500">
    <p class='ocr_par' dir='ltr' id='par_1_31' title="bbox 102 4532 1765 5231">
     <span class='ocr_line' id='line_1_93' title="bbox 110 4532 1762 4608; baseline 0.001 -18"><span class='ocrx_word' id='word_1_572' title='bbox 110 4532 784 4608; x_wconf 76' lang='lat' dir='ltr'><strong>possessionesauierre,</strong></span> <span class='ocrx_word' id='word_1_573' title='bbox 812 4534 908 4587; x_wconf 82' lang='lat' dir='ltr'><strong>vel</strong></span> <span class='ocrx_word' id='word_1_574' title='bbox 920 4532 1153 4589; x_wconf 85' lang='lat' dir='ltr'><strong>ablatas</strong></span> <span class='ocrx_word' id='word_1_575' title='bbox 1172 4534 1444 4603; x_wconf 91' lang='lat' dir='ltr'><strong>retinere,</strong></span> <span class='ocrx_word' id='word_1_576' title='bbox 1475 4535 1762 4602; x_wconf 88' lang='lat' dir='ltr'><strong>minuere,</strong></span> 
     </span>
     <span class='ocr_line' id='line_1_94' title="bbox 111 4620 1765 4694; baseline 0.001 -15"><span class='ocrx_word' id='word_1_577' title='bbox 111 4639 216 4679; x_wconf 87' lang='lat' dir='ltr'><strong>seu</strong></span> <span class='ocrx_word' id='word_1_578' title='bbox 248 4620 617 4694; x_wconf 89' lang='lat' dir='ltr'><strong>quibuslibet</strong></span> <span class='ocrx_word' id='word_1_579' title='bbox 644 4621 1062 4678; x_wconf 78' lang='lat' dir='ltr'><strong>vexationibus</strong></span> <span class='ocrx_word' id='word_1_580' title='bbox 1099 4622 1350 4693; x_wconf 85' lang='lat' dir='ltr'><strong>fatigare</strong></span> <span class='ocrx_word' id='word_1_581' title='bbox 1381 4638 1396 4690; x_wconf 88' lang='grc'>;</span> <span class='ocrx_word' id='word_1_582' title='bbox 1428 4623 1535 4679; x_wconf 91' lang='lat' dir='ltr'><strong>sed</strong></span> <span class='ocrx_word' id='word_1_583' title='bbox 1558 4624 1765 4681; x_wconf 90' lang='lat' dir='ltr'><strong>omnia</strong></span> 
     </span>
     <span class='ocr_line' id='line_1_95' title="bbox 109 4712 1764 4784; baseline 0 -15"><span class='ocrx_word' id='word_1_584' title='bbox 109 4714 338 4783; x_wconf 87' lang='lat' dir='ltr'><strong>integra</strong></span> <span class='ocrx_word' id='word_1_585' title='bbox 363 4716 790 4768; x_wconf 86' lang='lat' dir='ltr'><strong>conserventur</strong></span> <span class='ocrx_word' id='word_1_586' title='bbox 809 4726 1040 4777; x_wconf 90' lang='lat' dir='ltr'><strong>eorum,</strong></span> <span class='ocrx_word' id='word_1_587' title='bbox 1065 4726 1175 4784; x_wconf 92' lang='lat' dir='ltr'><strong>pro</strong></span> <span class='ocrx_word' id='word_1_588' title='bbox 1186 4727 1449 4782; x_wconf 91' lang='lat' dir='ltr'><strong>quorum</strong></span> <span class='ocrx_word' id='word_1_589' title='bbox 1467 4712 1764 4783; x_wconf 88' lang='lat' dir='ltr'><strong>guberna-</strong></span> 
     </span>
     <span class='ocr_line' id='line_1_96' title="bbox 107 4801 1765 4868; baseline -0.001 -9"><span class='ocrx_word' id='word_1_590' title='bbox 107 4803 266 4859; x_wconf 87' lang='lat' dir='ltr'><strong>tione</strong></span> <span class='ocrx_word' id='word_1_591' title='bbox 292 4819 361 4859; x_wconf 88' lang='lat' dir='ltr'><strong>ac</strong></span> <span class='ocrx_word' id='word_1_592' title='bbox 388 4803 821 4858; x_wconf 86' lang='lat' dir='ltr'><strong>sustentatione</strong></span> <span class='ocrx_word' id='word_1_593' title='bbox 842 4816 1130 4858; x_wconf 89' lang='lat' dir='ltr'><strong>concessa</strong></span> <span class='ocrx_word' id='word_1_594' title='bbox 1146 4806 1307 4868; x_wconf 88' lang='lat' dir='ltr'><strong>sunt,</strong></span> <span class='ocrx_word' id='word_1_595' title='bbox 1329 4801 1541 4858; x_wconf 90' lang='lat' dir='ltr'><strong>usibus</strong></span> <span class='ocrx_word' id='word_1_596' title='bbox 1566 4802 1765 4858; x_wconf 92' lang='lat' dir='ltr'><strong>omni-</strong></span> 
     </span>
     <span class='ocr_line' id='line_1_97' title="bbox 107 4889 1763 4964; baseline 0 -16"><span class='ocrx_word' id='word_1_597' title='bbox 107 4891 306 4948; x_wconf 90' lang='lat' dir='ltr'><strong>modis</strong></span> <span class='ocrx_word' id='word_1_598' title='bbox 344 4891 677 4964; x_wconf 82' lang='lat' dir='ltr'><strong>profutura,</strong></span> <span class='ocrx_word' id='word_1_599' title='bbox 716 4890 882 4947; x_wconf 84' lang='lat' dir='ltr'><strong>salva</strong></span> <span class='ocrx_word' id='word_1_600' title='bbox 931 4889 1089 4946; x_wconf 89' lang='lat' dir='ltr'><strong>sedis</strong></span> <span class='ocrx_word' id='word_1_601' title='bbox 1119 4890 1461 4963; x_wconf 81' lang='lat' dir='ltr'><strong>apostolicae</strong></span> <span class='ocrx_word' id='word_1_602' title='bbox 1510 4891 1763 4948; x_wconf 87' lang='lat' dir='ltr'><strong>auctori·</strong></span> 
     </span>
     <span class='ocr_line' id='line_1_98' title="bbox 105 4979 1764 5054; baseline -0.001 -16"><span class='ocrx_word' id='word_1_603' title='bbox 105 4986 224 5038; x_wconf 88' lang='lat' dir='ltr'><strong>tate</strong></span> <span class='ocrx_word' id='word_1_604' title='bbox 247 4986 302 5037; x_wconf 90' lang='lat' dir='ltr'><strong>et</strong></span> <span class='ocrx_word' id='word_1_605' title='bbox 329 4981 808 5038; x_wconf 81' lang='lat' dir='ltr'><strong>dioecesanorum</strong></span> <span class='ocrx_word' id='word_1_606' title='bbox 835 4995 1262 5054; x_wconf 82' lang='lat' dir='ltr'><strong>episcoporum</strong></span> <span class='ocrx_word' id='word_1_607' title='bbox 1288 4979 1764 5053; x_wconf 86' lang='lat' dir='ltr'><strong>canonicajusti-</strong></span> 
     </span>
     <span class='ocr_line' id='line_1_99' title="bbox 104 5069 1761 5144; baseline -0.001 -17"><span class='ocrx_word' id='word_1_608' title='bbox 104 5072 207 5128; x_wconf 85' lang='lat' dir='ltr'><strong>tia.</strong></span> <span class='ocrx_word' id='word_1_609' title='bbox 237 5070 294 5126; x_wconf 90' lang='lat' dir='ltr'><strong>Si</strong></span> <span class='ocrx_word' id='word_1_610' title='bbox 337 5088 455 5143; x_wconf 90' lang='lat' dir='ltr'><strong>qua</strong></span> <span class='ocrx_word' id='word_1_611' title='bbox 483 5072 662 5144; x_wconf 90' lang='lat' dir='ltr'><strong>igitur</strong></span> <span class='ocrx_word' id='word_1_612' title='bbox 692 5071 753 5127; x_wconf 88' lang='lat' dir='ltr'><strong>in</strong></span> <span class='ocrx_word' id='word_1_613' title='bbox 782 5069 1050 5127; x_wconf 72' lang='lat' dir='ltr'><strong>futurum</strong></span> <span class='ocrx_word' id='word_1_614' title='bbox 1079 5069 1480 5127; x_wconf 88' lang='lat' dir='ltr'><strong>ecclesiastica</strong></span> <span class='ocrx_word' id='word_1_615' title='bbox 1518 5070 1761 5128; x_wconf 75' lang='lat' dir='ltr'><strong>saecula-</strong></span> 
     </span>
     <span class='ocr_line' id='line_1_100' title="bbox 102 5162 703 5231; baseline -0.003 -13"><span class='ocrx_word' id='word_1_616' title='bbox 102 5162 256 5218; x_wconf 87' lang='lat' dir='ltr'><strong>risve</strong></span> <span class='ocrx_word' id='word_1_617' title='bbox 286 5175 567 5231; x_wconf 87' lang='lat' dir='ltr'><strong>persona,</strong></span> <span class='ocrx_word' id='word_1_618' title='bbox 593 5167 703 5218; x_wconf 86' lang='lat' dir='ltr'><strong>etc.</strong></span> 
     </span>
    </p>

    <p class='ocr_par' dir='ltr' id='par_1_32' title="bbox 177 5248 1554 5321">
     <span class='ocr_line' id='line_1_101' title="bbox 177 5248 1554 5321; baseline 0.001 -18"><span class='ocrx_word' id='word_1_619' title='bbox 177 5248 297 5319; x_wconf 87' lang='lat' dir='ltr'><strong>Ego</strong></span> <span class='ocrx_word' id='word_1_620' title='bbox 328 5248 544 5304; x_wconf 89' lang='lat' dir='ltr'><strong>Lucius</strong></span> <span class='ocrx_word' id='word_1_621' title='bbox 571 5248 879 5306; x_wconf 69' lang='lat' dir='ltr'><strong>catholicin</strong></span> <span class='ocrx_word' id='word_1_622' title='bbox 910 5248 1185 5306; x_wconf 78' lang='lat' dir='ltr'><strong>Ecclesiae</strong></span> <span class='ocrx_word' id='word_1_623' title='bbox 1210 5248 1554 5321; x_wconf 89' lang='lat' dir='ltr'><strong>episcopus.</strong></span> 
     </span>
    </p>

    <p class='ocr_par' dir='ltr' id='par_1_33' title="bbox 174 5337 1395 5411">
     <span class='ocr_line' id='line_1_102' title="bbox 174 5337 1395 5411; baseline 0.002 -18"><span class='ocrx_word' id='word_1_624' title='bbox 174 5340 296 5409; x_wconf 88' lang='lat' dir='ltr'><strong>Ego</strong></span> <span class='ocrx_word' id='word_1_625' title='bbox 328 5338 527 5397; x_wconf 75' lang='lat' dir='ltr'><strong>Petrus</strong></span> <span class='ocrx_word' id='word_1_626' title='bbox 558 5338 1019 5395; x_wconf 86' lang='lat' dir='ltr'><strong>Tusculanensis</strong></span> <span class='ocrx_word' id='word_1_627' title='bbox 1047 5337 1395 5411; x_wconf 85' lang='lat' dir='ltr'><strong>episcopus.</strong></span> 
     </span>
    </p>

    <p class='ocr_par' dir='ltr' id='par_1_34' title="bbox 176 5421 1759 5500">
     <span class='ocr_line' id='line_1_103' title="bbox 176 5421 1759 5500; baseline 0.001 -17"><span class='ocrx_word' id='word_1_628' title='bbox 176 5430 299 5498; x_wconf 88' lang='lat' dir='ltr'><strong>Ego</strong></span> <span class='ocrx_word' id='word_1_629' title='bbox 325 5421 604 5484; x_wconf 76' lang='lat' dir='ltr'><strong>Vi&#39;vianus</strong></span> <span class='ocrx_word' id='word_1_630' title='bbox 627 5427 827 5500; x_wconf 84' lang='lat' dir='ltr'><strong>presb.</strong></span> <span class='ocrx_word' id='word_1_631' title='bbox 860 5428 1024 5485; x_wconf 90' lang='lat' dir='ltr'><strong>card.</strong></span> <span class='ocrx_word' id='word_1_632' title='bbox 1063 5426 1150 5484; x_wconf 89' lang='lat' dir='ltr'><strong>tit.</strong></span> <span class='ocrx_word' id='word_1_633' title='bbox 1173 5426 1458 5500; x_wconf 84' lang='lat' dir='ltr'><strong>Stephani</strong></span> <span class='ocrx_word' id='word_1_634' title='bbox 1484 5427 1542 5484; x_wconf 85' lang='lat' dir='ltr'><strong>in</strong></span> <span class='ocrx_word' id='word_1_635' title='bbox 1576 5425 1759 5485; x_wconf 84' lang='lat' dir='ltr'><strong>Coelio</strong></span> 
     </span>
    </p>
   </div>
   <div class='ocr_carea' id='block_1_27' title="bbox 101 5517 330 5576">
    <p class='ocr_par' dir='ltr' id='par_1_35' title="bbox 101 5517 330 5576">
     <span class='ocr_line' id='line_1_104' title="bbox 101 5517 330 5576; baseline -0.009 0"><span class='ocrx_word' id='word_1_636' title='bbox 101 5517 330 5576; x_wconf 85' lang='lat' dir='ltr'><strong>Monte.</strong></span> 
     </span>
    </p>
   </div>
   <div class='ocr_carea' id='block_1_28' title="bbox 1866 4530 3532 5585">
    <p class='ocr_par' dir='ltr' id='par_1_36' title="bbox 1866 4530 3532 5585">
     <span class='ocr_line' id='line_1_105' title="bbox 1878 4530 3531 4604; baseline -0.001 -14"><span class='ocrx_word' id='word_1_637' title='bbox 1878 4533 2034 4590; x_wconf 79' lang='lat' dir='ltr'><strong>Sane</strong></span> <span class='ocrx_word' id='word_1_638' title='bbox 2075 4530 2385 4588; x_wconf 83' lang='lat' dir='ltr'><strong>novalium</strong></span> <span class='ocrx_word' id='word_1_639' title='bbox 2411 4536 2742 4587; x_wconf 89' lang='lat' dir='ltr'><strong>vestrorum</strong></span> <span class='ocrx_word' id='word_1_640' title='bbox 2781 4546 2916 4604; x_wconf 83' lang='lat' dir='ltr'><strong>quoe</strong></span> <span class='ocrx_word' id='word_1_641' title='bbox 2947 4532 3207 4603; x_wconf 90' lang='lat' dir='ltr'><strong>propriis</strong></span> <span class='ocrx_word' id='word_1_642' title='bbox 3247 4531 3531 4588; x_wconf 82' lang='lat' dir='ltr'><strong>manibus</strong></span> 
     </span>
     <span class='ocr_line' id='line_1_106' title="bbox 1872 4620 3532 4695; baseline 0 -18"><span class='ocrx_word' id='word_1_643' title='bbox 1872 4625 1979 4677; x_wconf 91' lang='lat' dir='ltr'><strong>aut</strong></span> <span class='ocrx_word' id='word_1_644' title='bbox 2005 4620 2349 4695; x_wconf 86' lang='lat' dir='ltr'><strong>sumptibus</strong></span> <span class='ocrx_word' id='word_1_645' title='bbox 2386 4620 2595 4687; x_wconf 89' lang='lat' dir='ltr'><strong>colitis,</strong></span> <span class='ocrx_word' id='word_1_646' title='bbox 2628 4620 2751 4675; x_wconf 86' lang='lat' dir='ltr'><strong>sive</strong></span> <span class='ocrx_word' id='word_1_647' title='bbox 2784 4621 2859 4675; x_wconf 88' lang='lat' dir='ltr'><strong>de</strong></span> <span class='ocrx_word' id='word_1_648' title='bbox 2891 4620 3269 4677; x_wconf 89' lang='lat' dir='ltr'><strong>nutrimentis</strong></span> <span class='ocrx_word' id='word_1_649' title='bbox 3300 4620 3532 4678; x_wconf 89' lang='lat' dir='ltr'><strong>anima·</strong></span> 
     </span>
     <span class='ocr_line' id='line_1_107' title="bbox 1871 4707 3530 4781; baseline -0.001 -14"><span class='ocrx_word' id='word_1_650' title='bbox 1871 4710 2020 4767; x_wconf 91' lang='lat' dir='ltr'><strong>lium</strong></span> <span class='ocrx_word' id='word_1_651' title='bbox 2064 4715 2418 4775; x_wconf 79' lang='lat' dir='ltr'><strong>vestrorum,</strong></span> <span class='ocrx_word' id='word_1_652' title='bbox 2451 4707 2651 4764; x_wconf 90' lang='lat' dir='ltr'><strong>nullus</strong></span> <span class='ocrx_word' id='word_1_653' title='bbox 2689 4724 2726 4765; x_wconf 93' lang='lat' dir='ltr'><strong>a</strong></span> <span class='ocrx_word' id='word_1_654' title='bbox 2762 4708 2935 4765; x_wconf 78' lang='lat' dir='ltr'><strong>vobis</strong></span> <span class='ocrx_word' id='word_1_655' title='bbox 2974 4708 3243 4766; x_wconf 88' lang='lat' dir='ltr'><strong>decimas</strong></span> <span class='ocrx_word' id='word_1_656' title='bbox 3293 4710 3530 4781; x_wconf 87' lang='lat' dir='ltr'><strong>exigere</strong></span> 
     </span>
     <span class='ocr_line' id='line_1_108' title="bbox 1872 4796 3528 4873; baseline 0.001 -17"><span class='ocrx_word' id='word_1_657' title='bbox 1872 4804 2222 4873; x_wconf 78' lang='lat' dir='ltr'><strong>proesumat.</strong></span> <span class='ocrx_word' id='word_1_658' title='bbox 2248 4798 2445 4854; x_wconf 88' lang='lat' dir='ltr'><strong>Liceat</strong></span> <span class='ocrx_word' id='word_1_659' title='bbox 2481 4813 2726 4869; x_wconf 90' lang='lat' dir='ltr'><strong>quoque</strong></span> <span class='ocrx_word' id='word_1_660' title='bbox 2755 4796 2919 4853; x_wconf 82' lang='lat' dir='ltr'><strong>vobis</strong></span> <span class='ocrx_word' id='word_1_661' title='bbox 2945 4797 3193 4855; x_wconf 88' lang='lat' dir='ltr'><strong>clericos</strong></span> <span class='ocrx_word' id='word_1_662' title='bbox 3223 4798 3312 4854; x_wconf 84' lang='lat' dir='ltr'><strong>vel</strong></span> <span class='ocrx_word' id='word_1_663' title='bbox 3342 4799 3528 4857; x_wconf 84' lang='lat' dir='ltr'><strong>laicos</strong></span> 
     </span>
     <span class='ocr_line' id='line_1_109' title="bbox 1871 4885 3527 4958; baseline -0.001 -11"><span class='ocrx_word' id='word_1_664' title='bbox 1871 4906 1904 4947; x_wconf 93' lang='lat' dir='ltr'><strong>e</strong></span> <span class='ocrx_word' id='word_1_665' title='bbox 1933 4888 2153 4946; x_wconf 81' lang='lat' dir='ltr'><strong>saeculo</strong></span> <span class='ocrx_word' id='word_1_666' title='bbox 2192 4887 2485 4958; x_wconf 82' lang='lat' dir='ltr'><strong>fugientes</strong></span> <span class='ocrx_word' id='word_1_667' title='bbox 2511 4885 2730 4942; x_wconf 87' lang='lat' dir='ltr'><strong>liberos</strong></span> <span class='ocrx_word' id='word_1_668' title='bbox 2755 4892 2812 4943; x_wconf 91' lang='lat' dir='ltr'><strong>et</strong></span> <span class='ocrx_word' id='word_1_669' title='bbox 2840 4886 3147 4943; x_wconf 87' lang='lat' dir='ltr'><strong>absolutos</strong></span> <span class='ocrx_word' id='word_1_670' title='bbox 3176 4888 3256 4943; x_wconf 86' lang='lat' dir='ltr'><strong>ad</strong></span> <span class='ocrx_word' id='word_1_671' title='bbox 3283 4904 3527 4945; x_wconf 86' lang='lat' dir='ltr'><strong>conver-</strong></span> 
     </span>
     <span class='ocr_line' id='line_1_110' title="bbox 1871 4974 3525 5048; baseline -0.001 -13"><span class='ocrx_word' id='word_1_672' title='bbox 1871 4979 2101 5035; x_wconf 89' lang='lat' dir='ltr'><strong>sionem</strong></span> <span class='ocrx_word' id='word_1_673' title='bbox 2129 4976 2411 5048; x_wconf 88' lang='lat' dir='ltr'><strong>recipere,</strong></span> <span class='ocrx_word' id='word_1_674' title='bbox 2444 4981 2499 5031; x_wconf 89' lang='lat' dir='ltr'><strong>et</strong></span> <span class='ocrx_word' id='word_1_675' title='bbox 2527 4990 2631 5030; x_wconf 90' lang='lat' dir='ltr'><strong>eos</strong></span> <span class='ocrx_word' id='word_1_676' title='bbox 2659 4974 2893 5047; x_wconf 86' lang='lat' dir='ltr'><strong>absque</strong></span> <span class='ocrx_word' id='word_1_677' title='bbox 2923 4976 3390 5033; x_wconf 88' lang='lat' dir='ltr'><strong>contradictione</strong></span> <span class='ocrx_word' id='word_1_678' title='bbox 3422 4976 3525 5034; x_wconf 87' lang='lat' dir='ltr'><strong>ali-</strong></span> 
     </span>
     <span class='ocr_line' id='line_1_111' title="bbox 1869 5064 3524 5142; baseline -0.001 -18"><span class='ocrx_word' id='word_1_679' title='bbox 1869 5083 1995 5142; x_wconf 88' lang='lat' dir='ltr'><strong>qua</strong></span> <span class='ocrx_word' id='word_1_680' title='bbox 2021 5067 2295 5123; x_wconf 88' lang='lat' dir='ltr'><strong>retinere.</strong></span> <span class='ocrx_word' id='word_1_681' title='bbox 2334 5064 2724 5121; x_wconf 87' lang='lat' dir='ltr'><strong>Prohibemus</strong></span> <span class='ocrx_word' id='word_1_682' title='bbox 2751 5064 2996 5136; x_wconf 89' lang='lat' dir='ltr'><strong>insuper</strong></span> <span class='ocrx_word' id='word_1_683' title='bbox 3020 5072 3081 5121; x_wconf 88' lang='lat' dir='ltr'><strong>ut</strong></span> <span class='ocrx_word' id='word_1_684' title='bbox 3102 5066 3248 5122; x_wconf 88' lang='lat' dir='ltr'><strong>nulli</strong></span> <span class='ocrx_word' id='word_1_685' title='bbox 3270 5067 3524 5123; x_wconf 79' lang='lat' dir='ltr'><strong>fratrum</strong></span> 
     </span>
     <span class='ocr_line' id='line_1_112' title="bbox 1868 5153 3525 5228; baseline -0.001 -14"><span class='ocrx_word' id='word_1_686' title='bbox 1868 5164 2224 5223; x_wconf 82' lang='lat' dir='ltr'><strong>vestrorum,</strong></span> <span class='ocrx_word' id='word_1_687' title='bbox 2258 5160 2394 5228; x_wconf 90' lang='lat' dir='ltr'><strong>post</strong></span> <span class='ocrx_word' id='word_1_688' title='bbox 2438 5154 2662 5211; x_wconf 79' lang='lat' dir='ltr'><strong>factam</strong></span> <span class='ocrx_word' id='word_1_689' title='bbox 2697 5153 2757 5209; x_wconf 92' lang='lat' dir='ltr'><strong>in</strong></span> <span class='ocrx_word' id='word_1_690' title='bbox 2798 5153 3012 5210; x_wconf 88' lang='lat' dir='ltr'><strong>eodem</strong></span> <span class='ocrx_word' id='word_1_691' title='bbox 3043 5154 3176 5211; x_wconf 91' lang='lat' dir='ltr'><strong>loco</strong></span> <span class='ocrx_word' id='word_1_692' title='bbox 3203 5156 3525 5228; x_wconf 75' lang='lat' dir='ltr'><strong>professio-</strong></span> 
     </span>
     <span class='ocr_line' id='line_1_113' title="bbox 1868 5242 3524 5317; baseline -0.001 -15"><span class='ocrx_word' id='word_1_693' title='bbox 1868 5263 2026 5312; x_wconf 89' lang='lat' dir='ltr'><strong>nem,</strong></span> <span class='ocrx_word' id='word_1_694' title='bbox 2045 5246 2134 5303; x_wconf 82' lang='lat' dir='ltr'><strong>fas</strong></span> <span class='ocrx_word' id='word_1_695' title='bbox 2154 5246 2247 5311; x_wconf 90' lang='lat' dir='ltr'><strong>sit,</strong></span> <span class='ocrx_word' id='word_1_696' title='bbox 2272 5243 2504 5317; x_wconf 81' lang='lat' dir='ltr'><strong>absque</strong></span> <span class='ocrx_word' id='word_1_697' title='bbox 2525 5242 2765 5300; x_wconf 86' lang='lat' dir='ltr'><strong>abbatis</strong></span> <span class='ocrx_word' id='word_1_698' title='bbox 2786 5242 2876 5298; x_wconf 83' lang='lat' dir='ltr'><strong>sui</strong></span> <span class='ocrx_word' id='word_1_699' title='bbox 2892 5242 3151 5315; x_wconf 89' lang='lat' dir='ltr'><strong>licentia,</strong></span> <span class='ocrx_word' id='word_1_700' title='bbox 3175 5245 3289 5300; x_wconf 92' lang='lat' dir='ltr'><strong>nisi</strong></span> <span class='ocrx_word' id='word_1_701' title='bbox 3314 5247 3524 5301; x_wconf 84' lang='lat' dir='ltr'><strong>arctio-</strong></span> 
     </span>
     <span class='ocr_line' id='line_1_114' title="bbox 1866 5331 3520 5406; baseline 0.001 -14"><span class='ocrx_word' id='word_1_702' title='bbox 1866 5336 1949 5392; x_wconf 90' lang='lat' dir='ltr'><strong>ris</strong></span> <span class='ocrx_word' id='word_1_703' title='bbox 1987 5333 2288 5406; x_wconf 88' lang='lat' dir='ltr'><strong>religionis</strong></span> <span class='ocrx_word' id='word_1_704' title='bbox 2334 5331 2605 5398; x_wconf 90' lang='lat' dir='ltr'><strong>obtentu,</strong></span> <span class='ocrx_word' id='word_1_705' title='bbox 2637 5331 2712 5389; x_wconf 87' lang='lat' dir='ltr'><strong>de</strong></span> <span class='ocrx_word' id='word_1_706' title='bbox 2763 5331 2979 5388; x_wconf 91' lang='lat' dir='ltr'><strong>eodem</strong></span> <span class='ocrx_word' id='word_1_707' title='bbox 3030 5332 3162 5390; x_wconf 86' lang='lat' dir='ltr'><strong>loco</strong></span> <span class='ocrx_word' id='word_1_708' title='bbox 3191 5333 3520 5403; x_wconf 89' lang='lat' dir='ltr'><strong>discedere,</strong></span> 
     </span>
     <span class='ocr_line' id='line_1_115' title="bbox 1867 5419 3519 5495; baseline -0.001 -14"><span class='ocrx_word' id='word_1_709' title='bbox 1867 5423 2275 5482; x_wconf 86' lang='lat' dir='ltr'><strong>discedentem</strong></span> <span class='ocrx_word' id='word_1_710' title='bbox 2300 5436 2440 5478; x_wconf 87' lang='lat' dir='ltr'><strong>vero</strong></span> <span class='ocrx_word' id='word_1_711' title='bbox 2480 5419 2710 5495; x_wconf 90' lang='lat' dir='ltr'><strong>absque</strong></span> <span class='ocrx_word' id='word_1_712' title='bbox 2738 5422 3154 5479; x_wconf 87' lang='lat' dir='ltr'><strong>communium</strong></span> <span class='ocrx_word' id='word_1_713' title='bbox 3185 5423 3519 5482; x_wconf 88' lang='lat' dir='ltr'><strong>litterarum</strong></span> 
     </span>
     <span class='ocr_line' id='line_1_116' title="bbox 1867 5509 3521 5585; baseline 0 -13"><span class='ocrx_word' id='word_1_714' title='bbox 1867 5513 2143 5572; x_wconf 80' lang='lat' dir='ltr'><strong>cautione</strong></span> <span class='ocrx_word' id='word_1_715' title='bbox 2172 5511 2371 5570; x_wconf 89' lang='lat' dir='ltr'><strong>nullus</strong></span> <span class='ocrx_word' id='word_1_716' title='bbox 2399 5510 2617 5568; x_wconf 90' lang='lat' dir='ltr'><strong>audeat</strong></span> <span class='ocrx_word' id='word_1_717' title='bbox 2642 5509 2912 5568; x_wconf 89' lang='lat' dir='ltr'><strong>retinere.</strong></span> <span class='ocrx_word' id='word_1_718' title='bbox 2939 5511 3087 5570; x_wconf 90' lang='lat' dir='ltr'><strong>Cum</strong></span> <span class='ocrx_word' id='word_1_719' title='bbox 3117 5515 3318 5570; x_wconf 88' lang='lat' dir='ltr'><strong>autem</strong></span> <span class='ocrx_word' id='word_1_720' title='bbox 3343 5528 3521 5585; x_wconf 89' lang='lat' dir='ltr'><strong>gene-</strong></span> 
     </span>
    </p>
   </div>
  </div>
 </body>
</html>
