3784 6000
276 214 419 280 ,1215

1701 210 1892 268 Lucu
1933 210 2011 267 111
2051 210 2260 269 PAPAE

3561 214 3685 275 tm

276 338 764 397 constitutionem
794 335 953 393 illam
985 341 1176 393 ratam
1203 341 1261 393 et
1283 334 1697 393 inconvulsam
1717 334 1929 392 suturis
1958 335 2004 390 Α
2110 337 2506 394 Prudentibus
2521 338 2858 410 virginibus
2872 354 3010 412 quoe
3025 338 3142 396 sub
3156 336 3699 411 habitureligionis,

275 427 649 501 temporibus
672 425 1051 482 decernimus
1071 439 1446 497 permanere.
1464 426 1735 482 chrisma
1763 440 1926 491 vero,

277 517 475 575 oleum
499 522 797 585 sanctum,
821 516 1299 571 consecrationes
1320 515 1597 572 altarium
1629 531 1737 570 seu
1766 513 1926 571 basi·

274 606 546 672 licarum,
570 604 978 661 ordinationes
995 605 1426 661 canonicorum
1444 620 1548 660 seu
1569 604 1926 660 clericorum

279 700 611 751 vestrorum
623 693 724 766 qui
738 692 813 749 ad
831 707 1034 750 sacros
1047 693 1286 749 ordines
1300 692 1519 750 fuerint
1530 689 1928 767 promovendi

276 798 314 840 a
336 782 678 839 dioecesano
704 780 1040 853 suscipietis
1067 781 1373 854 episcopo,
1406 781 1704 854 siquidem
1731 781 1932 839 catho-

272 871 426 928 licus
465 869 639 926 fuerit
667 873 724 925 et
754 870 1006 941 gratiam
1046 870 1393 942 apostolicoe
1436 870 1597 927 sedis
1631 870 1925 937 habuerit,

277 964 335 1019 et
361 975 434 1017 ea
454 960 639 1031 gratis
662 965 717 1014 et
740 960 971 1032 absque
995 961 1252 1033 pecunia
1275 961 1361 1017 vel
1392 960 1701 1017 exactione
1730 960 1932 1033 aliqua

283 1050 453 1108 vobis
477 1043 727 1107 voluerit
756 1049 1035 1106 exhihere
1059 1067 1074 1117 ;
1108 1049 1374 1124 alioquin
1395 1050 1475 1107 ad
1502 1063 1930 1123 quemcunque

281 1138 613 1195 malueritis
653 1137 974 1195 antistitem
1012 1139 1314 1203 recurrite,
1364 1140 1467 1212 qui
1503 1143 1710 1197 nostra
1748 1138 1930 1195 fultus

280 1227 645 1294 auctoritate,
676 1227 841 1300 quod
887 1226 1226 1300 postulatur
1263 1226 1580 1300 indulgeat.
1623 1231 1928 1294 Praeterea,

283 1331 498 1374 omnes
524 1316 825 1373 libertates
858 1332 964 1372 seu
987 1317 1165 1373 etiam
1199 1316 1603 1374 immunitates
1633 1333 1702 1373 ac
1738 1317 1933 1388 regias

281 1406 749 1465 consuetudines
793 1423 830 1464 a
867 1409 1229 1464 Francorum
1264 1405 1506 1480 regibus
1546 1408 1720 1464 vobis
1753 1413 1808 1465 et
1841 1424 1935 1464 ec-

283 1495 480 1552 clesioe
506 1500 715 1552 vestras
732 1495 995 1554 indultas
1016 1497 1284 1570 etscripti
1301 1498 1392 1553 sui
1415 1497 1747 1554 munimine
1762 1497 1935 1555 robo-

282 1588 443 1643 ratas
459 1584 810 1642 auctoritate
823 1584 1148 1657 apostolica
1160 1586 1592 1644 confirmamus
1606 1586 1934 1644 etillibatas

286 1673 605 1732 statuimus
631 1679 920 1747 perpetuo
951 1690 1326 1746 permanere.

359 1763 674 1821 Sancimus
700 1779 945 1837 quoque
969 1770 1026 1821 et
1052 1765 1326 1836 proesenti
1354 1765 1592 1823 decreto
1615 1766 1933 1826 statuimus

288 1857 354 1909 ut
391 1851 538 1909 nulli
579 1850 1031 1926 archiepiscopo
1079 1852 1172 1911 vel
1211 1854 1494 1928 episcopo
1535 1871 1640 1912 seu
1688 1856 1931 1913 cuilibet

283 1954 556 2014 personoe
586 1942 977 1999 commissam
1006 1942 1181 1999 vobis
1214 1942 1545 2004 ecclesiam,
1569 1944 1655 2000 vel
1684 1960 1795 2001 nos
1830 1949 1935 2002 aut

284 2029 532 2087 clericos
551 2029 717 2087 chori
748 2029 951 2097 vestri,
984 2031 1095 2088 nisi
1129 2034 1401 2089 Romano
1435 2033 1698 2105 pontifici
1730 2033 1821 2090 vel
1847 2034 1933 2092 le-

287 2122 426 2190 gato
441 2119 494 2192 ej
504 2135 594 2186 us,
617 2123 720 2177 aut
733 2120 914 2177 etiam
931 2119 1006 2177 de
1025 2120 1266 2193 speciali
1286 2121 1572 2179 mandato
1588 2116 1934 2194 apostolicis

285 2207 466 2278 sedis,
492 2211 1039 2276 excommunicare,
1070 2225 1175 2266 seu
1202 2226 1240 2267 a
1267 2210 1485 2267 divinis
1506 2210 1718 2267 officiis
1759 2211 1935 2268 inter·

286 2296 479 2354 dicere
508 2303 609 2354 aut
641 2298 1009 2371 suspendere
1031 2298 1225 2357 liceat.
1258 2298 1653 2357 Prohibemus
1690 2303 1937 2373 insuper

286 2390 351 2442 ut
387 2385 534 2443 nulli
562 2385 975 2444 ecclesiasticoe
997 2387 1088 2444 vel
1110 2389 1523 2463 cujuscunque
1552 2389 1776 2446 ordinis
1806 2405 1939 2463 per-

284 2491 444 2532 sonoe
484 2475 575 2533 fas
622 2477 696 2533 sit
737 2476 1034 2534 indebitas
1072 2477 1412 2535 exactiones
1445 2477 1706 2535 ecclesiis
1732 2479 1938 2536 vestris

285 2567 391 2621 aut
431 2564 698 2636 capellis,
739 2571 842 2623 aut
879 2567 1290 2624 sacerdotibus
1340 2584 1551 2625 earum
1602 2569 1933 2641 imponere.

285 2653 659 2708 Decernimus
684 2669 828 2724 ergo
860 2660 922 2711 ut
945 2655 1090 2711 nulli
1125 2655 1398 2722 omnino,
1429 2661 1539 2713 etc.

355 2743 475 2813 Ego
510 2741 725 2798 Lucius
755 2741 1061 2800 catholicas
1096 2744 1364 2801 Ecclesiae
1395 2745 1743 2817 episcopus.

353 2833 476 2902 Ego
504 2830 846 2889 Theodinus
873 2831 1213 2889 portuensis
1235 2837 1291 2889 et
1318 2835 1547 2890 Sanctae
1566 2835 1792 2892 Rutinoe
1813 2835 1937 2907 epi·-

286 2935 525 2992 scopus.

355 3012 478 3080 Ego
508 3010 793 3066 Henricus
825 3010 1180 3067 Albanensis
1209 3012 1542 3084 episcopus.

356 3100 476 3170 Ego
507 3099 708 3155 Petrus
736 3098 1057 3155 cardinalis
1088 3102 1317 3158 Sanctae
1350 3101 1658 3158 Susannae.

355 3190 476 3261 Ego
524 3187 807 3245 vivianus
847 3189 1041 3247 Sancti
1095 3190 1377 3263 Stephani
1417 3191 1478 3248 in
1537 3189 1937 3249 Coelio-lltonte

284 3276 551 3350 presbyt.
575 3275 917 3334 cardinalis.

354 3367 477 3437 Ego
516 3366 825 3423 Laborans
865 3366 1063 3440 presb.
1109 3367 1430 3425 cardinalis
1470 3372 1699 3426 Sanctae
1737 3370 1934 3427 Mariae

285 3461 454 3513 trans
479 3454 728 3512 Tiberim
759 3456 842 3512 tit.
875 3456 1105 3515 Calixti.

355 3546 476 3615 Ego
497 3542 740 3601 Pandus
767 3545 967 3617 presb.
1000 3546 1164 3602 card.
1197 3547 1277 3605 tit.
1306 3547 1566 3604 Basilicas
1589 3563 1664 3605 ιιι
1691 3551 1936 3619 Aposto-

282 3632 500 3691 lorum.

353 3722 474 3794 Ego
505 3722 737 3780 Ardicio
767 3722 920 3781 diac.
952 3724 1117 3781 card.
1144 3725 1344 3782 Sancti
1373 3725 1682 3783 Theodori.

357 3813 476 3882 Ego
520 3812 838 3869 Gratianus
877 3812 1236 3871 Sanctorum
1288 3816 1518 3872 Cosmae
1563 3819 1620 3872 et
1659 3815 1937 3874 Damiani

284 3898 439 3957 diac.
481 3900 823 3959 cardinalis.

360 3991 481 4060 Ego
521 3991 818 4048 Gerardus
850 3992 907 4050 S.
940 3990 1182 4049 Adriani
1213 3991 1370 4050 diac.
1398 3992 1742 4051 cardinalis.

358 4081 481 4151 Ego
515 4080 818 4137 Sostredus
844 4080 1002 4137 diac.
1036 4081 1200 4138 card.
1229 4081 1285 4138 S.
1319 4081 1512 4140 lttariae
1534 4082 1592 4138 in
1630 4081 1736 4139 Via
1774 4083 1939 4141 Lata.

363 4168 485 4240 Ego
506 4168 757 4225 Albinus
784 4170 940 4226 diac.
964 4169 1108 4226 card
1147 4172 1203 4227 S.
1245 4170 1438 4228 Μαι-ἰῶ
1469 4174 1667 4229 Novas.

361 4259 572 4312 Datum
604 4259 847 4330 Segniae,
877 4274 984 4331 per
1009 4275 1263 4316 manum
1301 4259 1518 4317 Alberti
1568 4261 1798 4318 Sanctae
1838 4264 1946 4321 Ro·

286 4358 485 4401 manas
517 4344 786 4403 Ecclesiae
809 4348 1137 4421 presbyteri
1153 4347 1475 4405 cardinalis
1506 4354 1563 4405 et
1581 4350 1943 4420 cancellarii,

290 4448 390 4488 vm
439 4431 567 4488 Kal.
612 4433 770 4501 Julii,
812 4434 1020 4492 indict.
1064 4451 1106 4505 t,
1145 4437 1571 4494 incarnationis
1620 4438 1944 4498 Dominiooe

294 4519 448 4593 ¹183,
476 4520 862 4594 pontificatus
890 4539 1031 4582 vero
1055 4524 1263 4582 domui
1290 4525 1450 4583 Lucii
1485 4542 1656 4601 papoe
1686 4528 1755 4585 111
1781 4543 1944 4587 auno

292 4610 580 4669 secundo.

1086 4721 1232 4780 CXI.

290 4808 612 4881 Privileot'a
635 4810 997 4880 parthenoni
1032 4810 1086 4867 S.
1126 4811 1445 4870 Zac-liam
1485 4812 1681 4870 Veneti
1705 4814 1781 4871 ab
1803 4815 1941 4873 Ale-

608 4882 848 4939 xandro
876 4881 972 4938 III
996 4897 1259 4940 concessa
1292 4883 1620 4955 confirmat.

862 4971 1122 5044 (Signini,
1147 4972 1262 5028 Jul.
1293 4975 1375 5043 6.)

502 5061 859 5136 [Consanum
888 5062 1156 5120 Ecclesiae
1185 5062 1430 5129 Venetae,
1464 5063 1548 5136 xl,
1580 5063 1728 5134 376.]

364 5150 564 5208 Luctus
589 5149 932 5223 episcopus,
964 5166 1171 5207 servus
1197 5167 1512 5209 servorum
1552 5152 1671 5219 Dei,
1708 5151 1941 5210 dilectis

292 5240 355 5297 in
407 5239 639 5296 Christo
683 5238 922 5297 filiabus
970 5242 1189 5298 (ἔμοι-Β.
1228 5242 1550 5300 abbatissas
1603 5242 1943 5300 monasterii

294 5329 352 5385 S.
385 5328 688 5386 Zachariae
729 5327 805 5386 de
842 5328 1120 5397 venetiis,
1165 5330 1416 5404 ejusque
1459 5331 1783 5397 sororibus,
1816 5336 1941 5389 tam

294 5417 692 5487 praesentibus
702 5434 880 5491 quam
893 5418 1481 5491 tuturis.regulariter
1490 5417 1940 5488 substituendis,

296 5501 362 5562 in
387 5509 767 5582 perpetuum.

2037 425 2307 481 accensis
2330 426 2739 501 lampadibus,
2768 443 2874 500 per
2902 443 3089 502 opera
3127 429 3476 485 sanctitatis
3493 429 3702 501 iugiter

2037 528 2100 570 se
2128 522 2470 587 proeparant
2492 517 2575 573 ire
2599 516 2846 574 obviam
2879 519 3133 591 sponso.
3159 516 3340 574 sedes
3365 518 3703 590 apostolica

2034 600 2214 659 debet
2225 604 2570 675 praesidium
2584 604 2662 661 im
2671 605 2973 679 pertiri,ne
2986 605 3133 663 forte
3148 606 3241 678 cuj
3253 605 3485 672 uslibet
3496 607 3706 665 temeri·

2036 691 2171 749 tatis
2197 691 2494 763 incursus,
2526 699 2631 751 aut
2649 711 2749 753 eas
2779 695 3059 768 appositu
3087 696 3146 768 [a
3174 696 3524 769 proposito]
3553 712 3706 754 revo-

2036 784 2148 847 cet,
2164 787 2268 839 aut
2279 783 2656 857 rohai-‚quod
2667 783 2854 841 absit!
2876 800 3062 841 sacrae
3075 784 3387 856 religionis
3405 784 3704 857 infringat.

2038 871 2383 942 Eapropter,
2423 872 2653 930 dilectas
2694 875 2753 929 in
2786 872 3041 931 Domino
3081 872 3239 938 tilioe,
3284 874 3516 932 vestris
3539 874 3710 946 justis

2038 959 2537 1030 postulationihus
2565 961 2887 1019 clementer
2911 963 3261 1029 annuimus,
3294 968 3355 1020 et
3387 963 3705 1035 proeiatum
3783 1024 3784 1029 ,

2038 1049 2470 1107 monasterium
2498 1052 2552 1108 S.
2568 1051 2867 1109 Zachariae
2882 1051 2957 1108 de
2982 1051 3233 1109 Venetiis
3262 1051 3327 1108 in
3357 1067 3496 1125 quo
3517 1052 3712 1110 divino

2037 1136 2178 1193 estis
2197 1138 2491 1211 obsequio
2532 1128 2911 1214 mancipium,
2947 1141 3025 1198 ad
3050 1141 3366 1215 exemplar
3393 1141 3596 1199 seticis
3631 1157 3713 1199 re.

2039 1225 2180 1282 cord
2188 1227 2405 1284 ationis
2418 1228 2736 1285 Alexandri
2752 1244 2921 1303 papae
2935 1229 3393 1302 praedecessoris
3405 1230 3604 1288 nostri
3617 1230 3716 1288 sub

2037 1313 2197 1371 beati
2227 1317 2369 1373 Petri
2400 1322 2455 1373 et
2475 1322 2681 1375 nostra
2692 1319 3056 1390 protectione
3077 1319 3458 1391 suscipimus
3482 1324 3544 1377 et
3573 1336 3717 1392 proe·

2039 1405 2221 1461 sentis
2279 1406 2476 1479 scripti
2535 1406 2843 1479 privilegio
2882 1410 3358 1466 communimus.
3413 1409 3712 1483 Imprimis

2042 1492 2342 1565 siquidem
2364 1500 2692 1552 statuentes
2720 1495 2942 1553 utordo
2978 1497 3349 1554 monasticus
3369 1499 3487 1571 qui
3512 1514 3714 1556 secun·

2040 1580 2187 1636 dum
2213 1581 2399 1638 Deum
2425 1582 2971 1642 etCluniacensium
2992 1585 3245 1642 fratrum
3263 1585 3711 1644 observantiam

1970 1691 2013 1746 B
2042 1669 2125 1743 ibi
2154 1671 2415 1726 noscitur
2439 1671 2763 1739 institutus,
2781 1660 3089 1746 'perpetuis
3117 1674 3510 1746 temporibus
3543 1677 3713 1731 invio-

2039 1757 2296 1815 labiliter
2321 1759 2686 1817 observetur.
2715 1765 3021 1830 t’roeterea,
3048 1777 3463 1837 quascunque
3493 1778 3711 1836 posses-

2043 1847 2263 1914 siones,
2276 1863 2654 1923 quaeeunque
2670 1851 2835 1907 bona
2850 1849 3010 1908 idem
3027 1851 3477 1910 monasterium
3489 1852 3575 1910 im
3582 1867 3714 1925 prn-

2042 1937 2370 1993 sentarium
2401 1937 2563 2008 juste
2593 1943 2648 1995 et
2678 1939 2965 1997 canonice
2996 1940 3286 2012 possidet,
3323 1944 3441 1998 aut
3473 1941 3537 1998 in
3565 1941 3712 1998 tutu·

2041 2039 2176 2081 rum
2204 2025 2593 2084 concessione
2621 2027 2995 2100 pontificum,
3022 2029 3344 2101 largitione
3375 2045 3599 2102 regum
3627 2030 3710 2088 vel

2042 2113 2405 2189 principum,
2435 2114 2738 2175 oblatione
2767 2117 3056 2184 fidelium,
3089 2134 3195 2174 seu
3224 2119 3363 2176 aliis
3377 2120 3567 2191 justis
3593 2136 3713 2178 mo-

2042 2202 2140 2259 dis
2162 2206 2280 2261 Deo
2309 2205 2566 2278 propitio
2593 2207 2907 2278 poteritadi
2918 2206 3088 2280 pisci,
3121 2207 3303 2266 firma
3335 2208 3525 2266 vobis
3552 2210 3712 2268 ethis

2044 2308 2181 2367 quae
2207 2297 2343 2367 post
2368 2310 2473 2351 vos
2499 2296 2917 2362 successerint,
2944 2301 3005 2352 et
3025 2295 3257 2354 illibata
3290 2301 3710 2370 permaneant.

2047 2386 2109 2439 ln
2138 2382 2357 2455 quibus
2386 2383 2515 2440 hoec
2532 2385 2787 2458 propriis
2806 2385 3091 2443 duximus
3109 2386 3525 2459 exprimenda
3550 2403 3710 2446 voca·

2048 2470 2206 2528 bulis
2241 2489 2254 2528 :

2117 2560 2353 2618 Curtem
2391 2562 2567 2619 sitam
2592 2562 2653 2618 in
2687 2561 2820 2620 loco
2857 2563 2963 2636 qui
2993 2562 3246 2620 Petrolio
3286 2569 3550 2623 vocatur
3581 2580 3703 2622 cum

2046 2650 2296 2707 ecclesia
2340 2651 2537 2708 Sancti
2594 2652 2835 2709 Thomas
2891 2658 2947 2709 et
2999 2652 3286 2710 omnibus
3340 2654 3704 2726 pertinentiis

2046 2739 2189 2803 suis,
2222 2745 2449 2796 curtem
2466 2741 2720 2812 positam
2739 2739 2943 2798 inloco
2959 2741 3060 2815 qui
3083 2740 3299 2799 dicitur
3322 2741 3562 2815 Clugia.
3583 2758 3705 2800 cum

2044 2829 2329 2886 omnibus
2365 2830 2729 2902 pertinentiis
2761 2831 2920 2897 suis;
2956 2847 3199 2887 mansos
3228 2830 3339 2905 qui
3370 2831 3556 2905 positi
3580 2836 3703 2889 sunt

2045 2918 2105 2975 in
2133 2917 2268 2975 loco
2295 2917 2399 2992 qui
2430 2917 2644 2976 dicitur
2673 2919 3047 2976 Runcaberto
3071 2935 3214 2977 cum
3240 2920 3545 2978 omnibus
3580 2936 3705 3007 perf

1971 3024 2012 3081 c
2045 3008 2305 3085 tinentiis
2332 3010 2489 3077 suis;
2524 3024 2768 3067 mansos
2796 3010 2899 3083 qui
2944 3009 3121 3083 positi
3158 3012 3396 3068 suntin
3425 3012 3706 3070 comitatu

2043 3098 2349 3155 'tarvisino
2373 3102 2431 3154 et
2467 3098 2869 3172 pertinentiis;
2908 3099 3160 3174 'tarvisii‘
3191 3105 3252 3157 et
3290 3100 3707 3172 possessiones

2042 3201 2196 3261 quas
2211 3186 2443 3244 habetis
2456 3186 2515 3244 in
2529 3187 2881 3260 episcopatu
2894 3187 3154 3245 Civitatis
3167 3190 3354 3246 Novae
3371 3204 3518 3248 cum
3529 3189 3710 3248 omni·

2042 3276 2157 3333 bus
2187 3276 2552 3348 pertinentiis
2581 3276 2728 3344 suis,
2756 3281 2813 3333 et
2835 3275 3134 3350 quidquid
3162 3275 3410 3335 habetis
3440 3277 3506 3335 in
3533 3278 3710 3337 Saeco

2042 3368 2102 3422 et
2141 3365 2201 3421 in
2225 3367 2389 3437 Lupa
2426 3370 2483 3422 et
2519 3366 2581 3422 in
2617 3365 2901 3422 Paduano
2925 3364 3217 3433 districtu,
3258 3366 3325 3423 in
3367 3365 3624 3425 Livenza
3661 3371 3715 3425 et

2044 3454 2104 3511 in
2134 3454 2522 3512 Laurentiaca
2551 3459 2734 3528 atque
2758 3469 2968 3513 earum
2997 3454 3403 3528 appendiciis.
3441 3457 3712 3514 Decima·

2042 3559 2286 3617 quoque
2322 3544 2596 3601 omnium
2634 3543 2986 3601 colonorum
3030 3548 3088 3600 et
3127 3548 3424 3602 terrarum
3468 3561 3628 3617 quas
3658 3547 3713 3603 in

2042 3632 2341 3707 praedictis
2368 3631 2515 3689 locis
2540 3638 2597 3690 et
2621 3633 2888 3690 curtibus
2911 3632 3352 3691 rationabiliter
3376 3635 3714 3693 secundum

2045 3721 2353 3797 antiquam
2366 3722 2777 3794 possessiones
2789 3720 3137 3795 possidetis,
3155 3722 3327 3780 vobis
3341 3722 3720 3782 nihilominus

2046 3809 2498 3868 confirmamus.
2522 3810 2912 3868 prohibemus
2932 3816 3134 3869 autem
3165 3811 3416 3869 utnulla
3435 3812 3717 3887 deinceps

2048 3915 2220 3958 soror
2250 3900 2313 3956 in
2352 3899 2567 3957 eodem
2598 3886 2962 3958 monasterio
2994 3900 3372 3968 admittatur,
3407 3917 3556 3976 quae
3596 3916 3714 3976 pro-

2042 3989 2359 4068 prietatem
2389 3988 2584 4047 modis
2599 3988 2966 4062 quibuslibet
2982 3989 3121 4047 hinc
3136 3997 3500 4063 prasumat.
3521 3989 3716 4066 Sepul-

2039 4070 2250 4158 Juram
2267 4093 2509 4153 quoque
2535 4079 2722 4151 ipsius
2746 4078 2860 4135 loci
2878 4077 3126 4136 liberam
3148 4093 3281 4135 esse
3306 4079 3711 4146 decernimus,

2054 4173 2118 4225 ut
2158 4184 2365 4224 eorum
2400 4166 2703 4224 devotioni
2747 4172 2804 4225 et
2841 4172 3114 4226 extremae
3152 4166 3487 4235 voluntati,
3533 4170 3640 4242 qui
3668 4183 3722 4225 se

2050 4255 2168 4314 illic
2193 4256 2425 4331 sepeliri
2446 4255 2926 4323 deliberaverint,
2968 4256 3080 4313 nisi
3111 4255 3263 4314 forte
3299 4259 3720 4317 excommuni-

2053 4346 2168 4403 cati
2201 4346 2291 4402 vel
2310 4344 2602 4402 interdicti
2618 4346 2753 4411 sint,
2785 4343 2986 4402 nullus
3012 4344 3287 4412 obsistat,
3321 4345 3505 4405 salva
3535 4352 3718 4406 tamen

2048 4434 2278 4509 justitia
2305 4433 2543 4492 illarum
2555 4433 2950 4492 ecclesiarum
2971 4449 3008 4491 a
3032 4432 3257 4508 quibus
3279 4449 3555 4509 corpora
3573 4451 3716 4494 mor·

2054 4528 2291 4581 tuorum
2313 4528 2721 4581 assumuntur.
2752 4523 3136 4581 Decernimus
3161 4537 3307 4594 ergo
3333 4529 3405 4582 ut
3431 4524 3582 4583 nulli
3607 4541 3716 4583 om·

2044 4612 2195 4681 nino
2207 4611 2521 4669 hominum
2534 4611 2706 4670 liceat
2720 4611 3036 4686 praetatum
3050 4612 3498 4673 monasterium
3511 4619 3715 4673 temere

2043 4693 2400 4775 'perturbare
2430 4705 2535 4759 aut
2560 4701 2689 4774 ejus
2715 4701 3124 4775 possessiones
3149 4699 3414 4769 auferre,
3447 4702 3543 4761 vel
3561 4702 3715 4760 abla-

2053 4796 2142 4849 tas
2162 4790 2431 4857 retinere,
2458 4789 2746 4857 minuere,
2763 4804 2870 4847 seu
2892 4788 3259 4863 quibuslibet
3288 4791 3711 4851 vexationibus

1936 4921 1952 4931 .
2052 4881 2320 4953 fatigare,
2347 4880 2451 4937 sed
2481 4878 2690 4937 omnia
2715 4879 2949 4950 integra
2978 4885 3443 4946 conserventur,
3475 4896 3699 4948 earum,

2050 4986 2162 5043 pro
2176 4985 2439 5042 quarum
2452 4968 2884 5040 gubernatione
2896 4972 2953 5024 et
2970 4968 3412 5027 sustentatione
3432 4985 3714 5029 concessa

2053 5064 2211 5126 sunt,
2271 5058 2481 5116 usibus
2531 5055 2899 5114 omnimodis
2951 5055 3284 5130 profutura.
3336 5057 3520 5117 salva
3566 5057 3713 5117 sedi·

2052 5147 2393 5221 apostolicas
2423 5148 2773 5204 auctoritate
2796 5152 2854 5203 et
2880 5145 3204 5203 dioecesani
3238 5144 3520 5222 episcopi
3543 5163 3718 5208 eano-

2052 5233 3712 5311 nicajustitia.Siquaquidemecclesiasticasaecularisvs
3783 5311 3784 5320 ἵ

2050 5342 2329 5402 persona,
2358 5333 2469 5384 etc.

2041 5487 2048 5493 ι
2125 5419 2245 5489 Ego
2279 5416 2491 5477 Lucius
2514 5413 2821 5474 catholicoe
2849 5412 3119 5474 Ecclesioe
3147 5412 3502 5489 episeopus.
