3784 6000
181 256 297 321 667

1241 251 1670 318 GUILLELMI
1721 249 2101 315 TYRENSIS
2143 248 2506 313 ARCHIEP.

3455 246 3580 308 668

178 393 366 452 ventis
396 393 581 465 vadis,
613 392 874 462 flumine,
906 390 1174 448 hostibus
1205 389 1420 452 invitis,
1445 387 1811 450 transmisso.
1844 386 1899 455 Α
1932 386 2235 459 multiplex
2250 387 3016 459 numerositas,nonnullum
3031 388 3582 461 praestabantimpe·

181 484 465 542 irruentes
495 487 824 541 nostrorum
859 481 1033 548 acies,
1058 480 1326 552 pluribus
1355 496 1424 536 ex
1444 480 1526 536 eis
1549 479 1675 536 neci
1697 483 1819 534 tra-

180 573 338 641 ditis,
370 573 688 644 multisque
715 570 967 627 vinculis
1000 569 1363 640 mancipatis,
1394 587 1494 626 eos
1522 568 1582 625 in
1616 570 1814 642 sugam

179 665 442 731 vertunt;
476 666 534 718 et
561 661 884 717 obtinentes
914 676 1116 717 eorum
1148 664 1336 716 castra
1351 659 1523 716 simul
1544 661 1602 716 et
1621 657 1818 732 opima

179 751 367 824 spolia
387 756 445 808 et
462 750 886 821 supellectilem
913 751 1264 816 universam,
1287 750 1616 807 ulteriorem
1631 749 1821 806 flumi-

181 842 274 898 nis
300 842 485 915 ripam
516 841 759 898 viriliter
787 841 896 898 sibi
930 843 1318 899 vindicarunt.
1361 840 1574 899 Habita
1617 840 1818 915 itaque

184 930 520 1003 hujusmodi
549 930 808 1000 victoria,
858 935 915 986 et
972 932 1043 987 de
1093 931 1344 988 hostium
1406 931 1705 988 manubiis
1759 934 1819 988 et

181 1023 372 1093 praeda
406 1019 832 1088 factilaetiores,
861 1024 1028 1076 nocte
1056 1019 1152 1075 illa
1201 1036 1332 1076 cum
1391 1019 1819 1093 tranquillitate

156 1104 535 1177 ‘transcursa,
564 1126 799 1166 rursum
823 1110 957 1164 dato
981 1110 1249 1178 mene,ad
1275 1108 1382 1165 iter
1397 1125 1459 1167 se
1474 1110 1816 1180 accingunt3

160 1186 316 1253 'inde
339 1198 690 1266 Laodiciam,
713 1198 972 1269 ejusdem
998 1197 1251 1270 regionis
1267 1198 1472 1254 urbem
1489 1199 1818 1268 pervenien-

183 1288 291 1353 tes,
322 1287 570 1358 sumptis
593 1288 816 1343 viaticis
846 1286 915 1342 ad
950 1287 1073 1343 dies
1101 1287 1348 1360 aliquot,
1393 1304 1575 1359 more,
1625 1288 1815 1359 solito,

182 1374 634 1446 proficiscuntur
667 1376 987 1432 unanimeS.

765 1484 997 1541 CAPUT
1054 1485 1232 1542 XXV.

180 1574 535 1636 Francorum,
559 1589 688 1629 casu
720 1573 1049 1643 miserabili,
1083 1577 1464 1646 prosternitur
1508 1577 1819 1647 exercitus,-

532 1661 666 1717 pars
686 1661 806 1718 quae
842 1655 1222 1718 praecesserat,
1253 1648 1452 1705 evadit.

249 1733 387 1790 Erat
415 1739 605 1790 autem
637 1735 910 1791 exercitui
944 1753 1112 1793 mons
1127 1737 1820 1808 obvius,arduusadmo-
1849 1758 1898 1825 Β

179 1821 343 1890 dum,
374 1827 433 1879 et
451 1825 889 1881 ascendendum
913 1825 1169 1882 difficilis
1190 1844 1204 1895 ;
1228 1825 1464 1884 illumea
1511 1829 1627 1895 die,
1653 1829 1818 1900 juxta

178 1912 364 1987 legem
399 1913 794 1986 profectionis,
819 1916 1066 1972 transire
1086 1916 1410 1986 oportebat.
1434 1919 1610 1974 Porro
1632 1917 1692 1973 in
1723 1933 1819 1973 ex-

178 2002 471 2076 peditione
493 2003 854 2060 consuetudo
875 2009 1018 2073 erat,
1034 2004 1504 2077 singulisdiebus
1529 2007 1817 2079 quosdam

179 2086 251 2148 de
277 2089 627 2159 illustribus,
658 2091 758 2164 qui
793 2094 1026 2164 agmina
1058 2095 1347 2166 proeirent,
1396 2097 1683 2168 quosdam
1716 2096 1817 2168 qui

180 2182 673 2254 subsequerentur
691 2183 760 2238 ad
777 2184 1097 2240 custodiam
1118 2185 1373 2243 imbellis
1388 2184 1604 2258 populi,
1620 2190 1678 2242 et
1697 2202 1821 2244 ma-

177 2272 333 2327 xime
353 2280 680 2328 turmarum
710 2272 1069 2345 pedestrium
1089 2274 1368 2345 deputare
1387 2295 1402 2344 3
1420 2284 1473 2332 et
1495 2291 1631 2332 cum
1655 2277 1817 2346 prin-

167 2356 407 2432 'cipibus
434 2362 505 2417 de
535 2361 707 2418 modo
736 2361 864 2429 viae,
889 2363 956 2419 de
980 2365 1354 2434 protectionis
1376 2367 1721 2438 quantitate,
1747 2366 1818 2423 de

178 2446 306 2507 loco
335 2455 661 2508 castrorum
694 2451 752 2508 in
787 2452 877 2508 die
920 2454 1204 2524 sequentl,
1228 2454 1516 2511 ordinare.
1570 2453 1819 2512 Praeibat

174 2544 370 2597 autem
403 2539 536 2597 illae
567 2541 660 2597 die
711 2557 846 2596 cum
879 2541 1085 2598 vexillo
1109 2542 1262 2613 regio
1299 2549 1454 2601 sorte
1474 2552 1730 2612 vocatus,
1753 2545 1816 2603 in

179 2627 378 2685 ordine
408 2628 548 2685 vicis
579 2645 718 2694 suae,
753 2631 962 2686 nobilis
986 2631 1222 2704 quidam
1256 2633 1326 2689 de
1357 2635 1673 2706 Aquitania
1705 2635 1812 2704 vir,

176 2715 413 2774 nomine
443 2715 762 2775 Gnufridus
793 2719 863 2775 de
893 2720 1152 2776 Rancun.
1184 2721 1290 2777 Hic
1320 2738 1449 2777 cum
1473 2723 1813 2792 praedictum

177 2809 431 2860 montem
463 2804 845 2874 ascendisset,
864 2823 997 2863 cum
1020 2807 1358 2880 agminibus
1380 2825 1507 2882 quaa
1534 2811 1814 2880 praecede-

176 2892 340 2962 bant,
371 2893 432 2948 in
465 2893 680 2950 montis
712 2895 939 2966 fastigio
972 2898 1218 2969 posituS,
1270 2896 1407 2955 licet
1462 2901 1814 2972 praeordina·

179 2988 298 3039 tum
332 2982 536 3041 luisset
567 2985 721 3057 quod
753 2983 811 3042 in
846 2986 1059 3043 montis
1089 2986 1302 3047 vertice
1332 2993 1808 3048 castrametaren-

177 3074 273 3128 tur
300 3073 403 3145 qui
434 3075 736 3144 praetbant,
769 3080 972 3134 contra
995 3078 1178 3150 legem
1203 3079 1570 3150 dispositam,
1600 3098 1814 3154 propo-

1925 477 2280 547 dimentum;
2317 477 2601 534 resistunt
2630 481 2822 534 tamen
2858 477 3229 550 unanimiter,
3251 482 3309 536 et
3339 479 3582 550 paribus

1927 567 2165 636 animis,
2192 583 2296 640 pro
2336 568 2478 636 vita,
2538 585 2638 640 pro
2694 568 2980 636 libertate,
3041 585 3145 640 pro
3203 568 3580 627 consortibus

1926 657 2148 714 itineris
2205 657 2503 714 decertant
2588 657 2860 728 viriliter;
2922 658 3132 730 gladiis
3208 674 3276 715 ae
3352 658 3578 716 lanceis

1926 760 2047 803 rem
2096 750 2405 820 peragunt,
2462 763 2590 805 sese
2650 747 2872 804 mutuis
2931 746 3298 805 sermonibus
3373 747 3578 806 exhor-

1928 839 2121 892 tantes
2143 838 2202 893 et
2219 834 2515 908 exemplis.
2540 837 2747 893 Hostes
2776 852 2805 892 e
2826 852 3101 894 converso
3125 854 3229 910 spe
3243 837 3476 894 lruendi
3498 836 3579 892 vi-

1930 925 2134 994 ctoria,
2157 941 2296 982 suos
2312 925 2594 994 animant,
2614 927 2685 983 ad
2703 927 3043 983 memoriam
3065 931 3406 985 revocantes
3419 927 3573 999 quod

1931 1015 2135 1086 paucis
2166 1021 2299 1071 ante
2320 1014 2530 1071 diebus
2567 1015 2814 1087 majores
2846 1015 3033 1072 multo
3091 1018 3289 1087 copias
3346 1015 3573 1073 minore

1931 1106 2225 1162 fudissent
2246 1104 2522 1177 periente,
2540 1105 2680 1160 etde
2694 1105 2960 1177 pluribus
2973 1111 3030 1162 et
3045 1105 3216 1177 longe
3235 1105 3575 1162 fortioribus

1930 1194 2098 1251 facile
2129 1194 2599 1264 triumphassent.
2634 1194 2899 1266 Pugnant
2928 1195 3110 1267 igitur
3126 1195 3311 1251 Marte
3341 1195 3443 1250 diu
3474 1210 3576 1250 an·

1930 1283 2091 1357 cipiti
2112 1289 2170 1340 et
2189 1283 2367 1339 dubio
2389 1287 2593 1339 eventu
2611 1302 2626 1352 3
2642 1299 2835 1340 verum
2854 1285 2912 1341 in
2928 1284 3061 1353 line,
3077 1284 3569 1355 peccatisnostris

1930 1373 2317 1446 exigentibus,
2349 1371 2669 1429 infidelium
2705 1374 3257 1446 praevaluitmanus;
3281 1377 3341 1430 et
3361 1377 3564 1431 noster

1927 1480 2113 1536 usque
2132 1464 2419 1521 modicum
2434 1461 3576 1535 numerum,plurimisinteremptis,cap-

1927 1553 2121 1612 tivatis
2148 1552 2497 1625 innumeris,
2521 1553 2793 1611 redactus
2813 1560 2898 1609 est
2927 1551 3233 1609 exercitus.
3255 1551 3560 1608 Occubue·

1929 1648 2070 1700 runt
2099 1643 2202 1700 illa
2229 1643 2322 1700 die
2353 1643 2459 1699 viri
2480 1643 2703 1700 nobiles
2725 1649 2778 1698 et
2799 1641 3080 1710 illustres,
3104 1643 3273 1698 rebus
3298 1639 3562 1696 militari·

1927 1733 2038 1790 bus
2067 1733 2443 1806 singulariter
2472 1732 2745 1805 insignes,
2806 1731 2902 1805 pia
2931 1731 3093 1804 digni
3139 1730 3564 1797 recordatione,

1928 1839 2123 1880 comes
2153 1824 2224 1879 de
2247 1824 2574 1888 Guarenna,
2597 1823 2681 1876 vir
2705 1821 2859 1877 inter
2880 1821 3128 1891 maiores
3149 1819 3418 1888 eximius,
3443 1819 3575 1875 Gal-

1927 1912 2136 1969 cberus
2166 1912 2236 1967 de
2264 1912 2536 1983 Montiay,
2559 1908 2859 1967 Eurardus
2887 1910 2960 1965 de
3010 1906 3225 1976 Bretol,
3256 1907 3445 1965 Iterus
3502 1908 3573 1964 de

1929 2001 2189 2072 Hagnae,
2220 2001 2389 2059 etalii
2413 2000 2582 2057 multi
2605 2014 2855 2071 quorum
2880 1999 3117 2055 nomina
3138 2014 3253 2054 non
3275 2000 3568 2066 tenemus,

1926 2108 2053 2165 quae
2084 2096 2277 2148 tamen
2310 2091 2526 2164 scripta
2554 2106 2679 2148 esse
2737 2090 2800 2146 in
2831 2089 2995 2147 coelis
3050 2087 3408 2145 credendum
3459 2096 3570 2159 est,

1926 2198 2179 2254 quorum
2213 2181 2496 2238 memoria
2527 2181 2587 2237 in
2620 2180 3027 2238 benedictione
3056 2179 3165 2235 erit
3190 2177 3247 2233 in
3278 2177 3563 2235 saeculum

1927 2272 2148 2330 saeculi.
2182 2272 2409 2328 Occidit
2439 2271 2538 2328 illa
2558 2272 2671 2342 die,
2704 2271 2919 2328 nostris
2944 2270 3199 2326 inlausta
3219 2272 3277 2325 et
3305 2284 3448 2324 casu
3480 2267 3565 2323 ni-

1928 2361 2039 2417 mis
2069 2361 2329 2429 adverso,
2361 2360 2569 2432 ingens
2622 2359 2973 2416 Francorum
3033 2357 3242 2429 gloria3
3270 2358 3328 2413 et
3369 2356 3559 2413 virtus

1925 2449 2199 2521 gentibus
2231 2449 2513 2507 hactenus
2564 2446 2975 2515 formidabilis,
3015 2446 3260 2504 contrita
3311 2445 3554 2514 corruit,

1923 2539 2250 2596 immundis
2280 2543 2337 2594 et
2364 2539 2548 2596 Deum
2583 2538 3001 2604 nescientibus,
3022 2536 3235 2608 quibus
3255 2535 3417 2606 prius
3438 2538 3561 2590 ter-

1925 2628 2037 2683 rori
2072 2628 2277 2698 suerat,
2312 2628 2464 2683 facta
2493 2626 2763 2684 ludibrio.
2795 2626 2937 2696 Quid
2992 2631 3092 2694 est,
3132 2623 3411 2682 benedicte
3457 2625 3564 2680 Do-

1923 2715 2073 2772 mine
2088 2717 2399 2789 Iesu‚quod
2422 2717 2656 2788 populus
2714 2720 2831 2784 iste,
2878 2717 2955 2773 ibi
3002 2721 3115 2773 tam
3162 2715 3408 2784 devotus,
3464 2729 3562 2784 pe·

1921 2806 2053 2862 dum
2083 2810 2301 2862 luorum
2330 2805 2513 2863 volens
2541 2806 2774 2863 adorare
2802 2805 3055 2875 vesuvio,
3098 2805 3214 2860 loca
3271 2802 3566 2859 venerabi·

1922 2896 2020 2964 lia,
2054 2912 2177 2967 quae
2206 2904 2298 2951 tua
2326 2895 2607 2967 corporali
2631 2898 2957 2952 consecrasti
2982 2893 3296 2966 praesentia,
3337 2891 3562 2948 deoscu-

1923 2985 2034 3042 lari
2068 2987 2318 3057 cupiens,
2350 3002 2450 3058 per
2477 3003 2677 3043 manus
2707 3000 2893 3043 eorum
2925 2988 3023 3057 qui
3052 2990 3102 3040 te
3130 2983 3384 3054 oderunt,
3435 2981 3562 3037 rui-

1922 3093 2057 3131 nam
2101 3093 2289 3149 passus
2343 3080 2467 3133 est?
2521 3078 2649 3134 Vere
2696 3075 2905 3146 iudicia
2955 3079 3053 3131 tna
3102 3073 3334 3147 abyssus
3376 3072 3563 3127 multa

175 3162 296 3218 suit
325 3163 514 3219 adbuc
537 3163 958 3236 aliquantulum
981 3169 1316 3239 procedere;
1336 3186 1472 3225 nam
1504 3169 1809 3228 videbatur
1842 3136 1885 3203 C
1924 3166 2092 3239 (Psal.
2115 3183 2282 3234 xxxv,
2312 3167 2392 3239 7),
2424 3171 2479 3222 et
2507 3183 2618 3222 non
2660 3174 2737 3223 est
2764 3168 2864 3238 qui
2889 3166 3055 3237 possit
3110 3163 3181 3219 ad
3200 3178 3284 3220 ea.
3308 3163 3383 3219 Tu
3413 3163 3562 3217 enim

175 3249 411 3323 siquod
447 3251 742 3316 modicum
798 3254 975 3311 nimis
1033 3255 1135 3311 illa
1166 3256 1274 3313 die·
1316 3258 1607 3330 profectus
1659 3269 1808 3318 esset
1916 3254 2070 3312 solus
2097 3272 2172 3325 es,
2206 3258 2450 3322 Domini,
2474 3258 2570 3327 qui
2610 3258 2804 3311 cuncta
2860 3259 3039 3327 potes:
3079 3260 3132 3309 et
3160 3267 3269 3309 non
3329 3253 3408 3307 est
3460 3249 3557 3323 qui

175 3337 486 3407 exercitus,
506 3344 564 3397 et
592 3342 774 3398 multa
805 3343 916 3400 diei
941 3361 1073 3416 pars
1095 3345 1283 3402 adhuc
1315 3354 1671 3419 superesset3
1692 3365 1809 3407 coe·

175 3427 280 3499 pit,
299 3427 550 3484 ducibus
564 3432 980 3502 praeeuntibus,
999 3433 1257 3491 etlocum
1274 3438 1720 3495 commodiorem
1747 3438 1809 3496 in

176 3515 366 3572 vicino
397 3520 893 3588 promittentibus,
928 3522 1119 3578 adhuc
1144 3524 1299 3581 ultra
1334 3526 1643 3597 proficisci.
1703 3529 1812 3595 Qut

174 3610 371 3661 autem
402 3608 826 3680 sequebantur,
856 3612 1118 3668 arbitrati
1149 3615 1303 3685 quod
1340 3614 1399 3671 in
1426 3618 1642 3674 montis
1673 3635 1814 3690 prae-

176 3695 314 3752 dicti
342 3698 553 3755 vertice
611 3706 808 3758 essent
864 3707 1348 3774 castrametaturi,
1401 3710 1815 3783 modicumque

179 3785 285 3842 rati
309 3803 615 3861 superesse
637 3790 860 3847 itineris
885 3793 954 3848 ad
982 3793 1133 3850 diem
1158 3796 1443 3867 deputati,
1460 3797 1616 3857 lente
1637 3800 1813 3857 nimis

179 3879 235 3931 et
265 3876 567 3935 remissius
599 3880 762 3953 sequi
787 3888 1086 3956 coeperunt
1104 3889 1525 3958 praecedcntes3
1551 3890 1628 3947 ita
1659 3891 1813 3962 quod

179 3969 376 4021 monte
405 3983 437 4021 a
468 3968 820 4040 quibusdam
878 3975 1239 4041 transcurso,
1299 3978 1653 4048 quibusdam
1683 3995 1817 4036 vero

181 4053 332 4110 circa
358 4060 612 4114 montem
642 4060 832 4115 adbuc
860 4076 1082 4118 moram
1107 4063 1703 4137 iacientibus,divisus
1732 4069 1821 4127 est

179 4145 487 4202 exercitus.
521 4149 682 4215 Quod
715 4148 975 4208 videntes
1007 4154 1106 4226 qui
1139 4155 1365 4229 alonge
1395 4160 1708 4215 exercitum
1750 4177 1820 4217 ex

179 4233 357 4290 latere
383 4236 1073 4297 contuebanturhostium
1097 4244 1287 4313 cunei,
1313 4248 1494 4317 parati
1512 4249 1819 4320 semper,si

185 4321 544 4378 occasionem
579 4323 925 4397 invenirent,
955 4327 1192 4399 irruere,
1226 4337 1283 4388 et
1310 4334 1379 4388 ad
1412 4335 1515 4390 hoc
1547 4338 1821 4405 speciali-

184 4414 272 4466 ter
291 4417 603 4483 sequentes
620 4414 748 4471 sine
769 4414 1200 4477 intermissione
1217 4424 1527 4481 exercitum
1550 4433 1820 4500 :sumpta

182 4500 505 4571 occasione,
528 4503 1013 4563 cumexlocorum
1035 4512 1340 4584 angustiis,
1363 4521 1486 4569 tum
1519 4516 1657 4588 quia
1688 4533 1820 4575 ma·
1848 4500 1896 4566 D

174 4591 273 4663 jor
302 4599 356 4648 et
386 4592 583 4651 fortior
612 4595 997 4665 expeditionis
1047 4602 1234 4673 portio
1265 4604 1620 4676 praecedens,
1653 4623 1817 4679 sepa-

184 4688 305 4740 rata
324 4688 476 4752 erat;
507 4701 612 4742 nec
627 4685 792 4742 l'acile
813 4687 1294 4761 subsequentium
1318 4695 1817 4755 autconditionem

181 4790 376 4844 nosse,
400 4778 500 4831 aut
521 4774 604 4832 eis
621 4775 1024 4836 laborantibus
1046 4781 1357 4840 subvenire
1381 4800 1550 4856 posse
1572 4786 1818 4844 arbitra·

181 4862 422 4934 bantur;
440 4865 653 4923 clivum
676 4869 890 4925 montis
905 4881 1213 4945 occupant,
1229 4878 1292 4930 ut
1310 4876 1502 4947 majus
1517 4876 1669 4933 inter
1681 4893 1816 4949 prae·

177 4954 446 5011 cedentes
476 4959 532 5012 et
550 4956 972 5031 subsequentes
999 4961 1173 5019 chaos
1205 4963 1535 5022 firmaretur
1561 4983 1574 5022 ε
1607 4966 1820 5023 instru-

180 5042 404 5116 ctisque
426 5044 684 5114 aciebus,
709 5064 774 5103 su
787 5064 887 5120 per
908 5058 1134 5107 nostros
1157 5051 1406 5124 irruunt,
1426 5062 1478 5111 et
1500 5060 1815 5128 antequam

179 5150 344 5189 arma
365 5134 593 5205 possint
614 5140 923 5211 corripere,
943 5145 1175 5198 nostras
1187 5142 1468 5200 violenter
1487 5144 1818 5201 dissolvunt

178 5224 362 5295 acies;
399 5241 502 5281 nec
526 5226 647 5296 jam
681 5228 906 5299 sagittis
939 5229 1024 5284 vel
1045 5247 1202 5298 arcu,
1230 5214 1328 5288 sed
1350 5232 1556 5307 gladiis
1586 5234 1817 5290 instan-

177 5316 265 5368 tes
282 5314 817 5383 cominus‚Martem
832 5322 1145 5376 etmortem
1163 5320 1452 5393 ingerunt,
1468 5320 1816 5396 etdiffugere

178 5406 410 5472 paratos
445 5413 651 5476 urgent
680 5406 954 5464 atrocius.
991 5408 1220 5466 Nostris
1247 5415 1444 5467 autem
1475 5413 1717 5468 oberant
1740 5411 1818 5468 lo-

177 5503 377 5544 corum
393 5493 839 5569 angustiae3eqni
854 5499 1167 5571 quoqueob
1181 5498 1630 5558 diuturnitatem
1641 5505 1700 5558 et
1711 5500 1817 5558 dtr-

176 5574 314 5634 flcul
322 5579 496 5636 tatem
517 5580 743 5641 itineris
758 5584 895 5643 facti
907 5583 1241 5655 debiliores,
1253 5588 1618 5648 sarcinarum
1632 5590 1812 5650 etiam

1918 3348 2086 3420 possit
2115 3349 2366 3403 resistere
2386 3346 2657 3403 voluntati
2677 3348 2804 3402 tuoe.

2504 3491 2731 3549 CAPUT
2770 3490 2973 3547 XXVI.

1927 3624 2039 3680 Rex
2067 3638 2198 3679 casu
2217 3620 2471 3689 evadens,
2506 3619 2575 3675 ad
2593 3633 2680 3674 eos
2717 3618 2813 3689 qui
2864 3619 3251 3688 praeoessercn!
3295 3628 3356 3668 se
3402 3609 3564 3668 colti-

1997 3697 2112 3765 92'1:
2137 3693 2421 3749 residuum
2467 3690 2738 3747 exercitus
2778 3688 2925 3760 opud
2965 3687 3231 3744 Attalium
3283 3687 3558 3758 pervenit,

1997 3766 2127 3822 inde
2143 3768 2202 3821 in
2227 3766 2449 3835 Syriam
2480 3764 2865 3834 transfretans.

2001 3890 2119 3945 Rex
2145 3886 2545 3957 interea‚casu
2580 3884 2765 3958 magis
2804 3899 2979 3956 quam
3030 3879 3343 3947 industria,
3404 3884 3567 3936 tanto

1925 3983 2165 4050 tamque
2194 3977 2436 4034 confuso
2467 3982 2770 4046 exemptus
2810 3973 3089 4046 periculo,
3107 3985 3261 4043 saepe
3282 3969 3565 4042 dicti,qui

1927 4068 2149 4126 vicinus
2179 4071 2325 4136 erat,
2353 4066 2569 4123 montis
2591 4065 2800 4121 clivum
2826 4063 3168 4131 ascendens,
3197 4075 3333 4116 cum
3363 4059 3565 4133 paucis

1929 4159 2057 4230 ejus
2079 4160 2227 4230 sugoe
2239 4155 2629 4223 consortibus,
2652 4154 2780 4211 sine
2800 4152 2967 4222 duce,
2992 4153 3178 4209 noctis
3197 4150 3563 4221 intempesto

1927 4248 2176 4317 silentio,
2210 4247 2280 4304 ad
2314 4260 2553 4302 suorum
2575 4247 2785 4313 castra,
2808 4241 3234 4315 aliquantulum
3255 4238 3449 4296 locata
3476 4254 3567 4295 re·-

1928 4338 2167 4404 motius,
2201 4352 2262 4393 se
2292 4334 2553 4392 contulit.
2583 4335 2651 4388 Hi
2674 4337 2862 4389 autem
2888 4332 2989 4403 qul
3012 4334 3457 4403 praecesserant,
3479 4345 3565 4384 ve·

1926 4426 2129 4483 xillum
2149 4425 2372 4497 regium
2396 4424 2604 4490 secuti,
2629 4427 2694 4479 ut
2721 4421 3139 4495 praemisimus,
3160 4418 3569 4475 etmontisan-

1928 4517 2152 4589 gustias
2186 4516 2311 4572 sine
2335 4511 2675 4569 difficultate
2707 4510 3077 4575 transierant,
3106 4512 3163 4565 et
3183 4514 3432 4577 castras,
3467 4523 3565 4564 ne-

1929 4606 2085 4662 mine
2117 4602 2479 4678 probibente,
2513 4600 2637 4658 loco
2665 4599 2807 4656 satis
2837 4598 3167 4664 commodo,
3213 4596 3565 4664 locaverant,

1926 4695 2114 4768 ignari
2147 4709 2391 4767 prorsus
2421 4695 2478 4749 et
2506 4698 2764 4764 expertes
2792 4688 3057 4745 omnium
3087 4703 3216 4759 quae
3247 4685 3320 4742 iis
3343 4685 3443 4758 qui
3477 4702 3574 4742 se-

1926 4784 2260 4857 quebantur
2280 4780 2623 4838 acciderant.
2658 4778 3043 4850 Praesagiebat
3073 4780 3272 4833 tamen
3329 4776 3568 4831 enimus

1926 4889 2122 4931 eorum
2144 4873 2245 4944 qui
2285 4876 2716 4944 praecesserant,
2748 4884 2815 4925 ex
2844 4883 2957 4939 quo
2987 4864 3260 4922 viderunt
3290 4863 3445 4922 acies
3473 4864 3562 4920 in·

1928 4967 2215 5034 terruptas
2244 4965 2301 5018 et
2328 4964 2550 5017 tantam
2584 4958 3070 5030 subsequentium
3122 4972 3368 5023 moram,
3403 4954 3561 5028 quod

1926 5049 2142 5123 aliquid
2166 5048 2383 5105 sinistri
2410 5047 2819 5116 obtigerat,nec
2840 5045 3004 5100 erant
3023 5042 3103 5098 eis
3125 5057 3229 5114 pro
3258 5048 3390 5097 voto
3431 5039 3567 5096 uni·

1925 5155 2107 5197 versa.
2143 5138 2218 5195 Ex
2244 5154 2359 5211 quo
2389 5145 2583 5193 autem
2616 5151 2717 5207 per
2750 5150 2849 5189 eos
2881 5135 2980 5204 qui
3013 5135 3315 5189 evaserant
3342 5133 3400 5185 et
3430 5146 3561 5186 cum

1923 5230 2134 5303 regein
2165 5239 2357 5285 castra
2381 5242 2443 5282 se
2462 5224 2855 5290 contulerant,
2886 5221 3263 5288 deinlaustO,
3296 5217 3398 5291 qui
3421 5218 3573 5276 acci-

1924 5321 2107 5390 derat,
2141 5319 2276 5376 facti
2307 5322 2446 5375 sunt
2507 5317 2782 5373 certiores
2837 5321 3068 5380 eventu,
3127 5310 3329 5368 statim
3373 5309 3570 5367 luctus

1921 5413 2170 5482 occupat
2195 5409 2485 5477 universa,
2544 5422 2759 5463 moeror
2809 5408 2868 5461 et
2923 5401 3185 5460 anxietas
3245 5398 3425 5457 corda
3454 5399 3568 5457 sibi

1921 5499 2181 5557 vindicat
2208 5498 2590 5572 singulorum.
2625 5495 2894 5569 Dumque
2932 5492 3046 5551 sibi
3086 5491 3356 5565 quisque,
3385 5506 3565 5563 quem

1923 5587 2219 5660 amiserat,
2240 5587 2573 5663 proximum
2594 5585 2857 5659 querulis
2873 5580 3118 5643 vocibus
3134 5581 3194 5638 et
3210 5575 3562 5653 lacrymosis
