3784 6000
26 5747 87 5862 ὲ,

152 108 277 170 353

1074 112 1279 173 HIS'l'.
1329 112 1599 175 RERUM
1646 108 2192 177 TRANSMAR'tN.
2238 146 2317 160 —
2360 115 2507 177 LlB.
2555 118 2660 181 Vl.

3457 130 3581 191 35⁴

150 248 511 319 adegerunt3
534 247 789 319 dumque
802 246 1061 319 Rogerus
1090 253 1146 306 et
1173 251 1290 312 sui.
1309 250 1531 307 viribus
1556 249 1814 323 impares
1843 255 1898 321 A
1927 257 1986 309 et
2006 252 2226 310 viribus
2238 257 2553 312 etnumero
2568 254 2738 329 longe
2766 258 3267 330 superiorumdux
3287 265 3574 326 sustinere

147 339 211 391 et
238 352 513 406 numero,
536 337 596 391 in
629 336 833 393 urbem
856 352 919 393 se
939 338 1304 394 contendunt
1323 339 1601 411 recipere,
1620 339 1812 396 hosti-

150 424 303 482 lium
343 440 628 498 equorum
673 425 973 483 velocitate
1015 430 1365 498 praeventus,
1397 428 1517 485 ictu
1592 429 1809 501 sagittae

152 519 321 571 trans
364 515 690 589 praecordia
727 515 1021 574 lethaliter
1065 519 1565 591 confossus,equo
1611 519 1813 591 lapsus

151 604 382 660 interiit
416 622 431 660 :
462 604 554 661 vir
581 605 707 661 suis
754 608 1037 677 perpetuo
1084 605 1395 680 lugendus,
1427 607 1810 679 expeditionis

144 691 495 749 Christiane
527 698 821 765 quantum
856 694 915 750 in
947 710 1007 751 se
1036 695 1567 764 erat,fldelissimus
1598 713 1806 769 procu.

143 784 327 836 rator.
359 782 593 837 Caeteris
623 786 820 838 autem
850 781 911 839 in
942 782 1144 839 urbem
1177 800 1240 839 se
1278 783 1717 856 recipientibus,
1748 786 1805 843 in

142 872 458 944 praesentia
486 873 752 930 omnium
785 874 888 946 qui
926 874 985 930 in
1028 889 1192 931 muro
1237 879 1403 931 erant
1435 882 1488 931 et
1518 877 1804 948 turribus,

142 961 385 1019 nemine
401 978 473 1019 ex
501 963 589 1020 eis
606 978 775 1036 opem
798 962 1041 1031 ferente,
1062 963 1167 1021 viri
1192 964 1588 1022 memorabilis
1614 967 1806 1039 capite

141 1054 472 1122 amputato,
502 1051 698 1109 hostes
753 1052 970 1111 reversi
1015 1057 1153 1109 sunt
1200 1053 1524 1112 indemnes.
1583 1055 1806 1119 Quibus

140 1141 522 1211 abeuntibus,
560 1143 737 1200 nostri
769 1157 986 1216 corpus
1014 1144 1143 1214 ejus
1193 1159 1325 1201 cum
1349 1144 1612 1202 honestis
1643 1161 1805 1203 exse·

140 1230 321 1302 quiis,
347 1247 469 1290 non
499 1232 628 1290 sine
657 1231 934 1306 lacrymis
964 1238 1023 1290 et
1058 1234 1461 1292 universorum
1493 1235 1712 1309 gemitu
1743 1236 1805 1294 in

140 1320 359 1378 urbem
391 1320 856 1390 introducentes,
887 1322 947 1379 in
978 1323 1203 1396 porticu
1235 1323 1488 1381 basilicae
1519 1325 1808 1398 apostolo-

138 1427 275 1467 rum
296 1411 612 1484 Principis,
635 1428 909 1486 supremo
930 1412 1314 1471 humanitatis
1334 1413 1545 1487 otiicio,
1560 1430 1807 1488 praesen·

133 1500 297 1558 tibus
356 1501 725 1575 principibus
784 1505 842 1559 et
900 1503 1171 1561 universo
1219 1504 1456 1577 populo,
1490 1504 1802 1577 sepulture

131 1590 436 1648 dederunt
465 1591 797 1665 magnifice.

782 1733 1016 1792 CAPUT
1053 1734 1151 1792 111.

124 1841 407 1911 Princeps
434 1841 624 1924 quor
655 1841 886 1909 accedit,
913 1847 1103 1898 eastra
1132 1843 1277 1899 locat
1306 1845 1368 1899 in
1393 1844 1670 1901 montibus
1699 1859 1795 1900 su-

198 1912 699 2043 sswmssmt
711 1914 835 2042 {gx
852 1915 1090 2043 {wgtpqrta
1111 1914 1388 1973 Orientali
1389 1917 1793 1988 prosternitur,

417 2004 439 2041 ι
462 2003 500 2059 p
814 2003 851 2042 n
940 2003 1043 2044 rte.

206 2133 284 2188 At
307 2147 448 2188 vero
479 2129 751 2205 sequenti
781 2130 895 2200 die,
929 2147 1058 2204 quae
1115 2133 1187 2189 ab
1238 2131 1400 2189 urbis
1457 2131 1794 2192 liberatione

127 2225 257 2278 erat
288 2218 394 2276 lux
422 2219 614 2290 tertia,
647 2235 880 2279 summo
940 2220 1216 2291 diluculo,
1250 2222 1409 2280 circa
1465 2220 1605 2280 solis
1634 2239 1796 2279 exor-

129 2319 257 2367 tum
319 2325 472 2381 sepe
526 2309 729 2367 dictus
792 2309 1066 2384 princeps
1149 2311 1610 2383 potentissimus,
1660 2328 1792 2369 cum

128 2399 386 2457 iutinitis
416 2402 475 2455 et
504 2399 833 2471 majoribus
880 2400 1055 2456 etiam
1105 2417 1279 2473 quam
1311 2401 1475 2472 prius
1504 2400 1795 2459 diceretur

130 2488 343 2564 copiis.
376 2486 673 2562 regionem
712 2491 993 2562 quantum
1026 2504 1094 2546 ex
1147 2488 1486 2546 sublimiore
1541 2489 1792 2547 civitatis

130 2584 298 2653 parte
330 2581 557 2651 poterat
582 2576 713 2650 quis
744 2578 977 2648 intueri,
1011 2595 1254 2635 suorum
1289 2577 1663 2636 multitudiue
1694 2596 1789 2637 oc-

130 2672 453 2741 cupaverat
474 2666 813 2724 universam
841 2688 857 2738 ;
891 2672 968 2737 et,
1000 2672 1173 2741 ponte
1202 2669 1499 2740 superiore
1525 2669 1791 2739 transito,

133 2758 287 2816 inter
314 2756 513 2814 lacum
547 2760 605 2813 et
654 2756 921 2823 fluvium,
953 2758 1054 2830 qui
1112 2756 1264 2814 inter
1310 2773 1373 2814 se
1401 2758 1572 2831 quasi
1604 2758 1789 2830 spatio

140 2850 321 2906 unius
350 2846 611 2904 milliarii
642 2846 857 2904 distare
884 2847 1172 2916 videntur,
1203 2851 1655 2905 castrametatus
1675 2851 1787 2906 est.

130 2938 260 2993 Erat
280 2944 481 2994 autem
511 2939 681 2993 tanta
734 2936 1171 3009 expeditionum
1217 2938 1346 3009 ejus
1382 2936 1700 2993 multitudo
1732 2940 1791 2994 et

1921 356 2034 396 non
2064 339 2288 408 valens,
2319 342 2413 398 le
2441 358 2644 400 eorum
2694 352 2926 417 ereptus
2977 346 3214 420 gladiis,
3242 350 3376 423 fuga
3402 353 3573 423 inita,

1919 432 1980 487 iu
2012 433 2210 488 urbem
2243 449 2306 488 se
2334 433 2551 505 recepit
2591 452 2606 491 t
2641 435 2738 490 ubi
2790 436 3060 496 hostibus
3100 444 3360 510 proterve
3390 443 3572 502 nimis

1919 519 2348 591 insistentibus,
2371 522 2511 579 dum
2542 523 2701 593 plebs
2735 525 3053 584 indiscreta
3079 531 3571 603 comprimeretur

1920 609 2112 667 acrius
2141 615 2199 667 et
2221 615 2424 667 mutuo
2456 611 2568 668 sibi
2600 629 2715 685 prae
2740 617 2905 672 turba
2937 620 3570 692 negarentintroitum,

1919 702 2153 759 ducenti
2194 720 2341 776 pene
2389 705 2604 776 partim
2652 708 2936 778 oppressi,
2967 711 3179 780 partim
3219 712 3562 771 vulneribus

1919 792 2130 866 saucii,
2161 792 2463 850 nonnullis
2490 795 2662 852 etiam
2694 797 2903 869 captis,
2935 800 3347 861 miserabiliter
3375 803 3563 877 perie-

1918 885 2074 936 runt.

2554 992 2789 1051 CAPUT
2831 995 2927 1052 lV.

1915 1098 2103 1154 Nostri
2131 1097 2285 1168 infra
2313 1103 2504 1154 urbem
2530 1115 2684 1157 secus
2715 1102 2962 1159 radicem
2992 1107 3191 1162 montis
3221 1107 3421 1164 vallem
3448 1107 3560 1164 du-

1984 1172 2150 1229 cunt:
2185 1178 2467 1241 pugnatur
2510 1170 2592 1226 ibi
2618 1188 2641 1237 ,·
2688 1174 2986 1230 vincuntur
3041 1177 3240 1234 hostes.
3301 1180 3566 1250 Princeps

1985 1239 2220 1296 hostium
2243 1243 2315 1297 ds
2341 1247 2527 1298 monte
2554 1242 2847 1314 descendit,
2875 1247 3070 1304 urbem
3097 1250 3303 1307 obsidet
3326 1267 3360 1306 a
3391 1260 3563 1323 parts

1984 1312 2271 1383 inferiori.

1983 1418 2077 1475 Sic
2106 1418 2283 1490 igitur
2309 1420 2457 1478 duce
2481 1423 2749 1492 contuso,
2781 1425 2882 1497 qui
2911 1427 3078 1499 quasi
3098 1429 3365 1486 omnium
3408 1447 3560 1502 proe-

1912 1508 2122 1580 cipuus
2155 1508 2479 1581 videbatur,
2504 1512 2676 1569 Turci
2707 1514 2765 1570 in
2795 1519 3015 1572 tantam
3045 1517 3180 1574 elati
3220 1522 3362 1575 sunt
3389 1520 3562 1577 auda-

1911 1595 2083 1663 ciam,
2118 1602 2174 1651 ut
2194 1613 2298 1669 per
2311 1602 2535 1669 portam
2560 1600 2882 1672 superioris
2904 1603 3179 1673 praesidii,
3202 1605 3555 1677 quibusdam

1912 1685 2068 1741 notis
2108 1688 2491 1760 compendiis,
2525 1689 2586 1744 in
2617 1690 2818 1746 urbem
2878 1693 3321 1762 descendentes,
3354 1694 3416 1751 in
3459 1711 3561 1751 no·
3649 1760 3656 1771 ἱ

1920 1778 2080 1831 stros
2110 1777 2304 1832 subito
2343 1779 2631 1834 irruerent
2655 1796 2677 1844 ,·
2704 1785 2761 1836 et
2804 1781 3162 1852 reperientes
3190 1783 3559 1853 improvidos,

1902 1864 2140 1937 sagittis
2169 1873 2220 1921 et
2257 1865 2463 1937 gladiis
2494 1866 2837 1940 plerumque
2871 1869 3085 1926 multos
3123 1871 3551 1941 interficerent;

1902 1955 2116 2011 nostris
2165 1959 2359 2012 autem
2390 1971 2489 2012 eos
2543 1956 3011 2029 insequentibus,
3051 1959 3244 2017 subito
3283 1968 3544 2018 montem

1902 2043 2303 2115 corripientes,
2336 2044 2395 2100 in
2426 2060 2617 2101 arcem
2649 2060 2710 2102 se
2764 2047 3115 2118 recipiebant
3144 2049 3505 2122 superiorem
3531 2069 3546 2118 ;
3657 2062 3666 2081 ‘

1903 2133 2139 2190 aliunde
2163 2132 2792 2207 viashabentes,quam
2824 2152 2923 2208 per
2953 2153 3086 2193 eum
3118 2137 3346 2207 collem,
3370 2154 3544 2211 quem

1901 2222 2086 2279 nostri
2117 2228 2541 2295 occupaverant
2583 2228 2641 2280 et
2687 2226 3158 2282 communierant
3180 2227 3537 2300 diligentius.

1904 2313 2168 2385 Dumque
2197 2314 2409 2384 saepius
2440 2312 2522 2368 ita
2550 2313 2929 2385 contingeret,
2961 2319 3019 2371 et
3045 2315 3209 2371 multi
3232 2317 3301 2372 de
3330 2316 3544 2389 populo

1900 2402 1962 2459 in
1993 2401 2220 2458 civitate
2257 2401 2365 2457 hac
2413 2402 2616 2458 fraude
2667 2402 3015 2474 deperirent,
3048 2409 3444 2461 convenerunt
3487 2405 3546 2460 in

1904 2507 2083 2548 unum
2113 2490 2430 2563 principes,
2453 2495 2519 2546 ut
2538 2490 2674 2547 huic
2693 2496 2852 2548 tanto
2875 2493 3028 2549 malo
3059 2493 3385 2550 remedium
3408 2509 3548 2567 pro·

1898 2584 2197 2638 curarent.
2222 2580 2583 2652 Factumque
2596 2582 2853 2654 estquod
2877 2582 2947 2636 de
2966 2582 3545 2652 communiconsiliO,

1900 2670 2172 2727 dominus
2202 2668 2580 2726 Boamundus
2610 2673 2669 2725 et
2688 2670 2962 2727 dominus
2983 2688 3176 2728 comes
3195 2671 3545 2738 Tolosanus,

1899 2757 2051 2815 inter
2104 2763 2330 2831 partem
2380 2758 2542 2815 urbis
2603 2757 2937 2815 inferiorem
2968 2764 3028 2816 et
3056 2760 3268 2817 clivum
3302 2763 3543 2829 montis,

1899 2847 2109 2905 vallum
2135 2849 2422 2904 duxerunt
2452 2848 2806 2919 profundum
2848 2851 3166 2907 admodum
3198 2855 3254 2906 et
3284 2849 3545 2906 latitudi-

1898 2937 1993 2993 nis
2023 2935 2422 3009 competentis,
2454 2952 2570 3009 quo
2618 2936 2868 3009 impetus
2908 2953 3111 2994 eorum
3169 2939 3269 3012 qui
3310 2940 3549 2995 descen·

130 3028 490 3084 militiarum
543 3042 851 3095 numerus,
884 3031 947 3083 ut
1004 3027 1180 3084 etiam
1239 3026 1339 3083 illa
1393 3030 1511 3083 tam
1545 3026 1792 3100 insignis
1822 3013 1866 3084 C
1904 3026 2042 3083 dere
2062 3026 2133 3082 de
2154 3030 2353 3082 monte
2381 3030 2827 3095 consueverant,
2852 3028 3247 3085 retardaretur
3274 3032 3332 3085 et
3363 3043 3551 3101 popu-

137 3115 518 3190 planities,in
533 3116 832 3188 quasitam
852 3132 978 3173 esse
994 3116 1369 3188 praediximus
1398 3115 1792 3186 Antiochiam,

138 3209 235 3264 vix
264 3223 475 3264 eornm
506 3207 719 3264 castris
770 3206 1084 3273 sufficeret,
1118 3210 1181 3262 ut
1228 3207 1298 3263 de
1343 3205 1589 3263 collibus
1619 3205 1793 3263 etiam

136 3296 354 3353 vicinis
382 3294 631 3352 locando
659 3294 1056 3363 tabernacula,
1080 3294 1394 3353 nonnullos
1423 3296 1792 3367 occuparent.

146 3384 251 3441 Die
283 3384 527 3440 demum
554 3382 748 3453 tertia,
773 3392 1080 3456 postquam
1105 3388 1239 3440 ante
1270 3383 1473 3440 urbem
1487 3387 1803 3440 castrame-

128 3480 289 3530 tatus
319 3477 436 3541 est,
476 3472 679 3529 videns
709 3473 848 3545 quia
876 3473 1058 3529 nimis
1075 3477 1227 3529 esset
1248 3473 1320 3529 ab
1342 3472 1486 3529 urbe
1516 3477 1796 3541 remotus,

131 3563 345 3620 habito
398 3578 536 3618 cum
596 3560 721 3619 suis
769 3563 1033 3624 consilio,
1069 3567 1134 3618 ut
1189 3563 1283 3618 his
1326 3561 1424 3634 qui
1453 3561 1794 3634 praesidium

143 3655 485 3722 tuebantur,
516 3653 587 3708 de
618 3652 743 3710 loco
768 3651 1040 3710 viciniore
1079 3654 1364 3710 conferret
1392 3651 1666 3709 solatium
1693 3669 1707 3720 ;
1742 3655 1801 3708 et

136 3748 199 3799 ut
231 3759 343 3816 per
370 3757 503 3799 eam
560 3745 812 3815 portam,
834 3758 962 3813 quae
1025 3745 1216 3798 castro
1275 3743 1531 3809 suberat,
1566 3756 1702 3798 suos
1732 3741 1794 3797 in

132 3832 432 3888 civitatem
511 3836 708 3903 posset
783 3831 1116 3902 immittere,
1173 3831 1375 3888 solutis
1432 3830 1663 3897 castris,
1720 3831 1792 3887 ad

130 3924 423 3978 montana
473 3920 838 3989 conscendit,
870 3937 903 3976 a
941 3926 1107 3994 porta
1164 3920 1438 3977 Orientali
1494 3935 1676 3991 usque
1720 3920 1793 3976 ad

126 4007 571 4068 occidentalem
634 4008 971 4066 universum
1033 4009 1289 4067 australe
1338 4010 1491 4066 latus
1520 4009 1797 4065 continua

129 4100 369 4157 vallans
398 4098 727 4157 obsidione.
750 4100 890 4156 Erat
908 4108 1101 4157 autem
1118 4117 1284 4157 secus
1304 4101 1570 4157 eamdem
1592 4099 1797 4156 Orien-

130 4188 309 4247 talem
344 4193 572 4259 portam
608 4188 945 4261 praesidium
970 4188 1261 4260 quoddam
1284 4188 1343 4246 in
1367 4188 1509 4246 colle
1531 4188 1794 4262 aliquan·

124 4278 325 4335 tulum
374 4276 536 4335 edito
583 4279 783 4345 situm,
815 4280 969 4350 quod
1028 4279 1100 4335 ab
1152 4280 1317 4336 initio
1365 4279 1437 4336 ad
1470 4283 1793 4335 castrorum

1901 3114 1996 3173 lus
2026 3116 2176 3172 infra
2208 3116 2408 3172 urbem
2441 3120 2635 3188 posset
2662 3117 3016 3189 tranquillus
3046 3119 3365 3190 quiescere.
3402 3118 3466 3175 Et
3486 3122 3552 3174 ut

1901 3209 2078 3262 etiam
2109 3205 2329 3262 vallum
2362 3208 2433 3262 ad
2467 3206 2558 3263 sui
2591 3207 2895 3264 tuitionem
2920 3209 3221 3265 redderent
3269 3208 3544 3280 habilius,

1902 3294 2288 3352 munitionem
2348 3295 2427 3351 ibi
2484 3300 2854 3364 construunt,
2901 3295 3135 3355 fidelem
3185 3302 3241 3354 et
3279 3299 3545 3355 devotam

1898 3400 2132 3456 operam
2148 3384 2643 3456 impendentibus,
2662 3391 2935 3459 tanquam
2958 3403 3059 3458 pro
3074 3386 3266 3444 salute
3289 3388 3544 3460 propria,

1902 3473 2191 3531 universis
2210 3473 2560 3546 legionibus.
2593 3475 2766 3532 Turci
2809 3491 2964 3546 vere,
2996 3476 3092 3545 qui
3139 3477 3410 3547 superius
3440 3477 3547 3533 ad-

1902 3562 2017 3619 huc
2046 3562 2390 3619 obtinebant
2421 3562 2761 3634 praesidium
2793 3567 2852 3619 et
2882 3563 2981 3633 qui
3014 3564 3267 3620 exterius
3297 3567 3467 3620 erant
3489 3564 3547 3620 in

1902 3651 2231 3721 obsidione,
2289 3667 2394 3722 per
2447 3650 2804 3722 superiorem
2862 3655 3089 3723 portam
3141 3651 3411 3722 admissi,
3448 3667 3552 3724 per

1901 3739 2157 3797 occultas
2203 3740 2441 3797 semitas
2490 3739 2923 3810 descendenteS,
2965 3740 3102 3797 huic
3151 3757 3308 3797 novae
3358 3740 3554 3797 muni·

1902 3828 2045 3884 tioni
2070 3830 2398 3901 frequentes
2427 3829 2644 3884 dabant
2663 3827 2944 3896 assultus,
2963 3838 3017 3885 et
3038 3831 3262 3901 quanta
3283 3835 3549 3901 poterant

1901 3915 2196 3984 instantia,
2231 3921 2293 3972 ut
2329 3932 2457 3973 eam
2503 3916 2840 3988 dejicerent,
2880 3916 3281 3975 elaborabant.
3314 3915 3546 3974 Accidit

1900 4012 2096 4063 autem
2117 4005 2210 4062 die
2240 4008 2513 4078 quadam,
2547 4005 2701 4077 quod
2742 4020 3050 4078 erumpens
3077 4023 3111 4062 a
3141 4006 3543 4077 superioribus

1901 4095 2187 4167 partibus,
2221 4110 2323 4167 per
2353 4094 2527 4151 solita
2583 4096 2929 4167 compendia
2973 4096 3301 4152 Turcorum
3335 4109 3544 4152 manus

1899 4184 2069 4241 solito
2127 4185 2518 4256 numerosior,
2574 4185 2728 4242 cirea
2785 4184 3129 4257 praedictum
3187 4189 3243 4241 et
3298 4185 3369 4242 de
3398 4200 3546 4241 novo

1897 4275 2199 4332 conditum
2252 4276 2613 4348 praesidium,
2646 4284 2802 4333 tanta
2858 4277 3033 4349 coepit
3074 4292 3171 4333 eos
3227 4275 3328 4349 qui
3386 4274 3549 4333 intus

125 4368 451 4425 tuitionem
482 4366 824 4435 fundatum,
851 4368 1088 4425 domino
1120 4368 1456 4426 Boamundo
1486 4367 1651 4442 prius
1671 4374 1792 4424 tra·
1819 4359 1865 4425 D
1897 4373 2058 4422 erant
2099 4382 2438 4440 oppugnare
2464 4365 2768 4438 instantia,
2802 4366 2960 4437 quod
2990 4365 3105 4422 nisi
3137 4363 3547 4437 principesqui

127 4456 881 4514 diderantconservandum
901 4474 916 4525 ;
940 4457 1082 4513 urbe
1096 4473 1228 4514 vero
1260 4460 1447 4528 capta,
1471 4461 1787 4529 postquam

127 4543 469 4621 generalem
500 4547 674 4619 coepit
703 4560 902 4619 gerere
940 4545 1526 4614 administrationem,
1564 4547 1780 4619 praedi-

123 4643 275 4692 ctam
309 4633 726 4705 munitionem,
759 4635 935 4692 simul
966 4651 1099 4691 cum
1123 4635 1310 4692 vicina
1339 4641 1526 4708 porta,
1558 4636 1779 4693 domini

128 4725 299 4782 ducis
352 4724 635 4782 custodiae
691 4725 1136 4797 deputaverunt.
1167 4724 1328 4781 Circa
1376 4727 1528 4797 quod
1581 4725 1779 4797 praesi·

120 4815 315 4885 dium,
345 4814 487 4872 dum
515 4816 711 4871 castra
738 4813 938 4871 hostes
987 4812 1277 4871 locassent
1307 4830 1436 4886 sua,
1471 4819 1527 4871 et
1556 4815 1647 4871 his
1675 4816 1779 4888 qui

122 4909 293 4960 erant
319 4901 380 4960 in
410 4901 685 4976 presidio
743 4903 1005 4960 assultus
1034 4902 1238 4959 darent
1277 4919 1405 4960 cum
1457 4901 1644 4960 multa
1686 4904 1777 4960 in-

124 4992 349 5050 stantia
398 4992 927 5064 frequentissimos,
984 4993 1101 5049 dux
1156 5009 1354 5049 eorum
1415 5009 1529 5050 non
1587 4993 1778 5049 terens

129 5080 529 5150 insolentiam,
551 5097 684 5138 cum
708 5097 812 5139 suo
840 5096 1113 5155 egressus
1144 5089 1229 5138 est
1259 5081 1561 5144 comitatu,
1596 5086 1659 5138 ut
1689 5081 1778 5140 his

126 5172 229 5243 qni
260 5171 321 5228 in
348 5170 623 5246 presidio
645 5175 809 5228 erant
828 5187 975 5244 pene
995 5170 1401 5229 deficientibus
1419 5171 1778 5230 ministraret

128 5260 487 5323 subsidium.
520 5265 579 5318 et
607 5264 793 5317 castra
823 5277 950 5333 quse
979 5266 1115 5318 ante
1146 5265 1369 5333 portam
1400 5263 1565 5317 erant
1589 5259 1776 5319 locata

128 5350 471 5410 dissolveret
491 5367 508 5419 ;
531 5351 631 5408 sed
653 5351 969 5423 egredienti
991 5351 1124 5408 duct
1153 5354 1211 5407 et
1240 5350 1366 5407 suis
1387 5350 1604 5408 volenti
1633 5352 1777 5409 sub-

128 5441 348 5511 venire,
376 5439 635 5500 occurrit
650 5439 972 5500 'l'urcorum
1002 5440 1316 5499 multitudo
1347 5440 1577 5514 ingens,
1595 5456 1772 5514 quam

1899 4454 2030 4511 aliis
2061 4455 2223 4512 urbis
2244 4456 2512 4527 partibus
2531 4460 2698 4513 erant
2725 4456 2795 4512 ad
2824 4456 3152 4512 custodiam
3176 4452 3460 4525 deputati,
3484 4456 3543 4509 et

1900 4544 2210 4601 universus
2237 4545 2336 4616 qui
2393 4561 2495 4617 per
2524 4545 2728 4602 urbem
2761 4545 3059 4615 dispersus
3105 4549 3227 4599 erat
3257 4538 3534 4613 populus,

1889 4634 2178 4690 maturius
2208 4634 2596 4703 subvenisset,
2630 4650 2777 4706 pene
2797 4632 3102 4689 dominum
3124 4628 3533 4687 Boamundum

1887 4727 1945 4779 et
1964 4724 2285 4779 Evrardum
2315 4724 2386 4780 de
2431 4723 2668 4791 Pusato,
2703 4721 3076 4794 Radulphum
3121 4720 3194 4777 de
3231 4717 3538 4786 Fontanis,

1888 4812 2235 4869 Reibaldum
2256 4812 2482 4881 Creten,
2515 4814 2751 4869 Petrum
2784 4810 2970 4867 tilium
3002 4809 3164 4878 Gitae,
3194 4807 3537 4865 Albericum

1887 4903 1945 4956 et
1972 4902 2228 4971 lvonem,
2260 4901 2411 4959 viros
2458 4905 2733 4957 strenuos
2782 4908 2835 4956 et
2883 4898 3129 4970 nobiles,
3160 4897 3260 4969 qui
3305 4898 3378 4955 ad
3409 4897 3540 4969 ejtts

1885 4989 2195 5046 tuitionem
2228 4991 2381 5046 intro
2414 5006 2474 5046 se
2496 4989 2888 5060 contulerant,
2922 4992 3399 5062 expugnassent;
3432 4987 3536 5044 sed

1885 5079 2260 5137 advenientes
2281 5095 2414 5137 cum
2439 5079 2627 5137 multo
2649 5079 2725 5135 im
2737 5084 2867 5152 patu
2899 5080 3036 5149 dux,
3060 5084 3120 5136 et
3142 5094 3338 5134 comes
3360 5076 3533 5133 Flan-

1886 5171 2138 5239 drensis,
2172 5174 2229 5227 et
2282 5170 2551 5243 princeps
2600 5169 3090 5235 Normannorum,
3132 5181 3334 5223 eorum
3379 5164 3526 5222 adeo

1885 5264 2285 5334 represserunt
2335 5258 2727 5328 insolentiam,
2759 5264 2824 5315 ut
2874 5257 3236 5329 interemptis
3259 5254 3528 5327 pluribus

1884 5354 1942 5407 et
1970 5351 2272 5423 captivatis
2292 5349 2617 5419 nonnullis,
2635 5350 3006 5408 nonsoluma
3020 5345 3530 5422 proesidio‚verum

1884 5440 1959 5500 ab
1989 5442 2132 5500 urbe
2162 5441 2451 5510 universa,
2483 5456 2793 5502 conversos
2822 5439 2883 5496 ia
2927 5439 3125 5512 fugam
3153 5439 3212 5494 et
3240 5433 3400 5494 male
3420 5438 3536 5493 trs·
