3784 6000
940 272 1317 332 EPISTOLAE
1353 275 1440 335 BT
1475 274 1919 336 valLEmA.
1960 309 2030 323 —
2066 281 2185 339 AN.
2227 282 2387 341 1181.
3199 269 3366 338 ’.ΗΒΘ

167 399 471 467 Ardricus,
489 399 801 473 presbyter
828 399 1152 458 cardinalis
1182 400 1329 459 tituli
1360 400 1420 458 S.
1454 403 1597 460 Cru-
1631 402 1680 459 A
1712 404 1960 473 meritis,
2016 406 2351 480 specialiter
2378 408 2654 476 charum,
2705 423 2992 466 concesso
3039 407 3152 465 sibi
3191 407 3369 480 plene

145 490 494 546 Jerusalem.
1615 559 1621 565 ,
1709 493 2096 567 episcopatus
2110 497 2312 555 officio
2337 514 2444 571 per
2463 499 2769 556 dioecesim
2793 498 3198 561 Arusiensem‚
3227 511 3364 568 quoe

157 579 481 646 Matthaeus,
514 577 662 636 tituli
693 578 753 635 S.
785 579 1039 637 Marcelli
1069 580 1586 653 presbytercardi-
1709 586 1823 638 tuae
1874 599 2037 643 nunc
2090 586 2456 658 Juridictioni
2509 589 2720 657 existit,
2778 593 2843 645 ut
2873 587 3134 644 eradicet
3181 602 3366 658 paga-

1706 670 1996 742 nismum,
2024 678 2309 747 exstirpet
2337 679 2571 746 nociva,
2597 678 2821 750 plantet
2845 676 3364 733 Christianismum

160 757 548 829 Hyacinthus,
573 757 865 814 diaconus
886 758 1207 815 cardinalis
1234 761 1291 818 S.
1319 759 1512 816 Marias
1536 759 1594 816 in
1704 768 1761 816 et
1788 762 2006 821 similia
2033 765 2335 834 salutaria,
2370 773 2546 841 prout
2574 782 2850 840 quaeque,
2885 766 3222 821 secundum
3253 765 3360 820 da-

136 845 283 902 ³d¹n·
1707 855 1828 908 tam
1878 852 1994 910 sibi
2041 870 2077 910 a
2130 859 2246 913 Deo
2293 856 2697 929 prudentiam,
2730 855 2939 911 viderit
2985 852 3259 910 facienda
3308 856 3365 910 et

179 935 510 1000 Rainerius,
541 935 836 993 diaconus
866 937 1188 995 cardinalis
1209 939 1273 997 S.
1308 938 1580 995 Adriani.
1704 939 2058 1000 omittenda.
2093 945 2395 1015 Rogamus
2452 946 2631 1016 igitur
2662 945 2887 1014 regiam
2939 942 3359 999 celsitudinem

137 1053 139 1066 ’
174 1023 502 1095 malumus,
539 1026 594 1082 S.
636 1025 830 1082 Harioe
874 1029 1048 1084 Novae
1076 1027 1367 1084 diaconus
1400 1027 1590 1084 cardi·
1703 1033 1893 1096 tuam,
1925 1037 2224 1104 quatenus
2253 1035 2476 1105 ipsum,
2507 1035 2631 1090 imo
2659 1049 2872 1090 versus
2897 1048 3008 1088 nos
3033 1031 3094 1087 in
3124 1030 3256 1103 ipso
3278 1045 3367 1088 re-

1705 1118 1912 1189 cipias.
1940 1120 2213 1178 alacriter
2242 1130 2295 1179 et
2341 1123 2671 1180 honorifice
2701 1126 2937 1185 tractes,
2964 1125 3021 1176 et
3047 1135 3083 1175 a
3108 1118 3363 1175 subditis

136 1217 231 1257 ⁰¹1¹
255 1202 647 1275 Lateraniper
676 1220 923 1262 manum
951 1205 1246 1263 AlbertiS.
1280 1209 1344 1262 R.
1371 1209 1431 1261 E.
1464 1221 1589 1278 pre·
1703 1209 1822 1269 tuis
1851 1210 2160 1277 omnibns„
2201 1212 2534 1284 proesertim
2585 1213 2829 1284 insuper
2875 1209 3184 1266 nominata
3216 1205 3361 1262 dioe-

136 1290 169 1345 .·i
211 1292 529 1350 cardinalis
570 1298 627 1349 et
665 1294 1027 1359 cancellarii,
1070 1311 1128 1350 iv
1177 1295 1474 1352 Kalendas
1502 1296 1595 1352 Ja·
1704 1298 1825 1354 cesi
1855 1298 2293 1368 habitantibus,
2326 1301 2377 1358 ei
2433 1301 2615 1358 iacias
2667 1301 2913 1371 dignam
2954 1295 3362 1354 honorificen-

149 1420 162 1445 ,
187 1379 507 1436 indictione
522 1398 620 1448 xv,
645 1382 1078 1439 iucarnationis
1101 1383 1420 1440 Dominicae
1437 1399 1598 1440 anno
1706 1386 1852 1442 tiam
1885 1389 2167 1456 exhiberi,
2196 1395 2259 1447 ut
2287 1391 2526 1448 devotio
2554 1405 2743 1463 quam
2776 1394 2834 1445 te
2865 1388 2941 1445 ad
2969 1385 3360 1458 apostolicam

141 1468 521 1540 pontificatus
548 1487 686 1528 vero
713 1473 778 1527 D.
811 1473 970 1529 Lucii
1000 1489 1102 1546 pp.
1131 1473 1203 1529 ΙΙΙ
1238 1489 1401 1531 anno
1425 1489 1465 1529 ι.
1708 1476 1917 1533 sedem
1943 1478 2159 1536 habere
2176 1480 2561 1543 confidimus,
2592 1480 2814 1536 clareat
2843 1478 2901 1532 in
2925 1475 3161 1540 effectu,
3180 1477 3237 1530 et
3251 1488 3364 1528 nos

667 1606 672 1609 .
727 1562 813 1618 xl.
1707 1579 1778 1620 ac
1806 1564 2019 1623 fratres
2047 1571 2257 1629 nostri.
2292 1585 2399 1640 per
2433 1570 2549 1625 hoc
2599 1568 2809 1624 merito
2840 1567 2899 1622 in
2932 1570 3030 1621 tua
3077 1563 3364 1621 charitate

371 1648 470 1705 Ad
497 1650 721 1706 clerum
769 1652 1167 1710 Teutonicum.
1708 1668 2070 1721 crescamus,
2104 1658 2387 1730 idemque
2411 1659 2733 1729 episcopus
2764 1654 3048 1729 AEgidius,
3072 1653 3245 1724 cujus
3271 1664 3363 1706 sa·

456 1740 773 1806 (Laterani,
802 1744 936 1798 Dec.
969 1743 1086 1813 29.)
1630 1766 1672 1820 B
1707 1743 2043 1801 cratissimo
2071 1746 2272 1804 officio
2298 1747 2641 1804 animarum
2671 1749 2873 1800 noster
2893 1758 3171 1799 summus
3204 1738 3367 1808 epis-

136 1841 245 1882 ncs
279 1826 654 1885 Bibliotheca
692 1830 1043 1888 Proemonsl.
1078 1831 1325 1896 ordinis,
1358 1849 1418 1904 p.
1448 1830 1600 1905 634]
1709 1846 1923 1905 copus,
1967 1836 2120 1890 Deus
2150 1835 2485 1901 benedicat,
2515 1834 2620 1906 qni
2652 1849 2757 1905 per
2805 1848 2867 1888 se
2896 1836 2953 1888 ct
2982 1846 3141 1896 suos,
3194 1830 3365 1899 grata

135 1930 222 1970 ius
271 1916 617 1989 episcopus,
660 1934 867 1975 servus
905 1937 1210 1977 servorum
1260 1921 1381 1985 Dei,
1421 1937 1596 1977 vene·
1710 1919 1819 1975 sibi
1853 1922 2502 1992 poteritvicissitudine
2556 1922 2935 1993 despondere
2975 1917 3050 1974 ad
3084 1923 3247 1973 tuam
3280 1915 3364 1970 di-

136 2002 240 2059 bus
268 2003 550 2062 sratribus
582 2007 1045 2079 archiepiscopis
1072 2016 1126 2066 et
1156 2010 1454 2082 episcopis
1495 2025 1601 2082 per
1707 2007 2044 2076 lectionem,
2079 2013 2379 2084 perpetuis
2409 2011 2782 2082 temporibus
2810 2008 3122 2080 obligetur.

145 2110 201 2149 m
242 2093 634 2151 Teutonicum
680 2099 1033 2164 constitutis„
1067 2099 1318 2155 salntem
1356 2104 1412 2155 et
1459 2113 1600 2171 apo-
1783 2100 1995 2155 Datum
2026 2100 2158 2156 L....
2187 2117 2242 2156 ιιι
2273 2101 2520 2158 Kalend.
2546 2102 2788 2157 Januar.
2817 2095 3198 2171 pontificatus
3230 2107 3364 2149 nos·

136 2198 222 2239 im
248 2183 744 2242 benedictionem.
1711 2186 1782 2244 tri
1812 2202 1975 2246 anno
2004 2191 2270 2247 secundo
2299 2192 2398 2264 (2).

136 2288 166 2327 e
195 2288 232 2328 a
259 2273 398 2329 viris
422 2273 835 2332 ecclesiasticis
860 2292 969 2349 pro
992 2278 1446 2335 conservatione
1466 2276 1603 2335 reli·
2457 2297 2596 2354 xm,

136 2379 148 2414 ε
178 2366 232 2417 et
264 2361 491 2418 ordinis
524 2364 580 2419 in
612 2365 871 2423 Ecclesia
891 2365 991 2422 Dei
1021 2366 1450 2424 rationabiliter
1482 2371 1604 2423 sta-
2490 2421 2502 2434 .
2841 2419 2852 2431 ι
2934 2417 2945 2430 ·
3002 2419 3012 2430 .
3244 2416 3255 2428 ·
3334 2416 3344 2428 .

136 2465 219 2514 ur,
243 2450 417 2507 firma
442 2453 793 2510 v01umuset
816 2454 1042 2511 illibata
1077 2456 1405 2527 persistere,
1431 2460 1600 2519 nasi
1713 2429 2099 2503 Privileaium
2136 2441 2245 2493 nro
2299 2423 2539 2481 eoeleste
2572 2421 2681 2479 SS·
2746 2420 3011 2489 omnam
3047 2423 3103 2475 ee
3157 2416 3365 2486 Grum-

137 2539 273 2594 itate
302 2540 619 2612 cujuslibet
657 2543 873 2599 fuerint
907 2549 1183 2613 vacuata,
1224 2546 1390 2615 vigor
1427 2545 1603 2602 disci·
2077 2513 2245 2555 mam
2275 2495 2347 2615 df
2386 2494 2564 2551 cavea
2597 2492 3008 2550 sue³⁸⁸⁰⁷²⁶m²'

147 2625 1598 2706 depereatetgravepericulumprovenjaganjma-
1963 2607 2154 2680 [Gall.
2186 2604 2400 2663 Christ.
2434 2617 2595 2667 nov„
2629 2601 2691 2656 X.
2720 2603 2916 2665 Instr.,
2963 2597 3105 2715 126.]
3182 2704 3192 2715 .
3320 2702 3331 2714 .

136 2715 289 2773 Sane
315 2733 454 2774 cum
480 2718 556 2776 ab
583 2721 831 2794 antiquo
862 2722 919 2777 in
943 2723 1151 2779 ordine
1174 2725 1602 2781 Praemonstra-
1784 2718 1987 2772 Lucius
2015 2713 2355 2785 episcopus,
2388 2725 2592 2765 servus
2623 2722 2933 2764 servorum
2983 2707 3103 2769 Dei,
3133 2702 3370 2760 dilectis

136 2803 292 2861 inerit
313 2807 643 2864 institutum
674 2816 730 2865 ut
754 2810 1004 2868 abbates
1026 2818 1081 2869 et
1101 2814 1398 2886 praepositi
1423 2814 1600 2869 annis
1711 2805 1849 2862 filiis
1896 2804 2226 2860 ‘rusommo
2281 2799 2484 2856 abbati
2537 2796 2798 2854 ecclesiae
2848 2795 2946 2852 SS.
3006 2792 3259 2865 Crispini
3313 2795 3373 2848 et

136 2892 198 2948 lis
228 2895 301 2950 ad
328 2896 605 2965 generale
620 2899 948 2970 capitulum
979 2900 1238 2958 debeant
1260 2903 1598 2968 convenire,
1712 2892 2073 2966 Crispiniani
2106 2891 2182 2947 de
2213 2891 2404 2945 Cavea
2454 2885 2921 2949 Suessionensis,
2966 2882 3216 2954 ejusque
3245 2881 3367 2937 fra-

143 2998 222 3050 m,
256 2985 572 3043 occasione
603 2988 880 3061 praeteriti
909 2989 1248 3048 schismatis
1286 2992 1502 3060 vocati,
1530 3008 1600 3050 eo
1712 2984 1902 3042 tribus
1954 2986 2074 3039 tam
2121 2977 2520 3053 proesentibus
2546 2991 2733 3049 quam
2768 2973 2979 3031 tuturis
3029 2968 3366 3042 regularem

136 3087 150 3127 i
172 3072 523 3142 detrectant,
546 3076 899 3134 mandatum
922 3079 1155 3135 abbatis
1172 3083 1601 3137 Proemonstra-
1711 3074 1899 3131 vitam
1930 3070 2214 3144 professis
2235 3069 2295 3125 in
2325 3071 2711 3140 perpetuum.
3241 3149 3251 3159 ·

145 3164 525 3235 etapostolici
540 3166 817 3224 culminis
836 3171 1602 3237 contemnentes.0uocirea
1634 3127 1674 3183 C
1782 3162 2071 3219 Effectum
2097 3159 2260 3230 iusta
2289 3153 2738 3229 postulantibus
2766 3150 3079 3221 indulgere
3115 3152 3170 3206 et
3198 3161 3368 3218 vigor

136 3251 316 3308 rsitati
366 3260 574 3311 vestrae
626 3271 732 3328 per
774 3257 1102 3328 apostolica
1148 3259 1367 3331 scripta
1402 3260 1603 3331 praeci-
1710 3250 2004 3325 aequitatis
2025 3253 2084 3306 et
2101 3249 2251 3305 ordo
2271 3246 2453 3315 exigit
2472 3243 2744 3309 rationis,
2771 3239 3101 3315 proesertim
3120 3237 3368 3337 quando

136 3354 168 3396 o
193 3343 581 3411 mandamus,
604 3351 924 3418 quatenus,
944 3347 1114 3421 siqui
1139 3353 1348 3405 vestrm
1366 3349 1604 3418 jurisdi-
1710 3338 2039 3414 petentium
2075 3336 2441 3393 voluntatem
2472 3338 2530 3390 et
2559 3333 2749 3406 pietas
2791 3331 3038 3400 adjuvat
3066 3333 3123 3429 et
3151 3331 3367 3426 veritas

174 3430 426 3502 subjecti
458 3449 495 3491 a
538 3442 871 3493 memorato
902 3436 1120 3493 abbate
1151 3438 1231 3494 ad
1269 3437 1603 3510 capitulum
1712 3445 1834 3486 non
1887 3427 2186 3498 relinquit.
2215 3427 2565 3496 Eapropter,
2597 3421 2795 3478 dilecti
2846 3419 2908 3475 in
2942 3421 3195 3515 Domino
3240 3415 3363 3479 filu,

143 3518 181 3574 ῑῑ
213 3522 494 3579 accedere
522 3525 947 3596 recusaverint,
979 3527 1088 3583 nisi
1119 3526 1194 3583 de
1226 3526 1470 3598 maj0ris
1495 3527 1605 3584 ab·
1715 3518 1925 3575 vestris
1949 3516 2124 3587 J‘ustis
2150 3511 2653 3587 postulationibus
2677 3509 2999 3564 clementer
3012 3519 3366 3601 annuimus,

136 3605 401 3665 fueriteis
420 3612 761 3683 provisione
788 3616 1133 3680 remissum,
1162 3624 1264 3672 aut
1282 3615 1399 3672 alia
1428 3617 1598 3672 ratio-
1711 3615 1768 3665 et
1799 3604 2107 3679 proeiatam
2138 3602 2455 3660 ecclesiam
2503 3603 2849 3655 sanctorum
2883 3599 3223 3694 martyrum
3254 3592 3370 3646 Cri-

157 3702 215 3753 et
239 3701 576 3757 necessaria
599 3718 785 3759 causa
807 3719 909 3759 eos
926 3703 1599 3771 reddideritexcusatos,
1712 3696 1867 3769 spini
1892 3699 1951 3751 et
1970 3690 2326 3765 crispiniani
2354 3691 2431 3746 de
2460 3692 2654 3747 Cavea
2679 3685 3123 3751 Suessionensi,
3154 3695 3214 3737 m
3242 3694 3370 3779 qua

136 3784 307 3843 1tiam
330 3804 516 3862 qnam
537 3791 598 3846 in
617 3807 722 3848 eos
745 3799 987 3865 propter
1001 3794 1116 3849 hoc
1137 3793 1334 3850 tulerit
1356 3795 1603 3850 servetis
1711 3786 1916 3842 divino
1944 3781 2269 3855 mancipati
2317 3779 2457 3838 estis
2502 3776 2822 3850 obsequio,
2857 3774 2971 3830 sub
3021 3772 3187 3872 beatt
3214 3770 3369 3870 Petri

136 3873 264 3930 latis
293 3893 484 3950 usque
507 3879 583 3935 ad
598 3879 848 3950 dignam
871 3881 1341 3939 satisfactionem
1359 3882 1604 3941 inviola-
1711 3880 1983 3931 etnostra
2013 3870 2376 3946 protectione
2389 3866 3157 3938 suscipimus,etpraesent1s
3168 3862 3371 3930 scripti

136 3964 492 4022 ·observari.
1712 3962 2019 4037 privilegio
2043 3959 2509 4017 communimus.
2567 3952 2866 4027 lmprimis
2911 3949 3210 4023 siquidem
3253 3952 3372 4004 sta-

136 4070 247 4111 ium
279 4056 551 4114 Laterani
577 4072 635 4113 tv
664 4057 962 4116 Kalendas
986 4060 1270 4127 Januarst,
1307 4075 1465 4117 anno
1496 4062 1603 4118 Do·
1713 4056 1964 4117 tuentes,
1993 4054 2057 4105 ut
2082 4049 2231 4104 ordo
2262 4044 2611 4109 canonicus,
2641 4042 2747 4116 qui
2775 4038 3109 4097 secundum
3134 4036 3369 4093 Domini

136 4146 289 4200 ¹181.
1713 4147 1771 4200 et
1795 4141 1860 4197 B.
1893 4136 2209 4209 Augustini
2235 4133 2519 4209 Regulam
2546 4132 2605 4189 in
2628 4131 2840 4188 eadem
2866 4128 3120 4186 ecclesia
3143 4125 3373 4183 institu-

733 4240 842 4294 ΧΙΙ.
1715 4235 1808 4287 tus
1827 4226 2219 4299 dignoscitur,
2239 4220 2767 4297 perpetuisibidem
2797 4217 3167 4290 temporibus
3188 4214 3372 4272 invio-

136 4326 190 4380 ιο
202 4324 598 4395 reqi,Sueciae,
622 4325 937 4396 AEqidium
960 4328 1295 4397 episcopum
1322 4328 1602 4386 Arusien-
1713 4317 1970 4376 labiliter
1997 4314 2362 4372 observetur.
2395 4315 2681 4369 Praeterea
2700 4321 3097 4382 quascunque
3124 4321 3371 4378 posses-

509 4411 627 4452 sem
659 4399 1049 4456 commendat.
1716 4409 1933 4475 siones,
1958 4419 2339 4479 quascunque
2360 4399 2742 4459 bonaeadem
2764 4397 3012 4455 ecclesia
3029 4397 3371 4468 impraesen·

466 4483 783 4555 (Lateraflie
817 4487 950 4543 Dee·
984 4489 1097 4560 30·)
1638 4491 1681 4545 D
1717 4498 1934 4553 tiarum
1972 4494 2129 4567 juste
2166 4497 2225 4550 et
2251 4491 2540 4549 canonice
2563 4487 2853 4563 possidet,
2886 4487 3074 4542 autin
3105 4484 3367 4541 futurum

138 4587 389 4629 ¹1³⁸G⁸²⁸
424 4573 807 4645 Diplomatar.
836 4576 1024 4645 suec„
1060 4583 1096 4632 ²·
1130 4579 1170 4643 1,
1226 4594 1291 4651 p-
1334 4580 1482 4655 ¹¹7·]
1714 4584 2109 4643 concessione
2128 4581 2505 4655 pontificum,
2526 4577 2837 4650 largitione
2859 4590 3073 4645 regum
3101 4572 3191 4631 vel
3216 4573 3373 4645 prin-

141 4678 228 4717 ms
260 4663 598 4735 episcopus,
638 4681 847 4720 servus
868 4682 1176 4723 servorum
1207 4667 1332 4737 Dei,
1357 4672 1603 4738 Canum,
1716 4671 1942 4745 cipum,
1972 4670 2275 4729 oblatione
2300 4669 2594 4734 fidelium,
2636 4682 2742 4723 seu
2788 4663 2920 4722 aliis
2945 4662 3123 4738 justis
3149 4661 3371 4728 modis,

136 4751 161 4805 ·i
185 4752 309 4821 regi
357 4752 598 4818 Sueciae,
628 4753 881 4811 salutem
913 4760 968 4811 et
998 4756 1395 4829 apostolicam
1424 4757 1603 4831 bene·
1716 4764 2035 4834 proestante
2065 4760 2338 4825 Domin0,
2391 4756 2605 4830 poterit
2657 4753 2930 4826 adipisci,
2966 4752 3144 4808 firma
3195 4748 3371 4806 vobis

139 4855 299 4896 nem·
636 4872 643 4877 ·
1717 4846 2047 4923 vestrisque
2073 4844 2521 4904 successoribus
2541 4848 2597 4900 et
2621 4842 2847 4899 illibata
2869 4843 3281 4915 permaneant,
3309 4839 3372 4893 in

140 4944 193 4994 e,
220 4922 391 5000 juxta
430 4945 675 5003 precum
710 4936 944 4988 tuarum
997 4933 1339 4990 instantiam
1375 4950 1445 4990 ac
1478 4950 1612 5007 pro-
1716 4937 1943 5011 quibus
1981 4936 2109 4993 haec
2157 4933 2414 5008 propriis
2441 4931 2726 4989 duximus
2769 4927 3167 5003 exprimenda
3195 4941 3377 4984 voca·

136 5034 310 5074 onem
328 5024 616 5087 nostram,
631 5019 921 5077 mittimus
938 5021 1017 5078 ad
1043 5027 1096 5078 te
1118 5022 1399 5079 dilectum
1419 5023 1609 5081 filium
1718 5025 1899 5085 bulis.

136 5123 227 5162 cm
262 5107 580 5178 AEgidium,
614 5125 795 5180 quem
852 5109 1224 5167 confecimus
1254 5111 1611 5186 episcopum
1795 5117 2015 5171 Locum
2048 5111 2244 5182 ipsum
2294 5111 2354 5167 in
2387 5125 2509 5183 quo
2541 5109 2791 5184 praefata
2820 5107 3077 5165 ecclesia
3105 5106 3219 5163 sita
3259 5108 3371 5171 est,

139 5212 363 5262 ensem,
414 5197 546 5255 ioco
603 5199 764 5255 iliani
815 5198 1132 5270 demortui,
1169 5201 1359 5257 virum
1409 5202 1612 5276 utique
1721 5219 1859 5262 cum
1892 5201 2175 5260 omnibus
2201 5199 2572 5273 pertinentiis
2594 5194 3071 5270 suis3quidquld
3099 5196 3376 5267 Paganus

136 5326 145 5349 ‚
179 5287 535 5357 prudentem
557 5293 614 5344 et
642 5289 951 5345 honestate
973 5291 1383 5362 conspicuum,
1412 5291 1616 5347 nobis-
1723 5291 1895 5351 miles
1916 5290 2161 5349 deCella
2181 5288 2341 5346 dedit
2359 5287 2524 5345 vobis
2545 5288 2604 5344 in
2629 5287 3080 5358 eleemosynam
3111 5285 3169 5341 in
3186 5283 3368 5339 Bello·

141 5378 268 5430 nter
302 5375 452 5431 alios
500 5374 709 5433 fratres
762 5382 1020 5443 nostros,
1064 5378 1189 5435 suis
1239 5379 1615 5450 exigentibus
1724 5386 1950 5447 monte,
1979 5394 2160 5437 uxore
2189 5394 2301 5435 sua
2348 5374 2721 5435 Ermentrudi
2750 5374 2965 5433 etflliis
3012 5374 3156 5442 suis,
3189 5375 3245 5430 et
3273 5373 3375 5429 Re·

149 5564 342 5624 Verba
367 5565 758 5640 pontificatus
782 5567 976 5626 nostri
1001 5580 1165 5628 anno
1190 5582 1228 5626 u
1256 5571 1462 5643 putem
1487 5565 1686 5629 atiena
1710 5580 1901 5627 manu
1925 5563 2133 5627 addita
2157 5579 2309 5625 esse.
2332 5563 2524 5623 lura.
