3784 6000
289 220 400 293 '147

1348 219 1773 285 GUlLLELMI
1816 218 2206 284 TYRENSIS
2246 220 2611 284 AttomEP.

3570 234 3686 294 7⁴8

284 357 506 429 aliquot
534 354 835 424 decubuit,
865 355 937 411 de
973 354 1066 410 die
1093 353 1154 408 in
1176 353 1329 409 diem
1361 359 1705 426 exspectans
1735 369 1926 412 reme·
1956 361 2008 428 Α
2041 356 2126 410 tot
2152 352 2369 411 doloris
2416 354 2609 411 intimi
2638 359 2978 427 argumenta
3008 356 3067 412 in
3097 363 3298 418 nostro
3328 361 3417 418 vel
3465 363 3524 420 in
3573 366 3688 423 alio

283 443 583 503 dium.Ubi
607 452 798 502 autem
817 441 1219 513 aegritudinem
1232 457 1590 513 cognoscens
1610 443 1919 502 invalesce-

282 550 364 602 re,
387 539 447 592 et
471 533 680 591 salutis
704 531 924 588 nullam
948 545 1258 605 superesse
1289 532 1588 604 fiduciam,
1606 534 1920 608 Berytbum

282 627 637 699 deportatuS,
668 622 1041 679 ecclesiarum
1086 622 1375 695 praelatos,
1422 622 1599 679 simul
1650 626 1708 679 et
1756 623 1918 696 regni

281 714 572 788 principes
587 714 658 769 ad
676 728 739 769 se
757 712 1062 770 cumomni
1084 711 1376 771 celeritate
1394 713 1654 787 praecipit
1669 713 1918 782 evocari;

277 804 493 877 quibus
513 803 573 860 in
596 801 907 875 praesentia
924 818 1029 858 sua
1058 803 1410 873 constitutis,
1432 805 1605 859 tidem
1629 819 1796 860 suam
1823 802 1918 874 pie

274 909 341 951 ac
387 892 658 966 religiose
709 890 1062 948 articulatim
1112 892 1399 963 aperiens,
1430 893 1488 949 iu
1529 891 1739 964 spiritu
1768 908 1915 948 con-

270 982 409 1039 trito
437 987 496 1039 et
528 979 1246 1051 bumiliat0,praesentibus
1269 979 1642 1052 pontificibus
1677 982 1916 1051 peccata

271 1069 580 1138 confitens,
612 1068 805 1125 carnis
845 1067 1074 1126 solutus
1111 1068 1431 1141 ergastulo,
1461 1067 1719 1125 animam
1751 1067 1916 1126 coelis

270 1158 488 1227 intulit,
509 1173 641 1216 cum
688 1156 886 1213 electis
929 1156 1312 1229 principibus,
1357 1164 1588 1215 auctore
1639 1156 1911 1225 Domino,

267 1263 543 1306 coronam
564 1245 1112 1304 immarcessibilem
1137 1250 1536 1319 percepturus.
1553 1245 1693 1302 Obit
1714 1254 1910 1302 autem

267 1352 422 1395 auno
447 1336 522 1394 ab
550 1334 953 1393 incarnatione
981 1333 1208 1392 Domini
1235 1335 1392 1406 1162,
1417 1334 1579 1407 regni
1601 1335 1732 1406 ejus
1754 1351 1910 1392 anno

261 1424 557 1493 vicesimo,
588 1440 646 1480 iv
675 1425 812 1480 idus
854 1423 1175 1492 Februarii,
1203 1424 1392 1481 astatis
1442 1440 1580 1480 vero
1610 1424 1911 1481 tricesimo

259 1514 434 1572 tertio
459 1531 474 1582 ;
499 1513 699 1570 liberis
731 1529 846 1570 non
876 1513 1263 1580 exstantibus,
1288 1513 1462 1569 fratre
1493 1514 1655 1585 regni
1679 1512 1908 1570 haerede

257 1601 1166 1674 instituto.1ndeHierosolymam
1180 1617 1314 1658 cum
1330 1618 1559 1659 summa
1584 1602 1906 1659 reverentia

252 1696 314 1747 et
332 1689 621 1764 regalibus
651 1689 969 1760 exsequiis,
984 1706 1116 1745 cum
1151 1690 1553 1747 universorum
1586 1690 1810 1762 gemitu
1844 1694 1902 1746 et

252 1779 528 1853 lacrymis
557 1779 917 1852 deportatus,
941 1782 1253 1835 occurente
1274 1779 1327 1835 ei
1357 1779 1513 1837 clero
1532 1783 1589 1836 et
1620 1779 1892 1836 universo

186 1905 199 1912 --
250 1867 464 1941 populo
493 1867 769 1939 civitatis,
793 1867 854 1925 in
884 1865 1132 1924 ecclesia
1159 1867 1447 1925 Dominici
1477 1868 1738 1940 Sepulcri
1761 1873 1897 1926 ante

246 1954 519 2014 Calvarioe
549 1955 766 2024 locum,
789 1955 884 2012 ubi
916 1971 1020 2027 pro
1050 1956 1236 2012 salute
1258 1962 1453 2013 nostra
1472 1957 1785 2014 crucifixus
1806 1960 1899 2014 est

245 2044 553 2113 Dominus,
574 2044 894 2102 honorilice
925 2043 1080 2100 inter
1127 2060 1265 2102 suos
1313 2047 1774 2119 predecessores
1803 2061 1897 2102 se-

245 2132 493 2206 pultum
524 2134 779 2192 traditus
805 2138 918 2191 est.
952 2133 1204 2190 {Pantam
1254 2140 1450 2192 autem
1483 2136 1802 2193 moestitam
1840 2143 1897 2191 et

2034 459 2233 517 regno,
2268 460 2371 516 pro
2435 443 2663 500 deiectu
2718 443 2972 516 alicujus
3020 447 3303 522 principis
3367 451 3692 524 exstitisse,

2033 531 2195 590 nulla
2231 533 2405 590 tradit
2433 532 2713 600 historia3
2747 533 2911 590 nulla
2951 536 3322 607 prasentium
3376 539 3692 603 bominum

2030 625 2189 678 tenet
2215 623 2498 678 memoria
2526 642 2542 691 3
2575 639 2707 679 nam
2738 623 2995 696 exceptis
3042 626 3288 697 civibus,
3321 629 3382 686 in
3430 646 3687 705 quorum

2031 711 2203 767 urbes
2234 711 2411 766 sunus
2432 710 2912 769 introducebatur
2939 714 3179 786 regium,
3206 733 3459 789 quorum
3490 719 3686 780 luctus

2027 805 2085 854 et
2134 798 2297 856 dolor
2347 798 2476 856 sine
2516 800 2783 873 exemplo
2822 802 3147 874 videbatur,
3180 806 3565 867 descendebat
3614 812 3687 869 de

2031 889 2325 945 montibus
2373 889 2635 946 fidelium
2688 890 3027 961 multitudo,
3058 909 3189 951 cum
3224 895 3451 967 ejulatu
3481 914 3686 971 prose·

2024 994 2211 1049 quens
2260 979 2652 1051 precedentes
2682 980 3006 1052 exsequias.
3038 982 3245 1054 Sicque
3288 1001 3321 1041 a
3373 984 3680 1060 Berytensi

2024 1069 2167 1122 urbe
2216 1065 2671 1140 Hierosolymam
2712 1066 2922 1125 diebus
2968 1072 3133 1142 quasi
3178 1077 3309 1130 octo
3351 1076 3679 1146 continuis,

2022 1173 2137 1212 non
2170 1156 2353 1212 deruit
2374 1156 2697 1213 lamentum
2712 1157 2874 1229 jnge,
2894 1164 2952 1214 et
2982 1159 3179 1217 luctus
3203 1162 3358 1219 horis
3380 1180 3527 1234 pene
3546 1167 3680 1223 sin-

2021 1245 2171 1316 gulis
2204 1254 2535 1303 renovatus.
2570 1246 2856 1304 Dicuntur
2872 1247 3255 1308 nihilominus
3279 1256 3338 1309 et
3372 1253 3575 1312 hostes
3603 1255 3680 1314 de

2017 1335 2142 1404 eius
2163 1340 2348 1393 morte
2390 1334 2684 1405 doluisse;
2734 1336 2817 1392 ita
2863 1342 2931 1393 ut
2966 1338 3305 1410 quibusdam
3344 1357 3677 1416 suggeren-

2019 1425 2179 1481 tibus
2208 1423 2521 1493 Noradino,
2544 1427 2696 1497 quod
2722 1425 2869 1483 fines
2898 1434 3133 1487 nostros
3164 1429 3506 1503 ingrediens
3528 1434 3678 1492 inte-

2015 1515 2126 1571 rim
2158 1515 2300 1571 dum
2324 1515 2614 1586 exsequiis
2644 1529 2880 1585 operam
2912 1518 3209 1590 daremus,
3239 1523 3457 1578 terram
3486 1523 3679 1597 depo·

2010 1603 2330 1675 putaretur,
2362 1603 2591 1659 dicatur
2617 1605 2991 1676 respondisse
3029 1623 3043 1660 :
3074 1609 3539 1680 compatiendum
3571 1620 3678 1683 ese,

2007 1700 2058 1749 er
2089 1693 2333 1748 humane
2361 1691 2756 1763 indulyemium
2774 1693 2925 1765 justo
2954 1710 3142 1752 eorum
3169 1697 3351 1753 dolori
3370 1715 3390 1753 .·
3422 1714 3485 1756 eo
3515 1703 3673 1772 quod

2001 1781 2305 1854 principem
2334 1784 2644 1850 amiserint,
2667 1784 2887 1855 qualem
2911 1785 3157 1857 reliquus
3180 1787 3340 1842 hodie
3357 1803 3470 1845 non
3493 1788 3671 1848 habet

2002 1869 2167 1926 orbis.
2194 1869 2311 1925 Nos
2331 1872 2528 1925 autem
2550 1869 2622 1926 de
2651 1870 2925 1941 operibus
2945 1873 3071 1943 ejus
3099 1873 3254 1930 bunc
3276 1873 3493 1932 librum
3521 1893 3672 1934 con-

2005 1961 2393 2025 summantes,
2422 1973 2677 2027 oramus,
2712 1962 2776 2014 ut
2824 1975 2960 2015 cum
3015 1961 3126 2032 piis
3155 1965 3213 2017 et
3253 1962 3479 2033 electis,
3530 1966 3670 2038 ejus

2006 2044 2203 2101 anima
2232 2047 2434 2100 sancta
2462 2044 2661 2117 requie
2701 2045 3054 2115 perfruatur.
3090 2051 3297 2108 Amen.

1007 2487 1414 2574 INCIPIT
1484 2486 1805 2576 LIBER
1864 2485 2260 2576 NONUS
2338 2490 2882 2580 DECIMUS.

769 2861 1002 2921 CAPUT
1032 2860 1339 2919 PmutJM.

1984 2860 2166 2917 versis
2215 2859 2585 2919 ecclesiarum
2637 2862 2911 2935 praelatis,
2956 2864 3124 2937 regioe
3171 2866 3463 2925 unctionis
3510 2884 3638 2943 gra·

237 2956 472 3014 Domino
535 2953 814 3012 Baldut'no
877 2951 1048 3024 fratri
1125 2950 1433 3009 Amutricus
1488 2949 1747 3021 succedit,
1813 2951 1874 3007 in
1907 2934 1950 3002 C
1987 2949 2153 3017 tiam,
2176 2951 2233 3007 et
2262 2949 2611 3008 diadematis
2640 2951 2871 3025 insigne
2903 2953 3167 3026 adeptus,
3189 2962 3243 3012 et
3280 2955 3342 3013 in
3363 2958 3529 3030 regui
3551 2974 3637 3017 sc·

956 3039 1148 3095 reque.

303 3134 548 3193 Domino
586 3134 767 3207 igitur
810 3130 1097 3189 Balduino
1129 3130 1319 3199 tertio,
1351 3129 1688 3186 Latinorum
1738 3129 1874 3184 llis-

235 3224 536 3298 rosolymis
585 3239 717 3296 rege
765 3231 994 3296 quarto,
1028 3222 1252 3295 absque
1292 3221 1515 3291 liberis,
1555 3224 1620 3277 ut
1649 3220 1871 3276 dictum

235 3318 346 3387 est,
368 3313 962 3383 defuncto,successit
981 3312 1034 3368 ei
1060 3314 1118 3368 in
1141 3311 1341 3368 eadem
1377 3310 1611 3367 civitate
1648 3314 1871 3376 sancta,

231 3403 568 3461 Latinorum
601 3419 695 3459 rex
727 3401 994 3473 quintus,
1019 3400 1296 3458 dominus
1325 3398 1674 3467 Amalricus,
1697 3398 1873 3455 frater

223 3494 354 3566 ejus
383 3492 615 3563 unicus,
636 3506 834 3548 comes
851 3489 1165 3562 Joppensis
1195 3498 1248 3546 et
1279 3488 1750 3557 Ascalonitanus,
1773 3504 1872 3544 an-

220 3597 295 3640 no
350 3580 423 3638 ab
478 3580 888 3638 incarnatione
953 3578 1186 3637 Domini
1234 3579 1374 3634 1162
1405 3594 1422 3646 ;
1457 3594 1490 3634 a
1530 3577 1869 3634 liberatione

219 3687 356 3729 vero
397 3671 667 3743 eiusdem
721 3672 833 3728 Deo
881 3669 1157 3727 amabilis
1205 3667 1475 3735 civitatis,
1508 3666 1868 3739 sexagesimo

218 3760 511 3829 secundo;
544 3759 888 3832 praesidente
918 3762 1133 3816 sanctae
1164 3758 1437 3814 Romanas
1469 3755 1742 3813 Ecclesia
1770 3755 1867 3810 do·

219 3850 375 3906 mino
410 3849 762 3919 Alexandro,
811 3848 1186 3923 pontificatus
1250 3849 1377 3919 ejus
1427 3862 1582 3903 anno
1647 3845 1861 3913 tertio;

218 3941 434 3996 sancto
461 3954 594 3999 vero
627 3938 1077 3997 Resurrectionis
1099 3935 1388 4006 Ecclesioe,
1405 3936 1644 3992 domino
1664 3934 1862 3991 Amal-

217 4025 358 4095 rico,
386 4026 724 4084 Latinorum
756 4024 1085 4097 patriarcha
1114 4041 1291 4090 nono,
1324 4022 1700 4096 pontificatus
1733 4021 1862 4092 ejus

218 4131 374 4171 anuo
404 4117 614 4186 quarto
639 4131 655 4183 ;
686 4116 900 4171 nnete
931 4116 1127 4169 autem
1171 4111 1540 4169 Antiochenoe
1572 4110 1860 4180 Ecclesia,

215 4202 454 4261 domino
474 4202 787 4270 Aimerico,
812 4200 1145 4258 Latinorum
1165 4201 1223 4256 in
1255 4200 1458 4257 eadem
1489 4198 1719 4257 civitate
1750 4216 1861 4271 pa-

1985 3038 2130 3095 lium
2166 3039 2528 3097 hereditario
2559 3040 2671 3098 sibi
2690 3043 2828 3113 jure
2855 3042 3141 3114 debitum,
3171 3060 3253 3101 x11
3280 3046 3407 3103 Kal.
3439 3046 3634 3106 Martii

1982 3127 2337 3186 sublimatus
2367 3136 2473 3192 est,
2505 3130 2598 3187 die
2627 3134 2830 3188 octava
2860 3136 2988 3204 post
3018 3132 3216 3190 fratris
3244 3134 3498 3192 obitum.
3540 3136 3640 3194 Hic

1981 3219 2202 3285 statim,
2232 3234 2301 3274 ex
2350 3236 2464 3292 quo
2513 3219 2682 3276 miles
2732 3222 2938 3291 iactus,
2986 3238 3149 3278 arma
3198 3226 3370 3295 coepit
3417 3232 3643 3298 gestare

1982 3308 2279 3378 militaria,
2313 3310 2501 3365 iactus
2535 3314 2625 3366 est
2671 3325 2868 3366 comes
2918 3310 3253 3383 Joppensis,
3286 3313 3381 3370 cui
3434 3319 3633 3388 postea

1979 3396 2536 3470 fraterejusinclytae
2559 3397 2979 3456 recordationis
2994 3401 3265 3458 dominus
3278 3402 3631 3477 Balduinus,

1980 3487 2255 3544 eximiam
2313 3486 2758 3544 Philistinorum
2829 3489 3197 3560 metropolim
3254 3490 3630 3562 Ascalonem,

1977 3575 2184 3633 diebus
2212 3576 2334 3632 suis
2362 3576 2772 3648 expugnatam,
2803 3584 2858 3632 et
2889 3575 3220 3634 Christiano
3274 3584 3406 3651 post
3454 3581 3634 3657 longa

1979 3666 2243 3737 tempora
2274 3664 2493 3721 nomini
2524 3664 2877 3732 restitutam,
2911 3665 3072 3738 regia
3114 3666 3465 3727 liberalitate
3492 3687 3632 3729 con·

1977 3753 2149 3808 cessit
2174 3769 2190 3820 3
2223 3753 2377 3809 sicut
2405 3753 2697 3824 superius,
2730 3754 2871 3811 dum
2922 3754 2994 3811 de
3022 3771 3201 3829 reguo
3233 3758 3503 3829 eJusdem
3535 3760 3635 3818 do-

1976 3841 2123 3898 mini
2146 3842 2416 3900 Balduini
2438 3844 2876 3914 dissereremus,
2891 3843 3229 3918 diligentius
3249 3849 3628 3922 comprehen-

1974 3946 2103 3988 sum
2149 3936 2260 3990 est.
2289 3930 2510 4005 Viginti
2566 3941 2786 4004 septem
2830 3949 3125 3992 annorum
3183 3940 3306 3993 erat
3348 3937 3628 3999 dominus

1973 4020 2322 4091 Amalricus,
2353 4037 2486 4078 cum
2518 4037 2761 4094 regnare
2791 4022 3083 4095 coepisset.
3117 4023 3399 4097 Regnavit
3428 4031 3623 4086 autem

1972 4111 2145 4168 annis
2177 4111 2473 4179 undecim,
2505 4110 2805 4168 mensibus
2845 4112 3122 4185 quinque.

2625 4200 2859 4257 CAPUT
2893 4201 2961 4257 11.

215 4289 471 4347 triarcba
517 4290 711 4360 tertio,
732 4306 884 4348 anno
930 4290 1304 4362 pontificatus
1352 4289 1482 4361 ejus
1537 4288 1816 4346 vicesimo
1839 4306 1855 4357 3
1888 4315 1937 4382 D
1970 4289 2310 4347 Describitur
2339 4288 2526 4363 qualis
2544 4289 2789 4349 moribus
2811 4293 3013 4364 suerit,-
3032 4296 3084 4349 et
3102 4291 3167 4351 de
3187 4293 3303 4352 vita
3317 4297 3372 4353 et
3388 4311 3618 4356 emner-

212 4380 429 4437 sanctoe
460 4392 594 4435 vero
643 4379 884 4451 Tyrensi
914 4376 1206 4449 Ecclesiae,
1237 4377 1475 4435 domino
1523 4377 1710 4445 Petro,
1744 4377 1858 4434 La-

213 4469 472 4527 tinorum
500 4468 561 4524 in
583 4469 788 4526 eadem
817 4468 1051 4526 civitate
1082 4473 1213 4541 post
1244 4467 1448 4525 urbem
1480 4472 1733 4540 captam,
1764 4485 1856 4524 ar·

2607 4383 2819 4438 satione
2837 4383 2975 4455 ejus.

2042 4468 2175 4525 Fuit
2216 4468 2399 4542 igitur
2444 4469 2537 4526 via
2584 4470 2942 4541 experientia
2988 4470 3267 4543 praeditus
3323 4475 3615 4545 saeculari,

204 4558 579 4632 chiepiscopo
610 4559 802 4628 tertio,
827 4558 1204 4632 pontificatus
1234 4560 1362 4631 ejus
1389 4574 1541 4614 auno
1570 4556 1739 4614 tertio
1761 4558 1860 4614 de-
1966 4555 2225 4628 prudens
2264 4556 2601 4625 admodum,
2623 4560 2680 4613 et
2709 4557 2768 4612 in
2818 4558 3062 4631 agendis
3102 4558 3572 4631 circumspectus
3599 4580 3616 4620 τ

202 4648 519 4707 cimc.Post
540 4648 738 4706 fratris
752 4652 945 4706 tamen
965 4648 1190 4705 obitum
1214 4647 1656 4704 dissonantibus
1705 4647 1855 4704 inter
1962 4642 2175 4718 linguae
2207 4643 2632 4717 aliquantulum
2655 4644 3065 4720 impeditioris,
3081 4663 3196 4705 non
3219 4649 3361 4706 adeo
3383 4653 3608 4721 tamen,

201 4754 263 4796 se
287 4739 447 4812 regni
482 4739 872 4812 principibus,
893 4747 948 4795 et
968 4738 1039 4794 de
1071 4738 1223 4810 regis
1256 4735 1664 4794 substitutione
1683 4735 1850 4793 aliter
1961 4737 2027 4791 ut
2052 4734 2104 4789 ei
2136 4734 2387 4792 muitum
2433 4751 2535 4807 pro
2566 4735 2702 4792 vitio
2733 4740 2927 4808 posset
2974 4736 3290 4807 imputari3
3343 4739 3451 4796 sed
3500 4741 3605 4808 ita,

195 4834 258 4888 et
285 4830 456 4888 aliter
482 4830 910 4903 affectis,paulo
941 4829 1137 4886 minus
1158 4844 1222 4887 se
1249 4827 1599 4900 interposuit
1618 4827 1847 4899 ingens,

1958 4829 2023 4881 ut
2054 4824 2213 4881 illam
2236 4828 2441 4896 sponte
2464 4826 2692 4883 fluentis
2719 4825 2938 4900 eloquii
2965 4843 3080 4884 non
3102 4826 3346 4885 haberet
3372 4829 3610 4905 elegan-

192 4934 330 4977 cum
360 4918 618 4993 periculo
664 4934 735 4976 ex
779 4918 1095 4977 schismate
1128 4925 1319 4975 ortum
1351 4917 1708 4975 scandalum.
1732 4917 1843 4975 Sed
1956 4912 2115 4969 tiam.
2158 4912 2429 4970 Consiliis
2480 4913 2651 4988 longe
2691 4914 2915 4983 melior,
2949 4931 3125 4988 quam
3165 4915 3482 4976 verborum
3520 4920 3610 4977 af-

186 5011 385 5082 optato
413 5008 600 5066 adsuit
624 5009 824 5066 divina
871 5009 1198 5075 clementia,
1235 5024 1363 5080 quas
1395 5006 1570 5064 rebus
1608 5006 1842 5079 pericli-

1953 5001 2213 5069 fluentia,
2238 5001 2326 5059 vel
2356 5007 2584 5060 ornatu.
2622 5003 2681 5059 ln
2734 5004 2862 5075 iure
2908 5005 3453 5076 consuetudinario,
3490 5024 3608 5082 quc

183 5096 444 5156 tantibus
472 5098 866 5170 competentia
900 5097 1059 5154 novit
1090 5101 1292 5170 aptare
1324 5096 1614 5165 remedia3
1642 5094 1837 5152 subito
1950 5093 2262 5165 regebatur
2291 5108 2558 5165 regnum,
2590 5093 2826 5150 subtilis
2856 5093 3203 5167 plurimum,
3234 5102 3290 5152 st
3337 5095 3488 5154 nulli
3509 5114 3606 5157 se·

178 5186 358 5258 enim,
389 5187 618 5245 favente
640 5185 751 5244 sibi
772 5186 1146 5258 potissimum
1176 5185 1330 5243 clero
1352 5189 1409 5242 et
1439 5184 1673 5257 populo,
1690 5200 1832 5256 pau·

1948 5182 2179 5239 cundus
2201 5201 2215 5250 ς
2239 5180 2357 5238 imo
2381 5183 2481 5255 qui
2507 5181 2668 5255 regni
2699 5183 2990 5255 principes
3008 5186 3067 5239 et
3094 5182 3310 5241 mentis
3325 5187 3607 5246 acumine

178 5276 384 5353 cisque
412 5278 486 5335 de
512 5278 913 5352 magnatibus.
947 5276 1246 5334 evacuatis
1275 5274 1444 5333 aliter
1489 5274 1828 5333 affectorum
1946 5277 1999 5327 et
2029 5270 2395 5327 discretionis
2425 5271 2651 5343 proeiret
2675 5272 3007 5329 sinceritate
3038 5272 3370 5330 universos.
3407 5277 3474 5332 1u
3505 5294 3605 5349 pe-

177 5366 609 5438 moliminibus,
638 5366 698 5424 in
730 5365 976 5425 ecclesia
1004 5364 1297 5423 Dominici
1348 5363 1634 5437 Sepulcri,
1667 5381 1704 5421 a
1730 5379 1830 5421 su·

1943 5357 2142 5415 riculis
2169 5361 2228 5415 et
2263 5358 2513 5414 summis
2562 5357 3028 5427 necessitatibus,
3061 5373 3206 5430 quas
3256 5360 3600 5433 frequenter

175 5453 437 5527 predicto
464 5456 700 5513 domino
728 5456 1014 5513 Amalrico
1046 5452 1407 5528 patriarcba,
1440 5455 1830 5527 prasentibus
1941 5446 2212 5517 incurrit,
2234 5448 2375 5506 dum
2404 5463 2508 5521 pro
2540 5463 2720 5521 regno
2751 5447 3087 5520 ampliando
3109 5446 3363 5506 viriliter
3387 5454 3448 5509 et
3469 5452 3599 5512 sine

166 5549 223 5628 ,t
266 5544 717 5618 cooperantibus
758 5542 1241 5623 archiepiscopis,
1271 5540 1565 5617 episcopis
1609 5546 1670 5601 et
1700 5544 1830 5604 uni-

1939 5531 2376 5598 intermissione
2402 5538 2683 5610 decertat,
2719 5536 2885 5595 tortis
2923 5540 2983 5596 et
3019 5536 3340 5611 providus;
3393 5543 3456 5600 et
3471 5545 3605 5604 aui-
