<?xml version="1.0" encoding="UTF-8"?>
<!DOCTYPE html PUBLIC "-//W3C//DTD XHTML 1.0 Transitional//EN"
    "http://www.w3.org/TR/xhtml1/DTD/xhtml1-transitional.dtd">
<html xmlns="http://www.w3.org/1999/xhtml" xml:lang="en" lang="en">
 <head>
  <title>
</title>
<meta http-equiv="Content-Type" content="text/html;charset=utf-8" />
  <meta name='ocr-system' content='tesseract 3.04.00' />
  <meta name='ocr-capabilities' content='ocr_page ocr_carea ocr_par ocr_line ocrx_word'/>
</head>
<body>
  <div class='ocr_page' id='page_1' title='image "./patrologiaecurs32goog_0434.png"; bbox 0 0 3784 6000; ppageno 0'>
   <div class='ocr_carea' id='block_1_1' title="bbox 1382 226 2538 287">
    <p class='ocr_par' dir='ltr' id='par_1_1' title="bbox 1382 226 2538 287">
     <span class='ocr_line' id='line_1_1' title="bbox 1382 226 2538 287; baseline 0 -2"><span class='ocrx_word' id='word_1_1' title='bbox 1382 226 1775 285; x_wconf 75' lang='lat' dir='ltr'><strong>GUILLELMI</strong></span> <span class='ocrx_word' id='word_1_2' title='bbox 1812 226 2162 285; x_wconf 74' lang='lat' dir='ltr'>TYRENSIS</span> <span class='ocrx_word' id='word_1_3' title='bbox 2203 226 2538 287; x_wconf 66' lang='lat' dir='ltr'><strong>mentm).</strong></span> 
     </span>
    </p>
   </div>
   <div class='ocr_carea' id='block_1_2' title="bbox 277 350 3712 424">
    <p class='ocr_par' dir='ltr' id='par_1_2' title="bbox 277 350 3712 424">
     <span class='ocr_line' id='line_1_2' title="bbox 277 350 3712 424; baseline 0.001 -16"><span class='ocrx_word' id='word_1_4' title='bbox 277 355 336 408; x_wconf 87' lang='lat' dir='ltr'><strong>et</strong></span> <span class='ocrx_word' id='word_1_5' title='bbox 362 365 507 422; x_wconf 90' lang='lat' dir='ltr'><strong>erga</strong></span> <span class='ocrx_word' id='word_1_6' title='bbox 533 350 851 424; x_wconf 89' lang='lat' dir='ltr'><strong>imperium</strong></span> <span class='ocrx_word' id='word_1_7' title='bbox 878 350 1387 424; x_wconf 74' lang='lat' dir='ltr'><strong>semper-infidelis</strong></span> <span class='ocrx_word' id='word_1_8' title='bbox 1410 368 1425 418; x_wconf 89' lang='lat'><em>;</em></span> <span class='ocrx_word' id='word_1_9' title='bbox 1447 351 1606 407; x_wconf 88' lang='lat' dir='ltr'><strong>unde</strong></span> <span class='ocrx_word' id='word_1_10' title='bbox 1626 351 1707 408; x_wconf 91' lang='lat' dir='ltr'><strong>ob</strong></span> <span class='ocrx_word' id='word_1_11' title='bbox 1738 351 1937 407; x_wconf 89' lang='lat' dir='ltr'><strong>multi·</strong></span> <span class='ocrx_word' id='word_1_12' title='bbox 1964 352 2012 407; x_wconf 83' lang='grc' dir='ltr'><strong>Α</strong></span> <span class='ocrx_word' id='word_1_13' title='bbox 2044 350 2277 423; x_wconf 89' lang='lat' dir='ltr'><strong>populi,</strong></span> <span class='ocrx_word' id='word_1_14' title='bbox 2299 352 2546 424; x_wconf 85' lang='lat' dir='ltr'><strong>quialiis</strong></span> <span class='ocrx_word' id='word_1_15' title='bbox 2561 353 2927 411; x_wconf 88' lang='lat' dir='ltr'><strong>abeuntibus</strong></span> <span class='ocrx_word' id='word_1_16' title='bbox 2955 360 3059 411; x_wconf 91' lang='lat' dir='ltr'><strong>aut</strong></span> <span class='ocrx_word' id='word_1_17' title='bbox 3080 356 3434 421; x_wconf 87' lang='lat' dir='ltr'><strong>noluerant,</strong></span> <span class='ocrx_word' id='word_1_18' title='bbox 3456 358 3570 411; x_wconf 85' lang='lat' dir='ltr'><strong>ant</strong></span> <span class='ocrx_word' id='word_1_19' title='bbox 3595 368 3712 411; x_wconf 85' lang='lat' dir='ltr'><strong>nou</strong></span> 
     </span>
    </p>
   </div>
   <div class='ocr_carea' id='block_1_3' title="bbox 274 440 1935 1670">
    <p class='ocr_par' dir='ltr' id='par_1_3' title="bbox 274 440 1935 1670">
     <span class='ocr_line' id='line_1_3' title="bbox 275 440 1935 514; baseline -0.002 -17"><span class='ocrx_word' id='word_1_20' title='bbox 275 441 451 514; x_wconf 82' lang='lat' dir='ltr'><strong>plicia</strong></span> <span class='ocrx_word' id='word_1_21' title='bbox 479 442 613 513; x_wconf 87' lang='lat' dir='ltr'><strong>ejus</strong></span> <span class='ocrx_word' id='word_1_22' title='bbox 670 441 911 505; x_wconf 87' lang='lat' dir='ltr'><strong>scelera,</strong></span> <span class='ocrx_word' id='word_1_23' title='bbox 956 448 1224 511; x_wconf 71' lang='lat' dir='ltr'><strong>tempore</strong></span> <span class='ocrx_word' id='word_1_24' title='bbox 1276 440 1508 496; x_wconf 87' lang='lat' dir='ltr'><strong>domini</strong></span> <span class='ocrx_word' id='word_1_25' title='bbox 1556 440 1935 512; x_wconf 90' lang='lat' dir='ltr'><strong>imperatoris</strong></span> 
     </span>
     <span class='ocr_line' id='line_1_4' title="bbox 277 528 1933 602; baseline -0.002 -16"><span class='ocrx_word' id='word_1_26' title='bbox 277 530 517 586; x_wconf 87' lang='lat' dir='ltr'><strong>vincula</strong></span> <span class='ocrx_word' id='word_1_27' title='bbox 548 544 765 602; x_wconf 84' lang='lat' dir='ltr'><strong>passus</strong></span> <span class='ocrx_word' id='word_1_28' title='bbox 797 529 1009 595; x_wconf 77' lang='lat' dir='ltr'><strong>fuerat,</strong></span> <span class='ocrx_word' id='word_1_29' title='bbox 1035 536 1093 585; x_wconf 85' lang='lat' dir='ltr'><strong>et</strong></span> <span class='ocrx_word' id='word_1_30' title='bbox 1121 545 1391 586; x_wconf 82' lang='lat' dir='ltr'><strong>carceres</strong></span> <span class='ocrx_word' id='word_1_31' title='bbox 1425 546 1439 596; x_wconf 90' lang='lat'>;</span> <span class='ocrx_word' id='word_1_32' title='bbox 1468 536 1520 585; x_wconf 89' lang='lat' dir='ltr'><strong>et</strong></span> <span class='ocrx_word' id='word_1_33' title='bbox 1553 528 1933 600; x_wconf 74' lang='lat' dir='ltr'><strong>exigentibus</strong></span> 
     </span>
     <span class='ocr_line' id='line_1_5' title="bbox 278 616 1934 691; baseline -0.002 -14"><span class='ocrx_word' id='word_1_34' title='bbox 278 620 526 684; x_wconf 89' lang='lat' dir='ltr'><strong>meritis,</strong></span> <span class='ocrx_word' id='word_1_35' title='bbox 558 619 959 687; x_wconf 80' lang='lat' dir='ltr'><strong>ignominiose</strong></span> <span class='ocrx_word' id='word_1_36' title='bbox 991 624 1293 686; x_wconf 88' lang='lat' dir='ltr'><strong>tractatus,</strong></span> <span class='ocrx_word' id='word_1_37' title='bbox 1328 634 1510 689; x_wconf 76' lang='lat' dir='ltr'><strong>vagus</strong></span> <span class='ocrx_word' id='word_1_38' title='bbox 1534 624 1593 675; x_wconf 90' lang='lat' dir='ltr'><strong>et</strong></span> <span class='ocrx_word' id='word_1_39' title='bbox 1642 616 1934 691; x_wconf 90' lang='lat' dir='ltr'><strong>profugus</strong></span> 
     </span>
     <span class='ocr_line' id='line_1_6' title="bbox 278 706 1932 781; baseline -0.002 -16"><span class='ocrx_word' id='word_1_40' title='bbox 278 722 460 781; x_wconf 88' lang='lat' dir='ltr'><strong>super</strong></span> <span class='ocrx_word' id='word_1_41' title='bbox 486 713 724 773; x_wconf 88' lang='lat' dir='ltr'><strong>terram,</strong></span> <span class='ocrx_word' id='word_1_42' title='bbox 744 706 1042 763; x_wconf 77' lang='lat' dir='ltr'><strong>Orientem</strong></span> <span class='ocrx_word' id='word_1_43' title='bbox 1066 708 1441 764; x_wconf 77' lang='lat' dir='ltr'><strong>circumierat</strong></span> <span class='ocrx_word' id='word_1_44' title='bbox 1467 709 1843 775; x_wconf 80' lang='lat' dir='ltr'><strong>universum;</strong></span> <span class='ocrx_word' id='word_1_45' title='bbox 1870 707 1932 762; x_wconf 91' lang='lat' dir='ltr'><strong>in</strong></span> 
     </span>
     <span class='ocr_line' id='line_1_7' title="bbox 278 796 1933 870; baseline 0.001 -17"><span class='ocrx_word' id='word_1_46' title='bbox 278 798 533 870; x_wconf 91' lang='lat' dir='ltr'><strong>ipsoque</strong></span> <span class='ocrx_word' id='word_1_47' title='bbox 564 811 676 850; x_wconf 90' lang='lat' dir='ltr'><strong>suo</strong></span> <span class='ocrx_word' id='word_1_48' title='bbox 704 796 912 851; x_wconf 87' lang='lat' dir='ltr'><strong>exsilio</strong></span> <span class='ocrx_word' id='word_1_49' title='bbox 946 796 1131 852; x_wconf 91' lang='lat' dir='ltr'><strong>multa</strong></span> <span class='ocrx_word' id='word_1_50' title='bbox 1172 797 1367 868; x_wconf 91' lang='lat' dir='ltr'><strong>turpia</strong></span> <span class='ocrx_word' id='word_1_51' title='bbox 1407 797 1844 863; x_wconf 83' lang='lat' dir='ltr'><strong>commisserat‚</strong></span> <span class='ocrx_word' id='word_1_52' title='bbox 1877 802 1933 855; x_wconf 91' lang='lat' dir='ltr'><strong>et</strong></span> 
     </span>
     <span class='ocr_line' id='line_1_8' title="bbox 278 882 1932 953; baseline 0 -11"><span class='ocrx_word' id='word_1_53' title='bbox 278 882 805 943; x_wconf 86' lang='lat' dir='ltr'><strong>animadversione</strong></span> <span class='ocrx_word' id='word_1_54' title='bbox 821 883 1005 953; x_wconf 92' lang='lat' dir='ltr'><strong>digna</strong></span> <span class='ocrx_word' id='word_1_55' title='bbox 1022 902 1036 951; x_wconf 92' lang='lat'>;</span> <span class='ocrx_word' id='word_1_56' title='bbox 1053 886 1375 942; x_wconf 89' lang='lat' dir='ltr'><strong>novissime</strong></span> <span class='ocrx_word' id='word_1_57' title='bbox 1390 891 1613 949; x_wconf 88' lang='lat' dir='ltr'><strong>tamen,</strong></span> <span class='ocrx_word' id='word_1_58' title='bbox 1627 886 1725 942; x_wconf 83' lang='lat' dir='ltr'><strong>vix</strong></span> <span class='ocrx_word' id='word_1_59' title='bbox 1740 886 1932 942; x_wconf 88' lang='lat' dir='ltr'><strong>tribus</strong></span> 
     </span>
     <span class='ocr_line' id='line_1_9' title="bbox 276 972 1930 1044; baseline 0 -13"><span class='ocrx_word' id='word_1_60' title='bbox 276 978 416 1031; x_wconf 84' lang='lat' dir='ltr'><strong>ante</strong></span> <span class='ocrx_word' id='word_1_61' title='bbox 444 972 819 1044; x_wconf 88' lang='lat' dir='ltr'><strong>imperatoris</strong></span> <span class='ocrx_word' id='word_1_62' title='bbox 843 973 1076 1029; x_wconf 90' lang='lat' dir='ltr'><strong>obitum</strong></span> <span class='ocrx_word' id='word_1_63' title='bbox 1106 975 1930 1041; x_wconf 86' lang='lat' dir='ltr'><strong>mensibus‚reconciliatusin</strong></span> 
     </span>
     <span class='ocr_line' id='line_1_10' title="bbox 275 1062 1923 1134; baseline 0.002 -17"><span class='ocrx_word' id='word_1_64' title='bbox 275 1062 530 1134; x_wconf 81' lang='lat' dir='ltr'><strong>gratiam</strong></span> <span class='ocrx_word' id='word_1_65' title='bbox 562 1062 838 1119; x_wconf 85' lang='lat' dir='ltr'><strong>redierat.</strong></span> <span class='ocrx_word' id='word_1_66' title='bbox 871 1065 935 1118; x_wconf 84' lang='lat' dir='ltr'><strong>Et</strong></span> <span class='ocrx_word' id='word_1_67' title='bbox 964 1078 1061 1128; x_wconf 86' lang='lat' dir='ltr'><strong>ne,</strong></span> <span class='ocrx_word' id='word_1_68' title='bbox 1102 1079 1265 1120; x_wconf 92' lang='lat' dir='ltr'><strong>more</strong></span> <span class='ocrx_word' id='word_1_69' title='bbox 1296 1064 1495 1130; x_wconf 88' lang='lat' dir='ltr'><strong>solito,</strong></span> <span class='ocrx_word' id='word_1_70' title='bbox 1525 1065 1684 1122; x_wconf 90' lang='lat' dir='ltr'><strong>circa</strong></span> <span class='ocrx_word' id='word_1_71' title='bbox 1716 1065 1923 1121; x_wconf 89' lang='lat' dir='ltr'><strong>urbem</strong></span> 
     </span>
     <span class='ocr_line' id='line_1_11' title="bbox 277 1151 1933 1226; baseline -0.001 -17"><span class='ocrx_word' id='word_1_72' title='bbox 277 1151 486 1210; x_wconf 89' lang='lat' dir='ltr'><strong>turbas</strong></span> <span class='ocrx_word' id='word_1_73' title='bbox 518 1156 718 1224; x_wconf 88' lang='lat' dir='ltr'><strong>posset</strong></span> <span class='ocrx_word' id='word_1_74' title='bbox 748 1152 1028 1219; x_wconf 86' lang='lat' dir='ltr'><strong>excitare,</strong></span> <span class='ocrx_word' id='word_1_75' title='bbox 1061 1156 1119 1209; x_wconf 88' lang='lat' dir='ltr'><strong>et</strong></span> <span class='ocrx_word' id='word_1_76' title='bbox 1147 1152 1619 1226; x_wconf 83' lang='lat' dir='ltr'><strong>conspirationes</strong></span> <span class='ocrx_word' id='word_1_77' title='bbox 1645 1152 1838 1209; x_wconf 92' lang='lat' dir='ltr'><strong>moliri</strong></span> <span class='ocrx_word' id='word_1_78' title='bbox 1867 1157 1933 1208; x_wconf 91' lang='lat' dir='ltr'><strong>ut</strong></span> 
     </span>
     <span class='ocr_line' id='line_1_12' title="bbox 274 1242 1930 1313; baseline -0.001 -14"><span class='ocrx_word' id='word_1_79' title='bbox 274 1254 464 1313; x_wconf 86' lang='lat' dir='ltr'><strong>regno</strong></span> <span class='ocrx_word' id='word_1_80' title='bbox 493 1245 793 1312; x_wconf 84' lang='lat' dir='ltr'><strong>proeesset,</strong></span> <span class='ocrx_word' id='word_1_81' title='bbox 825 1242 1043 1298; x_wconf 86' lang='lat' dir='ltr'><strong>missus</strong></span> <span class='ocrx_word' id='word_1_82' title='bbox 1063 1247 1151 1298; x_wconf 87' lang='lat' dir='ltr'><strong>est</strong></span> <span class='ocrx_word' id='word_1_83' title='bbox 1182 1244 1240 1299; x_wconf 89' lang='lat' dir='ltr'><strong>in</strong></span> <span class='ocrx_word' id='word_1_84' title='bbox 1264 1246 1518 1300; x_wconf 87' lang='lat' dir='ltr'><strong>Pontum</strong></span> <span class='ocrx_word' id='word_1_85' title='bbox 1546 1242 1660 1299; x_wconf 91' lang='lat' dir='ltr'><strong>sub</strong></span> <span class='ocrx_word' id='word_1_86' title='bbox 1683 1243 1930 1299; x_wconf 87' lang='lat' dir='ltr'><strong>honoris</strong></span> 
     </span>
     <span class='ocr_line' id='line_1_13' title="bbox 279 1329 1932 1404; baseline -0.001 -16"><span class='ocrx_word' id='word_1_87' title='bbox 279 1334 571 1404; x_wconf 77' lang='lat' dir='ltr'><strong>praetextu</strong></span> <span class='ocrx_word' id='word_1_88' title='bbox 603 1329 973 1402; x_wconf 65' lang='lat' dir='ltr'><strong>praesidialis.</strong></span> <span class='ocrx_word' id='word_1_89' title='bbox 1020 1333 1184 1388; x_wconf 83' lang='lat' dir='ltr'><strong>fluuc</strong></span> <span class='ocrx_word' id='word_1_90' title='bbox 1239 1332 1436 1402; x_wconf 89' lang='lat' dir='ltr'><strong>igitur,</strong></span> <span class='ocrx_word' id='word_1_91' title='bbox 1469 1332 1849 1404; x_wconf 87' lang='lat' dir='ltr'><strong>imperatoris</strong></span> <span class='ocrx_word' id='word_1_92' title='bbox 1874 1337 1932 1388; x_wconf 90' lang='lat' dir='ltr'><strong>et</strong></span> 
     </span>
     <span class='ocr_line' id='line_1_14' title="bbox 278 1419 1928 1494; baseline 0.002 -19"><span class='ocrx_word' id='word_1_93' title='bbox 278 1419 473 1494; x_wconf 85' lang='lat' dir='ltr'><strong>ipsius</strong></span> <span class='ocrx_word' id='word_1_94' title='bbox 499 1420 679 1475; x_wconf 89' lang='lat' dir='ltr'><strong>etiam</strong></span> <span class='ocrx_word' id='word_1_95' title='bbox 714 1419 1127 1476; x_wconf 76' lang='lat' dir='ltr'><strong>protesevasto</strong></span> <span class='ocrx_word' id='word_1_96' title='bbox 1148 1421 1601 1493; x_wconf 85' lang='lat' dir='ltr'><strong>consanguinei.</strong></span> <span class='ocrx_word' id='word_1_97' title='bbox 1636 1427 1693 1478; x_wconf 89' lang='lat' dir='ltr'><strong>et</strong></span> <span class='ocrx_word' id='word_1_98' title='bbox 1736 1421 1775 1477; x_wconf 93' lang='lat' dir='ltr'><strong>ii</strong></span> <span class='ocrx_word' id='word_1_99' title='bbox 1806 1437 1928 1477; x_wconf 90' lang='lat' dir='ltr'><strong>ma·</strong></span> 
     </span>
     <span class='ocr_line' id='line_1_15' title="bbox 278 1507 1927 1580; baseline 0.001 -15"><span class='ocrx_word' id='word_1_100' title='bbox 278 1508 510 1565; x_wconf 85' lang='lat' dir='ltr'><strong>ximein</strong></span> <span class='ocrx_word' id='word_1_101' title='bbox 523 1507 1049 1580; x_wconf 77' lang='lat' dir='ltr'><strong>quibusmajorem</strong></span> <span class='ocrx_word' id='word_1_102' title='bbox 1065 1510 1607 1568; x_wconf 85' lang='lat' dir='ltr'><strong>videbaturhabere</strong></span> <span class='ocrx_word' id='word_1_103' title='bbox 1620 1510 1927 1575; x_wconf 85' lang='lat' dir='ltr'><strong>fiduciam,</strong></span> 
     </span>
     <span class='ocr_line' id='line_1_16' title="bbox 278 1597 1932 1670; baseline 0 -15"><span class='ocrx_word' id='word_1_104' title='bbox 278 1597 669 1655; x_wconf 85' lang='lat' dir='ltr'><strong>clandestinis</strong></span> <span class='ocrx_word' id='word_1_105' title='bbox 698 1600 1530 1670; x_wconf 84' lang='lat' dir='ltr'><strong>evocaveruutlegationibus,</strong></span> <span class='ocrx_word' id='word_1_106' title='bbox 1548 1607 1856 1658; x_wconf 89' lang='lat' dir='ltr'><strong>monentes</strong></span> <span class='ocrx_word' id='word_1_107' title='bbox 1870 1605 1932 1656; x_wconf 89' lang='lat' dir='ltr'><strong>ut</strong></span> 
     </span>
    </p>
   </div>
   <div class='ocr_carea' id='block_1_4' title="bbox 2037 440 3712 1672">
    <p class='ocr_par' dir='ltr' id='par_1_4' title="bbox 2037 440 3712 1672">
     <span class='ocr_line' id='line_1_17' title="bbox 2045 440 3710 517; baseline 0.002 -21"><span class='ocrx_word' id='word_1_108' title='bbox 2045 442 2546 512; x_wconf 84' lang='lat' dir='ltr'><strong>potuerantexire.</strong></span> <span class='ocrx_word' id='word_1_109' title='bbox 2564 440 3028 499; x_wconf 68' lang='lat' dir='ltr'><strong>desaevientibus</strong></span> <span class='ocrx_word' id='word_1_110' title='bbox 3040 443 3257 515; x_wconf 83' lang='lat' dir='ltr'><strong>gladiis</strong></span> <span class='ocrx_word' id='word_1_111' title='bbox 3269 448 3675 517; x_wconf 86' lang='lat' dir='ltr'><strong>peremerunt</strong></span> <span class='ocrx_word' id='word_1_112' title='bbox 3695 460 3710 512; x_wconf 73' lang='grc' dir='ltr'>ς</span> 
     </span>
     <span class='ocr_line' id='line_1_18' title="bbox 2042 529 3706 606; baseline 0.002 -21"><span class='ocrx_word' id='word_1_113' title='bbox 2042 534 2100 585; x_wconf 89' lang='lat' dir='ltr'><strong>et</strong></span> <span class='ocrx_word' id='word_1_114' title='bbox 2119 529 2254 586; x_wconf 89' lang='lat' dir='ltr'><strong>licet</strong></span> <span class='ocrx_word' id='word_1_115' title='bbox 2279 532 2453 601; x_wconf 85' lang='lat' dir='ltr'><strong>pauci</strong></span> <span class='ocrx_word' id='word_1_116' title='bbox 2469 532 2808 605; x_wconf 84' lang='lat' dir='ltr'><strong>essent,qui</strong></span> <span class='ocrx_word' id='word_1_117' title='bbox 2833 531 2911 589; x_wconf 90' lang='lat' dir='ltr'><strong>ad</strong></span> <span class='ocrx_word' id='word_1_118' title='bbox 2925 548 3097 589; x_wconf 88' lang='lat' dir='ltr'><strong>arma</strong></span> <span class='ocrx_word' id='word_1_119' title='bbox 3122 536 3382 606; x_wconf 86' lang='lat' dir='ltr'><strong>possent</strong></span> <span class='ocrx_word' id='word_1_120' title='bbox 3406 530 3706 597; x_wconf 73' lang='lat' dir='ltr'><strong>sumcere,</strong></span> 
     </span>
     <span class='ocr_line' id='line_1_19' title="bbox 2039 618 3706 685; baseline 0.001 -11"><span class='ocrx_word' id='word_1_121' title='bbox 2039 619 2384 676; x_wconf 88' lang='lat' dir='ltr'><strong>restiterunt</strong></span> <span class='ocrx_word' id='word_1_122' title='bbox 2407 623 2611 677; x_wconf 88' lang='lat' dir='ltr'><strong>tamen</strong></span> <span class='ocrx_word' id='word_1_123' title='bbox 2637 621 2764 685; x_wconf 84' lang='lat' dir='ltr'><strong>diu,</strong></span> <span class='ocrx_word' id='word_1_124' title='bbox 2790 624 2850 677; x_wconf 90' lang='lat' dir='ltr'><strong>et</strong></span> <span class='ocrx_word' id='word_1_125' title='bbox 2879 626 3192 678; x_wconf 79' lang='lat' dir='ltr'><strong>cruentam</strong></span> <span class='ocrx_word' id='word_1_126' title='bbox 3220 621 3301 678; x_wconf 86' lang='lat' dir='ltr'><strong>de</strong></span> <span class='ocrx_word' id='word_1_127' title='bbox 3327 636 3398 677; x_wconf 87' lang='lat' dir='ltr'><strong>se</strong></span> <span class='ocrx_word' id='word_1_128' title='bbox 3429 618 3706 677; x_wconf 76' lang='lat' dir='ltr'><strong>hostibus</strong></span> 
     </span>
     <span class='ocr_line' id='line_1_20' title="bbox 2041 706 3712 780; baseline 0.002 -17"><span class='ocrx_word' id='word_1_129' title='bbox 2041 706 2408 780; x_wconf 90' lang='lat' dir='ltr'><strong>reliquerunt</strong></span> <span class='ocrx_word' id='word_1_130' title='bbox 2430 708 2753 766; x_wconf 86' lang='lat' dir='ltr'><strong>victoriam.</strong></span> <span class='ocrx_word' id='word_1_131' title='bbox 2785 711 3172 768; x_wconf 85' lang='lat' dir='ltr'><strong>immemores</strong></span> <span class='ocrx_word' id='word_1_132' title='bbox 3195 709 3387 780; x_wconf 87' lang='lat' dir='ltr'><strong>igitur</strong></span> <span class='ocrx_word' id='word_1_133' title='bbox 3419 716 3483 766; x_wconf 89' lang='lat' dir='ltr'><strong>et</strong></span> <span class='ocrx_word' id='word_1_134' title='bbox 3533 708 3712 767; x_wconf 81' lang='lat' dir='ltr'><strong>foede·</strong></span> 
     </span>
     <span class='ocr_line' id='line_1_21' title="bbox 2041 795 3709 872; baseline 0.002 -20"><span class='ocrx_word' id='word_1_135' title='bbox 2041 795 2120 852; x_wconf 87' lang='lat' dir='ltr'><strong>ris</strong></span> <span class='ocrx_word' id='word_1_136' title='bbox 2133 797 2628 870; x_wconf 88' lang='lat' dir='ltr'><strong>etobsequiorum</strong></span> <span class='ocrx_word' id='word_1_137' title='bbox 2639 814 2775 871; x_wconf 69' lang='lat' dir='ltr'><strong>quae</strong></span> <span class='ocrx_word' id='word_1_138' title='bbox 2789 799 3047 870; x_wconf 90' lang='lat' dir='ltr'><strong>plurima</strong></span> <span class='ocrx_word' id='word_1_139' title='bbox 3062 799 3320 872; x_wconf 88' lang='lat' dir='ltr'><strong>imperio</strong></span> <span class='ocrx_word' id='word_1_140' title='bbox 3335 799 3540 855; x_wconf 82' lang='lat' dir='ltr'><strong>nostri</strong></span> <span class='ocrx_word' id='word_1_141' title='bbox 3579 814 3709 855; x_wconf 88' lang='lat' dir='ltr'><strong>eon·</strong></span> 
     </span>
     <span class='ocr_line' id='line_1_22' title="bbox 2043 885 3707 961; baseline 0.002 -20"><span class='ocrx_word' id='word_1_142' title='bbox 2043 885 2317 952; x_wconf 88' lang='lat' dir='ltr'><strong>tulerant,</strong></span> <span class='ocrx_word' id='word_1_143' title='bbox 2339 888 2664 959; x_wconf 87' lang='lat' dir='ltr'><strong>peremptis</strong></span> <span class='ocrx_word' id='word_1_144' title='bbox 2688 887 2760 942; x_wconf 92' lang='lat' dir='ltr'><strong>iis</strong></span> <span class='ocrx_word' id='word_1_145' title='bbox 2795 889 2900 961; x_wconf 89' lang='lat' dir='ltr'><strong>qui</strong></span> <span class='ocrx_word' id='word_1_146' title='bbox 2919 888 3194 945; x_wconf 86' lang='lat' dir='ltr'><strong>resistere</strong></span> <span class='ocrx_word' id='word_1_147' title='bbox 3217 902 3408 961; x_wconf 83' lang='lat' dir='ltr'><strong>posse</strong></span> <span class='ocrx_word' id='word_1_148' title='bbox 3425 887 3707 945; x_wconf 81' lang='lat' dir='ltr'><strong>videban-</strong></span> 
     </span>
     <span class='ocr_line' id='line_1_23' title="bbox 2042 974 3704 1051; baseline 0.004 -22"><span class='ocrx_word' id='word_1_149' title='bbox 2042 978 2156 1039; x_wconf 90' lang='lat' dir='ltr'><strong>tur,</strong></span> <span class='ocrx_word' id='word_1_150' title='bbox 2170 974 2370 1044; x_wconf 87' lang='lat' dir='ltr'><strong>iguem</strong></span> <span class='ocrx_word' id='word_1_151' title='bbox 2385 991 2594 1032; x_wconf 89' lang='lat' dir='ltr'><strong>eorum</strong></span> <span class='ocrx_word' id='word_1_152' title='bbox 2611 975 2930 1032; x_wconf 86' lang='lat' dir='ltr'><strong>domiciliis</strong></span> <span class='ocrx_word' id='word_1_153' title='bbox 2944 976 3343 1051; x_wconf 85' lang='lat' dir='ltr'><strong>subjiciuntet</strong></span> <span class='ocrx_word' id='word_1_154' title='bbox 3359 975 3704 1035; x_wconf 80' lang='lat' dir='ltr'><strong>universam</strong></span> 
     </span>
     <span class='ocr_line' id='line_1_24' title="bbox 2040 1064 3704 1135; baseline 0.002 -15"><span class='ocrx_word' id='word_1_155' title='bbox 2040 1079 2248 1120; x_wconf 90' lang='lat' dir='ltr'><strong>eorum</strong></span> <span class='ocrx_word' id='word_1_156' title='bbox 2274 1064 2581 1134; x_wconf 85' lang='lat' dir='ltr'><strong>regionem</strong></span> <span class='ocrx_word' id='word_1_157' title='bbox 2611 1065 2811 1123; x_wconf 86' lang='lat' dir='ltr'><strong>subito</strong></span> <span class='ocrx_word' id='word_1_158' title='bbox 2863 1069 3222 1123; x_wconf 80' lang='lat' dir='ltr'><strong>convertunt</strong></span> <span class='ocrx_word' id='word_1_159' title='bbox 3265 1066 3330 1122; x_wconf 91' lang='lat' dir='ltr'><strong>iu</strong></span> <span class='ocrx_word' id='word_1_160' title='bbox 3390 1064 3664 1123; x_wconf 82' lang='lat' dir='ltr'><strong>favillam</strong></span> <span class='ocrx_word' id='word_1_161' title='bbox 3687 1082 3704 1135; x_wconf 87' lang='lat'>;</span> 
     </span>
     <span class='ocr_line' id='line_1_25' title="bbox 2040 1152 3706 1226; baseline 0.002 -17"><span class='ocrx_word' id='word_1_162' title='bbox 2040 1152 2392 1209; x_wconf 89' lang='lat' dir='ltr'><strong>mulieribus</strong></span> <span class='ocrx_word' id='word_1_163' title='bbox 2418 1160 2476 1210; x_wconf 90' lang='lat' dir='ltr'><strong>et</strong></span> <span class='ocrx_word' id='word_1_164' title='bbox 2500 1154 2783 1226; x_wconf 84' lang='lat' dir='ltr'><strong>parvulis,</strong></span> <span class='ocrx_word' id='word_1_165' title='bbox 2816 1153 3060 1212; x_wconf 87' lang='lat' dir='ltr'><strong>senibus</strong></span> <span class='ocrx_word' id='word_1_166' title='bbox 3081 1159 3139 1211; x_wconf 91' lang='lat' dir='ltr'><strong>et</strong></span> <span class='ocrx_word' id='word_1_167' title='bbox 3162 1154 3615 1212; x_wconf 85' lang='lat' dir='ltr'><strong>valitudinariis</strong></span> <span class='ocrx_word' id='word_1_168' title='bbox 3628 1156 3706 1212; x_wconf 85' lang='lat' dir='ltr'><strong>iu·</strong></span> 
     </span>
     <span class='ocr_line' id='line_1_26' title="bbox 2039 1242 3704 1317; baseline 0.004 -20"><span class='ocrx_word' id='word_1_169' title='bbox 2039 1242 2252 1298; x_wconf 88' lang='lat' dir='ltr'><strong>cendio</strong></span> <span class='ocrx_word' id='word_1_170' title='bbox 2263 1243 2660 1316; x_wconf 88' lang='lat' dir='ltr'><strong>consumptis.</strong></span> <span class='ocrx_word' id='word_1_171' title='bbox 2679 1246 2794 1300; x_wconf 78' lang='lat' dir='ltr'><strong>¹Nec</strong></span> <span class='ocrx_word' id='word_1_172' title='bbox 2806 1243 3372 1301; x_wconf 74' lang='lat' dir='ltr'><strong>sufficiebateorum</strong></span> <span class='ocrx_word' id='word_1_173' title='bbox 3385 1242 3704 1317; x_wconf 84' lang='lat' dir='ltr'><strong>impietati,</strong></span> 
     </span>
     <span class='ocr_line' id='line_1_27' title="bbox 2038 1331 3700 1405; baseline 0.002 -17"><span class='ocrx_word' id='word_1_174' title='bbox 2038 1331 2098 1388; x_wconf 89' lang='lat' dir='ltr'><strong>in</strong></span> <span class='ocrx_word' id='word_1_175' title='bbox 2127 1331 2259 1387; x_wconf 90' lang='lat' dir='ltr'><strong>loca</strong></span> <span class='ocrx_word' id='word_1_176' title='bbox 2275 1331 2561 1388; x_wconf 77' lang='lat' dir='ltr'><strong>daesivere</strong></span> <span class='ocrx_word' id='word_1_177' title='bbox 2582 1332 2837 1405; x_wconf 89' lang='lat' dir='ltr'><strong>profana</strong></span> <span class='ocrx_word' id='word_1_178' title='bbox 2860 1350 2878 1405; x_wconf 80' lang='lat'>3</span> <span class='ocrx_word' id='word_1_179' title='bbox 2901 1349 3109 1390; x_wconf 84' lang='lat' dir='ltr'><strong>verum</strong></span> <span class='ocrx_word' id='word_1_180' title='bbox 3140 1332 3439 1390; x_wconf 86' lang='lat' dir='ltr'><strong>ecclesias</strong></span> <span class='ocrx_word' id='word_1_181' title='bbox 3469 1337 3534 1390; x_wconf 85' lang='lat' dir='ltr'><strong>et</strong></span> <span class='ocrx_word' id='word_1_182' title='bbox 3549 1332 3700 1401; x_wconf 79' lang='lat' dir='ltr'><strong>loca,</strong></span> 
     </span>
     <span class='ocr_line' id='line_1_28' title="bbox 2037 1418 3705 1494; baseline 0.002 -19"><span class='ocrx_word' id='word_1_183' title='bbox 2037 1418 2312 1493; x_wconf 70' lang='lat' dir='ltr'><strong>quaslibet</strong></span> <span class='ocrx_word' id='word_1_184' title='bbox 2332 1421 2697 1477; x_wconf 86' lang='lat' dir='ltr'><strong>venerabilia</strong></span> <span class='ocrx_word' id='word_1_185' title='bbox 2709 1422 3163 1488; x_wconf 87' lang='lat' dir='ltr'><strong>succendentes,</strong></span> <span class='ocrx_word' id='word_1_186' title='bbox 3177 1421 3380 1494; x_wconf 86' lang='lat' dir='ltr'><strong>quiad</strong></span> <span class='ocrx_word' id='word_1_187' title='bbox 3397 1436 3478 1478; x_wconf 83' lang='lat' dir='ltr'><strong>ea</strong></span> <span class='ocrx_word' id='word_1_188' title='bbox 3499 1421 3705 1479; x_wconf 79' lang='lat' dir='ltr'><strong>salutis</strong></span> 
     </span>
     <span class='ocr_line' id='line_1_29' title="bbox 2038 1509 3704 1584; baseline 0.002 -18"><span class='ocrx_word' id='word_1_189' title='bbox 2038 1525 2104 1566; x_wconf 88' lang='lat' dir='ltr'><strong>ca</strong></span> <span class='ocrx_word' id='word_1_190' title='bbox 2115 1526 2221 1566; x_wconf 89' lang='lat' dir='ltr'><strong>usa</strong></span> <span class='ocrx_word' id='word_1_191' title='bbox 2237 1509 2649 1580; x_wconf 82' lang='lat' dir='ltr'><strong>confugerant,</strong></span> <span class='ocrx_word' id='word_1_192' title='bbox 2678 1526 2818 1567; x_wconf 90' lang='lat' dir='ltr'><strong>cum</strong></span> <span class='ocrx_word' id='word_1_193' title='bbox 2844 1511 2991 1583; x_wconf 91' lang='lat' dir='ltr'><strong>ipsis</strong></span> <span class='ocrx_word' id='word_1_194' title='bbox 3011 1512 3233 1584; x_wconf 89' lang='lat' dir='ltr'><strong>pariter</strong></span> <span class='ocrx_word' id='word_1_195' title='bbox 3252 1511 3452 1567; x_wconf 86' lang='lat' dir='ltr'><strong>sacris</strong></span> <span class='ocrx_word' id='word_1_196' title='bbox 3473 1511 3704 1569; x_wconf 57' lang='lat' dir='ltr'><strong>aedibus</strong></span> 
     </span>
     <span class='ocr_line' id='line_1_30' title="bbox 2037 1598 3704 1672; baseline 0.004 -19"><span class='ocrx_word' id='word_1_197' title='bbox 2037 1598 2526 1655; x_wconf 86' lang='lat' dir='ltr'><strong>concremabant.</strong></span> <span class='ocrx_word' id='word_1_198' title='bbox 2559 1601 2675 1656; x_wconf 85' lang='lat' dir='ltr'><strong>Nec</strong></span> <span class='ocrx_word' id='word_1_199' title='bbox 2708 1605 2837 1656; x_wconf 89' lang='lat' dir='ltr'><strong>erat</strong></span> <span class='ocrx_word' id='word_1_200' title='bbox 2865 1598 3198 1656; x_wconf 83' lang='lat' dir='ltr'><strong>differentia</strong></span> <span class='ocrx_word' id='word_1_201' title='bbox 3225 1599 3614 1672; x_wconf 78' lang='lat' dir='ltr'><strong>plebeiorum</strong></span> <span class='ocrx_word' id='word_1_202' title='bbox 3650 1606 3704 1659; x_wconf 89' lang='lat' dir='ltr'><strong>et</strong></span> 
     </span>
    </p>
   </div>
   <div class='ocr_carea' id='block_1_5' title="bbox 280 1686 3704 1764">
    <p class='ocr_par' dir='ltr' id='par_1_5' title="bbox 280 1686 3704 1764">
     <span class='ocr_line' id='line_1_31' title="bbox 280 1686 3704 1764; baseline 0.001 -20"><span class='ocrx_word' id='word_1_203' title='bbox 280 1687 568 1744; x_wconf 89' lang='lat' dir='ltr'><strong>adversus</strong></span> <span class='ocrx_word' id='word_1_204' title='bbox 595 1702 734 1743; x_wconf 91' lang='lat' dir='ltr'><strong>eum</strong></span> <span class='ocrx_word' id='word_1_205' title='bbox 762 1695 1117 1755; x_wconf 88' lang='lat' dir='ltr'><strong>armaretur,</strong></span> <span class='ocrx_word' id='word_1_206' title='bbox 1149 1690 1253 1762; x_wconf 89' lang='lat' dir='ltr'><strong>qui</strong></span> <span class='ocrx_word' id='word_1_207' title='bbox 1284 1690 1414 1761; x_wconf 89' lang='lat' dir='ltr'><strong>ejus</strong></span> <span class='ocrx_word' id='word_1_208' title='bbox 1467 1689 1623 1746; x_wconf 89' lang='lat' dir='ltr'><strong>filios</strong></span> <span class='ocrx_word' id='word_1_209' title='bbox 1672 1696 1729 1745; x_wconf 91' lang='lat' dir='ltr'><strong>et</strong></span> <span class='ocrx_word' id='word_1_210' title='bbox 1780 1688 1930 1746; x_wconf 86' lang='lat' dir='ltr'><strong>alios</strong></span> <span class='ocrx_word' id='word_1_211' title='bbox 1963 1694 2006 1750; x_wconf 87' lang='lat' dir='ltr'>B</span> <span class='ocrx_word' id='word_1_212' title='bbox 2038 1686 2200 1752; x_wconf 90' lang='lat' dir='ltr'><strong>cleri,</strong></span> <span class='ocrx_word' id='word_1_213' title='bbox 2229 1687 2342 1743; x_wconf 90' lang='lat' dir='ltr'><strong>nisi</strong></span> <span class='ocrx_word' id='word_1_214' title='bbox 2368 1688 2534 1761; x_wconf 85' lang='lat' dir='ltr'><strong>quod</strong></span> <span class='ocrx_word' id='word_1_215' title='bbox 2550 1689 2811 1745; x_wconf 88' lang='lat' dir='ltr'><strong>atrocius</strong></span> <span class='ocrx_word' id='word_1_216' title='bbox 2827 1690 2886 1745; x_wconf 92' lang='lat' dir='ltr'><strong>in</strong></span> <span class='ocrx_word' id='word_1_217' title='bbox 2910 1705 3014 1745; x_wconf 89' lang='lat' dir='ltr'><strong>eos</strong></span> <span class='ocrx_word' id='word_1_218' title='bbox 3036 1689 3470 1756; x_wconf 64' lang='lat' dir='ltr'><strong>desaeviebant,</strong></span> <span class='ocrx_word' id='word_1_219' title='bbox 3485 1689 3598 1764; x_wconf 82' lang='lat' dir='ltr'><strong>qui</strong></span> <span class='ocrx_word' id='word_1_220' title='bbox 3617 1704 3704 1747; x_wconf 86' lang='lat' dir='ltr'><strong>re·</strong></span> 
     </span>
    </p>
   </div>
   <div class='ocr_carea' id='block_1_6' title="bbox 276 1775 1935 3014">
    <p class='ocr_par' dir='ltr' id='par_1_6' title="bbox 276 1775 1935 3014">
     <span class='ocr_line' id='line_1_32' title="bbox 278 1775 1928 1850; baseline 0 -17"><span class='ocrx_word' id='word_1_221' title='bbox 278 1775 535 1833; x_wconf 87' lang='lat' dir='ltr'><strong>illustres</strong></span> <span class='ocrx_word' id='word_1_222' title='bbox 564 1776 887 1846; x_wconf 88' lang='lat' dir='ltr'><strong>quosdam,</strong></span> <span class='ocrx_word' id='word_1_223' title='bbox 908 1776 1303 1848; x_wconf 89' lang='lat' dir='ltr'><strong>ignominiose</strong></span> <span class='ocrx_word' id='word_1_224' title='bbox 1333 1776 1672 1850; x_wconf 89' lang='lat' dir='ltr'><strong>conjecerat</strong></span> <span class='ocrx_word' id='word_1_225' title='bbox 1701 1779 1758 1834; x_wconf 92' lang='lat' dir='ltr'><strong>in</strong></span> <span class='ocrx_word' id='word_1_226' title='bbox 1794 1778 1928 1833; x_wconf 84' lang='lat' dir='ltr'><strong>vin-</strong></span> 
     </span>
     <span class='ocr_line' id='line_1_33' title="bbox 280 1863 1930 1940; baseline 0.002 -20"><span class='ocrx_word' id='word_1_227' title='bbox 280 1863 436 1921; x_wconf 90' lang='lat' dir='ltr'><strong>cula.</strong></span> <span class='ocrx_word' id='word_1_228' title='bbox 471 1867 647 1920; x_wconf 84' lang='lat' dir='ltr'><strong>Porro</strong></span> <span class='ocrx_word' id='word_1_229' title='bbox 673 1863 792 1932; x_wconf 87' lang='lat' dir='ltr'><strong>hic,</strong></span> <span class='ocrx_word' id='word_1_230' title='bbox 819 1870 881 1920; x_wconf 92' lang='lat' dir='ltr'><strong>ut</strong></span> <span class='ocrx_word' id='word_1_231' title='bbox 910 1865 1320 1937; x_wconf 83' lang='lat' dir='ltr'><strong>praediximus,</strong></span> <span class='ocrx_word' id='word_1_232' title='bbox 1350 1866 1605 1922; x_wconf 89' lang='lat' dir='ltr'><strong>illustres</strong></span> <span class='ocrx_word' id='word_1_233' title='bbox 1630 1867 1930 1940; x_wconf 89' lang='lat' dir='ltr'><strong>quosdam</strong></span> 
     </span>
     <span class='ocr_line' id='line_1_34' title="bbox 280 1952 1934 2029; baseline 0.002 -19"><span class='ocrx_word' id='word_1_234' title='bbox 280 1953 341 2010; x_wconf 92' lang='lat' dir='ltr'><strong>iu</strong></span> <span class='ocrx_word' id='word_1_235' title='bbox 380 1952 822 2025; x_wconf 86' lang='lat' dir='ltr'><strong>conspiratione</strong></span> <span class='ocrx_word' id='word_1_236' title='bbox 846 1954 1273 2027; x_wconf 88' lang='lat' dir='ltr'><strong>deprehensos,</strong></span> <span class='ocrx_word' id='word_1_237' title='bbox 1302 1957 1522 2012; x_wconf 86' lang='lat' dir='ltr'><strong>carceri</strong></span> <span class='ocrx_word' id='word_1_238' title='bbox 1554 1958 1934 2029; x_wconf 86' lang='lat' dir='ltr'><strong>mancipave-</strong></span> 
     </span>
     <span class='ocr_line' id='line_1_35' title="bbox 280 2041 1934 2115; baseline 0.002 -16"><span class='ocrx_word' id='word_1_239' title='bbox 280 2048 372 2099; x_wconf 88' lang='lat' dir='ltr'><strong>rat</strong></span> <span class='ocrx_word' id='word_1_240' title='bbox 385 2041 567 2110; x_wconf 89' lang='lat' dir='ltr'><strong>;unde</strong></span> <span class='ocrx_word' id='word_1_241' title='bbox 579 2042 914 2115; x_wconf 89' lang='lat' dir='ltr'><strong>ampliorem</strong></span> <span class='ocrx_word' id='word_1_242' title='bbox 929 2044 988 2100; x_wconf 92' lang='lat' dir='ltr'><strong>in</strong></span> <span class='ocrx_word' id='word_1_243' title='bbox 1003 2060 1067 2101; x_wconf 89' lang='lat' dir='ltr'><strong>se</strong></span> <span class='ocrx_word' id='word_1_244' title='bbox 1079 2046 1480 2102; x_wconf 83' lang='lat' dir='ltr'><strong>concitaverat</strong></span> <span class='ocrx_word' id='word_1_245' title='bbox 1495 2047 1797 2103; x_wconf 85' lang='lat' dir='ltr'><strong>invidiam.</strong></span> <span class='ocrx_word' id='word_1_246' title='bbox 1824 2046 1934 2103; x_wconf 91' lang='lat' dir='ltr'><strong>Vo-</strong></span> 
     </span>
     <span class='ocr_line' id='line_1_36' title="bbox 280 2133 1934 2203; baseline 0.001 -14"><span class='ocrx_word' id='word_1_247' title='bbox 280 2135 450 2189; x_wconf 86' lang='lat' dir='ltr'><strong>catus</strong></span> <span class='ocrx_word' id='word_1_248' title='bbox 477 2146 621 2203; x_wconf 91' lang='lat' dir='ltr'><strong>ergo</strong></span> <span class='ocrx_word' id='word_1_249' title='bbox 648 2133 968 2203; x_wconf 63' lang='lat' dir='ltr'><strong>praedictus</strong></span> <span class='ocrx_word' id='word_1_250' title='bbox 985 2134 1380 2202; x_wconf 78' lang='lat' dir='ltr'><strong>Andronicus,</strong></span> <span class='ocrx_word' id='word_1_251' title='bbox 1414 2136 1761 2193; x_wconf 89' lang='lat' dir='ltr'><strong>innumeras</strong></span> <span class='ocrx_word' id='word_1_252' title='bbox 1801 2137 1934 2193; x_wconf 86' lang='lat' dir='ltr'><strong>Bar-</strong></span> 
     </span>
     <span class='ocr_line' id='line_1_37' title="bbox 280 2221 1927 2295; baseline 0.002 -16"><span class='ocrx_word' id='word_1_253' title='bbox 280 2221 568 2279; x_wconf 87' lang='lat' dir='ltr'><strong>bararum</strong></span> <span class='ocrx_word' id='word_1_254' title='bbox 580 2222 891 2279; x_wconf 88' lang='lat' dir='ltr'><strong>nationum</strong></span> <span class='ocrx_word' id='word_1_255' title='bbox 912 2239 1111 2278; x_wconf 90' lang='lat' dir='ltr'><strong>secum</strong></span> <span class='ocrx_word' id='word_1_256' title='bbox 1129 2224 1374 2280; x_wconf 88' lang='lat' dir='ltr'><strong>trahens</strong></span> <span class='ocrx_word' id='word_1_257' title='bbox 1390 2227 1701 2295; x_wconf 73' lang='lat' dir='ltr'><strong>copiae.ad</strong></span> <span class='ocrx_word' id='word_1_258' title='bbox 1718 2226 1927 2282; x_wconf 90' lang='lat' dir='ltr'><strong>urbem</strong></span> 
     </span>
     <span class='ocr_line' id='line_1_38' title="bbox 280 2310 1934 2386; baseline 0.002 -18"><span class='ocrx_word' id='word_1_259' title='bbox 280 2311 549 2376; x_wconf 86' lang='lat' dir='ltr'><strong>accessit,</strong></span> <span class='ocrx_word' id='word_1_260' title='bbox 581 2314 642 2367; x_wconf 92' lang='lat' dir='ltr'><strong>et</strong></span> <span class='ocrx_word' id='word_1_261' title='bbox 662 2326 839 2366; x_wconf 82' lang='lat' dir='ltr'><strong>secus</strong></span> <span class='ocrx_word' id='word_1_262' title='bbox 866 2310 1311 2384; x_wconf 81' lang='lat' dir='ltr'><strong>Hellespontum</strong></span> <span class='ocrx_word' id='word_1_263' title='bbox 1329 2320 1699 2386; x_wconf 89' lang='lat' dir='ltr'><strong>econspectu</strong></span> <span class='ocrx_word' id='word_1_264' title='bbox 1731 2316 1934 2372; x_wconf 89' lang='lat' dir='ltr'><strong>civita·</strong></span> 
     </span>
     <span class='ocr_line' id='line_1_39' title="bbox 283 2400 1929 2477; baseline 0.003 -20"><span class='ocrx_word' id='word_1_265' title='bbox 283 2400 1192 2458; x_wconf 86' lang='lat' dir='ltr'><strong>tiscastrametatus.universam</strong></span> <span class='ocrx_word' id='word_1_266' title='bbox 1206 2405 1523 2476; x_wconf 90' lang='lat' dir='ltr'><strong>occupavit</strong></span> <span class='ocrx_word' id='word_1_267' title='bbox 1555 2404 1888 2477; x_wconf 86' lang='lat' dir='ltr'><strong>Bithyniam</strong></span> <span class='ocrx_word' id='word_1_268' title='bbox 1914 2423 1929 2473; x_wconf 78' lang='lat'>3</span> 
     </span>
     <span class='ocr_line' id='line_1_40' title="bbox 278 2489 1935 2564; baseline 0.003 -19"><span class='ocrx_word' id='word_1_269' title='bbox 278 2494 481 2546; x_wconf 89' lang='lat' dir='ltr'><strong>contra</strong></span> <span class='ocrx_word' id='word_1_270' title='bbox 498 2504 678 2561; x_wconf 90' lang='lat' dir='ltr'><strong>quem</strong></span> <span class='ocrx_word' id='word_1_271' title='bbox 705 2489 873 2545; x_wconf 85' lang='lat' dir='ltr'><strong>missi</strong></span> <span class='ocrx_word' id='word_1_272' title='bbox 902 2490 1153 2563; x_wconf 89' lang='lat' dir='ltr'><strong>quidam</strong></span> <span class='ocrx_word' id='word_1_273' title='bbox 1187 2497 1473 2564; x_wconf 89' lang='lat' dir='ltr'><strong>potentes,</strong></span> <span class='ocrx_word' id='word_1_274' title='bbox 1513 2499 1575 2549; x_wconf 89' lang='lat' dir='ltr'><strong>ut</strong></span> <span class='ocrx_word' id='word_1_275' title='bbox 1605 2494 1735 2564; x_wconf 86' lang='lat' dir='ltr'><strong>ejus</strong></span> <span class='ocrx_word' id='word_1_276' title='bbox 1790 2495 1935 2550; x_wconf 86' lang='lat' dir='ltr'><strong>resi-</strong></span> 
     </span>
     <span class='ocr_line' id='line_1_41' title="bbox 278 2578 1932 2652; baseline 0.004 -19"><span class='ocrx_word' id='word_1_277' title='bbox 278 2582 498 2634; x_wconf 87' lang='lat' dir='ltr'><strong>sterent</strong></span> <span class='ocrx_word' id='word_1_278' title='bbox 525 2578 956 2645; x_wconf 86' lang='lat' dir='ltr'><strong>moliminibus,</strong></span> <span class='ocrx_word' id='word_1_279' title='bbox 982 2581 1353 2652; x_wconf 78' lang='lat' dir='ltr'><strong>proditorum</strong></span> <span class='ocrx_word' id='word_1_280' title='bbox 1389 2598 1551 2638; x_wconf 91' lang='lat' dir='ltr'><strong>more</strong></span> <span class='ocrx_word' id='word_1_281' title='bbox 1581 2583 1660 2639; x_wconf 90' lang='lat' dir='ltr'><strong>ad</strong></span> <span class='ocrx_word' id='word_1_282' title='bbox 1682 2599 1819 2639; x_wconf 91' lang='lat' dir='ltr'><strong>eum</strong></span> <span class='ocrx_word' id='word_1_283' title='bbox 1869 2599 1932 2639; x_wconf 91' lang='lat' dir='ltr'><strong>se</strong></span> 
     </span>
     <span class='ocr_line' id='line_1_42' title="bbox 279 2666 1932 2745; baseline 0.004 -23"><span class='ocrx_word' id='word_1_284' title='bbox 279 2666 657 2723; x_wconf 88' lang='lat' dir='ltr'><strong>contulerunt</strong></span> <span class='ocrx_word' id='word_1_285' title='bbox 689 2687 706 2737; x_wconf 81' lang='lat'>3</span> <span class='ocrx_word' id='word_1_286' title='bbox 740 2670 889 2724; x_wconf 84' lang='lat' dir='ltr'><strong>inter</strong></span> <span class='ocrx_word' id='word_1_287' title='bbox 918 2685 1073 2743; x_wconf 91' lang='lat' dir='ltr'><strong>quos</strong></span> <span class='ocrx_word' id='word_1_288' title='bbox 1106 2672 1279 2743; x_wconf 90' lang='lat' dir='ltr'><strong>primi</strong></span> <span class='ocrx_word' id='word_1_289' title='bbox 1321 2677 1491 2728; x_wconf 88' lang='lat' dir='ltr'><strong>erant</strong></span> <span class='ocrx_word' id='word_1_290' title='bbox 1539 2679 1594 2728; x_wconf 90' lang='lat' dir='ltr'><strong>et</strong></span> <span class='ocrx_word' id='word_1_291' title='bbox 1624 2673 1932 2745; x_wconf 72' lang='lat' dir='ltr'><strong>praecipui,</strong></span> 
     </span>
     <span class='ocr_line' id='line_1_43' title="bbox 278 2754 1933 2835; baseline 0.004 -24"><span class='ocrx_word' id='word_1_292' title='bbox 278 2754 654 2813; x_wconf 80' lang='lat' dir='ltr'><strong>Andronicus</strong></span> <span class='ocrx_word' id='word_1_293' title='bbox 680 2758 906 2829; x_wconf 83' lang='lat' dir='ltr'><strong>Angeli,</strong></span> <span class='ocrx_word' id='word_1_294' title='bbox 937 2761 1216 2833; x_wconf 79' lang='lat' dir='ltr'><strong>princeps</strong></span> <span class='ocrx_word' id='word_1_295' title='bbox 1259 2761 1477 2818; x_wconf 80' lang='lat' dir='ltr'><strong>mititiae</strong></span> <span class='ocrx_word' id='word_1_296' title='bbox 1531 2779 1666 2835; x_wconf 80' lang='lat' dir='ltr'><strong>quae</strong></span> <span class='ocrx_word' id='word_1_297' title='bbox 1726 2768 1933 2819; x_wconf 87' lang='lat' dir='ltr'><strong>contra</strong></span> 
     </span>
     <span class='ocr_line' id='line_1_44' title="bbox 280 2844 1932 2924; baseline 0.003 -22"><span class='ocrx_word' id='word_1_298' title='bbox 280 2859 418 2902; x_wconf 88' lang='lat' dir='ltr'><strong>eum</strong></span> <span class='ocrx_word' id='word_1_299' title='bbox 450 2844 675 2902; x_wconf 86' lang='lat' dir='ltr'><strong>directa</strong></span> <span class='ocrx_word' id='word_1_300' title='bbox 691 2846 905 2914; x_wconf 86' lang='lat' dir='ltr'><strong>fuerat,</strong></span> <span class='ocrx_word' id='word_1_301' title='bbox 928 2848 1237 2906; x_wconf 80' lang='lat' dir='ltr'><strong>ctAlexius</strong></span> <span class='ocrx_word' id='word_1_302' title='bbox 1265 2850 1624 2922; x_wconf 87' lang='lat' dir='ltr'><strong>Megaducas</strong></span> <span class='ocrx_word' id='word_1_303' title='bbox 1642 2850 1932 2924; x_wconf 89' lang='lat' dir='ltr'><strong>quiclassi</strong></span> 
     </span>
     <span class='ocr_line' id='line_1_45' title="bbox 276 2933 1932 3014; baseline 0.004 -24"><span class='ocrx_word' id='word_1_304' title='bbox 276 2938 401 2990; x_wconf 89' lang='lat' dir='ltr'><strong>erat</strong></span> <span class='ocrx_word' id='word_1_305' title='bbox 415 2933 749 3007; x_wconf 80' lang='lat' dir='ltr'><strong>proefectus,</strong></span> <span class='ocrx_word' id='word_1_306' title='bbox 766 2942 1010 3010; x_wconf 89' lang='lat' dir='ltr'><strong>uterque</strong></span> <span class='ocrx_word' id='word_1_307' title='bbox 1035 2939 1409 3012; x_wconf 88' lang='lat' dir='ltr'><strong>imperatoris</strong></span> <span class='ocrx_word' id='word_1_308' title='bbox 1424 2941 1932 3014; x_wconf 89' lang='lat' dir='ltr'><strong>consanguineus.</strong></span> 
     </span>
    </p>
   </div>
   <div class='ocr_carea' id='block_1_7' title="bbox 2039 1776 3707 3012">
    <p class='ocr_par' dir='ltr' id='par_1_7' title="bbox 2039 1776 3707 3012">
     <span class='ocr_line' id='line_1_46' title="bbox 2039 1776 3704 1849; baseline 0.002 -17"><span class='ocrx_word' id='word_1_309' title='bbox 2039 1776 2277 1847; x_wconf 85' lang='lat' dir='ltr'><strong>ligiouis</strong></span> <span class='ocrx_word' id='word_1_310' title='bbox 2288 1783 2343 1833; x_wconf 93' lang='lat' dir='ltr'><strong>et</strong></span> <span class='ocrx_word' id='word_1_311' title='bbox 2360 1777 2686 1834; x_wconf 87' lang='lat' dir='ltr'><strong>honestatis</strong></span> <span class='ocrx_word' id='word_1_312' title='bbox 2696 1777 2971 1835; x_wconf 88' lang='lat' dir='ltr'><strong>habitum</strong></span> <span class='ocrx_word' id='word_1_313' title='bbox 2987 1777 3477 1849; x_wconf 59' lang='lat' dir='ltr'><strong>praetendebant.</strong></span> <span class='ocrx_word' id='word_1_314' title='bbox 3503 1780 3704 1837; x_wconf 71' lang='lat' dir='ltr'><strong>Mona·</strong></span> 
     </span>
     <span class='ocr_line' id='line_1_47' title="bbox 2039 1865 3704 1940; baseline 0.001 -17"><span class='ocrx_word' id='word_1_315' title='bbox 2039 1865 2165 1923; x_wconf 91' lang='lat' dir='ltr'><strong>chis</strong></span> <span class='ocrx_word' id='word_1_316' title='bbox 2199 1867 2358 1922; x_wconf 85' lang='lat' dir='ltr'><strong>euim</strong></span> <span class='ocrx_word' id='word_1_317' title='bbox 2386 1872 2443 1923; x_wconf 92' lang='lat' dir='ltr'><strong>et</strong></span> <span class='ocrx_word' id='word_1_318' title='bbox 2469 1866 2884 1923; x_wconf 86' lang='lat' dir='ltr'><strong>sacerdotibus</strong></span> <span class='ocrx_word' id='word_1_319' title='bbox 2908 1867 3140 1940; x_wconf 90' lang='lat' dir='ltr'><strong>primas</strong></span> <span class='ocrx_word' id='word_1_320' title='bbox 3165 1866 3532 1938; x_wconf 84' lang='lat' dir='ltr'><strong>irrogabant</strong></span> <span class='ocrx_word' id='word_1_321' title='bbox 3555 1868 3704 1939; x_wconf 81' lang='lat' dir='ltr'><strong>iuju-</strong></span> 
     </span>
     <span class='ocr_line' id='line_1_48' title="bbox 2040 1954 3706 2027; baseline 0.001 -15"><span class='ocrx_word' id='word_1_322' title='bbox 2040 1956 2178 2019; x_wconf 88' lang='lat' dir='ltr'><strong>rias,</strong></span> <span class='ocrx_word' id='word_1_323' title='bbox 2233 1960 2288 2011; x_wconf 90' lang='lat' dir='ltr'><strong>et</strong></span> <span class='ocrx_word' id='word_1_324' title='bbox 2333 1956 2638 2027; x_wconf 84' lang='lat' dir='ltr'><strong>exquisitis</strong></span> <span class='ocrx_word' id='word_1_325' title='bbox 2695 1956 3070 2027; x_wconf 86' lang='lat' dir='ltr'><strong>perimebant</strong></span> <span class='ocrx_word' id='word_1_326' title='bbox 3123 1954 3522 2013; x_wconf 89' lang='lat' dir='ltr'><strong>cruciatibus.</strong></span> <span class='ocrx_word' id='word_1_327' title='bbox 3551 1956 3706 2015; x_wconf 88' lang='lat' dir='ltr'><strong>Inter</strong></span> 
     </span>
     <span class='ocr_line' id='line_1_49' title="bbox 2039 2044 3703 2119; baseline 0.002 -19"><span class='ocrx_word' id='word_1_328' title='bbox 2039 2060 2195 2119; x_wconf 90' lang='lat' dir='ltr'><strong>quos</strong></span> <span class='ocrx_word' id='word_1_329' title='bbox 2224 2045 2412 2100; x_wconf 85' lang='lat' dir='ltr'><strong>virum</strong></span> <span class='ocrx_word' id='word_1_330' title='bbox 2430 2044 2830 2102; x_wconf 82' lang='lat' dir='ltr'><strong>venerabilem</strong></span> <span class='ocrx_word' id='word_1_331' title='bbox 2859 2048 3154 2102; x_wconf 72' lang='lat' dir='ltr'><strong>loannem</strong></span> <span class='ocrx_word' id='word_1_332' title='bbox 3188 2046 3465 2116; x_wconf 88' lang='lat' dir='ltr'><strong>nomine,</strong></span> <span class='ocrx_word' id='word_1_333' title='bbox 3479 2051 3703 2104; x_wconf 75' lang='lat' dir='ltr'><strong>sanctie</strong></span> 
     </span>
     <span class='ocr_line' id='line_1_50' title="bbox 2042 2133 3701 2208; baseline 0 -16"><span class='ocrx_word' id='word_1_334' title='bbox 2042 2137 2326 2192; x_wconf 79' lang='lat' dir='ltr'><strong>Romanoe</strong></span> <span class='ocrx_word' id='word_1_335' title='bbox 2345 2134 2618 2191; x_wconf 63' lang='lat' dir='ltr'><strong>Ecclesiae</strong></span> <span class='ocrx_word' id='word_1_336' title='bbox 2632 2133 3095 2200; x_wconf 89' lang='lat' dir='ltr'><strong>subdiaconum,</strong></span> <span class='ocrx_word' id='word_1_337' title='bbox 3108 2150 3294 2207; x_wconf 89' lang='lat' dir='ltr'><strong>quem</strong></span> <span class='ocrx_word' id='word_1_338' title='bbox 3312 2150 3429 2207; x_wconf 86' lang='lat' dir='ltr'><strong>pro</strong></span> <span class='ocrx_word' id='word_1_339' title='bbox 3445 2136 3701 2208; x_wconf 83' lang='lat' dir='ltr'><strong>negotiis</strong></span> 
     </span>
     <span class='ocr_line' id='line_1_51' title="bbox 2042 2222 3706 2295; baseline 0.001 -16"><span class='ocrx_word' id='word_1_340' title='bbox 2042 2222 2336 2289; x_wconf 66' lang='lat' dir='ltr'><strong>Ecclesiae,</strong></span> <span class='ocrx_word' id='word_1_341' title='bbox 2351 2223 2634 2280; x_wconf 89' lang='lat' dir='ltr'><strong>dominus</strong></span> <span class='ocrx_word' id='word_1_342' title='bbox 2646 2238 2807 2295; x_wconf 90' lang='lat' dir='ltr'><strong>papa</strong></span> <span class='ocrx_word' id='word_1_343' title='bbox 2819 2223 2956 2279; x_wconf 91' lang='lat' dir='ltr'><strong>illuc</strong></span> <span class='ocrx_word' id='word_1_344' title='bbox 2969 2222 3292 2287; x_wconf 87' lang='lat' dir='ltr'><strong>direxerat,</strong></span> <span class='ocrx_word' id='word_1_345' title='bbox 3305 2225 3706 2294; x_wconf 84' lang='lat' dir='ltr'><strong>comprehen-</strong></span> 
     </span>
     <span class='ocr_line' id='line_1_52' title="bbox 2041 2311 3706 2380; baseline 0.002 -13"><span class='ocrx_word' id='word_1_346' title='bbox 2041 2311 2270 2378; x_wconf 87' lang='lat' dir='ltr'><strong>dentes,</strong></span> <span class='ocrx_word' id='word_1_347' title='bbox 2289 2312 2349 2367; x_wconf 90' lang='lat' dir='ltr'><strong>in</strong></span> <span class='ocrx_word' id='word_1_348' title='bbox 2363 2311 2785 2368; x_wconf 86' lang='lat' dir='ltr'><strong>contumeliam</strong></span> <span class='ocrx_word' id='word_1_349' title='bbox 2814 2311 3088 2368; x_wconf 76' lang='lat' dir='ltr'><strong>Ecclesioe</strong></span> <span class='ocrx_word' id='word_1_350' title='bbox 3108 2311 3598 2380; x_wconf 81' lang='lat' dir='ltr'><strong>decollaverunt,</strong></span> <span class='ocrx_word' id='word_1_351' title='bbox 3611 2328 3706 2370; x_wconf 89' lang='lat' dir='ltr'><strong>ca-</strong></span> 
     </span>
     <span class='ocr_line' id='line_1_53' title="bbox 2044 2400 3705 2473; baseline 0.002 -17"><span class='ocrx_word' id='word_1_352' title='bbox 2044 2401 2287 2473; x_wconf 87' lang='lat' dir='ltr'><strong>putejus</strong></span> <span class='ocrx_word' id='word_1_353' title='bbox 2305 2401 2382 2457; x_wconf 91' lang='lat' dir='ltr'><strong>ad</strong></span> <span class='ocrx_word' id='word_1_354' title='bbox 2401 2401 2660 2458; x_wconf 89' lang='lat' dir='ltr'><strong>caudam</strong></span> <span class='ocrx_word' id='word_1_355' title='bbox 2677 2400 3190 2457; x_wconf 77' lang='lat' dir='ltr'><strong>cauisimmundoe</strong></span> <span class='ocrx_word' id='word_1_356' title='bbox 3213 2400 3568 2471; x_wconf 85' lang='lat' dir='ltr'><strong>religantes.</strong></span> <span class='ocrx_word' id='word_1_357' title='bbox 3597 2402 3705 2460; x_wconf 89' lang='lat' dir='ltr'><strong>Sed</strong></span> 
     </span>
     <span class='ocr_line' id='line_1_54' title="bbox 2044 2490 3704 2563; baseline 0.002 -19"><span class='ocrx_word' id='word_1_358' title='bbox 2044 2504 2153 2545; x_wconf 90' lang='lat' dir='ltr'><strong>nec</strong></span> <span class='ocrx_word' id='word_1_359' title='bbox 2185 2491 2454 2556; x_wconf 89' lang='lat' dir='ltr'><strong>mortuis,</strong></span> <span class='ocrx_word' id='word_1_360' title='bbox 2476 2490 2699 2563; x_wconf 89' lang='lat' dir='ltr'><strong>quibus</strong></span> <span class='ocrx_word' id='word_1_361' title='bbox 2746 2491 2945 2546; x_wconf 90' lang='lat' dir='ltr'><strong>omnis</strong></span> <span class='ocrx_word' id='word_1_362' title='bbox 3001 2504 3249 2562; x_wconf 85' lang='lat' dir='ltr'><strong>parcere</strong></span> <span class='ocrx_word' id='word_1_363' title='bbox 3297 2496 3704 2548; x_wconf 85' lang='lat' dir='ltr'><strong>consueverat</strong></span> 
     </span>
     <span class='ocr_line' id='line_1_55' title="bbox 2043 2577 3707 2652; baseline 0 -17"><span class='ocrx_word' id='word_1_364' title='bbox 2043 2578 2339 2649; x_wconf 86' lang='lat' dir='ltr'><strong>impietas,</strong></span> <span class='ocrx_word' id='word_1_365' title='bbox 2353 2580 2505 2635; x_wconf 86' lang='lat' dir='ltr'><strong>iuter</strong></span> <span class='ocrx_word' id='word_1_366' title='bbox 2520 2584 2639 2635; x_wconf 91' lang='lat' dir='ltr'><strong>tam</strong></span> <span class='ocrx_word' id='word_1_367' title='bbox 2654 2577 3034 2635; x_wconf 89' lang='lat' dir='ltr'><strong>detestabiles</strong></span> <span class='ocrx_word' id='word_1_368' title='bbox 3047 2582 3103 2633; x_wconf 91' lang='lat' dir='ltr'><strong>et</strong></span> <span class='ocrx_word' id='word_1_369' title='bbox 3115 2579 3358 2650; x_wconf 85' lang='lat' dir='ltr'><strong>pejores</strong></span> <span class='ocrx_word' id='word_1_370' title='bbox 3391 2579 3707 2652; x_wconf 87' lang='lat' dir='ltr'><strong>parricidis</strong></span> 
     </span>
     <span class='ocr_line' id='line_1_56' title="bbox 2042 2668 3701 2741; baseline 0.002 -19"><span class='ocrx_word' id='word_1_371' title='bbox 2042 2668 2390 2737; x_wconf 85' lang='lat' dir='ltr'><strong>sacrilegos,</strong></span> <span class='ocrx_word' id='word_1_372' title='bbox 2415 2673 2542 2725; x_wconf 92' lang='lat' dir='ltr'><strong>tuta</strong></span> <span class='ocrx_word' id='word_1_373' title='bbox 2565 2674 2691 2726; x_wconf 88' lang='lat' dir='ltr'><strong>erat</strong></span> <span class='ocrx_word' id='word_1_374' title='bbox 2715 2670 2910 2741; x_wconf 85' lang='lat' dir='ltr'><strong>quies,</strong></span> <span class='ocrx_word' id='word_1_375' title='bbox 2965 2684 3120 2741; x_wconf 86' lang='lat' dir='ltr'><strong>quos</strong></span> <span class='ocrx_word' id='word_1_376' title='bbox 3151 2669 3227 2724; x_wconf 91' lang='lat' dir='ltr'><strong>de</strong></span> <span class='ocrx_word' id='word_1_377' title='bbox 3287 2671 3701 2726; x_wconf 85' lang='lat' dir='ltr'><strong>monumentis</strong></span> 
     </span>
     <span class='ocr_line' id='line_1_57' title="bbox 2042 2756 3703 2831; baseline 0.001 -17"><span class='ocrx_word' id='word_1_378' title='bbox 2042 2761 2335 2814; x_wconf 87' lang='lat' dir='ltr'><strong>extractos</strong></span> <span class='ocrx_word' id='word_1_379' title='bbox 2367 2773 2472 2830; x_wconf 88' lang='lat' dir='ltr'><strong>per</strong></span> <span class='ocrx_word' id='word_1_380' title='bbox 2497 2758 2659 2814; x_wconf 89' lang='lat' dir='ltr'><strong>vicos</strong></span> <span class='ocrx_word' id='word_1_381' title='bbox 2683 2763 2740 2813; x_wconf 91' lang='lat' dir='ltr'><strong>et</strong></span> <span class='ocrx_word' id='word_1_382' title='bbox 2787 2756 3045 2830; x_wconf 89' lang='lat' dir='ltr'><strong>plateos,</strong></span> <span class='ocrx_word' id='word_1_383' title='bbox 3092 2758 3276 2831; x_wconf 86' lang='lat' dir='ltr'><strong>quasi</strong></span> <span class='ocrx_word' id='word_1_384' title='bbox 3309 2758 3520 2816; x_wconf 87' lang='lat' dir='ltr'><strong>illatas</strong></span> <span class='ocrx_word' id='word_1_385' title='bbox 3534 2759 3703 2816; x_wconf 87' lang='lat' dir='ltr'><strong>seuti-</strong></span> 
     </span>
     <span class='ocr_line' id='line_1_58' title="bbox 2041 2845 3699 2919; baseline 0.001 -17"><span class='ocrx_word' id='word_1_386' title='bbox 2041 2852 2174 2903; x_wconf 88' lang='lat' dir='ltr'><strong>rent</strong></span> <span class='ocrx_word' id='word_1_387' title='bbox 2196 2846 2276 2917; x_wconf 88' lang='lat' dir='ltr'><strong>inj</strong></span> <span class='ocrx_word' id='word_1_388' title='bbox 2288 2847 2466 2915; x_wconf 86' lang='lat' dir='ltr'><strong>urias,</strong></span> <span class='ocrx_word' id='word_1_389' title='bbox 2481 2845 2917 2904; x_wconf 84' lang='lat' dir='ltr'><strong>distrahebant.</strong></span> <span class='ocrx_word' id='word_1_390' title='bbox 2935 2846 3302 2904; x_wconf 82' lang='lat' dir='ltr'><strong>Accedeutes</strong></span> <span class='ocrx_word' id='word_1_391' title='bbox 3325 2852 3616 2919; x_wconf 75' lang='lat' dir='ltr'><strong>praeterea</strong></span> <span class='ocrx_word' id='word_1_392' title='bbox 3629 2846 3699 2905; x_wconf 88' lang='lat' dir='ltr'><strong>ad</strong></span> 
     </span>
     <span class='ocr_line' id='line_1_59' title="bbox 2042 2934 3702 3012; baseline 0 -19"><span class='ocrx_word' id='word_1_393' title='bbox 2042 2936 2376 2993; x_wconf 78' lang='lat' dir='ltr'><strong>xenodochi</strong></span> <span class='ocrx_word' id='word_1_394' title='bbox 2387 2952 2508 3007; x_wconf 90' lang='lat' dir='ltr'><strong>um,</strong></span> <span class='ocrx_word' id='word_1_395' title='bbox 2523 2934 2686 3009; x_wconf 85' lang='lat' dir='ltr'><strong>quod</strong></span> <span class='ocrx_word' id='word_1_396' title='bbox 2701 2935 3011 2993; x_wconf 89' lang='lat' dir='ltr'><strong>dicebatur</strong></span> <span class='ocrx_word' id='word_1_397' title='bbox 3023 2935 3226 2992; x_wconf 87' lang='lat' dir='ltr'><strong>Sancti</strong></span> <span class='ocrx_word' id='word_1_398' title='bbox 3241 2936 3526 3006; x_wconf 78' lang='lat' dir='ltr'><strong>Ioannis,</strong></span> <span class='ocrx_word' id='word_1_399' title='bbox 3540 2941 3702 3012; x_wconf 88' lang='lat' dir='ltr'><strong>quot·</strong></span> 
     </span>
    </p>
   </div>
   <div class='ocr_carea' id='block_1_8' title="bbox 278 3023 3702 3105">
    <p class='ocr_par' dir='ltr' id='par_1_8' title="bbox 278 3023 3702 3105">
     <span class='ocr_line' id='line_1_60' title="bbox 278 3023 3702 3105; baseline 0.003 -24"><span class='ocrx_word' id='word_1_400' title='bbox 278 3025 395 3081; x_wconf 81' lang='lat' dir='ltr'><strong>Nec</strong></span> <span class='ocrx_word' id='word_1_401' title='bbox 423 3024 617 3080; x_wconf 73' lang='lat' dir='ltr'><strong>sotum</strong></span> <span class='ocrx_word' id='word_1_402' title='bbox 651 3025 708 3092; x_wconf 85' lang='lat' dir='ltr'><strong>ii,</strong></span> <span class='ocrx_word' id='word_1_403' title='bbox 743 3026 845 3098; x_wconf 84' lang='lat' dir='ltr'><strong>qui</strong></span> <span class='ocrx_word' id='word_1_404' title='bbox 877 3028 958 3084; x_wconf 79' lang='lat' dir='ltr'><strong>ita</strong></span> <span class='ocrx_word' id='word_1_405' title='bbox 989 3029 1300 3085; x_wconf 81' lang='lat' dir='ltr'><strong>manifeste</strong></span> <span class='ocrx_word' id='word_1_406' title='bbox 1327 3030 1405 3086; x_wconf 80' lang='lat' dir='ltr'><strong>ad</strong></span> <span class='ocrx_word' id='word_1_407' title='bbox 1430 3048 1567 3088; x_wconf 77' lang='lat' dir='ltr'><strong>eum</strong></span> <span class='ocrx_word' id='word_1_408' title='bbox 1602 3033 1932 3104; x_wconf 73' lang='lat' dir='ltr'><strong>transmge-</strong></span> <span class='ocrx_word' id='word_1_409' title='bbox 1966 3047 2008 3105; x_wconf 81' lang='lat' dir='ltr'>c</span> <span class='ocrx_word' id='word_1_410' title='bbox 2042 3025 2260 3102; x_wconf 87' lang='lat' dir='ltr'><strong>quotiu</strong></span> <span class='ocrx_word' id='word_1_411' title='bbox 2275 3023 3270 3099; x_wconf 70' lang='lat' dir='ltr'><strong>compereruntlanguidos,glsdio</strong></span> <span class='ocrx_word' id='word_1_412' title='bbox 3297 3030 3702 3098; x_wconf 79' lang='lat' dir='ltr'><strong>peremerunt·</strong></span> 
     </span>
    </p>
   </div>
   <div class='ocr_carea' id='block_1_9' title="bbox 277 3116 1933 3637">
    <p class='ocr_par' dir='ltr' id='par_1_9' title="bbox 277 3116 1933 3637">
     <span class='ocr_line' id='line_1_61' title="bbox 278 3116 1927 3189; baseline 0.007 -21"><span class='ocrx_word' id='word_1_413' title='bbox 278 3116 432 3179; x_wconf 87' lang='lat' dir='ltr'><strong>rant.</strong></span> <span class='ocrx_word' id='word_1_414' title='bbox 475 3119 704 3185; x_wconf 86' lang='lat' dir='ltr'><strong>partem</strong></span> <span class='ocrx_word' id='word_1_415' title='bbox 736 3120 1077 3173; x_wconf 89' lang='lat' dir='ltr'><strong>nostrorum</strong></span> <span class='ocrx_word' id='word_1_416' title='bbox 1132 3118 1519 3176; x_wconf 81' lang='lat' dir='ltr'><strong>reddiderant</strong></span> <span class='ocrx_word' id='word_1_417' title='bbox 1552 3120 1927 3189; x_wconf 90' lang='lat' dir='ltr'><strong>debiliorem,</strong></span> 
     </span>
     <span class='ocr_line' id='line_1_62' title="bbox 279 3203 1933 3282; baseline 0.007 -25"><span class='ocrx_word' id='word_1_418' title='bbox 279 3215 490 3259; x_wconf 85' lang='lat' dir='ltr'><strong>verum</strong></span> <span class='ocrx_word' id='word_1_419' title='bbox 519 3218 733 3259; x_wconf 91' lang='lat' dir='ltr'><strong>omnes</strong></span> <span class='ocrx_word' id='word_1_420' title='bbox 752 3203 869 3271; x_wconf 92' lang='lat' dir='ltr'><strong>alii,</strong></span> <span class='ocrx_word' id='word_1_421' title='bbox 890 3211 1010 3261; x_wconf 83' lang='lat' dir='ltr'><strong>tam</strong></span> <span class='ocrx_word' id='word_1_422' title='bbox 1043 3205 1298 3264; x_wconf 86' lang='lat' dir='ltr'><strong>illustres</strong></span> <span class='ocrx_word' id='word_1_423' title='bbox 1328 3225 1517 3282; x_wconf 89' lang='lat' dir='ltr'><strong>quam</strong></span> <span class='ocrx_word' id='word_1_424' title='bbox 1539 3210 1760 3267; x_wconf 86' lang='lat' dir='ltr'><strong>civium</strong></span> <span class='ocrx_word' id='word_1_425' title='bbox 1777 3213 1933 3268; x_wconf 91' lang='lat' dir='ltr'><strong>mul-</strong></span> 
     </span>
     <span class='ocr_line' id='line_1_63' title="bbox 281 3289 1928 3370; baseline 0.006 -23"><span class='ocrx_word' id='word_1_426' title='bbox 281 3289 489 3356; x_wconf 87' lang='lat' dir='ltr'><strong>titudo,</strong></span> <span class='ocrx_word' id='word_1_427' title='bbox 514 3291 639 3363; x_wconf 91' lang='lat' dir='ltr'><strong>jam</strong></span> <span class='ocrx_word' id='word_1_428' title='bbox 665 3308 783 3348; x_wconf 92' lang='lat' dir='ltr'><strong>nou</strong></span> <span class='ocrx_word' id='word_1_429' title='bbox 807 3294 1045 3358; x_wconf 87' lang='lat' dir='ltr'><strong>occulte,</strong></span> <span class='ocrx_word' id='word_1_430' title='bbox 1076 3295 1180 3352; x_wconf 89' lang='lat' dir='ltr'><strong>sed</strong></span> <span class='ocrx_word' id='word_1_431' title='bbox 1199 3297 1257 3353; x_wconf 94' lang='lat' dir='ltr'><strong>in</strong></span> <span class='ocrx_word' id='word_1_432' title='bbox 1271 3298 1589 3370; x_wconf 88' lang='lat' dir='ltr'><strong>propatulo</strong></span> <span class='ocrx_word' id='word_1_433' title='bbox 1611 3317 1788 3356; x_wconf 89' lang='lat' dir='ltr'><strong>suum</strong></span> <span class='ocrx_word' id='word_1_434' title='bbox 1818 3305 1928 3357; x_wconf 80' lang='lat' dir='ltr'><strong>An·</strong></span> 
     </span>
     <span class='ocr_line' id='line_1_64' title="bbox 280 3377 1929 3459; baseline 0.007 -24"><span class='ocrx_word' id='word_1_435' title='bbox 280 3377 529 3437; x_wconf 87' lang='lat' dir='ltr'><strong>drouica</strong></span> <span class='ocrx_word' id='word_1_436' title='bbox 556 3381 922 3453; x_wconf 77' lang='lat' dir='ltr'><strong>praestabant</strong></span> <span class='ocrx_word' id='word_1_437' title='bbox 944 3383 1208 3441; x_wconf 86' lang='lat' dir='ltr'><strong>favorem</strong></span> <span class='ocrx_word' id='word_1_438' title='bbox 1244 3401 1258 3453; x_wconf 92' lang='lat'>;</span> <span class='ocrx_word' id='word_1_439' title='bbox 1290 3387 1487 3459; x_wconf 86' lang='lat' dir='ltr'><strong>etejus</strong></span> <span class='ocrx_word' id='word_1_440' title='bbox 1512 3403 1571 3444; x_wconf 86' lang='lat' dir='ltr'><strong>m</strong></span> <span class='ocrx_word' id='word_1_441' title='bbox 1592 3390 1799 3445; x_wconf 88' lang='lat' dir='ltr'><strong>urbem</strong></span> <span class='ocrx_word' id='word_1_442' title='bbox 1826 3390 1929 3446; x_wconf 89' lang='lat' dir='ltr'><strong>de·</strong></span> 
     </span>
     <span class='ocr_line' id='line_1_65' title="bbox 280 3467 1931 3551; baseline 0.008 -27"><span class='ocrx_word' id='word_1_443' title='bbox 280 3467 627 3526; x_wconf 88' lang='lat' dir='ltr'><strong>siderabant</strong></span> <span class='ocrx_word' id='word_1_444' title='bbox 651 3470 1001 3535; x_wconf 83' lang='lat' dir='ltr'><strong>adventum,</strong></span> <span class='ocrx_word' id='word_1_445' title='bbox 1033 3475 1229 3530; x_wconf 83' lang='lat' dir='ltr'><strong>modis</strong></span> <span class='ocrx_word' id='word_1_446' title='bbox 1260 3475 1480 3547; x_wconf 84' lang='lat' dir='ltr'><strong>quibus</strong></span> <span class='ocrx_word' id='word_1_447' title='bbox 1524 3483 1818 3551; x_wconf 85' lang='lat' dir='ltr'><strong>poterant,</strong></span> <span class='ocrx_word' id='word_1_448' title='bbox 1867 3484 1931 3536; x_wconf 91' lang='lat' dir='ltr'><strong>ut</strong></span> 
     </span>
     <span class='ocr_line' id='line_1_66' title="bbox 277 3561 1392 3637; baseline 0.006 -21"><span class='ocrx_word' id='word_1_449' title='bbox 277 3563 512 3617; x_wconf 85' lang='lat' dir='ltr'><strong>mature</strong></span> <span class='ocrx_word' id='word_1_450' title='bbox 544 3561 951 3620; x_wconf 77' lang='lat' dir='ltr'><strong>transfretaret</strong></span> <span class='ocrx_word' id='word_1_451' title='bbox 980 3573 1392 3637; x_wconf 88' lang='lat' dir='ltr'><strong>procurantes.</strong></span> 
     </span>
    </p>
   </div>
   <div class='ocr_carea' id='block_1_10' title="bbox 921 3672 1287 3731">
    <p class='ocr_par' dir='ltr' id='par_1_10' title="bbox 921 3672 1287 3731">
     <span class='ocr_line' id='line_1_67' title="bbox 921 3672 1287 3731; baseline 0 -3"><span class='ocrx_word' id='word_1_452' title='bbox 921 3672 1142 3731; x_wconf 75' lang='lat' dir='ltr'>CAPUT</span> <span class='ocrx_word' id='word_1_453' title='bbox 1163 3674 1287 3729; x_wconf 77' lang='lat' dir='ltr'><strong>xil.</strong></span> 
     </span>
    </p>
   </div>
   <div class='ocr_carea' id='block_1_11' title="bbox 276 3774 1932 4265">
    <p class='ocr_par' dir='ltr' id='par_1_11' title="bbox 285 3774 1931 4086">
     <span class='ocr_line' id='line_1_68' title="bbox 285 3774 1931 3853; baseline 0.005 -21"><span class='ocrx_word' id='word_1_454' title='bbox 285 3774 496 3833; x_wconf 82' lang='lat' dir='ltr'><strong>Urbem</strong></span> <span class='ocrx_word' id='word_1_455' title='bbox 514 3779 1177 3851; x_wconf 77' lang='lat' dir='ltr'><strong>etpatalia.inte1·fectis</strong></span> <span class='ocrx_word' id='word_1_456' title='bbox 1197 3783 1515 3853; x_wconf 82' lang='lat' dir='ltr'><strong>nobilibus,</strong></span> <span class='ocrx_word' id='word_1_457' title='bbox 1545 3785 1931 3843; x_wconf 75' lang='lat' dir='ltr'><strong>Andronicus</strong></span> 
     </span>
     <span class='ocr_line' id='line_1_69' title="bbox 348 3851 1931 3978; baseline 0.008 -76"><span class='ocrx_word' id='word_1_458' title='bbox 348 3856 621 3978; x_wconf 48' lang='lat' dir='ltr'><strong>offigpgt,</strong></span> <span class='ocrx_word' id='word_1_459' title='bbox 651 3857 705 3906; x_wconf 89' lang='lat' dir='ltr'><strong>et</strong></span> <span class='ocrx_word' id='word_1_460' title='bbox 760 3852 1017 3909; x_wconf 77' lang='lat' dir='ltr'><strong>violenta</strong></span> <span class='ocrx_word' id='word_1_461' title='bbox 1059 3851 1462 3913; x_wconf 81' lang='lat' dir='ltr'><strong>dominatione</strong></span> <span class='ocrx_word' id='word_1_462' title='bbox 1504 3857 1792 3927; x_wconf 78' lang='lat' dir='ltr'><strong>poputum</strong></span> <span class='ocrx_word' id='word_1_463' title='bbox 1826 3874 1931 3929; x_wconf 91' lang='lat' dir='ltr'><strong>op·</strong></span> 
     </span>
     <span class='ocr_line' id='line_1_70' title="bbox 345 3933 1931 4086; baseline 0.006 -22"><span class='ocrx_word' id='word_1_464' title='bbox 345 3933 593 4065; x_wconf 42' lang='lat' dir='ltr'><strong>{iactum</strong></span> <span class='ocrx_word' id='word_1_465' title='bbox 624 4017 716 4066; x_wconf 88' lang='lat' dir='ltr'><strong>est</strong></span> <span class='ocrx_word' id='word_1_466' title='bbox 735 4012 1111 4086; x_wconf 89' lang='lat' dir='ltr'><strong>itaquequod</strong></span> <span class='ocrx_word' id='word_1_467' title='bbox 1143 4013 1547 4074; x_wconf 83' lang='lat' dir='ltr'><strong>invalescente</strong></span> <span class='ocrx_word' id='word_1_468' title='bbox 1564 4033 1773 4075; x_wconf 89' lang='lat' dir='ltr'><strong>eorum</strong></span> <span class='ocrx_word' id='word_1_469' title='bbox 1792 4033 1931 4075; x_wconf 93' lang='lat' dir='ltr'><strong>con-</strong></span> 
     </span>
    </p>

    <p class='ocr_par' dir='ltr' id='par_1_12' title="bbox 279 4096 1932 4179">
     <span class='ocr_line' id='line_1_71' title="bbox 279 4096 1932 4179; baseline 0.008 -28"><span class='ocrx_word' id='word_1_470' title='bbox 279 4096 624 4168; x_wconf 88' lang='lat' dir='ltr'><strong>spiratione,</strong></span> <span class='ocrx_word' id='word_1_471' title='bbox 642 4105 853 4171; x_wconf 88' lang='lat' dir='ltr'><strong>captus</strong></span> <span class='ocrx_word' id='word_1_472' title='bbox 873 4107 961 4157; x_wconf 89' lang='lat' dir='ltr'><strong>est</strong></span> <span class='ocrx_word' id='word_1_473' title='bbox 976 4102 1412 4176; x_wconf 76' lang='lat' dir='ltr'><strong>protosevasto,</strong></span> <span class='ocrx_word' id='word_1_474' title='bbox 1429 4111 1484 4162; x_wconf 90' lang='lat' dir='ltr'><strong>et</strong></span> <span class='ocrx_word' id='word_1_475' title='bbox 1502 4106 1769 4179; x_wconf 90' lang='lat' dir='ltr'><strong>privatus</strong></span> <span class='ocrx_word' id='word_1_476' title='bbox 1791 4123 1932 4164; x_wconf 92' lang='lat' dir='ltr'><strong>ocu-</strong></span> 
     </span>
    </p>

    <p class='ocr_par' dir='ltr' id='par_1_13' title="bbox 276 4183 1929 4265">
     <span class='ocr_line' id='line_1_72' title="bbox 276 4183 1929 4265; baseline 0.007 -24"><span class='ocrx_word' id='word_1_477' title='bbox 276 4183 353 4241; x_wconf 91' lang='lat' dir='ltr'><strong>lis</strong></span> <span class='ocrx_word' id='word_1_478' title='bbox 381 4189 438 4242; x_wconf 91' lang='lat' dir='ltr'><strong>et</strong></span> <span class='ocrx_word' id='word_1_479' title='bbox 462 4190 831 4256; x_wconf 86' lang='lat' dir='ltr'><strong>argumentis</strong></span> <span class='ocrx_word' id='word_1_480' title='bbox 862 4190 1123 4246; x_wconf 90' lang='lat' dir='ltr'><strong>virilibus</strong></span> <span class='ocrx_word' id='word_1_481' title='bbox 1145 4191 1490 4251; x_wconf 87' lang='lat' dir='ltr'><strong>decurtatus</strong></span> <span class='ocrx_word' id='word_1_482' title='bbox 1514 4216 1529 4265; x_wconf 73' lang='grc' dir='ltr'><strong>ς</strong></span> <span class='ocrx_word' id='word_1_483' title='bbox 1566 4196 1723 4253; x_wconf 89' lang='lat' dir='ltr'><strong>unde</strong></span> <span class='ocrx_word' id='word_1_484' title='bbox 1742 4196 1929 4253; x_wconf 91' lang='lat' dir='ltr'><strong>nostri</strong></span> 
     </span>
    </p>
   </div>
   <div class='ocr_carea' id='block_1_12' title="bbox 278 4271 1929 4344">
    <p class='ocr_par' dir='ltr' id='par_1_14' title="bbox 278 4271 1929 4344">
     <span class='ocr_line' id='line_1_73' title="bbox 278 4271 1929 4344; baseline 0.01 -19"><span class='ocrx_word' id='word_1_485' title='bbox 278 4271 606 4344; x_wconf 88' lang='lat' dir='ltr'><strong>plurimum</strong></span> <span class='ocrx_word' id='word_1_486' title='bbox 642 4282 838 4332; x_wconf 89' lang='lat' dir='ltr'><strong>mente</strong></span> <span class='ocrx_word' id='word_1_487' title='bbox 860 4283 1243 4344; x_wconf 84' lang='lat' dir='ltr'><strong>consternati.</strong></span> <span class='ocrx_word' id='word_1_488' title='bbox 1285 4284 1560 4339; x_wconf 90' lang='lat' dir='ltr'><strong>timentes</strong></span> <span class='ocrx_word' id='word_1_489' title='bbox 1594 4300 1666 4340; x_wconf 92' lang='lat' dir='ltr'><strong>ue</strong></span> <span class='ocrx_word' id='word_1_490' title='bbox 1709 4285 1929 4341; x_wconf 88' lang='lat' dir='ltr'><strong>civium</strong></span> 
     </span>
    </p>
   </div>
   <div class='ocr_carea' id='block_1_13' title="bbox 283 4366 2011 4461">
    <p class='ocr_par' dir='ltr' id='par_1_15' title="bbox 283 4366 2011 4461">
     <span class='ocr_line' id='line_1_74' title="bbox 283 4366 2011 4461; baseline 0.009 -45"><span class='ocrx_word' id='word_1_491' title='bbox 283 4375 468 4432; x_wconf 88' lang='lat' dir='ltr'><strong>super</strong></span> <span class='ocrx_word' id='word_1_492' title='bbox 504 4377 607 4418; x_wconf 89' lang='lat' dir='ltr'><strong>eos</strong></span> <span class='ocrx_word' id='word_1_493' title='bbox 655 4366 965 4436; x_wconf 90' lang='lat' dir='ltr'><strong>repentina</strong></span> <span class='ocrx_word' id='word_1_494' title='bbox 994 4368 1160 4425; x_wconf 84' lang='lat' dir='ltr'><strong>tieret</strong></span> <span class='ocrx_word' id='word_1_495' title='bbox 1212 4371 1482 4445; x_wconf 88' lang='lat' dir='ltr'><strong>irrupti0,</strong></span> <span class='ocrx_word' id='word_1_496' title='bbox 1533 4373 1867 4445; x_wconf 62' lang='lat' dir='ltr'><strong>praemoniti</strong></span> <span class='ocrx_word' id='word_1_497' title='bbox 1896 4390 1932 4431; x_wconf 92' lang='lat' dir='ltr'><strong>a</strong></span> <span class='ocrx_word' id='word_1_498' title='bbox 1965 4406 2011 4461; x_wconf 82' lang='lat' dir='ltr'>D</span> 
     </span>
    </p>
   </div>
   <div class='ocr_carea' id='block_1_14' title="bbox 278 4448 1934 5604">
    <p class='ocr_par' dir='ltr' id='par_1_16' title="bbox 278 4448 1934 5604">
     <span class='ocr_line' id='line_1_75' title="bbox 278 4448 1933 4528; baseline 0.009 -23"><span class='ocrx_word' id='word_1_499' title='bbox 278 4448 646 4521; x_wconf 89' lang='lat' dir='ltr'><strong>quibusdam</strong></span> <span class='ocrx_word' id='word_1_500' title='bbox 684 4454 784 4528; x_wconf 90' lang='lat' dir='ltr'><strong>qui</strong></span> <span class='ocrx_word' id='word_1_501' title='bbox 799 4456 1230 4526; x_wconf 88' lang='lat' dir='ltr'><strong>conjurationis</strong></span> <span class='ocrx_word' id='word_1_502' title='bbox 1261 4460 1568 4518; x_wconf 84' lang='lat' dir='ltr'><strong>habebant</strong></span> <span class='ocrx_word' id='word_1_503' title='bbox 1620 4464 1933 4519; x_wconf 89' lang='lat' dir='ltr'><strong>conscien-</strong></span> 
     </span>
     <span class='ocr_line' id='line_1_76' title="bbox 283 4541 1932 4625; baseline 0.006 -27"><span class='ocrx_word' id='word_1_504' title='bbox 283 4541 425 4598; x_wconf 85' lang='lat' dir='ltr'><strong>tiam</strong></span> <span class='ocrx_word' id='word_1_505' title='bbox 445 4557 459 4608; x_wconf 92' lang='lat'>;</span> <span class='ocrx_word' id='word_1_506' title='bbox 482 4544 584 4616; x_wconf 88' lang='lat' dir='ltr'><strong>qui</strong></span> <span class='ocrx_word' id='word_1_507' title='bbox 615 4543 935 4603; x_wconf 84' lang='lat' dir='ltr'><strong>validiores</strong></span> <span class='ocrx_word' id='word_1_508' title='bbox 946 4549 1236 4616; x_wconf 86' lang='lat' dir='ltr'><strong>erant,alii</strong></span> <span class='ocrx_word' id='word_1_509' title='bbox 1262 4550 1932 4625; x_wconf 87' lang='lat' dir='ltr'><strong>ingaleisquadraginta</strong></span> 
     </span>
     <span class='ocr_line' id='line_1_77' title="bbox 279 4635 1932 4713; baseline 0.007 -25"><span class='ocrx_word' id='word_1_510' title='bbox 279 4637 719 4706; x_wconf 87' lang='lat' dir='ltr'><strong>quatuor,quas</strong></span> <span class='ocrx_word' id='word_1_511' title='bbox 735 4635 792 4690; x_wconf 90' lang='lat' dir='ltr'><strong>in</strong></span> <span class='ocrx_word' id='word_1_512' title='bbox 812 4641 987 4709; x_wconf 90' lang='lat' dir='ltr'><strong>portu</strong></span> <span class='ocrx_word' id='word_1_513' title='bbox 999 4641 1697 4709; x_wconf 74' lang='lat' dir='ltr'><strong>repererant.Groecorum</strong></span> <span class='ocrx_word' id='word_1_514' title='bbox 1710 4641 1932 4713; x_wconf 82' lang='lat' dir='ltr'><strong>effuge·</strong></span> 
     </span>
     <span class='ocr_line' id='line_1_78' title="bbox 280 4723 1929 4804; baseline 0.007 -26"><span class='ocrx_word' id='word_1_515' title='bbox 280 4728 419 4779; x_wconf 90' lang='lat' dir='ltr'><strong>runt</strong></span> <span class='ocrx_word' id='word_1_516' title='bbox 449 4723 799 4792; x_wconf 91' lang='lat' dir='ltr'><strong>molimina;</strong></span> <span class='ocrx_word' id='word_1_517' title='bbox 833 4724 926 4782; x_wconf 91' lang='lat' dir='ltr'><strong>alii</strong></span> <span class='ocrx_word' id='word_1_518' title='bbox 954 4726 1014 4782; x_wconf 90' lang='lat' dir='ltr'><strong>iu</strong></span> <span class='ocrx_word' id='word_1_519' title='bbox 1040 4728 1319 4796; x_wconf 81' lang='lat' dir='ltr'><strong>navibus,</strong></span> <span class='ocrx_word' id='word_1_520' title='bbox 1374 4746 1630 4803; x_wconf 86' lang='lat' dir='ltr'><strong>quarum</strong></span> <span class='ocrx_word' id='word_1_521' title='bbox 1662 4731 1721 4787; x_wconf 90' lang='lat' dir='ltr'><strong>iu</strong></span> <span class='ocrx_word' id='word_1_522' title='bbox 1755 4739 1929 4804; x_wconf 86' lang='lat' dir='ltr'><strong>portu</strong></span> 
     </span>
     <span class='ocr_line' id='line_1_79' title="bbox 281 4812 1928 4893; baseline 0.005 -26"><span class='ocrx_word' id='word_1_523' title='bbox 281 4812 548 4869; x_wconf 81' lang='lat' dir='ltr'><strong>maxima</strong></span> <span class='ocrx_word' id='word_1_524' title='bbox 578 4819 702 4869; x_wconf 90' lang='lat' dir='ltr'><strong>erat</strong></span> <span class='ocrx_word' id='word_1_525' title='bbox 727 4815 921 4888; x_wconf 89' lang='lat' dir='ltr'><strong>copia,</strong></span> <span class='ocrx_word' id='word_1_526' title='bbox 962 4830 1208 4874; x_wconf 88' lang='lat' dir='ltr'><strong>omnem</strong></span> <span class='ocrx_word' id='word_1_527' title='bbox 1244 4818 1497 4875; x_wconf 89' lang='lat' dir='ltr'><strong>domum</strong></span> <span class='ocrx_word' id='word_1_528' title='bbox 1528 4819 1928 4893; x_wconf 88' lang='lat' dir='ltr'><strong>imponentes,</strong></span> 
     </span>
     <span class='ocr_line' id='line_1_80' title="bbox 283 4899 1931 4975; baseline 0.007 -19"><span class='ocrx_word' id='word_1_529' title='bbox 283 4899 494 4957; x_wconf 88' lang='lat' dir='ltr'><strong>mortis</strong></span> <span class='ocrx_word' id='word_1_530' title='bbox 522 4910 844 4959; x_wconf 87' lang='lat' dir='ltr'><strong>evaserunt</strong></span> <span class='ocrx_word' id='word_1_531' title='bbox 875 4903 1220 4963; x_wconf 88' lang='lat' dir='ltr'><strong>discrimen.</strong></span> <span class='ocrx_word' id='word_1_532' title='bbox 1252 4908 1364 4975; x_wconf 91' lang='lat' dir='ltr'><strong>Qui</strong></span> <span class='ocrx_word' id='word_1_533' title='bbox 1407 4913 1607 4965; x_wconf 90' lang='lat' dir='ltr'><strong>autem</strong></span> <span class='ocrx_word' id='word_1_534' title='bbox 1666 4910 1931 4968; x_wconf 89' lang='lat' dir='ltr'><strong>seniores</strong></span> 
     </span>
     <span class='ocr_line' id='line_1_81' title="bbox 282 4989 1930 5068; baseline 0.007 -25"><span class='ocrx_word' id='word_1_535' title='bbox 282 4989 581 5057; x_wconf 84' lang='lat' dir='ltr'><strong>eraut,vel</strong></span> <span class='ocrx_word' id='word_1_536' title='bbox 614 4991 832 5049; x_wconf 80' lang='lat' dir='ltr'><strong>infirmi</strong></span> <span class='ocrx_word' id='word_1_537' title='bbox 864 4996 1076 5067; x_wconf 85' lang='lat' dir='ltr'><strong>reperti</strong></span> <span class='ocrx_word' id='word_1_538' title='bbox 1109 5003 1270 5065; x_wconf 87' lang='lat' dir='ltr'><strong>sunt,</strong></span> <span class='ocrx_word' id='word_1_539' title='bbox 1311 5002 1365 5054; x_wconf 92' lang='lat' dir='ltr'><strong>et</strong></span> <span class='ocrx_word' id='word_1_540' title='bbox 1395 4997 1474 5054; x_wconf 90' lang='lat' dir='ltr'><strong>ad</strong></span> <span class='ocrx_word' id='word_1_541' title='bbox 1498 4997 1705 5068; x_wconf 88' lang='lat' dir='ltr'><strong>fugam</strong></span> <span class='ocrx_word' id='word_1_542' title='bbox 1730 4999 1930 5056; x_wconf 84' lang='lat' dir='ltr'><strong>minus</strong></span> 
     </span>
     <span class='ocr_line' id='line_1_82' title="bbox 280 5076 1930 5162; baseline 0.005 -27"><span class='ocrx_word' id='word_1_543' title='bbox 280 5076 503 5145; x_wconf 87' lang='lat' dir='ltr'><strong>idonei,</strong></span> <span class='ocrx_word' id='word_1_544' title='bbox 530 5079 570 5136; x_wconf 92' lang='lat' dir='ltr'><strong>ii</strong></span> <span class='ocrx_word' id='word_1_545' title='bbox 605 5081 665 5137; x_wconf 92' lang='lat' dir='ltr'><strong>in</strong></span> <span class='ocrx_word' id='word_1_546' title='bbox 697 5082 982 5141; x_wconf 89' lang='lat' dir='ltr'><strong>domibus</strong></span> <span class='ocrx_word' id='word_1_547' title='bbox 1013 5085 1139 5141; x_wconf 88' lang='lat' dir='ltr'><strong>suis</strong></span> <span class='ocrx_word' id='word_1_548' title='bbox 1160 5086 1366 5151; x_wconf 88' lang='lat' dir='ltr'><strong>relicti,</strong></span> <span class='ocrx_word' id='word_1_549' title='bbox 1395 5086 1721 5160; x_wconf 88' lang='lat' dir='ltr'><strong>impietatis</strong></span> <span class='ocrx_word' id='word_1_550' title='bbox 1740 5103 1930 5162; x_wconf 89' lang='lat' dir='ltr'><strong>quam</strong></span> 
     </span>
     <span class='ocr_line' id='line_1_83' title="bbox 280 5166 1931 5250; baseline 0.005 -25"><span class='ocrx_word' id='word_1_551' title='bbox 280 5167 380 5225; x_wconf 90' lang='lat' dir='ltr'><strong>alii</strong></span> <span class='ocrx_word' id='word_1_552' title='bbox 402 5166 739 5239; x_wconf 80' lang='lat' dir='ltr'><strong>effugerant</strong></span> <span class='ocrx_word' id='word_1_553' title='bbox 767 5173 996 5230; x_wconf 90' lang='lat' dir='ltr'><strong>rabiem</strong></span> <span class='ocrx_word' id='word_1_554' title='bbox 1029 5176 1294 5248; x_wconf 86' lang='lat' dir='ltr'><strong>perpessi</strong></span> <span class='ocrx_word' id='word_1_555' title='bbox 1314 5181 1470 5232; x_wconf 89' lang='lat' dir='ltr'><strong>sunt.</strong></span> <span class='ocrx_word' id='word_1_556' title='bbox 1520 5175 1671 5234; x_wconf 88' lang='lat' dir='ltr'><strong>Nam</strong></span> <span class='ocrx_word' id='word_1_557' title='bbox 1721 5183 1931 5250; x_wconf 89' lang='lat' dir='ltr'><strong>parato</strong></span> 
     </span>
     <span class='ocr_line' id='line_1_84' title="bbox 280 5258 1929 5336; baseline 0.004 -21"><span class='ocrx_word' id='word_1_558' title='bbox 280 5258 437 5317; x_wconf 89' lang='lat' dir='ltr'><strong>clam</strong></span> <span class='ocrx_word' id='word_1_559' title='bbox 470 5259 716 5328; x_wconf 84' lang='lat' dir='ltr'><strong>navigio</strong></span> <span class='ocrx_word' id='word_1_560' title='bbox 755 5263 1114 5336; x_wconf 62' lang='lat' dir='ltr'><strong>saepedictus</strong></span> <span class='ocrx_word' id='word_1_561' title='bbox 1164 5265 1544 5323; x_wconf 85' lang='lat' dir='ltr'><strong>Andronicus</strong></span> <span class='ocrx_word' id='word_1_562' title='bbox 1598 5267 1929 5334; x_wconf 84' lang='lat' dir='ltr'><strong>universas,</strong></span> 
     </span>
     <span class='ocr_line' id='line_1_85' title="bbox 281 5351 1928 5429; baseline 0.004 -23"><span class='ocrx_word' id='word_1_563' title='bbox 281 5367 434 5424; x_wconf 92' lang='lat' dir='ltr'><strong>quas</strong></span> <span class='ocrx_word' id='word_1_564' title='bbox 457 5367 663 5409; x_wconf 87' lang='lat' dir='ltr'><strong>secum</strong></span> <span class='ocrx_word' id='word_1_565' title='bbox 683 5351 974 5421; x_wconf 88' lang='lat' dir='ltr'><strong>trahebat,</strong></span> <span class='ocrx_word' id='word_1_566' title='bbox 995 5354 1055 5409; x_wconf 91' lang='lat' dir='ltr'><strong>in</strong></span> <span class='ocrx_word' id='word_1_567' title='bbox 1090 5354 1298 5412; x_wconf 86' lang='lat' dir='ltr'><strong>urbem</strong></span> <span class='ocrx_word' id='word_1_568' title='bbox 1332 5355 1659 5412; x_wconf 83' lang='lat' dir='ltr'><strong>introduxit</strong></span> <span class='ocrx_word' id='word_1_569' title='bbox 1689 5355 1928 5429; x_wconf 88' lang='lat' dir='ltr'><strong>copias;</strong></span> 
     </span>
     <span class='ocr_line' id='line_1_86' title="bbox 280 5441 1933 5513; baseline 0.004 -18"><span class='ocrx_word' id='word_1_570' title='bbox 280 5453 418 5512; x_wconf 80' lang='lat' dir='ltr'><strong>quoe</strong></span> <span class='ocrx_word' id='word_1_571' title='bbox 448 5441 545 5498; x_wconf 83' lang='lat' dir='ltr'><strong>vix</strong></span> <span class='ocrx_word' id='word_1_572' title='bbox 578 5443 885 5513; x_wconf 70' lang='lat' dir='ltr'><strong>ingressae,</strong></span> <span class='ocrx_word' id='word_1_573' title='bbox 910 5460 1030 5500; x_wconf 91' lang='lat' dir='ltr'><strong>una</strong></span> <span class='ocrx_word' id='word_1_574' title='bbox 1055 5460 1192 5500; x_wconf 90' lang='lat' dir='ltr'><strong>cum</strong></span> <span class='ocrx_word' id='word_1_575' title='bbox 1223 5444 1456 5501; x_wconf 88' lang='lat' dir='ltr'><strong>civibus</strong></span> <span class='ocrx_word' id='word_1_576' title='bbox 1485 5446 1545 5502; x_wconf 91' lang='lat' dir='ltr'><strong>in</strong></span> <span class='ocrx_word' id='word_1_577' title='bbox 1575 5461 1709 5503; x_wconf 90' lang='lat' dir='ltr'><strong>eam</strong></span> <span class='ocrx_word' id='word_1_578' title='bbox 1770 5445 1933 5501; x_wconf 89' lang='lat' dir='ltr'><strong>urbis</strong></span> 
     </span>
     <span class='ocr_line' id='line_1_87' title="bbox 282 5532 1934 5604; baseline 0.004 -18"><span class='ocrx_word' id='word_1_579' title='bbox 282 5533 730 5604; x_wconf 88' lang='lat' dir='ltr'><strong>partem,quam</strong></span> <span class='ocrx_word' id='word_1_580' title='bbox 746 5532 931 5592; x_wconf 84' lang='lat' dir='ltr'><strong>nostri</strong></span> <span class='ocrx_word' id='word_1_581' title='bbox 942 5532 1285 5595; x_wconf 83' lang='lat' dir='ltr'><strong>incolebant</strong></span> <span class='ocrx_word' id='word_1_582' title='bbox 1302 5533 1934 5601; x_wconf 83' lang='lat' dir='ltr'><strong>irruentes,residuum</strong></span> 
     </span>
    </p>
   </div>
   <div class='ocr_carea' id='block_1_15' title="bbox 2037 3114 3784 5130">
    <p class='ocr_par' dir='ltr' id='par_1_17' title="bbox 2037 3114 3784 5130">
     <span class='ocr_line' id='line_1_88' title="bbox 2041 3114 3704 3187; baseline 0 -15"><span class='ocrx_word' id='word_1_583' title='bbox 2041 3116 2151 3183; x_wconf 84' lang='lat' dir='ltr'><strong>Qui</strong></span> <span class='ocrx_word' id='word_1_584' title='bbox 2178 3121 2400 3181; x_wconf 89' lang='lat' dir='ltr'><strong>autem,</strong></span> <span class='ocrx_word' id='word_1_585' title='bbox 2431 3130 2504 3171; x_wconf 86' lang='lat' dir='ltr'><strong>ex</strong></span> <span class='ocrx_word' id='word_1_586' title='bbox 2520 3114 2719 3171; x_wconf 85' lang='lat' dir='ltr'><strong>officio</strong></span> <span class='ocrx_word' id='word_1_587' title='bbox 2747 3114 3008 3187; x_wconf 86' lang='lat' dir='ltr'><strong>pietatis,</strong></span> <span class='ocrx_word' id='word_1_588' title='bbox 3028 3129 3477 3187; x_wconf 86' lang='lat' dir='ltr'><strong>oppressorum</strong></span> <span class='ocrx_word' id='word_1_589' title='bbox 3500 3114 3704 3172; x_wconf 86' lang='lat' dir='ltr'><strong>merito</strong></span> 
     </span>
     <span class='ocr_line' id='line_1_89' title="bbox 2042 3202 3703 3270; baseline -0.002 -8"><span class='ocrx_word' id='word_1_590' title='bbox 2042 3204 2395 3263; x_wconf 86' lang='lat' dir='ltr'><strong>tenebantur</strong></span> <span class='ocrx_word' id='word_1_591' title='bbox 2425 3202 2804 3260; x_wconf 80' lang='lat' dir='ltr'><strong>afflictionem</strong></span> <span class='ocrx_word' id='word_1_592' title='bbox 2848 3203 3132 3270; x_wconf 84' lang='lat' dir='ltr'><strong>relevare,</strong></span> <span class='ocrx_word' id='word_1_593' title='bbox 3180 3219 3395 3261; x_wconf 91' lang='lat' dir='ltr'><strong>eorum</strong></span> <span class='ocrx_word' id='word_1_594' title='bbox 3440 3205 3703 3262; x_wconf 87' lang='lat' dir='ltr'><strong>videlicet</strong></span> 
     </span>
     <span class='ocr_line' id='line_1_90' title="bbox 2039 3291 3701 3365; baseline -0.001 -16"><span class='ocrx_word' id='word_1_595' title='bbox 2039 3293 2379 3351; x_wconf 85' lang='lat' dir='ltr'><strong>sacerdotes</strong></span> <span class='ocrx_word' id='word_1_596' title='bbox 2406 3298 2460 3350; x_wconf 87' lang='lat' dir='ltr'><strong>et</strong></span> <span class='ocrx_word' id='word_1_597' title='bbox 2491 3292 2798 3358; x_wconf 87' lang='lat' dir='ltr'><strong>monachi,</strong></span> <span class='ocrx_word' id='word_1_598' title='bbox 2823 3292 2882 3348; x_wconf 91' lang='lat' dir='ltr'><strong>hi</strong></span> <span class='ocrx_word' id='word_1_599' title='bbox 2911 3293 3052 3350; x_wconf 89' lang='lat' dir='ltr'><strong>dato</strong></span> <span class='ocrx_word' id='word_1_600' title='bbox 3077 3291 3296 3365; x_wconf 87' lang='lat' dir='ltr'><strong>pretio,</strong></span> <span class='ocrx_word' id='word_1_601' title='bbox 3317 3299 3701 3365; x_wconf 83' lang='lat' dir='ltr'><strong>grassatores</strong></span> 
     </span>
     <span class='ocr_line' id='line_1_91' title="bbox 2037 3380 3699 3454; baseline -0.001 -14"><span class='ocrx_word' id='word_1_602' title='bbox 2037 3389 2094 3440; x_wconf 90' lang='lat' dir='ltr'><strong>et</strong></span> <span class='ocrx_word' id='word_1_603' title='bbox 2119 3382 2385 3447; x_wconf 89' lang='lat' dir='ltr'><strong>sicarios,</strong></span> <span class='ocrx_word' id='word_1_604' title='bbox 2412 3380 2490 3437; x_wconf 90' lang='lat' dir='ltr'><strong>ad</strong></span> <span class='ocrx_word' id='word_1_605' title='bbox 2511 3388 2772 3451; x_wconf 87' lang='lat' dir='ltr'><strong>stragem</strong></span> <span class='ocrx_word' id='word_1_606' title='bbox 2800 3381 3154 3449; x_wconf 90' lang='lat' dir='ltr'><strong>invitabant,</strong></span> <span class='ocrx_word' id='word_1_607' title='bbox 3186 3380 3699 3454; x_wconf 85' lang='lat' dir='ltr'><strong>disquirentesse-</strong></span> 
     </span>
     <span class='ocr_line' id='line_1_92' title="bbox 2037 3469 3702 3542; baseline -0.001 -12"><span class='ocrx_word' id='word_1_608' title='bbox 2037 3487 2242 3530; x_wconf 90' lang='lat' dir='ltr'><strong>cessus</strong></span> <span class='ocrx_word' id='word_1_609' title='bbox 2269 3477 2327 3527; x_wconf 89' lang='lat' dir='ltr'><strong>et</strong></span> <span class='ocrx_word' id='word_1_610' title='bbox 2351 3472 2673 3527; x_wconf 90' lang='lat' dir='ltr'><strong>domorum</strong></span> <span class='ocrx_word' id='word_1_611' title='bbox 2705 3469 3051 3541; x_wconf 83' lang='lat' dir='ltr'><strong>penetralia.</strong></span> <span class='ocrx_word' id='word_1_612' title='bbox 3088 3469 3288 3542; x_wconf 91' lang='lat' dir='ltr'><strong>nequi</strong></span> <span class='ocrx_word' id='word_1_613' title='bbox 3333 3469 3399 3528; x_wconf 89' lang='lat' dir='ltr'><strong>in</strong></span> <span class='ocrx_word' id='word_1_614' title='bbox 3451 3472 3544 3527; x_wconf 87' lang='lat' dir='ltr'><strong>eis</strong></span> <span class='ocrx_word' id='word_1_615' title='bbox 3569 3469 3702 3528; x_wconf 88' lang='lat' dir='ltr'><strong>deli·</strong></span> 
     </span>
     <span class='ocr_line' id='line_1_93' title="bbox 2037 3557 3784 3633; baseline 0 -16"><span class='ocrx_word' id='word_1_616' title='bbox 2037 3564 2348 3629; x_wconf 89' lang='lat' dir='ltr'><strong>tescereut,</strong></span> <span class='ocrx_word' id='word_1_617' title='bbox 2378 3565 2440 3616; x_wconf 91' lang='lat' dir='ltr'><strong>ut</strong></span> <span class='ocrx_word' id='word_1_618' title='bbox 2469 3559 2676 3615; x_wconf 90' lang='lat' dir='ltr'><strong>mortis</strong></span> <span class='ocrx_word' id='word_1_619' title='bbox 2701 3559 3024 3615; x_wconf 89' lang='lat' dir='ltr'><strong>discrimen</strong></span> <span class='ocrx_word' id='word_1_620' title='bbox 3057 3557 3368 3615; x_wconf 86' lang='lat' dir='ltr'><strong>declinare</strong></span> <span class='ocrx_word' id='word_1_621' title='bbox 3403 3565 3697 3633; x_wconf 86' lang='lat' dir='ltr'><strong>possent;</strong></span> <span class='ocrx_word' id='word_1_622' title='bbox 3783 3583 3784 3597; x_wconf 51' lang='lat'>¹</span> 
     </span>
     <span class='ocr_line' id='line_1_94' title="bbox 2041 3633 3784 3723; baseline -0.002 -16"><span class='ocrx_word' id='word_1_623' title='bbox 2041 3652 2430 3723; x_wconf 85' lang='lat' dir='ltr'><strong>inventosque</strong></span> <span class='ocrx_word' id='word_1_624' title='bbox 2443 3654 2499 3705; x_wconf 89' lang='lat' dir='ltr'><strong>et</strong></span> <span class='ocrx_word' id='word_1_625' title='bbox 2524 3648 2812 3704; x_wconf 83' lang='lat' dir='ltr'><strong>violenter</strong></span> <span class='ocrx_word' id='word_1_626' title='bbox 2842 3651 3142 3704; x_wconf 83' lang='lat' dir='ltr'><strong>extractos</strong></span> <span class='ocrx_word' id='word_1_627' title='bbox 3183 3647 3515 3706; x_wconf 88' lang='lat' dir='ltr'><strong>tradebant</strong></span> <span class='ocrx_word' id='word_1_628' title='bbox 3567 3663 3700 3706; x_wconf 89' lang='lat' dir='ltr'><strong>car·</strong></span> <span class='ocrx_word' id='word_1_629' title='bbox 3783 3633 3784 3677; x_wconf 61' lang='lat'><strong>³</strong></span> 
     </span>
     <span class='ocr_line' id='line_1_95' title="bbox 2038 3737 3784 3810; baseline -0.001 -15"><span class='ocrx_word' id='word_1_630' title='bbox 2038 3738 2317 3795; x_wconf 86' lang='lat' dir='ltr'><strong>niticibus</strong></span> <span class='ocrx_word' id='word_1_631' title='bbox 2342 3757 2358 3808; x_wconf 88' lang='lat'>;</span> <span class='ocrx_word' id='word_1_632' title='bbox 2390 3738 2613 3809; x_wconf 89' lang='lat' dir='ltr'><strong>quibus</strong></span> <span class='ocrx_word' id='word_1_633' title='bbox 2640 3737 2847 3803; x_wconf 91' lang='lat' dir='ltr'><strong>etiam,</strong></span> <span class='ocrx_word' id='word_1_634' title='bbox 2881 3753 2955 3793; x_wconf 90' lang='lat' dir='ltr'><strong>ne</strong></span> <span class='ocrx_word' id='word_1_635' title='bbox 2982 3738 3165 3808; x_wconf 89' lang='lat' dir='ltr'><strong>gratis</strong></span> <span class='ocrx_word' id='word_1_636' title='bbox 3194 3753 3447 3809; x_wconf 88' lang='lat' dir='ltr'><strong>operam</strong></span> <span class='ocrx_word' id='word_1_637' title='bbox 3473 3737 3702 3810; x_wconf 84' lang='lat' dir='ltr'><strong>impen·</strong></span> <span class='ocrx_word' id='word_1_638' title='bbox 3783 3753 3784 3758; x_wconf 50' lang='lat'>¹</span> 
     </span>
     <span class='ocr_line' id='line_1_96' title="bbox 2037 3825 3784 3899; baseline -0.001 -14"><span class='ocrx_word' id='word_1_639' title='bbox 2037 3828 2264 3894; x_wconf 77' lang='lat' dir='ltr'><strong>darent,</strong></span> <span class='ocrx_word' id='word_1_640' title='bbox 2298 3825 2552 3899; x_wconf 88' lang='lat' dir='ltr'><strong>pretium</strong></span> <span class='ocrx_word' id='word_1_641' title='bbox 2580 3826 2892 3897; x_wconf 89' lang='lat' dir='ltr'><strong>sauguinis</strong></span> <span class='ocrx_word' id='word_1_642' title='bbox 2923 3841 3033 3899; x_wconf 91' lang='lat' dir='ltr'><strong>pro</strong></span> <span class='ocrx_word' id='word_1_643' title='bbox 3060 3827 3425 3883; x_wconf 88' lang='lat' dir='ltr'><strong>miserorum</strong></span> <span class='ocrx_word' id='word_1_644' title='bbox 3463 3826 3704 3883; x_wconf 76' lang='lat' dir='ltr'><strong>inter-fe·</strong></span> <span class='ocrx_word' id='word_1_645' title='bbox 3783 3841 3784 3852; x_wconf 58' lang='lat'>¹</span> 
     </span>
     <span class='ocr_line' id='line_1_97' title="bbox 2038 3914 3701 3989; baseline -0.002 -15"><span class='ocrx_word' id='word_1_646' title='bbox 2038 3916 2233 3974; x_wconf 90' lang='lat' dir='ltr'><strong>ctione</strong></span> <span class='ocrx_word' id='word_1_647' title='bbox 2262 3915 2664 3989; x_wconf 86' lang='lat' dir='ltr'><strong>porrigebant.</strong></span> <span class='ocrx_word' id='word_1_648' title='bbox 2698 3915 2807 3981; x_wconf 84' lang='lat' dir='ltr'><strong>Qui</strong></span> <span class='ocrx_word' id='word_1_649' title='bbox 2840 3921 3042 3972; x_wconf 91' lang='lat' dir='ltr'><strong>autem</strong></span> <span class='ocrx_word' id='word_1_650' title='bbox 3061 3914 3417 3971; x_wconf 86' lang='lat' dir='ltr'><strong>clementius</strong></span> <span class='ocrx_word' id='word_1_651' title='bbox 3443 3931 3594 3973; x_wconf 87' lang='lat' dir='ltr'><strong>cum</strong></span> <span class='ocrx_word' id='word_1_652' title='bbox 3621 3916 3701 3973; x_wconf 85' lang='lat' dir='ltr'><strong>eis</strong></span> 
     </span>
     <span class='ocr_line' id='line_1_98' title="bbox 2039 4003 3702 4077; baseline -0.001 -14"><span class='ocrx_word' id='word_1_653' title='bbox 2039 4006 2400 4063; x_wconf 87' lang='lat' dir='ltr'><strong>videbantur</strong></span> <span class='ocrx_word' id='word_1_654' title='bbox 2429 4003 2686 4077; x_wconf 88' lang='lat' dir='ltr'><strong>operari,</strong></span> <span class='ocrx_word' id='word_1_655' title='bbox 2718 4005 2778 4060; x_wconf 93' lang='lat' dir='ltr'><strong>hi</strong></span> <span class='ocrx_word' id='word_1_656' title='bbox 2803 4019 2907 4060; x_wconf 90' lang='lat' dir='ltr'><strong>eos</strong></span> <span class='ocrx_word' id='word_1_657' title='bbox 2930 4004 3034 4077; x_wconf 87' lang='lat' dir='ltr'><strong>qui</strong></span> <span class='ocrx_word' id='word_1_658' title='bbox 3053 4003 3132 4061; x_wconf 90' lang='lat' dir='ltr'><strong>ad</strong></span> <span class='ocrx_word' id='word_1_659' title='bbox 3155 4020 3217 4060; x_wconf 88' lang='lat' dir='ltr'><strong>se</strong></span> <span class='ocrx_word' id='word_1_660' title='bbox 3230 4003 3634 4077; x_wconf 79' lang='lat' dir='ltr'><strong>confugerant</strong></span> <span class='ocrx_word' id='word_1_661' title='bbox 3649 4009 3702 4062; x_wconf 85' lang='lat' dir='ltr'><strong>at</strong></span> 
     </span>
     <span class='ocr_line' id='line_1_99' title="bbox 2038 4092 3702 4169; baseline -0.001 -18"><span class='ocrx_word' id='word_1_662' title='bbox 2038 4095 2260 4169; x_wconf 89' lang='lat' dir='ltr'><strong>quibus</strong></span> <span class='ocrx_word' id='word_1_663' title='bbox 2282 4109 2454 4166; x_wconf 88' lang='lat' dir='ltr'><strong>spem</strong></span> <span class='ocrx_word' id='word_1_664' title='bbox 2484 4092 2778 4150; x_wconf 88' lang='lat' dir='ltr'><strong>dederant</strong></span> <span class='ocrx_word' id='word_1_665' title='bbox 2801 4093 3029 4159; x_wconf 88' lang='lat' dir='ltr'><strong>salutis,</strong></span> <span class='ocrx_word' id='word_1_666' title='bbox 3057 4094 3263 4149; x_wconf 84' lang='lat' dir='ltr'><strong>Turcis</strong></span> <span class='ocrx_word' id='word_1_667' title='bbox 3290 4099 3349 4149; x_wconf 88' lang='lat' dir='ltr'><strong>et</strong></span> <span class='ocrx_word' id='word_1_668' title='bbox 3387 4093 3525 4150; x_wconf 87' lang='lat' dir='ltr'><strong>aliis</strong></span> <span class='ocrx_word' id='word_1_669' title='bbox 3573 4092 3702 4150; x_wconf 78' lang='lat' dir='ltr'><strong>iufl-</strong></span> 
     </span>
     <span class='ocr_line' id='line_1_100' title="bbox 2039 4179 3704 4255; baseline 0 -15"><span class='ocrx_word' id='word_1_670' title='bbox 2039 4182 2277 4240; x_wconf 88' lang='lat' dir='ltr'><strong>delibus</strong></span> <span class='ocrx_word' id='word_1_671' title='bbox 2310 4181 2565 4255; x_wconf 88' lang='lat' dir='ltr'><strong>populis,</strong></span> <span class='ocrx_word' id='word_1_672' title='bbox 2595 4182 2655 4238; x_wconf 92' lang='lat' dir='ltr'><strong>iu</strong></span> <span class='ocrx_word' id='word_1_673' title='bbox 2682 4187 3040 4255; x_wconf 90' lang='lat' dir='ltr'><strong>perpetuam</strong></span> <span class='ocrx_word' id='word_1_674' title='bbox 3072 4179 3421 4238; x_wconf 87' lang='lat' dir='ltr'><strong>vendebant</strong></span> <span class='ocrx_word' id='word_1_675' title='bbox 3452 4183 3704 4240; x_wconf 81' lang='lat' dir='ltr'><strong>servitu-</strong></span> 
     </span>
     <span class='ocr_line' id='line_1_101' title="bbox 2040 4270 3706 4343; baseline -0.001 -13"><span class='ocrx_word' id='word_1_676' title='bbox 2040 4278 2161 4330; x_wconf 87' lang='lat' dir='ltr'><strong>tem</strong></span> <span class='ocrx_word' id='word_1_677' title='bbox 2181 4289 2198 4338; x_wconf 92' lang='lat'>;</span> <span class='ocrx_word' id='word_1_678' title='bbox 2216 4271 2521 4343; x_wconf 84' lang='lat' dir='ltr'><strong>exquibus</strong></span> <span class='ocrx_word' id='word_1_679' title='bbox 2545 4270 2869 4343; x_wconf 89' lang='lat' dir='ltr'><strong>promiscui</strong></span> <span class='ocrx_word' id='word_1_680' title='bbox 2894 4286 3093 4338; x_wconf 86' lang='lat' dir='ltr'><strong>sexus,</strong></span> <span class='ocrx_word' id='word_1_681' title='bbox 3124 4271 3318 4327; x_wconf 73' lang='lat' dir='ltr'><strong>astatis</strong></span> <span class='ocrx_word' id='word_1_682' title='bbox 3336 4274 3397 4328; x_wconf 91' lang='lat' dir='ltr'><strong>et</strong></span> <span class='ocrx_word' id='word_1_683' title='bbox 3413 4271 3706 4328; x_wconf 87' lang='lat' dir='ltr'><strong>conditio·</strong></span> 
     </span>
     <span class='ocr_line' id='line_1_102' title="bbox 2040 4358 3702 4434; baseline 0.001 -17"><span class='ocrx_word' id='word_1_684' title='bbox 2040 4361 2153 4422; x_wconf 88' lang='lat' dir='ltr'><strong>nis.</strong></span> <span class='ocrx_word' id='word_1_685' title='bbox 2171 4360 2500 4433; x_wconf 85' lang='lat' dir='ltr'><strong>plusquam</strong></span> <span class='ocrx_word' id='word_1_686' title='bbox 2515 4365 2775 4434; x_wconf 84' lang='lat' dir='ltr'><strong>quatuor</strong></span> <span class='ocrx_word' id='word_1_687' title='bbox 2793 4358 2997 4424; x_wconf 85' lang='lat' dir='ltr'><strong>millia,</strong></span> <span class='ocrx_word' id='word_1_688' title='bbox 3031 4359 3307 4416; x_wconf 87' lang='lat' dir='ltr'><strong>barbaris</strong></span> <span class='ocrx_word' id='word_1_689' title='bbox 3327 4358 3702 4427; x_wconf 87' lang='lat' dir='ltr'><strong>nationibus,</strong></span> 
     </span>
     <span class='ocr_line' id='line_1_103' title="bbox 2039 4448 3707 4523; baseline 0.001 -17"><span class='ocrx_word' id='word_1_690' title='bbox 2039 4449 2229 4523; x_wconf 88' lang='lat' dir='ltr'><strong>pretio</strong></span> <span class='ocrx_word' id='word_1_691' title='bbox 2257 4449 2701 4516; x_wconf 83' lang='lat' dir='ltr'><strong>interveniente,</strong></span> <span class='ocrx_word' id='word_1_692' title='bbox 2733 4448 3021 4506; x_wconf 86' lang='lat' dir='ltr'><strong>distracta</strong></span> <span class='ocrx_word' id='word_1_693' title='bbox 3081 4463 3211 4504; x_wconf 89' lang='lat' dir='ltr'><strong>esse</strong></span> <span class='ocrx_word' id='word_1_694' title='bbox 3259 4448 3568 4506; x_wconf 90' lang='lat' dir='ltr'><strong>dicuntur.</strong></span> <span class='ocrx_word' id='word_1_695' title='bbox 3621 4449 3707 4507; x_wconf 79' lang='lat' dir='ltr'><strong>Sic</strong></span> 
     </span>
     <span class='ocr_line' id='line_1_104' title="bbox 2041 4536 3705 4611; baseline 0.001 -15"><span class='ocrx_word' id='word_1_696' title='bbox 2041 4554 2183 4610; x_wconf 87' lang='lat' dir='ltr'><strong>ergo</strong></span> <span class='ocrx_word' id='word_1_697' title='bbox 2256 4538 2479 4611; x_wconf 88' lang='lat' dir='ltr'><strong>impius</strong></span> <span class='ocrx_word' id='word_1_698' title='bbox 2546 4536 2889 4594; x_wconf 65' lang='lat' dir='ltr'><strong>Graecorum</strong></span> <span class='ocrx_word' id='word_1_699' title='bbox 2952 4537 3236 4610; x_wconf 89' lang='lat' dir='ltr'><strong>populus,</strong></span> <span class='ocrx_word' id='word_1_700' title='bbox 3291 4543 3350 4593; x_wconf 91' lang='lat' dir='ltr'><strong>et</strong></span> <span class='ocrx_word' id='word_1_701' title='bbox 3397 4537 3705 4609; x_wconf 70' lang='lat' dir='ltr'><strong>qenimt‘na</strong></span> 
     </span>
     <span class='ocr_line' id='line_1_105' title="bbox 2041 4626 3706 4700; baseline -0.001 -14"><span class='ocrx_word' id='word_1_702' title='bbox 2041 4629 2383 4699; x_wconf 78' lang='lat' dir='ltr'><strong>viperarum</strong></span> <span class='ocrx_word' id='word_1_703' title='bbox 2401 4627 2641 4700; x_wconf 70' lang='lat' dir='ltr'><strong>(Manli.</strong></span> <span class='ocrx_word' id='word_1_704' title='bbox 2657 4629 2838 4698; x_wconf 83' lang='lat' dir='ltr'><strong>xxm),</strong></span> <span class='ocrx_word' id='word_1_705' title='bbox 2871 4642 3038 4683; x_wconf 88' lang='lat' dir='ltr'><strong>more</strong></span> <span class='ocrx_word' id='word_1_706' title='bbox 3059 4626 3352 4697; x_wconf 72' lang='lat' dir='ltr'><strong>serpentis</strong></span> <span class='ocrx_word' id='word_1_707' title='bbox 3375 4626 3442 4685; x_wconf 77' lang='lat' dir='ltr'><strong>in</strong></span> <span class='ocrx_word' id='word_1_708' title='bbox 3458 4627 3706 4698; x_wconf 68' lang='lat' dir='ltr'><strong>oremt&#39;o,</strong></span> 
     </span>
     <span class='ocr_line' id='line_1_106' title="bbox 2040 4714 3708 4790; baseline -0.002 -14"><span class='ocrx_word' id='word_1_709' title='bbox 2040 4724 2094 4776; x_wconf 90' lang='lat' dir='ltr'><strong>et</strong></span> <span class='ocrx_word' id='word_1_710' title='bbox 2121 4717 2310 4774; x_wconf 81' lang='lat' dir='ltr'><strong>muris</strong></span> <span class='ocrx_word' id='word_1_711' title='bbox 2337 4717 2398 4772; x_wconf 77' lang='lat' dir='ltr'><strong>in</strong></span> <span class='ocrx_word' id='word_1_712' title='bbox 2427 4730 2596 4786; x_wconf 88' lang='lat' dir='ltr'><strong>pera,</strong></span> <span class='ocrx_word' id='word_1_713' title='bbox 2629 4716 2770 4772; x_wconf 86' lang='lat' dir='ltr'><strong>nibil</strong></span> <span class='ocrx_word' id='word_1_714' title='bbox 2808 4715 2924 4772; x_wconf 89' lang='lat' dir='ltr'><strong>tale</strong></span> <span class='ocrx_word' id='word_1_715' title='bbox 2969 4715 3234 4780; x_wconf 86' lang='lat' dir='ltr'><strong>meritos,</strong></span> <span class='ocrx_word' id='word_1_716' title='bbox 3267 4714 3542 4790; x_wconf 85' lang='lat' dir='ltr'><strong>nihilque</strong></span> <span class='ocrx_word' id='word_1_717' title='bbox 3593 4716 3708 4773; x_wconf 87' lang='lat' dir='ltr'><strong>tale</strong></span> 
     </span>
     <span class='ocr_line' id='line_1_107' title="bbox 2041 4803 3706 4880; baseline -0.001 -17"><span class='ocrx_word' id='word_1_718' title='bbox 2041 4812 2332 4872; x_wconf 85' lang='lat' dir='ltr'><strong>verentes,</strong></span> <span class='ocrx_word' id='word_1_719' title='bbox 2357 4805 2511 4862; x_wconf 77' lang='lat' dir='ltr'><strong>inaie</strong></span> <span class='ocrx_word' id='word_1_720' title='bbox 2541 4810 3080 4862; x_wconf 88' lang='lat' dir='ltr'><strong>remuneraverunt</strong></span> <span class='ocrx_word' id='word_1_721' title='bbox 3092 4803 3362 4878; x_wconf 87' lang='lat' dir='ltr'><strong>hospites</strong></span> <span class='ocrx_word' id='word_1_722' title='bbox 3378 4820 3562 4874; x_wconf 75' lang='lat' dir='ltr'><strong>suos3</strong></span> <span class='ocrx_word' id='word_1_723' title='bbox 3581 4809 3706 4880; x_wconf 84' lang='lat' dir='ltr'><strong>qui·</strong></span> 
     </span>
     <span class='ocr_line' id='line_1_108' title="bbox 2041 4894 3706 4968; baseline -0.001 -16"><span class='ocrx_word' id='word_1_724' title='bbox 2041 4895 2155 4952; x_wconf 87' lang='lat' dir='ltr'><strong>bus</strong></span> <span class='ocrx_word' id='word_1_725' title='bbox 2184 4900 2384 4951; x_wconf 87' lang='lat' dir='ltr'><strong>tamen</strong></span> <span class='ocrx_word' id='word_1_726' title='bbox 2416 4894 2569 4951; x_wconf 85' lang='lat' dir='ltr'><strong>filias</strong></span> <span class='ocrx_word' id='word_1_727' title='bbox 2612 4910 2774 4959; x_wconf 84' lang='lat' dir='ltr'><strong>suas.</strong></span> <span class='ocrx_word' id='word_1_728' title='bbox 2808 4898 3016 4966; x_wconf 87' lang='lat' dir='ltr'><strong>neptes</strong></span> <span class='ocrx_word' id='word_1_729' title='bbox 3063 4908 3308 4968; x_wconf 88' lang='lat' dir='ltr'><strong>quoque</strong></span> <span class='ocrx_word' id='word_1_730' title='bbox 3355 4895 3418 4949; x_wconf 87' lang='lat' dir='ltr'><strong>et</strong></span> <span class='ocrx_word' id='word_1_731' title='bbox 3445 4908 3706 4961; x_wconf 85' lang='lat' dir='ltr'><strong>sorores,</strong></span> 
     </span>
     <span class='ocr_line' id='line_1_109' title="bbox 2043 4981 3706 5050; baseline -0.001 -10"><span class='ocrx_word' id='word_1_732' title='bbox 2043 4997 2258 5040; x_wconf 86' lang='lat' dir='ltr'><strong>uxores</strong></span> <span class='ocrx_word' id='word_1_733' title='bbox 2286 4981 2594 5050; x_wconf 88' lang='lat' dir='ltr'><strong>dederant,</strong></span> <span class='ocrx_word' id='word_1_734' title='bbox 2622 4987 2678 5038; x_wconf 90' lang='lat' dir='ltr'><strong>et</strong></span> <span class='ocrx_word' id='word_1_735' title='bbox 2704 4999 2776 5039; x_wconf 86' lang='lat' dir='ltr'><strong>ex</strong></span> <span class='ocrx_word' id='word_1_736' title='bbox 2804 4982 3039 5040; x_wconf 89' lang='lat' dir='ltr'><strong>diutino</strong></span> <span class='ocrx_word' id='word_1_737' title='bbox 3064 4982 3343 5039; x_wconf 88' lang='lat' dir='ltr'><strong>convictu</strong></span> <span class='ocrx_word' id='word_1_738' title='bbox 3371 4981 3488 5038; x_wconf 87' lang='lat' dir='ltr'><strong>sibi</strong></span> <span class='ocrx_word' id='word_1_739' title='bbox 3509 4981 3706 5040; x_wconf 87' lang='lat' dir='ltr'><strong>reddi·</strong></span> 
     </span>
     <span class='ocr_line' id='line_1_110' title="bbox 2041 5070 2636 5130; baseline -0.003 0"><span class='ocrx_word' id='word_1_740' title='bbox 2041 5071 2256 5130; x_wconf 85' lang='lat' dir='ltr'><strong>derant</strong></span> <span class='ocrx_word' id='word_1_741' title='bbox 2285 5070 2636 5129; x_wconf 79' lang='lat' dir='ltr'><strong>familiares.</strong></span> 
     </span>
    </p>
   </div>
   <div class='ocr_carea' id='block_1_16' title="bbox 2041 5178 3705 5427">
    <p class='ocr_par' dir='ltr' id='par_1_18' title="bbox 2041 5178 3705 5427">
     <span class='ocr_line' id='line_1_111' title="bbox 2670 5178 3067 5236; baseline 0 -2"><span class='ocrx_word' id='word_1_742' title='bbox 2670 5178 2898 5236; x_wconf 77' lang='lat' dir='ltr'>CAPUT</span> <span class='ocrx_word' id='word_1_743' title='bbox 2928 5179 3067 5236; x_wconf 82' lang='lat' dir='ltr'><strong>xiil.</strong></span> 
     </span>
     <span class='ocr_line' id='line_1_112' title="bbox 2041 5283 3705 5371; baseline -0.002 -26"><span class='ocrx_word' id='word_1_744' title='bbox 2041 5288 2304 5358; x_wconf 79' lang='lat' dir='ltr'><strong>Populus</strong></span> <span class='ocrx_word' id='word_1_745' title='bbox 2332 5287 2700 5370; x_wconf 67' lang='lat' dir='ltr'><strong>Latinorum,</strong></span> <span class='ocrx_word' id='word_1_746' title='bbox 2732 5285 2923 5371; x_wconf 77' lang='lat' dir='ltr'><strong>quiin</strong></span> <span class='ocrx_word' id='word_1_747' title='bbox 2951 5285 3143 5370; x_wconf 72' lang='lat' dir='ltr'><strong>qaleis</strong></span> <span class='ocrx_word' id='word_1_748' title='bbox 3169 5299 3232 5345; x_wconf 84' lang='lat' dir='ltr'><strong>se</strong></span> <span class='ocrx_word' id='word_1_749' title='bbox 3253 5292 3592 5356; x_wconf 80' lang='lat' dir='ltr'><strong>receperat,</strong></span> <span class='ocrx_word' id='word_1_750' title='bbox 3623 5283 3705 5342; x_wconf 74' lang='lat' dir='ltr'><strong>in·</strong></span> 
     </span>
     <span class='ocr_line' id='line_1_113' title="bbox 2114 5356 3638 5427; baseline -0.001 -12"><span class='ocrx_word' id='word_1_751' title='bbox 2114 5360 2278 5415; x_wconf 84' lang='lat' dir='ltr'><strong>salas</strong></span> <span class='ocrx_word' id='word_1_752' title='bbox 2295 5366 2347 5416; x_wconf 89' lang='lat' dir='ltr'><strong>et</strong></span> <span class='ocrx_word' id='word_1_753' title='bbox 2378 5359 2510 5415; x_wconf 86' lang='lat' dir='ltr'><strong>loca</strong></span> <span class='ocrx_word' id='word_1_754' title='bbox 2541 5364 2844 5415; x_wconf 74' lang='lat' dir='ltr'><strong>mamttma</strong></span> <span class='ocrx_word' id='word_1_755' title='bbox 2876 5356 3167 5414; x_wconf 73' lang='lat' dir='ltr'><strong>hostiliter</strong></span> <span class='ocrx_word' id='word_1_756' title='bbox 3198 5356 3638 5427; x_wconf 78' lang='lat' dir='ltr'><strong>depopulatur.</strong></span> 
     </span>
    </p>
   </div>
   <div class='ocr_carea' id='block_1_17' title="bbox 2044 5447 3706 5609">
    <p class='ocr_par' dir='ltr' id='par_1_19' title="bbox 2044 5447 3706 5609">
     <span class='ocr_line' id='line_1_114' title="bbox 2112 5447 3704 5514; baseline -0.001 -11"><span class='ocrx_word' id='word_1_757' title='bbox 2112 5448 2332 5504; x_wconf 84' lang='lat' dir='ltr'><strong>Verum</strong></span> <span class='ocrx_word' id='word_1_758' title='bbox 2408 5463 2531 5504; x_wconf 91' lang='lat' dir='ltr'><strong>non</strong></span> <span class='ocrx_word' id='word_1_759' title='bbox 2612 5447 2883 5514; x_wconf 90' lang='lat' dir='ltr'><strong>omnino,</strong></span> <span class='ocrx_word' id='word_1_760' title='bbox 2971 5451 3204 5503; x_wconf 89' lang='lat' dir='ltr'><strong>tantum</strong></span> <span class='ocrx_word' id='word_1_761' title='bbox 3261 5450 3319 5502; x_wconf 90' lang='lat' dir='ltr'><strong>et</strong></span> <span class='ocrx_word' id='word_1_762' title='bbox 3417 5463 3458 5504; x_wconf 88' lang='lat' dir='ltr'><strong>a</strong></span> <span class='ocrx_word' id='word_1_763' title='bbox 3525 5461 3704 5505; x_wconf 69' lang='lat' dir='ltr'><strong>saecu·</strong></span> 
     </span>
     <span class='ocr_line' id='line_1_115' title="bbox 2044 5531 3706 5609; baseline -0.001 -15"><span class='ocrx_word' id='word_1_764' title='bbox 2044 5536 2119 5595; x_wconf 84' lang='lat' dir='ltr'><strong>lis</strong></span> <span class='ocrx_word' id='word_1_765' title='bbox 2144 5535 2485 5594; x_wconf 89' lang='lat' dir='ltr'><strong>inauditum</strong></span> <span class='ocrx_word' id='word_1_766' title='bbox 2516 5535 2750 5594; x_wconf 86' lang='lat' dir='ltr'><strong>facinus</strong></span> <span class='ocrx_word' id='word_1_767' title='bbox 2798 5535 3045 5609; x_wconf 86' lang='lat' dir='ltr'><strong>impune</strong></span> <span class='ocrx_word' id='word_1_768' title='bbox 3078 5531 3461 5593; x_wconf 83' lang='lat' dir='ltr'><strong>commisisse</strong></span> <span class='ocrx_word' id='word_1_769' title='bbox 3507 5535 3706 5595; x_wconf 82' lang='lat' dir='ltr'><strong>dieun-</strong></span> 
     </span>
    </p>
   </div>
  </div>
 </body>
</html>
