3784 6000
38 197 179 253 1253

1043 189 1415 249 EPISTOLAE
1452 184 1542 246 ΕΤ
1581 177 2020 245 Pammeni.
2065 216 2135 228 —
2170 184 2287 242 AN.
2328 184 2490 241 1184.

3309 186 3452 245 12³4

32 321 291 378 rentiam
344 318 700 376 canonicam
747 322 806 376 et
873 316 1309 390 subjectionem
1364 315 1697 392 impendat.
1733 314 1782 370 Δ
1879 313 2030 370 Cum
2059 312 2264 388 aliqua
2285 327 2398 386 pro
2428 311 2823 369 Ecclesiarum
2853 312 3103 371 utilitate
3127 312 3349 372 fuerint
3378 330 3471 373 or-

104 412 253 466 Cum
284 413 484 466 autem
515 407 791 480 generale
818 406 1199 464 interdictum
1236 411 1403 463 terrae
1423 403 1618 472 fuerit,
1641 403 1701 460 li·

29 505 161 556 ceat
185 497 356 555 vobis
386 497 607 554 clausis
656 497 881 569 januis,
913 510 1038 552 non
1083 495 1333 568 pulsatis
1361 493 1699 567 campanis,

30 588 287 645 exclusis
324 586 862 643 excommunicatis
901 591 960 642 et
988 585 1335 650 interdictis,
1377 598 1705 657 suppressa

31 692 200 744 voce,
228 676 436 733 divina
461 674 662 732 officia
697 673 1023 732 celebrare.

103 764 178 822 Se
188 764 492 836 pulturam
505 771 788 837 praeterea
802 763 1062 820 ecclesiis
1076 766 1288 819 vestrae
1310 760 1565 819 liberam
1576 776 1705 818 esse

30 853 431 919 decernimus,
468 857 528 910 ut
576 868 785 909 eorum
832 849 1135 908 devotioni
1161 857 1218 907 et
1270 856 1549 907 extremm
1604 865 1707 907 vo·

31 941 240 1002 luntati
265 942 369 1016 qui
401 958 466 998 se
490 941 608 998 illic
639 940 876 1014 sepeliri
907 939 1389 1007 deliberaverint,
1418 939 1532 997 nisi
1556 938 1706 997 forte

28 1030 533 1089 excommunicati
565 1030 655 1087 vel
688 1029 981 1086 interdicti
1018 1028 1259 1096 fuerint,
1316 1027 1517 1085 nullus
1546 1027 1703 1086 obsi·

31 1126 170 1185 stat,
223 1121 391 1177 salva
443 1126 640 1176 tamen
683 1118 915 1191 justitia
943 1118 1183 1176 illarum
1240 1117 1628 1175 ecclesiarum
1670 1134 1708 1175 a

31 1208 257 1285 quibus
309 1214 682 1266 mortuorum
733 1223 990 1281 corpora
1020 1213 1430 1265 assumuntur.
1463 1207 1553 1263 Ad
1577 1207 1707 1265 baec

30 1298 338 1356 libertates
387 1303 444 1354 et
470 1298 879 1354 immunitates
908 1312 976 1354 ac
1012 1296 1365 1354 rationabile
1390 1302 1705 1355 consuetu·

34 1388 210 1445 dines
241 1389 299 1444 in
325 1386 577 1444 ecclesia
612 1392 812 1443 vestra
835 1386 1128 1444 hactenus
1159 1386 1515 1445 observatas
1540 1391 1704 1443 ratas

35 1477 356 1542 habemus,
430 1490 652 1548 easque
704 1473 915 1532 futuris
972 1475 1280 1535 sancimus
1332 1474 1706 1548 temporibus

41 1580 426 1640 permanere.

1809 402 2039 466 dinata.
2070 418 2208 475 quae
2237 417 2359 458 non
2386 405 2528 458 sunt
2568 401 2751 459 obvia
2789 403 3028 470 rationi,
3072 418 3147 461 ne
3190 405 3476 477 cuiquam

1813 491 2114 548 temeritas
2158 507 2232 548 ea
2281 489 2504 548 violare
2568 496 2922 563 praesumat,
2972 493 3305 550 munimine
3345 501 3485 552 sunt

1812 579 2144 654 apostolico
2160 578 2531 637 roboranda.
2563 581 2913 653 Eapropter,
2927 580 3126 638 dilecti
3144 582 3206 638 in
3228 582 3484 640 Domino

1813 669 1944 736 filii,
1973 669 2181 727 vestris
2204 668 2380 741 justis
2410 668 2920 741 postulationibus
2943 674 3303 737 annuentes,
3318 671 3487 744 quod

1813 757 1992 816 bonae
2038 757 2345 815 memorias
2400 759 2448 815 J.
2476 758 2791 830 quondam
2846 758 3171 833 episcopus
3201 760 3487 816 vesterin

1814 849 2079 921 capitulo
2119 851 2316 903 vestro
2341 845 2418 903 de
2446 848 2755 904 communi
2794 845 3046 905 fratrum
3095 848 3346 906 consilio
3367 852 3487 905 sta·

1817 938 1945 1005 tuit,
1997 937 2220 994 scilicet
2268 941 2333 992 ut
2387 935 2727 1008 cuicunque
2756 943 2976 993 extunc
3004 941 3367 1010 personatus
3395 953 3489 994 ec-

1814 1026 2012 1083 clesiae
2040 1033 2251 1081 vestrm
2293 1024 2558 1089 daretur,
2596 1024 3014 1097 juramentum
3048 1030 3359 1098 praestaret
3425 1026 3489 1083 in

1814 1113 2078 1188 capitulo
2144 1113 2300 1170 infra
2376 1113 2674 1171 civitatem
2763 1120 3029 1172 vestram
3100 1115 3490 1173 residentiam

1816 1220 1880 1261 se
1904 1204 2203 1261 facturum
2256 1203 2403 1275 (quo
2462 1207 2843 1260 sacramento
2894 1204 3178 1261 dicuntur
3241 1204 3488 1274 astricti,

1810 1292 2038 1367 quibus
2093 1291 2489 1365 postmodum
2535 1291 2799 1349 honores
2861 1298 3000 1349 sunt
3042 1298 3099 1351 et
3131 1298 3491 1367 personatus

1815 1381 2078 1439 ecclesias
2101 1385 2311 1438 vestrae
2340 1378 2581 1453 collati),
2612 1379 2766 1437 sicut
2793 1380 2954 1438 idem
2985 1386 3275 1439 statutum
3311 1383 3491 1440 ratio·

1813 1470 2091 1529 nabiliter
2114 1473 2205 1527 est
2239 1469 2490 1536 editum,
2523 1479 2580 1526 et
2607 1469 2898 1527 hactenus
2928 1486 3039 1544 pro
3070 1471 3259 1545 ipsius
3310 1471 3493 1529 eccle-

1814 1559 1918 1617 siae
1969 1557 2219 1616 utilitate
2248 1559 2374 1615 sine
2404 1557 2874 1616 contradictione
2911 1565 3214 1617 servatum
3240 1558 3494 1618 auctori·

120 1653 501 1711 Decernimus
552 1666 694 1724 ergo
723 1657 788 1711 ut
822 1651 970 1711 nulli
999 1651 1251 1710 omnino
1276 1651 1595 1709 hominum
1633 1652 1702 1710 li·
1726 1636 1782 1729 vB
1816 1651 1931 1706 tate
1968 1647 2298 1721 apostolica
2327 1647 2783 1718 confirmamus.
2844 1650 3181 1707 Statuentes
3233 1655 3297 1707 ut
3342 1649 3489 1708 nulli

39 1747 172 1801 ceat
227 1742 539 1816 praeiatam
569 1741 888 1801 ecelesiam
920 1747 1145 1799 temere
1197 1741 1571 1815 perturbare,
1602 1749 1706 1801 aut

37 1833 93 1906 ej
104 1849 170 1890 us
196 1832 610 1906 possessiones
642 1831 895 1898 auferre,
920 1830 1011 1888 vel
1037 1832 1270 1890 ablatas
1296 1831 1569 1901 retinere,
1599 1831 1707 1889 mi·

40 1938 247 1992 nuere,
295 1938 402 1978 seu
427 1920 801 1994 quibuslibet
821 1920 1242 1978 vexationibus
1293 1919 1564 1993 fatigare,
1598 1920 1709 1978 sed

38 2011 249 2072 omnia
300 2011 532 2083 integra
590 2015 1013 2067 conserventur
1056 2025 1287 2075 eorum,
1320 2025 1430 2082 pro
1455 2024 1706 2083 quorum

40 2101 477 2173 gubernatione
505 2108 563 2156 et
589 2099 1021 2157 sustentatione
1063 2113 1354 2157 concessa
1380 2106 1541 2167 sunt,
1587 2100 1710 2157 usi-

44 2191 156 2246 bus
176 2188 542 2247 omnimodis
570 2187 904 2263 profutura,
959 2187 1127 2245 salva
1177 2188 1338 2245 sedis
1362 2187 1709 2262 apostolicae

45 2279 398 2336 auctoritate
423 2283 481 2335 et
507 2278 834 2335 dioecesani
853 2276 1123 2351 episcopi
1144 2278 1434 2335 canonica
1456 2278 1706 2350 iustitia.

113 2368 172 2424 Si
201 2382 325 2440 qua
353 2367 528 2438 igitur
546 2368 609 2423 in
648 2366 918 2424 futurum
946 2365 1349 2424 ecclesiastica
1377 2366 1709 2426 saecularis·

45 2472 117 2515 ve
141 2471 420 2530 persona,
457 2461 567 2513 etc.

118 2549 241 2618 Ego
265 2546 481 2601 Lucius
505 2544 813 2602 catholicae
841 2544 1117 2602 Ecclesiae
1145 2544 1492 2620 episcopus.

119 2637 241 2707 Ego
303 2633 640 2692 Tbeodinus
691 2634 1030 2693 Portuensis
1100 2645 1157 2692 et
1208 2636 1438 2693 Sanctoe
1485 2633 1712 2694 Ruflnae

47 2725 381 2798 episcopus.

120 2815 241 2884 Ego
284 2813 567 2870 Henricus
602 2812 958 2871 Albanensis
985 2812 1328 2887 episcopus.

119 2901 242 2975 Ego
297 2904 498 2959 Petrus
534 2902 851 2976 presbyter
895 2901 1220 2960 cardinalis
1272 2901 1441 2960 titulo
1483 2902 1714 2961 Sanctae

49 2991 365 3049 Susannae.

120 3084 243 3153 Ego
295 3079 636 3137 vinciamus
687 3082 1001 3156 presbyter
1048 3083 1378 3142 cardinalis
1432 3084 1604 3142 titulo
1653 3084 1712 3142 S.

52 3168 340 3243 Stephani
367 3167 443 3225 de
476 3169 697 3230 Monte.

125 3261 246 3330 Ego
306 3255 614 3316 Laborans
662 3258 976 3332 presbyter
1037 3258 1362 3319 cardinalis
1406 3262 1466 3319 S.
1522 3259 1715 3319 Hariae

50 3353 221 3405 trans
272 3346 548 3412 Tiberim,
597 3347 765 3405 titulo
818 3346 1038 3407 calixti.

126 3438 247 3507 Ego
288 3434 549 3492 lsandus
569 3436 878 3509 presbyter
900 3436 1222 3496 cardinalis
1250 3435 1421 3494 titulo
1445 3436 1714 3495 Basilicas

48 3514 134 3582 in
153 3524 578 3598 Apostolorum
590 3568 604 3583 .

121 3615 242 3686 Ego
270 3613 527 3672 Iacobus
554 3614 848 3673 diaconus
874 3616 1103 3674 Sanctoe
1155 3615 1353 3674 Mariae
1394 3615 1460 3674 in
1484 3618 1718 3677 Cosme·

50 3704 221 3762 dino.

125 3795 247 3864 Ego
271 3792 433 3849 Bobo
461 3790 757 3850 diaconus
805 3792 1126 3851 cardinalis
1178 3796 1235 3855 S.
1269 3793 1501 3870 Angeli.

126 3884 249 3953 Ego
279 3881 595 3939 Gratianus
649 3883 1005 3942 Sanctorum
1056 3887 1290 3945 Cosmoe
1337 3891 1396 3946 et
1441 3884 1717 3946 namiani

51 3971 351 4030 diaconus
381 3969 723 4029 cardinalis.

128 4063 248 4134 Ego
277 4058 586 4117 Soffredus
609 4062 837 4119 Sanctae
864 4061 1052 4118 Harioe
1074 4063 1135 4120 in
1158 4063 1262 4121 Via
1272 4063 1716 4124 Latadiaconus

51 4149 398 4209 cardinalis.

129 4241 251 4309 Ego
284 4238 529 4295 Albinus
557 4237 849 4296 diaconus
893 4239 1215 4298 cardinalis
1260 4241 1492 4300 Sanctae
1521 4242 1719 4303 Mariae

58 4331 263 4387 Novoe.

134 4421 347 4476 Datum
372 4416 589 4485 veruli,
612 4432 721 4491 per
737 4432 988 4477 manum
1012 4417 1234 4478 Alberti
1259 4425 1481 4480 sanctae
1508 4422 1723 4480 Roma-

1814 1737 2065 1796 omnino
2089 1735 2409 1794 hominum
2428 1736 2606 1793 liceat
2619 1736 2778 1794 hanc
2800 1739 3086 1810 paginam
3110 1745 3330 1797 nostras
3351 1755 3493 1797 con-

1814 1825 2172 1884 firmationis
2224 1824 2566 1898 infringere,
2601 1824 2692 1882 vel
2720 1826 2771 1882 ei
2807 1841 2962 1883 ausu
2992 1829 3307 1886 temerario
3350 1844 3494 1888 con·

1818 1916 2018 1975 traire.
2058 1915 2115 1973 Si
2159 1917 2295 1988 quis
2324 1920 2527 1973 autem
2556 1914 2673 1971 hoc
2694 1919 2985 1973 attentare
3012 1918 3488 1990 praesumpserit,

1816 2003 2293 2076 indignationem
2321 2002 2751 2075 omnipotentis
2785 2004 2888 2061 Dei
2922 2007 2981 2061 et
3000 2002 3314 2064 beatorum
3342 2004 3494 2064 Petri

1818 2099 1877 2152 et
1905 2092 2066 2150 Pauli
2092 2092 2503 2167 apostolorum
2532 2096 2663 2165 ejus
2695 2110 2757 2150 se
2779 2094 3017 2151 noverit
3040 2094 3451 2154 incursurum.

1889 2182 2107 2240 Datum
2136 2182 2350 2250 verul„
2371 2197 2432 2239 iv
2459 2181 2613 2239 Non.
2657 2181 2814 2240 Maii.

2556 2288 2758 2346 chtt.

1821 2377 2216 2437 Concordiam
2239 2377 3011 2519 Guicmrgnssfflffnmm
3058 2378 3495 2452 archiepiscopi

2375 2538 2663 2611 (Verulis,
2683 2539 2818 2596 Maii
2845 2539 2927 2609 6.)

1923 2627 2155 2701 [Juemm
2180 2627 2378 2686 Nouo.
2419 2628 2561 2686 hist.
2589 2626 2664 2686 de
2695 2629 2988 2698 Tournus,
3022 2631 3138 2696 Pr„
3172 2645 3236 2703 p.
3273 2629 3417 2701 ¹79]

1893 2716 2099 2774 Luctus
2127 2716 2471 2790 episcopus,
2499 2732 2710 2774 servus
2755 2732 3066 2775 servorum
3097 2717 3220 2786 Dei,
3263 2716 3495 2776 dilectis

1822 2803 1961 2863 filiis
1999 2805 2181 2878 priori
2201 2809 2258 2863 et
2289 2804 2570 2862 fratribus
2593 2804 2816 2863 domus
2844 2805 3280 2877 Ralgiacensis,
3331 2805 3492 2864 salu-

1825 2897 1947 2952 tem
1971 2898 2030 2952 et
2064 2893 2458 2968 apostolicam
2493 2894 2992 2953 benedictionem.

1900 3023 2011 3043 .....
2061 2981 2407 3058 Repropter,
2462 2982 2657 3041 dilecti
2696 2983 2759 3041 in
2809 2985 3063 3043 Domino
3102 2984 3231 3053 filii,
3279 2982 3495 3043 vestris

1820 3073 1997 3147 iustis
2022 3072 2527 3146 postulationibus
2563 3078 2736 3145 grato
2764 3077 3191 3132 concurrentes
3217 3088 3493 3142 assensu,

1824 3162 2217 3220 concordiam
2247 3168 2306 3219 et
2363 3161 2870 3235 compositionem
2922 3179 3111 3238 quam
3155 3163 3329 3221 bonae
3376 3178 3499 3221 me·

1823 3250 2032 3308 moriae
2068 3249 2448 3308 Guicbardus
2476 3252 2791 3324 quondam
2836 3251 3258 3324 Lugdunensis
3301 3251 3503 3311 archi-

1825 3340 2145 3414 episcopus
2158 3337 2291 3395 fecit
2303 3354 2486 3413 super
2502 3340 2920 3398 controversia
2930 3357 3069 3415 quae
3082 3342 3236 3399 inter
3246 3341 3500 3399 domum

1823 3434 2079 3486 vestram
2111 3432 2170 3484 et
2192 3429 2425 3485 Petrum
2454 3436 2914 3501 praecentorem,
2950 3430 3269 3487 custodem
3293 3431 3350 3489 S.
3381 3431 3505 3488 Ste-

1823 3518 2012 3592 phani
2062 3532 2246 3590 super
2282 3517 2416 3588 iure
2469 3516 2798 3589 parochiali
2861 3518 3039 3574 castri
3098 3518 3500 3590 Balgiacensis

1822 3610 2018 3671 fuerat
2044 3604 2267 3663 diutius
2297 3605 2544 3677 agitata,
2585 3605 2737 3662 sicut
2778 3605 2991 3662 eadem
3020 3606 3379 3679 compositio
3421 3610 3507 3663 at·

1821 3711 1942 3771 que
1984 3694 2310 3753 concordia
2329 3694 2779 3752 rationabiliter
2801 3694 2962 3752 facta
2991 3702 3100 3765 est,
3140 3699 3197 3752 et
3220 3694 3299 3752 ab
3345 3698 3505 3753 utra·

1821 3798 1942 3859 que
1973 3790 2143 3857 parte
2172 3789 2428 3856 recepta,
2490 3782 2631 3839 etin
2661 3782 2885 3856 scripto
2938 3783 3277 3842 authentico
3323 3783 3507 3843 conti·

1821 3879 2011 3939 netur,
2043 3872 2392 3930 auctoritate
2408 3871 2748 3944 apostolica
2761 3868 3222 3943 confirmamus,
3255 3878 3315 3930 et
3350 3888 3507 3947 proe-

1823 3960 2007 4019 sentis
2046 3960 2251 4034 scripti
2290 3960 2623 4034 patrocinio
2647 3962 3116 4018 communimus.
3165 3963 3501 4021 statuentes

1824 4054 1891 4109 ut
1918 4049 2062 4107 nulli
2113 4047 2363 4107 omnino
2405 4049 2724 4107 hominum
2788 4048 2964 4107 liceat
3003 4049 3164 4108 hanc
3212 4050 3501 4124 paginam

1823 4145 2045 4198 nostrie
2094 4138 2568 4197 confirmationis
2619 4137 2961 4211 infringere,
3011 4139 3101 4198 vel
3154 4142 3207 4198 ei
3244 4156 3397 4198 ausu
3423 4146 3508 4198 te-

1826 4228 2083 4286 merario
2124 4225 2440 4284 contraire.
2487 4226 2544 4284 Si
2611 4228 2748 4301 quis
2797 4233 3001 4285 autem
3044 4227 3164 4286 hoc
3209 4232 3503 4287 attentare

1751 4367 1799 4425 D
1827 4316 2299 4392 praesumpserit,
2372 4314 2856 4390 indignationem
2906 4317 3335 4392 omnipotentis
3380 4317 3505 4386 Dei,

1830 4410 1889 4464 et
1933 4404 2249 4464 beatorum
2293 4404 2447 4463 Petri
2475 4411 2533 4463 et
2586 4405 2785 4464 Paulis
2834 4407 3245 4482 apostolorum
3285 4408 3416 4481 eius
3445 4423 3510 4464 se

60 4523 154 4565 nae
208 4507 473 4564 Ecclesiae
522 4504 853 4579 presbyteri
909 4508 1230 4566 cardinatis
1284 4517 1342 4569 et
1381 4510 1724 4570 canceltarii
1830 4495 2069 4554 noverit
2097 4495 2510 4554 incursurum·

60 4601 116 4652 iv
144 4599 343 4653 Nonas
387 4594 539 4661 Maii,
562 4595 888 4653 indictione
913 4596 1434 4666 u,1ncarnationis
1461 4599 1724 4659 Domini·

61 4702 147 4744 cae
173 4702 333 4743 anno
362 4683 521 4750 1184,
554 4683 937 4757 pontificatus
957 4701 1096 4747 vero
1123 4687 1333 4748 domni
1359 4689 1525 4747 Lucii
1547 4705 1726 4766 papie

64 4777 132 4833 ΙΙΙ
161 4790 324 4834 anno
341 4789 427 4832 ιιι.

168 4953 470 5012 statutum
497 4969 606 5028 pro
629 4865 978 5026 Juraffi‘tlb
1002 4970 1398 5027 personarum
1425 4971 1605 5032 super

703 5025 1052 5086 residentia.

621 5114 902 5190 (Verulis,
937 5115 1065 5173 Maii
1091 5117 1177 5190 4.)

243 5203 452 5275 [Perua
491 5204 782 5263 Theodori
804 5204 1240 5275 Poenitentiale,
1273 5221 1334 5281 p.
1371 5204 1529 5283 4³3]

1905 4587 2121 4642 Datum
2165 4583 2415 4653 Verulis,
2474 4599 2515 4641 ιι
2543 4586 2746 4643 Nonas
2784 4585 2941 4643 maii.

2571 4673 2803 4732 chnl.

1903 4761 2259 4821 nonasterii
2300 4762 2600 4821 Laetiensis
2617 4762 3012 4833 possessiones
3065 4763 3408 4835 confirmat.

2403 4850 2676 4915 (Verulis,
2708 4852 2842 4910 Maii
2886 4852 2965 4925 6.)

2075 4939 2494 5013 [Rauennam
2538 4939 2939 5009 Monuments,
2966 4939 3084 5007 v11,
3113 4939 3268 5017 ota]

1906 5028 2109 5088 Luctus
2138 5028 2485 5103 episcopus,
2516 5043 2729 5085 servus
2764 5044 3078 5088 servorum
3122 5030 3247 5099 Dei,
3279 5030 3513 5090 dilectis

1836 5118 1975 5177 filiis
2003 5118 2268 5177 Hsmoro
2302 5117 2505 5176 abbati
2536 5118 2812 5175 Laetiensi
2875 5118 3220 5177 monasterii
3250 5120 3504 5195 ejusque

1839 5206 2141 5275 iratribus,
2158 5211 2280 5265 tam
2294 5206 2694 5281 proesentibus
2714 5223 2901 5281 quam
2924 5208 3162 5278 futuris,
3175 5208 3512 5280 regularem

133 5292 332 5350 Lucius
379 5294 721 5368 episcopus,
767 5310 977 5352 servus
1004 5310 1316 5353 servorum
1342 5295 1467 5364 Dei,
1495 5296 1731 5355 dilectis
1837 5297 2026 5356 vitam
2050 5298 2359 5372 professis,
2398 5296 2459 5355 in
2499 5303 2883 5372 perpetuum.

61 5382 167 5441 filii
211 5381 278 5439 G.
311 5381 544 5440 decano
569 5389 627 5441 et
666 5384 976 5442 canonicis
1016 5385 1396 5443 carnotensis
1428 5384 1727 5455 Ecclesia,

62 5470 318 5531 salutem
345 5474 404 5531 et
433 5471 831 5547 apostolicam
873 5473 1377 5535 benedictionem.

1913 5387 2153 5454 Quoties
2200 5403 2239 5447 a
2289 5386 2466 5445 nobis
2505 5389 2742 5462 petitur,
2801 5391 2921 5446 etc.
2979 5388 3329 5463 Eapropter,
3379 5394 3513 5460 etc..

1840 5480 2172 5538 statuentes
2188 5481 2656 5552 utquascunque
2683 5478 3515 5560 possessiones,quoecunque
