3784 6000
915 203 920 208 ’
1024 239 1229 304 iusr.
1278 241 1551 305 anaim
1596 241 2129 305 ratissimam.
2177 275 2253 284 -
2296 242 2450 303 ms.
2498 243 2578 302 11.

3384 246 3500 308 266

86 388 236 433 sum
267 372 558 430 comitatu
591 371 869 447 predicto
887 371 1009 430 viro
1032 373 1627 444 occurritmagniflre.
1647 374 1752 435 Ubi
1785 378 1841 447 Α
1869 373 2283 442 mandabatur,
2342 378 2629 446 quatenus
2705 373 2905 433 relicto
2942 378 3218 446 exercitu,
3250 378 3324 435 ad
3370 382 3504 453 ejus

92 463 326 520 mutuis
348 461 755 535 complexibus
784 469 840 517 et
861 463 1103 517 sinceris
1133 462 1433 520 charitatis
1462 470 1660 523 osculo
1686 481 1749 523 se

85 552 490 623 suscipientes
548 553 617 608 ad
679 550 951 614 invicem.
987 558 1114 624 post
1160 560 1323 622 grata
1369 555 1652 628 colloquia
1692 563 1749 614 et

89 653 328 698 mutuas
359 640 434 696 de
464 644 622 696 statu
670 640 1031 701 singulorum
1076 641 1578 716 interrogationes,
1611 645 1747 702 Boa-

89 730 410 788 mundnsa
442 729 679 786 domino
708 728 857 786 duce
886 731 1299 797 commonitus,
1325 738 1388 788 ut
1409 735 1477 788 ad
1503 734 1746 804 impera·

89 824 300 888 torem,
366 819 526 876 sicut
568 824 802 875 vocatus
852 820 1059 886 suerat,
1128 820 1549 892 ingrederetur,
1619 824 1750 881 licet

91 909 360 983 primum
394 907 777 965 sodirflcitem
829 908 1148 977 exhiberet,
1177 919 1230 967 et
1262 912 1429 967 ducis
1461 929 1574 969 non
1607 914 1747 971 satis

89 998 404 1055 exaudiret
466 998 709 1065 monita,
755 997 1125 1067 imperatoris
1179 1007 1473 1071 suspecta,
1506 1008 1571 1059 ut
1604 1019 1747 1072 pras-

90 1087 382 1152 diximus,
407 1085 630 1143 habens
679 1086 994 1159 colloquia,
1019 1093 1386 1156 postmodum
1415 1096 1610 1148 tamen
1644 1092 1746 1148 bo-

95 1182 256 1233 nesta
288 1189 523 1232 evictus
556 1175 953 1248 persuasione,
986 1177 1133 1233 duce
1166 1178 1479 1248 prssvi0.ad
1506 1180 1753 1250 impera-

95 1270 278 1322 torem
313 1265 686 1322 confidenter
731 1269 1029 1337 ingressus
1076 1273 1183 1323 est.
1220 1266 1323 1323 Ubi
1364 1271 1436 1324 ab
1461 1272 1665 1325 eodem
1689 1271 1748 1325 in

96 1355 300 1413 osculo
336 1355 500 1426 pacis
529 1361 587 1411 et
636 1354 978 1412 multimoda
1035 1357 1237 1428 gratia,
1269 1367 1324 1414 et
1374 1358 1586 1415 honore
1608 1377 1750 1431 prse-

94 1451 302 1501 ventus
327 1442 670 1516 multiplici,
693 1455 819 1517 post
839 1445 1022 1500 multa
1045 1446 1411 1503 familiariter
1426 1464 1562 1505 cum
1596 1456 1752 1505 ntro-

99 1551 200 1607 que
221 1534 441 1591 habita
469 1534 733 1602 consilia,
756 1534 942 1590 lactus
971 1542 1081 1603 est,
1116 1542 1175 1590 ut
1209 1536 1444 1606 dicitur,
1477 1539 1753 1596 dominus

100 1623 408 1680 Boamund
420 1640 490 1678 us
511 1623 877 1694 imperatoris
901 1626 1084 1689 homo,
1109 1625 1388 1682 fidelitate
1407 1629 1755 1684 manualiter

101 1715 384 1782 exhibita,
415 1713 824 1784 etjuramento
890 1716 1144 1785 praestito
1185 1716 1581 1786 corporaliter,
1607 1733 1750 1789 qua·

102 1803 224 1861 liter
253 1810 460 1860 soient
483 1801 686 1859 fideles
707 1803 967 1860 dominis
989 1805 1111 1859 suis
1126 1806 1420 1863 exhihere.
1443 1807 1566 1872 Quo
1586 1808 1757 1875 l'acto,
1788 1767 1836 1833 B

103 1910 160 1952 ex
185 1893 606 1962 imperialibus
623 1894 910 1949 vestiariis
940 1894 1133 1950 oblata
1163 1901 1304 1951 sunt
1336 1897 1607 1967 proedicto
1638 1899 1758 1953 viro

103 1999 350 2041 munera
386 1982 452 2039 in
483 1999 645 2053 auro,
675 1984 962 2051 vestibus,
986 1986 1140 2041 vasis
1170 1992 1229 2041 et
1260 1987 1522 2058 pretiosis
1550 1986 1759 2058 lapidi-

102 2074 222 2134 bus.
249 2084 376 2129 iam
406 2074 593 2142 pretio
619 2089 792 2146 quam
821 2074 1105 2145 dignitate
1136 2074 1632 2146 incomparabilis.
1658 2076 1760 2132 His

103 2165 268 2231 initui·
291 2163 380 2221 ita
415 2163 763 2235 pacificatis,
797 2165 935 2219 dum
977 2166 1169 2220 adhue
1207 2165 1262 2220 in
1289 2165 1501 2237 palatio
1532 2182 1754 2225 moram

105 2254 314 2311 laceret
373 2252 658 2309 dominus
716 2253 1111 2324 Boamundus,
1146 2256 1478 2311 Tancredus
1528 2258 1612 2312 vir
1657 2271 1761 2328 per

103 2343 298 2400 omnia
343 2342 865 2407 commendabilis,
915 2344 1177 2413 ejusdem
1218 2361 1286 2400 ex
1342 2361 1538 2401 sorore
1563 2361 1755 2414 nepos,

105 2433 480 2503 imperatoris
516 2431 883 2504 presentiam
926 2433 1179 2488 studiose
1200 2433 1519 2499 declinans,
1550 2441 1607 2490 et
1637 2433 1758 2490 col·

103 2521 297 2595 loquia
329 2521 680 2577 universum
707 2520 931 2576 interim
979 2523 1294 2577 exercitum
1330 2525 1387 2578 in
1427 2522 1757 2595 Bithyniam

104 2617 328 2668 transtu
342 2610 516 2671 lei-at.
532 2612 683 2665 ultra
701 2611 1053 2681 Bosphorum
1073 2611 1129 2665 in
1150 2628 1293 2682 patro
1307 2611 1760 2668 Clialcedonensi

105 2701 214 2772 (ubi
235 2711 296 2757 et
319 2700 554 2756 domini
601 2699 769 2755 ducis
822 2700 1140 2756 translatus
1196 2701 1420 2757 dudum
1472 2703 1762 2758 residebat

107 2791 422 2852 exercitus.
464 2788 945 2859 subsequentium
1001 2799 1341 2859 exspectans
1397 2792 1758 2862 adventum),

111 2885 591 2937 castrametatus.
615 2878 778 2943 Quod
837 2886 1137 2949 postquam
1170 2880 1503 2951 imperatori
1538 2881 1762 2950 plenius

112 2970 392 3035 innotuit,
425 2968 871 3042 quoddominus
900 2969 1234 3027 'tancredus
1255 2971 1383 3040 ejus
1402 2973 1478 3026 ita
1500 2969 1764 3026 declina-

113 3069 270 3119 verat
300 3061 698 3133 prasentiam,
731 3073 883 3131 aegre
914 3058 1043 3114 tulit
1080 3058 1422 3131 plurimum.
1455 3061 1566 3117 Sed
1607 3076 1764 3117 more

116 3151 454 3224 prudentis,
478 3148 758 3219 injuriam
817 3147 1226 3216 dissimulans,
1261 3154 1573 3218 praesentes
1601 3149 1757 3219 prin·
1797 3140 1841 3210 C

115 3240 270 3309 cipes
291 3238 515 3294 iterum
572 3243 747 3306 atque
806 3237 1016 3292 iterum
1079 3238 1423 3292 muneribus
1464 3238 1770 3293 cumulans

116 3328 454 3395 immensis,
484 3341 617 3382 cum
651 3324 833 3381 multo
866 3324 1084 3381 honore
1112 3328 1179 3380 ad
1215 3333 1406 3382 castra
1437 3332 1599 3381 trans
1631 3325 1776 3382 Bos-

118 3420 378 3491 phorum
403 3416 631 3472 remisit
662 3415 912 3484 propria,
939 3415 1039 3468 ubi
1065 3416 1290 3485 junctis
1322 3418 1680 3488 agminibus,
1719 3418 1780 3470 et

120 3513 296 3580 plena
319 3508 604 3562 charitate
624 3506 881 3570 sociatis,
909 3506 966 3560 in
990 3510 1303 3576 conspectu
1343 3508 1500 3561 urbis
1534 3515 1778 3576 uterque

1856 466 2217 536 praesentiam
2264 466 2461 535 paucis
2506 465 2839 535 comitatus,
2871 468 3191 524 accederet.
3244 469 3500 539 lpseau·

1856 559 1998 618 tem,
2030 555 2319 619 quomodo
2351 555 2447 623 qui
2479 570 2612 609 eum
2650 561 3070 626 praecesserant
3098 573 3230 613 cum
3262 559 3504 616 domiuo

1854 643 2208 714 imperatore
2228 660 2291 700 se
2315 644 2678 714 habuissent,
2710 645 2936 714 plenius
2949 647 3211 705 edoctus.
3227 648 3510 706 Constan-

1855 733 2164 804 tinopolim
2190 733 2548 805 perveniens,
2573 734 2854 806 palatium
2887 750 3022 792 cum
3055 738 3255 807 paucis
3274 753 3509 796 consor·

1853 825 2014 879 tibus
2047 823 2347 895 ingressus
2371 827 2479 880 est.
2516 825 2617 882 Ubi
2650 827 2722 880 ab
2770 826 3122 897 imperatore
3150 844 3283 884 cum
3318 828 3508 885 multa

1853 920 2123 985 receptus
2156 914 2594 969 honoriticentia
2641 920 2698 970 et
2747 915 2991 987 benigne
3022 922 3326 983 tractatus,
3394 934 3499 974 ex-

1855 1007 2046 1057 actam
2081 1001 2438 1066 lidelitatem‚
2473 1003 2719 1059 aliorum
2740 1020 2995 1077 sequens
3025 1007 3286 1077 vestigia,
3307 1023 3511 1081 corpo·

1855 1094 2059 1148 raliter
2088 1091 2398 1162 impendit.
2423 1090 2585 1147 Unde
2609 1102 2662 1148 et
2689 1095 2970 1163 majorem
2993 1100 3346 1152 consecutus
3376 1112 3508 1160 gra·

1856 1180 2015 1244 tiam,
2048 1180 2198 1236 dona
2229 1182 2470 1252 suscepit
2496 1181 2777 1253 ingentia,
2801 1182 2978 1237 sociis
2998 1182 3122 1255 ejus
3151 1183 3514 1255 etiamjuxta

1859 1269 2100 1326 modum
2134 1286 2305 1325 suum
2342 1270 2465 1340 pari
2487 1269 2834 1327 liberalitate
2854 1271 3511 1345 honoratis.Postquam

1858 1375 1993 1414 vero
2025 1358 2233 1415 diebus
2259 1358 2502 1430 aliquot,
2538 1363 2668 1429 ejus
2690 1364 2980 1416 exercitus
3009 1361 3089 1416 ibi
3111 1363 3279 1431 juxta
3310 1362 3515 1419 urbem

1859 1454 1917 1506 et
1944 1448 2239 1504 alimentis
2269 1456 2325 1503 et
2353 1450 2470 1504 otio
2504 1456 2797 1504 recreatus
2819 1456 2936 1517 est3
2955 1451 3191 1522 ipseque
3221 1450 3295 1507 ad
3327 1453 3515 1522 impe·

1861 1543 2114 1592 retorem
2148 1536 2362 1605 saepius
2390 1537 2716 1606 ingressus,
2754 1539 2826 1592 de
2872 1536 2968 1592 his
3016 1553 3141 1607 quae
3183 1537 3519 1594 necessaria

1862 1629 2222 1694 videbantur,
2255 1643 2392 1684 cum
2451 1643 2518 1684 eo
2564 1627 2923 1684 sufficienter
2962 1628 3228 1697 contulit,
3281 1632 3519 1699 sumpta

1865 1717 2127 1784 licentia,
2160 1719 2427 1772 cohortes
2451 1719 2832 1784 transferens,
2858 1718 2929 1773 ad
2962 1719 3063 1773 viss
3085 1725 3386 1776 consortes
3416 1734 3519 1776 na-

1869 1807 2107 1877 vigavit,
2140 1823 2174 1860 a
2204 1806 2417 1876 quibus
2454 1805 2706 1878 benigne
2727 1813 2785 1862 et
2816 1808 2989 1877 plena
3018 1807 3301 1863 charitate
3320 1822 3520 1864 susce·

1870 1902 2024 1967 ptus,
2056 1910 2257 1949 eorum
2276 1896 2622 1949 exercitibus
2643 1911 2777 1950 cuni
2810 1911 2918 1951 suo
2949 1895 3226 1951 comitatu
3260 1897 3518 1952 sociatus

1873 1992 1985 2041 est.
2015 1983 2122 2040 Ubi
2143 2001 2276 2039 cum
2309 1984 2517 2038 diebus
2564 1983 2813 2054 singulis
2863 1985 3081 2039 mutuis
3109 1983 3519 2040 confabulatio·

1874 2077 2053 2129 nibus
2084 2074 2154 2128 de
2181 2072 2355 2128 variis
2384 2076 2916 2139 rerumeventibuS,
2937 2075 3030 2144 qui
3055 2072 3298 2145 singulis
3313 2088 3517 2131 eorum

1872 2162 1930 2217 in
1964 2164 2171 2219 itinere
2218 2163 2572 2228 acciderant,
2587 2179 2650 2218 se
2689 2169 3012 2219 recrearent
3043 2161 3120 2218 ad
3154 2164 3522 2231 invicem30t

1870 2252 2098 2308 labores
2128 2269 2266 2308 suos
2287 2256 2450 2324 grata
2499 2251 2760 2323 quadam·
2798 2254 3159 2308 revolverent
3208 2252 3516 2319 memoria,

1868 2342 1941 2396 ad
1975 2342 2028 2395 id
2062 2342 2215 2411 quod
2241 2341 2493 2396 instabat
2514 2339 2830 2396 novissime
2851 2347 3189 2396 recurrebat
3208 2347 3513 2412 tractatus,

1870 2439 1936 2486 ut
1967 2430 2304 2501 diligentius
2334 2430 2484 2485 inter
2516 2444 2578 2486 se
2634 2436 2957 2500 quererent
2986 2430 3222 2500 quando
3279 2436 3338 2486 et
3367 2441 3515 2502 quo·

1872 2522 2046 2577 modo
2075 2522 2146 2575 ad
2204 2522 2397 2592 operis
2435 2520 2606 2591 ccepti
2656 2522 3221 2578 consummationem
3253 2520 3517 2578 intende·

1869 2621 2015 2665 rent.
2049 2609 2312 2677 Dumque
2342 2612 2495 2664 circa
2535 2610 2643 2662 hoc
2672 2617 2871 2664 essent
2918 2610 3174 2679 solliciti,
3204 2616 3262 2664 et
3293 2623 3516 2665 moram

1871 2701 2361 2769 subsequentium
2411 2703 2718 2769 arguerent
2765 2699 3186 2767 sociorum,eis
3220 2701 3519 2770 imputan-

1874 2794 1981 2856 tes,
2023 2790 2179 2859 quod
2229 2790 2355 2842 sine
2394 2789 2582 2842 fructu
2638 2794 2901 2856 tempora
2959 2787 3336 2859 preterirent,
3386 2800 3519 2844 ecce

1879 2880 2120 2935 nuntius
2164 2879 2397 2933 comitis
2447 2876 2718 2932 Tolosani
2768 2885 2823 2931 et
2877 2877 3136 2950 episcopi
3190 2879 3518 2943 podiensis,

1876 2976 2193 3040 utrumque
2222 2967 2427 3024 adesse
2454 2967 2591 3023 etin
2615 2982 2876 3038 proximo
2897 2969 3098 3024 urbem
3131 2968 3519 3041 ingressuros,

1873 3062 2097 3114 edoceb

2484 3162 2708 3221 CAPUT
2745 3163 2909 3221 XVII.

1882 3256 2062 3311 Comes
2110 3254 2422 3321 Tolosanus,
2462 3257 2514 3307 el
2561 3258 2842 3324 episcopus
2903 3252 3181 3308 podiensis
3232 3269 3360 3309 cum
3411 3253 3528 3310 sitis

1951 3327 2263 3396 (affininibus
2300 3342 2405 3396 per
2434 3327 2769 3380 Dalmatiam
2815 3333 3134 3396 properant,
3156 3329 3389 3382 mallum
3416 3327 3529 3398 dit·

1950 3400 2260 3470 ficiiltutem
2291 3399 2507 3453 itineris
2528 3398 2585 3452 in
2608 3414 2671 3453 en
2700 3401 2925 3468 remane
2939 3400 3205 3469 perpessi.

1958 3505 2134 3562 Porro
2167 3506 2226 3561 bi
2267 3507 2383 3562 duo
2418 3505 2613 3578 magni
2653 3511 2712 3560 et
2764 3505 3021 3559 illustres
3068 3506 3196 3573 viri,
3237 3506 3309 3562 ab
3363 3507 3531 3567 initio

127 3600 433 3656 residet-at
487 3597 800 3665 exercitus,
847 3606 1250 3667 exspectantes
1297 3597 1780 3670 subsequentium
1888 3597 2141 3668 suscepti
2178 3597 2401 3650 itineris
2432 3612 2565 3649 cuin
2601 3594 2726 3648 suis
2778 3593 3266 3664 expeditionibus,
3290 3601 3532 3653 comites

129 3690 454 3746 adventum
505 3686 863 3760 principum,
898 3692 963 3741 ut
1009 3686 1246 3742 sociatis
1293 3685 1644 3758 legionibus,
1673 3688 1786 3742 iter
1891 3688 2001 3744 sibi
2040 3693 2315 3758 perpetuo
2355 3685 2725 3738 adliaeserunt
2785 3685 3038 3738 indivisi.
3075 3685 3360 3755 Erantque
3401 3698 3535 3740 cum

129 3775 288 3851 qnod
353 3783 821 3848 assumpserant,
880 3777 1236 3832 unanimiter
1277 3792 1781 3849 prosequerentur.
1891 3779 1977 3834 eis
2000 3777 2103 3832 viti
2154 3773 2376 3830 nobiles
2433 3780 2491 3828 et
2519 3777 2669 3845 apud
2714 3789 2854 3828 suos
2887 3782 3002 3827 tam
3038 3775 3335 3829 nobilitate
3360 3788 3535 3844 quam

133 3865 581 3924 Ministrabstur
621 3870 817 3920 autem
850 3872 969 3921 tam
1012 3880 1078 3921 ex
1130 3866 1274 3921 urbe
1305 3869 1482 3937 regia,
1511 3883 1686 3937 quam
1718 3880 1789 3922 ex
1898 3882 2126 3922 morum
2185 3862 2468 3933 elegantia
2524 3862 2877 3916 clarissimi:
2939 3862 3217 3917 dominus
3271 3861 3541 3918 videlieet

128 3955 548 4028 adjacentibus
594 3955 975 4021 suburbanis,
1008 3955 1226 4026 populo
1276 3955 1391 4011 illic
1442 3964 1650 4027 posito,
1715 3955 1788 4012 ad
1901 3955 2239 4013 willelmus
2295 3952 2663 4007 Aurasiensis
2710 3966 3017 4022 episcopus
3072 3959 3130 4006 et
3185 3950 3542 4008 Rambaldus

131 4045 582 4111 sufficientiam,
638 4047 826 4101 victus
871 4045 1361 4113 necessarius,ita
1419 4055 1476 4101 ut
1523 4063 1625 4116 pro
1661 4053 1789 4102 voto
1899 4047 2158 4117 ejusdem
2194 4044 2446 4098 civitatis
2475 4056 2692 4110 comes,
2727 4041 2979 4096 Gaustus
2999 4039 3320 4109 deBeders,
3351 4041 3544 4098 Girar·

130 4135 437 4210 copiosius
460 4135 845 4191 abundarent.

765 4240 1000 4299 CAPUT
1034 4239 1181 4297 XVl.

140 4350 334 4407 Comes
399 4346 817 4404 flandrensium
865 4348 1127 4404 noterius
1192 4363 1313 4403 rum
1358 4347 1474 4403 suis
1520 4347 1696 4413 adest,
1727 4347 1799 4403 ab

214 4424 557 4489 imperatore
588 4428 808 4476 vot-alm
838 4420 1082 4475 intrudat
1102 4421 1238 4483 itur,
1268 4432 1318 4476 et
1365 4424 1680 4477 muneribus
1710 4426 1799 4475 in-

211 4493 478 4573 uentibus
504 4500 768 4573 susceptis
790 4508 947 4547 mare
978 4495 1203 4563 transit,
1252 4506 1303 4549 et
1330 4492 1612 4564 praedictis
1637 4495 1800 4548 socia-

218 4570 319 4620 tur
343 4566 710 4635 principibus.

209 4676 445 4729 interea
472 4672 562 4727 vir
590 4669 839 4727 illustris
871 4671 1317 4729 Flandrensium
1361 4689 1555 4729 comes
1586 4672 1799 4729 Rober·

139 4768 261 4831 tus,
289 4762 391 4835 qui
424 4778 460 4818 a
481 4760 763 4833 principio
800 4761 1054 4817 ineuntis
1087 4761 1296 4818 hiemis
1325 4779 1459 4818 cum
1483 4779 1590 4819 suo
1620 4761 1800 4818 coini-

140 4856 264 4907 tatu
292 4865 464 4908 mare
494 4849 812 4920 transiens,
837 4868 871 4906 a
893 4851 1040 4907 Baro
1093 4851 1312 4923 Apuliae
1360 4853 1588 4910 civitate
1630 4851 1802 4908 mari-

143 4941 296 4997 tima
359 4939 718 4997 Durachium
774 4941 1181 5010 descenderat,
1207 4941 1265 4996 in
1309 4941 1450 4998 locis
1494 4941 1799 5008 fertilibus,

145 5030 342 5096 silvis,
375 5030 610 5103 pascuis
639 5035 700 5086 et
727 5030 1071 5087 omnimoda
1102 5032 1517 5088 commoditate
1547 5035 1799 5099 refertis,

145 5120 429 5178 instantis
452 5122 668 5175 brumae
690 5120 1082 5177 declinaverat
1104 5120 1605 5192 importunitatem
1642 5137 1655 5176 :
1680 5127 1802 5176 tan-

145 5210 400 5281 demque
429 5208 585 5266 circa
612 5209 762 5266 veris
792 5209 1021 5266 initium
1057 5211 1164 5264 iter
1216 5211 1527 5282 arripiens,
1552 5211 1803 5281 reliquos

147 5299 466 5371 principes,
500 5298 600 5371 qui
625 5298 750 5370 jain
803 5315 960 5354 mare
993 5301 1368 5367 transierant,
1395 5308 1452 5353 ut
1482 5301 1565 5354 eis
1597 5302 1806 5371 adjun-

144 5396 400 5463 geretur,
429 5387 616 5444 multa
647 5396 990 5461 prosecutus
1047 5396 1137 5444 est
1168 5389 1468 5444 instantia.
1504 5389 1610 5455 Qui
1641 5395 1806 5444 ante·

145 5494 326 5552 quam
371 5477 936 5551 Constantinopolim
978 5479 1323 5551 perveniret,
1369 5480 1539 5534 sicuti
1572 5486 1631 5535 et
1672 5479 1805 5537 aliis

143 5568 465 5638 acciderat,
491 5568 712 5643 legatos
747 5569 1008 5642 suscepit
1051 5567 1404 5640 imperiales,
1433 5584 1531 5641 per
1578 5585 1723 5642 quos
1750 5570 1805 5627 ei

473 5666 750 5729 Parnoi..
796 5668 939 5734 CGl.

1900 4139 2009 4191 dus
2039 4134 2110 4190 de
2143 4132 2466 4198 Roseeilon,
2501 4131 2849 4186 Guillelmus
2895 4133 2968 4185 dc
3014 4132 3541 4202 montepessulano,

1905 4226 2252 4282 Guillelinus
2284 4237 2480 4277 comes
2501 4221 2788 4284 Forensis,
2816 4218 3177 4275 Raimunuus
3207 4221 3548 4288 Pele8,Ceti·

1905 4315 2102 4370 tonius
2132 4315 2205 4367 de
2231 4313 2390 4378 Beer,
2423 4309 2770 4365 Gutllelmus
2817 4315 3107 4378 Amaneu3
3138 4322 3189 4366 et
3224 4311 3320 4367 alit
3354 4310 3548 4382 inulti,

1907 4420 2151 4477 qnorum
2186 4402 2293 4457 etsi
2330 4398 2565 4455 noinina
2618 4416 2733 4455 non
2784 4406 3069 4466 tenemus,
3100 4409 3320 4456 certum
3347 4407 3438 4457 est
3466 4406 3551 4457 ta·

1915 4511 2042 4549 nien
2074 4510 2140 4548 ea
2174 4494 2232 4547 in
2292 4492 2437 4546 libro
2484 4492 2613 4544 vitae
2646 4492 2972 4558 conscripta
3014 4505 3163 4545 esse.
3196 4490 3422 4560 Quippe
3449 4488 3549 4560 qui

1910 4584 2152 4657 patriam
2176 4580 2580 4652 cognationem
2613 4581 2929 4648 etamicos,
2959 4587 3016 4633 et
3062 4579 3175 4633 lata
3204 4579 3415 4633 dill'usa
3446 4594 3552 4647 pa-

1909 4673 2186 4729 trimonia
2207 4673 2621 4743 relinquentes.
2645 4669 2936 4723 Christum
2961 4676 3138 4723 secuti
3163 4675 3322 4736 sunt,
3353 4668 3555 4723 volun·

1907 4767 2111 4820 tarium
2149 4762 2396 4832 amplexi
2426 4768 2851 4831 paupertatem.
2887 4758 2954 4813 Hi
2986 4773 3212 4825 omnes,
3246 4756 3553 4827 predictos

1916 4850 2274 4909 venerabiles
2313 4852 2467 4905 viros
2522 4864 2656 4903 cum
2707 4848 2865 4903 omni
2918 4847 3235 4902 reverentia
3254 4848 3463 4915 secuti,
3490 4845 3552 4901 iu

1916 4942 2145 4999 ltaliam
2194 4941 2636 5002 descenderunt,
2670 4943 3123 5005 transcursaque
3182 4934 3551 5006 Lombardia,

1914 5048 2012 5104 per
2043 5045 2171 5086 eam
2188 5028 2477 5100 regionem
2505 5041 2631 5096 qoae
2658 5023 3004 5080 forumJulii
3034 5024 3558 5096 appellatur,juxta

1911 5118 2231 5191 Aquileiam
2258 5125 2626 5171 transeuntes
2669 5114 2725 5167 in
2769 5112 3023 5177 Istriam,
3058 5113 3191 5168 inde
3241 5112 3556 5168 tandemiu

1914 5209 2259 5266 Dalmatiam
2284 5205 2733 5259 descenderunt.
2757 5203 2855 5257 Est
2873 5210 3065 5258 autem
3092 5202 3560 5271 Daltnatialonge

1917 5309 2118 5370 patens
2151 5298 2304 5366 regio
2337 5295 2489 5347 inter
2520 5296 2873 5363 Hungariam
2932 5297 2987 5346 et
3016 5291 3371 5346 Adriaticum
3404 5303 3560 5346 mare

1914 5389 2051 5447 sita.
2075 5395 2325 5457 quatuor
2357 5383 2579 5437 habens
2621 5379 2991 5450 metropoles,
3026 5382 3280 5435 iazaram
3313 5387 3370 5434 et
3399 5379 3562 5435 Salo·

1915 5494 2073 5541 nam,
2096 5491 2219 5543 quae
2249 5473 2362 5528 alto
2395 5469 3196 5541 nominediciturspsletum‚
3230 5469 3558 5527 Antibarim

1914 5574 1974 5626 st
1993 5565 2328 5638 Ragusam3
2362 5561 2575 5636 pop'ulo
2624 5560 3003 5625 ferocissimo,
3034 5559 3257 5633 rapinis
3290 5563 3350 5616 et
3386 5559 3561 5615 cedi-

3203 5662 3240 5721 9
