3784 6000
252 250 367 315 211

1328 242 1745 309 GUILLELMI
1790 247 2175 315 TYRENSIS
2216 251 2586 315 ARGRIEP.

3543 257 3661 320 212

252 401 367 445 suu
390 383 752 459 professionis
777 381 975 441 cadent
1000 381 1206 453 officio,
1231 379 1549 456 obsequium
1578 387 1899 454 prestantes
1931 397 1987 464 Α
2013 387 2273 444 cessitatis
2283 386 2769 459 articulnsexiqat)
2782 387 2958 444 vitam
2981 389 3200 444 tenetur
3220 388 3553 458 impendere.
3573 392 3665 446 ln-

256 473 602 537 indebitum:
648 481 746 530 aut
775 474 858 529 rei
900 472 1186 528 veritatem
1229 477 1638 544 prosequentes,
1689 472 1898 542 odium,

254 567 418 639 ctyus
470 565 595 632 ipsa
648 569 824 619 mater
851 566 951 629 est,
982 575 1071 618 eos
1128 558 1390 632 oportebit
1435 563 1727 619 sustinere.
1779 564 1904 618 Hoec

256 655 529 713 nimirum
568 653 908 725 frequentius
934 652 1014 708 ita
1057 650 1172 707 sibi
1198 650 1381 708 solent
1410 650 1714 721 adversari,
1742 659 1792 709 et
1847 666 1904 707 se

257 749 450 801 natissa
476 743 895 812 importunitate
931 738 1157 798 reddere
1175 740 1423 797 molesta.
1451 741 1587 796 Nam
1609 740 1784 811 juxta
1815 740 1904 797 Ci-

258 833 475 891 ceronis
501 832 683 890 nostri
728 832 1087 887 sententiam:
1134 828 1378 886 Molesta
1421 833 1513 886 est
1556 829 1792 898 veritas,
1824 828 1903 885 si·

262 921 503 996 quidem
533 936 602 977 ox
623 935 688 977 on
705 918 956 977 nascitur
982 917 1206 988 odium,
1236 919 1393 991 quod
1415 922 1506 975 est
1527 917 1794 975 amicitioe
1817 933 1905 974 ve-

264 1026 526 1080 nenum3
563 1008 870 1067 molestius
921 1016 1110 1067 tamon
1153 1007 1529 1080 obsequium,
1557 1008 1705 1079 quod
1752 1005 1909 1064 vitiis

263 1097 598 1172 indulgens,
621 1100 876 1155 amioum
899 1097 1043 1155 sinit
1065 1097 1150 1152 iro
1172 1096 1562 1169 praeoipitetn:
1595 1097 1739 1168 quod
1756 1099 1813 1154 in
1852 1114 1910 1154 se

264 1186 484 1245 videtur
509 1185 766 1259 implere,
797 1187 893 1260 qui
917 1185 1161 1259 obsequii
1178 1187 1376 1256 qratia,
1409 1191 1596 1242 contra
1627 1186 1797 1258 officii
1815 1185 1911 1243 de-

269 1276 445 1335 bitum
491 1277 789 1349 supprimit
826 1275 1131 1333 veritatem.
1181 1276 1325 1332 Nam
1367 1291 1557 1332 eorum
1584 1278 1682 1348 qui
1708 1275 1911 1332 adula-

265 1367 437 1425 tionis
462 1364 643 1422 studio
674 1381 861 1421 rerum
888 1372 1167 1437 gestarum
1203 1365 1462 1422 articulis
1489 1363 1786 1422 involvunt
1805 1368 1914 1421 im-

267 1453 539 1529 pudenter
563 1453 879 1521 mendacia,
909 1459 1025 1510 tam
1062 1455 1388 1512 detestabile
1411 1456 1622 1526 sactum
1651 1453 1914 1523 creditur,

267 1551 335 1602 ut
363 1560 463 1602 nec
503 1542 835 1616 scriptorum
864 1559 1096 1600 numero
1142 1542 1372 1601 debeant
1406 1544 1628 1600 sociari.
1658 1543 1721 1599 Si
1765 1545 1915 1600 enim

269 1647 462 1691 rerum
490 1632 783 1688 veritatem
801 1634 1085 1701 qestarum
1109 1630 1384 1688 occultare
1408 1645 1565 1686 secus
1590 1635 1759 1700 est,et
1786 1628 1919 1699 defi·

2004 479 2115 532 stat
2161 478 2410 548 inquam,
2448 482 2502 532 et
2548 477 2877 533 auctoritate
2925 492 3037 549 qua
3086 478 3431 548 praeeminet,
3482 480 3665 553 impe-

2006 568 2147 622 riose
2173 565 2444 638 principit,
2466 572 2524 621 ut
2552 582 2672 639 quae
2702 565 2853 637 apud
2880 582 2938 622 se
2969 572 3195 622 centum
3211 582 3351 639 pene
3379 583 3667 626 annorum

2003 659 2151 729 qesta
2179 658 2307 711 sunt
2333 655 2645 722 curriculis,
2673 655 2896 712 silentio
2946 656 3187 728 sepulta.
3220 672 3334 711 non
3383 659 3637 729 patiamn

2004 745 2208 802 sentire
2233 759 2386 816 posse
2427 743 2715 801 oblivionis
2762 743 3208 814 incommodum,·
3237 747 3336 803 sed
3376 748 3518 820 styli
3561 763 3664 804 ex-

2008 839 2173 888 arata
2225 830 2513 901 diliyenter
2541 830 2745 903 officio,
2798 833 3138 906 posteritatis
3192 835 3469 891 memoria:
3525 850 3660 893 con·

2006 928 2310 980 serventur.
2371 923 2665 978 Paruimus
2720 923 2919 992 iqitur,
2977 932 3028 980 et
3056 939 3257 979 manns
3309 923 3555 982 dedimus
3588 927 3668 994 ei,

2010 1013 2101 1071 cui
2151 1019 2395 1068 nostram
2449 1026 2558 1067 non
2615 1013 2753 1068 satis
2807 1012 3024 1069 honeste
3090 1029 3291 1082 necare
3345 1020 3667 1085 poteramus

2011 1116 2231 1173 operam
2255 1117 2278 1165 ,·
2308 1115 2416 1156 non
2445 1101 2680 1157 mnltum
2718 1101 3059 1159 attendentes
3087 1102 3221 1174 quid
3260 1102 3327 1160 de
3352 1104 3514 1161 nobis
3540 1119 3669 1160 cen-

2010 1202 2146 1245 sura·
2171 1189 2241 1244 sit
2285 1187 2573 1259 posteritas
2599 1204 2623 1253 ;
2650 1198 2704 1245 et
2752 1189 2882 1261 quid
2909 1190 2969 1246 in
3002 1195 3116 1246 tam
3159 1189 3457 1247 eccellente
3499 1196 3672 1249 mate-

2013 1280 2103 1336 ria
2130 1279 2427 1351 exsanquis
2454 1283 2644 1335 nostra
2667 1286 2941 1337 mereatur
2966 1280 3166 1337 oratio.
3183 1280 3487 1337 Paruimus
3515 1296 3670 1351 sane,

2019 1367 2236 1425 utinam
2266 1373 2380 1422 tam
2422 1366 2726 1437 efficaciter
2770 1384 2937 1439 qnam
2983 1367 3262 1434 libenter;
3295 1370 3516 1424 utinam
3545 1373 3662 1424 tam

2015 1454 2524 1513 commendabiliter
2571 1471 2736 1527 quam
2781 1455 3009 1512 devote:
3070 1456 3276 1513 violatis
3329 1456 3436 1514 soli
3491 1460 3669 1529 maqis

2018 1543 2184 1602 tracti
2228 1543 2527 1615 dulcedine,
2560 1561 2727 1617 qnam
2782 1545 2924 1601 vires
2980 1560 3106 1600 cum
3162 1552 3442 1618 assumpto
3490 1546 3677 1602 labore

2018 1640 2422 1706 compensantes
2440 1652 2462 1699 ;
2484 1649 2593 1690 non
2630 1636 2964 1707 inqeniiope
2988 1635 3144 1706 freti,
3182 1633 3276 1690 sed
3317 1637 3402 1708 pii
3454 1637 3676 1706 fervore

269 1722 421 1781 ciens
447 1738 483 1778 a
518 1721 806 1793 scriptoris
832 1720 1039 1794 officio,
1071 1719 1239 1777 mullo
1282 1721 1490 1791 fortius
1518 1727 1803 1791 peccatum
1831 1735 1921 1775 re·
2016 1724 2273 1796 affectus,
2323 1731 2375 1779 et
2421 1724 2712 1779 charitatis
2755 1725 3091 1780 sinceritate.
3126 1722 3364 1781 Accessit
3410 1732 3680 1797 praeterea

269 1812 579 1885 putabitur,
609 1810 883 1867 mendacii
909 1826 1127 1866 naevum
1156 1812 1295 1867 veris
1326 1808 1634 1867 immiscere
1661 1826 1683 1873 ,⁰
1706 1818 1757 1866 et
1783 1808 1924 1881 quod
1953 1791 1999 1857 Β
2028 1812 2245 1870 domini
2274 1812 2535 1869 Almarici
2588 1812 2733 1882 reqis
2781 1814 2957 1886 (cuius
3004 1816 3196 1870 anima
3252 1818 3443 1871 sancta
3496 1815 3682 1888 requie

271 1915 310 1959 a
332 1915 457 1959 vero
482 1899 684 1972 deficit,
708 1899 952 1957 credulae
977 1915 1082 1972 pro
1102 1915 1226 1956 vero
1242 1901 1550 1971 posteritati
1566 1898 1918 1956 contradere.

271 1990 355 2051 Ad
380 1990 513 2053 hec.
569 1989 932 2048 nihilominus
977 2007 1130 2063 seque
1156 1991 1241 2048 vel
1278 1991 1522 2063 amptius
1566 1988 1924 2061 lormidabile

275 2081 638 2137 historiarum
680 2078 1036 2152 scriptoribus
1083 2081 1218 2137 solet
1261 2079 1562 2136 discrimen
1616 2092 1922 2147 occurrere,

277 2170 403 2226 totis
430 2169 643 2226 viribus
662 2169 983 2241 [uqiendum
1003 2185 1026 2232 ,·
1048 2168 1321 2240 videlicet,
1343 2184 1412 2224 ne
1440 2184 1626 2225 rerum
1651 2177 1923 2239 qestarvm

276 2256 540 2332 dianitas,
596 2261 863 2316 semisonis
908 2260 1173 2317 ariditate
1218 2263 1271 2316 et
1316 2260 1561 2316 oratione
1597 2258 1798 2330 jejuna
1836 2255 1928 2314 sui

278 2349 627 2424 dispendium
680 2351 946 2419 patiatur.
1010 2349 1175 2405 Verba
1219 2351 1367 2406 enim
1395 2348 1577 2416 rebus,
1624 2346 1689 2405 de
1732 2346 1930 2419 quibus

278 2441 491 2509 aaitur,
520 2438 675 2494 decet
702 2452 816 2495 esse
840 2442 1071 2508 coqnata
1097 2458 1118 2505 ,·
1149 2453 1245 2495 nec
1274 2455 1309 2495 a
1348 2437 1594 2494 materiai
1629 2436 1929 2494 nobilioris

282 2524 591 2602 mania,
601 2527 893 2598 scriptoris
913 2528 1163 2596 linquam
1175 2526 1524 2599 depenerare.
1542 2527 1698 2586 Unde
1708 2539 1931 2597 maqno-

278 2632 413 2691 pere
439 2614 748 2673 cavendum
776 2631 847 2671 ne
891 2615 1200 2686 amplitudo
1229 2618 1479 2672 materiae
1527 2621 1790 2671 tractatus
1833 2613 1929 2669 de·

284 2705 498 2763 bilitate
513 2704 851 2772 succumbat,
874 2713 925 2761 et
954 2706 1085 2761 vitio
1114 2706 1461 2761 narrationis
1491 2711 1651 2761 exeat
1672 2703 1933 2760 macilen-

288 2799 408 2853 tum
438 2794 519 2851 vel
539 2793 736 2861 debile,
751 2793 891 2865 quod
920 2798 978 2850 in
1005 2796 1096 2852 sui
1120 2802 1336 2853 natura
1363 2799 1566 2867 pinque
1592 2793 1936 2864 solidumque

284 2883 555 2944 subsistit.
595 2884 753 2954 Nam,
785 2889 847 2940 ut
892 2887 969 2941 ait
998 2890 1187 2943 orator
1214 2885 1453 2943 eximius
1504 2887 1563 2940 in
1613 2883 1938 2941 Tusculana-

285 2992 413 3036 rum
435 2977 617 3051 primo
643 2993 666 3035 :
696 2977 968 3036 Mendai-o
988 2992 1345 3051 quemquam
1385 2976 1595 3036 litteris
1636 2973 1930 3048 cogitatio-

287 3083 392 3128 nes
419 3084 572 3136 suns,
603 3068 704 3141 qui
737 3083 836 3125 ens
868 3084 972 3126 neo
1002 3069 1309 3142 disponere
1339 3085 1445 3125 noo
1472 3067 1771 3125 illustrare
1800 3081 1934 3138 pos-

287 3157 386 3226 uit,
418 3173 523 3213 noo
570 3157 953 3215 delectatione
981 3158 1178 3231 aliqua
1222 3158 1494 3214 lectorem
1544 3156 1793 3217 allicere.
1826 3155 1929 3212 ho·
1959 3182 2004 3250 C

290 3245 470 3303 minis
490 3249 581 3302 ost
600 3245 1056 3317 intemperanter
1075 3248 1368 3304 abutentis
1389 3252 1445 3303 et
1474 3244 1684 3303 littoris
1702 3248 1759 3302 ot
1788 3243 1928 3300 otio.

289 3336 398 3393 Hoc
449 3336 629 3405 iqitur
682 3334 942 3392 dilemma
970 3342 1023 3393 et
1081 3336 1553 3408 multiplicitatem
1589 3333 1843 3407 periculi,
1875 3335 1934 3389 in

290 3427 548 3499 proesenti
572 3425 727 3483 nobis
760 3425 1008 3483 videmur
1035 3424 1490 3482 incidisse..Nam
1520 3425 1579 3479 in
1606 3439 1769 3495 opere
1797 3421 1941 3494 quod

292 3521 570 3584 qestamus
597 3530 713 3587 prae
742 3514 1015 3583 manibus,
1046 3514 1224 3571 multa
1251 3513 1316 3570 de
1374 3528 1564 3585 reyum
1592 3513 1855 3578 moribus,
1885 3514 1940 3566 et

295 3604 435 3673 vita,
447 3608 499 3661 et
516 3619 748 3676 corporu
756 3603 1181 3675 msshabitndine,
1198 3602 1311 3661 sive
1333 3600 1812 3661 commendabilia.
1826 3599 1942 3656 sive

292 3698 437 3750 none
463 3693 829 3766 subjacentia,
858 3700 1021 3765 prout
1060 3709 1247 3749 rernm
1275 3699 1554 3761 qestarum
1598 3691 1770 3746 series
1800 3688 1944 3744 vide-

297 3782 462 3839 batur
507 3781 812 3854 deposcere‚
852 3782 1277 3842 interseruimus
1295 3798 1317 3844 ,-
1340 3796 1465 3854 qun
1518 3794 1709 3835 eorum
1737 3776 1944 3850 posteri

293 3870 620 3939 releqentes‚
668 3872 1019 3943 impatienter
1043 3871 1280 3941 fortasse
1321 3869 1641 3939 portabunt,
1672 3871 1725 3924 et
1754 3868 1944 3925 adver-

296 3973 387 4013 sus
433 3958 915 4031 chronoqraphnm
958 3967 1163 4032 praetcr
1190 3961 1450 4016 meritum
1502 3959 1944 4018 incandescent:

298 4053 399 4103 aut
452 4049 707 4104 invidum
761 4055 857 4106 aut
915 4050 1229 4107 mendacem
1304 4049 1657 4122 reputabunt,
1716 4061 1947 4120 quorum

299 4138 614 4207 utriumque
624 4137 777 4210 (vivit
808 4138 1090 4208 Dominus)
1115 4143 1380 4210 tanquam
1399 4154 1515 4194 rem
1534 4139 1780 4208 rupimus
1791 4150 1950 4207 aqere

298 4225 661 4297 pestilentem.
713 4227 944 4283 Namde
986 4229 1195 4299 reliquo
1220 4232 1351 4295 jam
1379 4244 1489 4283 non
1538 4227 1664 4282 licet
1711 4225 1948 4295 ambiqe-

303 4328 362 4369 re
388 4334 415 4390 ,·
442 4315 583 4386 quod
629 4319 700 4372 ad
758 4319 942 4389 impar
974 4318 1125 4389 Jopus
1181 4317 1524 4387 impudenter
1578 4314 1868 4380 enitimur,
1900 4322 1950 4369 et

2025 1904 2367 1976 perfruatur)
2399 1902 2631 1959 illustris
2660 1906 2961 1973 memoriae,
2991 1907 3042 1960 et
3075 1903 3333 1977 inclyptae
3355 1907 3415 1962 in
3453 1905 3681 1961 Domino

2026 1990 2425 2050 recordationis
2445 1991 2644 2061 jussio,
2674 2008 2784 2048 non
2813 1991 2979 2060 facile
3009 1992 3355 2064 neqlioenda,
3387 2000 3443 2050 et
3476 1995 3680 2051 instan-

2029 2081 2112 2138 tia
2158 2079 2480 2152 multiplex,
2503 2096 2626 2152 quae
2666 2080 2738 2135 ad
2792 2080 2848 2137 id
2880 2080 3060 2152 ipsum
3091 2096 3186 2138 nos
3223 2082 3468 2139 maxime
3496 2084 3682 2155 impu-

2032 2170 2118 2239 lit,
2149 2170 2305 2242 cnjus
2358 2172 2526 2226 etiam
2554 2180 2768 2239 roqatu,
2803 2173 2916 2242 ipso
2947 2170 3177 2228 Arabica
3207 2172 3548 2245 exemplaria
3577 2175 3680 2228 mi-

2030 2261 2334 2329 nistrante,
2364 2258 2541 2315 aliam
2569 2260 2864 2317 Historiam
2897 2277 2929 2317 a
2960 2268 3202 2333 tempore
3227 2261 3534 2319 seductoris
3568 2265 3683 2317 Ma-

2034 2348 2276 2415 humeth,
2304 2364 2476 2419 usque
2505 2346 2569 2404 in
2607 2347 2751 2405 hunc
2780 2365 3011 2417 annum,
3042 2347 3138 2420 qui
3175 2355 3252 2406 est
3280 2350 3436 2407 nobis
3476 2351 3544 2406 ab
3594 2353 3683 2405 ln·

2033 2440 2357 2494 cai-natione
2386 2435 2613 2492 Domini
2636 2437 2793 2504 1184,
2813 2453 2913 2508 per
2945 2452 3119 2494 annos
3135 2441 3455 2511 quinqentos
3475 2447 3689 2511 septua-

2035 2529 2196 2599 pinta
2225 2525 2606 2582 decurrentem
2632 2526 3054 2598 conscripsimus
3080 2545 3100 2584 .·
3134 2536 3411 2584 auctorem
3434 2528 3691 2584 maxime

2037 2618 2209 2672 secuti
2221 2618 2393 2671 virum
2408 2614 2773 2672 venerabilem
2786 2615 2952 2682 Seith,
2966 2616 3147 2687 filium
3159 2617 3422 2686 Patricii,
3445 2618 3657 2674 Alexan
3671 2648 3688 2660 -

2038 2705 2261 2762 drinum
2286 2705 2683 2776 patriarcham.
2733 2707 2794 2762 ln
2842 2708 2943 2760 hac
2969 2720 3116 2772 vero,
3156 2706 3370 2763 nullam
3400 2717 3497 2763 aut
3537 2707 3689 2763 Grae-

2040 2811 2184 2864 cam,
2217 2800 2317 2851 aut
2370 2794 2661 2851 Arabicam
2714 2795 2971 2851 habentes
2999 2795 3305 2867 praeducem
3333 2801 3690 2869 scriptur-nm,

2047 2885 2177 2940 solis
2208 2882 2603 2939 traditionibus
2633 2881 2913 2950 instructi,
2947 2886 3186 2955 exceptis
3215 2887 3405 2955 paucis
3433 2902 3553 2957 qnae
3585 2885 3693 2954 ipsi

2041 2973 2260 3031 oculata
2286 2974 2400 3045 fide
2446 2975 2843 3045 conspeximus,
2875 2975 3218 3031 narrationis
3245 2975 3451 3032 seriem
3479 2975 3692 3032 ordine-

2043 3062 2245 3130 vimus,
2273 3062 2562 3118 exordium
2579 3069 2852 3119 sumentes
2880 3065 2950 3119 ab
2970 3063 3132 3120 exitu
3160 3065 3408 3121 virorum
3429 3066 3687 3136 sortium,

2045 3161 2100 3212 et
2129 3155 2234 3210 Deo
2271 3152 2596 3209 amabilium
2623 3152 2961 3225 principum,
2992 3156 3088 3225 qui
3133 3171 3166 3209 a
3196 3157 3379 3225 reqnis
3424 3156 3691 3214 Occiden-

2043 3241 2267 3311 tnlibus,
2307 3245 2527 3298 vocante
2572 3242 2819 3312 Domino,
2859 3242 3085 3311 eoressi,
3134 3251 3336 3299 terram
3378 3245 3693 3317 promissio·

2045 3331 2157 3400 nis,
2190 3342 2241 3387 et
2270 3347 2407 3402 pene
2454 3330 2774 3387 universam
2818 3331 3040 3403 Syriam
3085 3335 3147 3387 in
3203 3350 3371 3389 manu
3415 3334 3553 3406 sorti
3577 3336 3694 3391 sibi

2045 3421 2462 3479 vindicaverunt
2482 3438 2501 3477 .·
2534 3427 2585 3477 et
2620 3420 2745 3478 inde
2765 3438 2938 3493 usque
2965 3423 3041 3478 ad
3070 3439 3299 3492 reqnum
3325 3424 3540 3481 domini
3571 3426 3694 3480 Bal-

2049 3512 2209 3570 duini
2265 3512 2351 3581 W,
2403 3511 2501 3585 qui
2552 3513 2611 3567 in
2667 3511 2861 3568 ordine
2933 3528 3145 3581 requm,
3224 3518 3537 3584 computato
3596 3514 3693 3569 do·

2050 3604 2200 3658 mino
2242 3600 2378 3656 duce
2408 3599 2716 3671 Godesrido,
2746 3603 2845 3672 qni
2889 3603 3100 3673 primus
3149 3617 3379 3674 reqnum
3431 3602 3693 3669 obtinuit,

2052 3693 2233 3747 locum
2261 3688 2457 3745 habuit
2484 3692 2770 3760 septimum
2786 3708 2807 3757 ,·
2837 3706 2934 3760 per
2951 3706 3123 3746 annos
3147 3707 3349 3747 Lxxxiv
3368 3708 3492 3747 cum
3523 3693 3701 3747 multa

2053 3778 2341 3850 diliqentia
2360 3779 2736 3849 protraximus
2764 3779 3068 3836 historiam.
3095 3780 3181 3850 Et,
3208 3783 3268 3835 nt
3297 3780 3368 3835 ad
3395 3781 3701 3852 pleniorem

2053 3873 2233 3924 status
2258 3866 2627 3923 Orientalium
2657 3866 2917 3937 reqionis,
2951 3868 3147 3925 lectori
3176 3867 3319 3924 nihil
3352 3868 3538 3925 deesse
3581 3885 3704 3939 pos-

2055 3961 2124 4013 sit
2151 3958 2579 4028 intellipentiam
2625 3956 2887 4023 studios0,
2916 3960 3107 4028 paucis
3136 3961 3188 4014 et
3235 3960 3508 4015 succincte
3551 3975 3707 4032 prae-

2057 4045 2329 4114 misimus,
2387 4060 2489 4118 quo
2537 4049 2775 4117 tempore
2813 4050 2862 4101 et
2906 4053 3135 4119 quanto,
3185 4048 3462 4103 servitulis
3513 4049 3708 4119 inqum

2055 4152 2214 4207 passa
2241 4136 2454 4208 suerin
2488 4134 2606 4190 dnae
2656 4135 2766 4205 suit
2816 4135 2914 4191 hoc
2944 4135 3115 4192 medio
3163 4144 3403 4208 tempore
3445 4136 3703 4208 fidelibus

2060 4228 2116 4279 in
2145 4241 2211 4281 ea
2237 4224 2551 4296 ‹leyeneibus
2582 4226 2725 4280 inter
2757 4224 3002 4294 infideles
3030 4224 3362 4294 conditio,et
3393 4242 3513 4297 quae
3529 4228 3702 4296 fuerit

2059 4314 2289 4380 occasio,
2321 4319 2385 4368 ut
2413 4315 2530 4385 post
2570 4317 2684 4370 tam
2731 4314 2892 4385 lonqa
2939 4316 3215 4370 continuae
3242 4316 3520 4371 servitutis
3569 4319 3708 4371 tem-

301 4409 442 4482 quod
470 4407 543 4465 ad
583 4423 769 4464 rerum
819 4406 1149 4475 diqnitatem
1186 4414 1374 4462 nostra
1416 4420 1527 4462 non
1562 4406 1696 4460 satis
1744 4403 1955 4461 accedit
2057 4402 2662 4476 pora,Occiclentalium
2678 4402 3343 4475 principesreqnorumad
3362 4419 3549 4460 eorum
3577 4405 3708 4459 libe-

302 4500 501 4558 oratio.
546 4498 807 4556 Nonnihil
835 4502 915 4554 est
943 4496 1152 4566 tamen'·
1176 4495 1318 4570 quod
1363 4497 1589 4566 eqimus.
1622 4495 1760 4550 Nam
1790 4503 1842 4550 et
1888 4496 1946 4549 in

2061 4492 2334 4548 rationem
2343 4494 2529 4556 exciti,
2539 4491 2870 4547 tantumsibi
2878 4493 3342 4563 pereqrinationis
3353 4507 3489 4547 onus
3500 4509 3712 4548 assum·

300 4589 534 4662 picturis
583 4586 765 4655 rudes,
797 4594 848 4642 et
878 4585 950 4641 ad
995 4588 1131 4642 artis
1158 4600 1375 4641 arcana
1425 4582 1664 4639 nondum
1696 4580 1949 4648 admissi,
1984 4554 2031 4619 D
2053 4584 2286 4654 pserint.
2307 4580 2457 4650 Quod
2471 4582 2527 4637 si
2545 4582 2667 4652 quis
2687 4581 2765 4638 ad
2786 4588 3001 4638 nostras
3020 4583 3399 4654 occupationes
3418 4585 3707 4654 respiciat,

303 4680 481 4736 tuleos
507 4677 750 4751 primum
788 4675 969 4733 solent
1020 4674 1222 4732 colores
1250 4674 1609 4741 substernere,
1668 4680 1718 4728 et
1765 4673 1950 4743 prima

307 4769 639 4826 lineamenta
658 4766 948 4837 desipnare
974 4764 1167 4838 quibus
1197 4780 1391 4819 manus
1436 4761 1775 4834 prudentior,
1807 4762 1949 4832 fucis

305 4856 665 4914 nobilioribus
684 4855 928 4913 decorem
956 4855 1237 4911 consuevit
1264 4851 1468 4910 addere
1495 4857 1947 4907 consummatum.

308 4945 497 5002 Primo
551 4947 717 5016 enim,
774 4959 987 5001 summo
1040 4944 1223 5000 labore
1278 4942 1514 5012 Jecimus
1567 4940 1948 5011 fundamenta,

310 5033 507 5107 quibus
534 5034 834 5104 sapientior
879 5033 1229 5096 architectus,
1261 5033 1541 5088 observata
1572 5029 1823 5085 veritatis
1869 5043 1952 5082 re·

308 5125 462 5195 qula,
493 5137 657 5196 quam
683 5125 743 5177 in
772 5123 927 5178 nullo
945 5120 1310 5190 deseruimus,
1335 5118 1556 5193 eqreqio
1586 5125 1953 5186 tractatu,ar-

310 5213 553 5285 tificiosa
587 5213 757 5284 maqis
782 5213 981 5283 poterit
1009 5208 1452 5283 superaedificare
1491 5206 1769 5264 triclinia.
1801 5208 1957 5263 Inter

313 5308 386 5361 tot
418 5302 590 5373 ipitur
639 5299 1012 5374 periculorum
1051 5298 1287 5356 insidias
1318 5304 1372 5356 et
1414 5311 1611 5370 anceps
1639 5295 1954 5360 discrimen,

313 5394 486 5448 tutius
529 5393 714 5463 suerat
759 5389 1044 5462 quievisse,
1069 5388 1447 5459 silendumque
1502 5390 1642 5456 erat,
1672 5392 1727 5443 et
1782 5387 1956 5443 otium

313 5479 544 5538 calamis
580 5479 979 5547 indicendum;
1006 5480 1103 5537 sed
1139 5474 1561 5550 urgentissimus
1604 5477 1775 5533 instat
1803 5490 1957 5533 amer

312 5569 530 5644 patrie,
558 5585 663 5641 pro
704 5584 815 5641 qua
861 5568 948 5625 vir
986 5567 1117 5626 bene
1161 5564 1456 5640 dispositus
1482 5566 1653 5624 etiam
1682 5567 1752 5639 (si
1778 5565 1837 5623 id
1862 5580 1954 5625 ne·

2058 4687 2287 4743 quornm
2307 4669 2721 4741 multiplicitate
2738 4672 3049 4742 sotiqamnr
3065 4670 3371 4744 plurimum
3381 4688 3403 4738 ,·
3424 4680 3539 4728 tum
3560 4674 3712 4728 circa

2057 4762 2342 4833 eqreqiam
2368 4768 2419 4816 et
2447 4777 2486 4815 a
2517 4761 2618 4816 Deo
2661 4760 2984 4817 custoditam
3031 4762 3303 4833 Tyrorum
3333 4762 3707 4833 metropolim,

2058 4853 2152 4907 cui
2177 4850 2375 4905 nonde
2396 4848 2582 4905 meriti
2612 4849 2895 4920 electione,
2924 4849 3017 4906 sed
3036 4849 3150 4906 sola
3182 4849 3404 4907 Domini
3430 4851 3713 4923 patientia

2061 4937 2412 5006 praesidemus
2431 4957 2454 5003 ,·
2483 4944 2600 4993 tum
2627 4940 2775 4995 circa
2801 4938 3018 4996 domini
3065 4941 3210 5012 reqis
3239 4938 3484 5011 nepotia,
3517 4939 3579 4995 in
3606 4956 3712 4997 cn-

2052 5031 2147 5103 jus
2175 5043 2327 5085 sacro
2354 5029 2562 5100 palatio
2608 5027 2933 5083 concellarii
2977 5031 3273 5100 tnnqimur
3296 5027 3571 5101 diqnitatc
3589 5047 3612 5094 ;
3659 5034 3711 5085 et

2060 5121 2204 5175 circa
2227 5118 2573 5174 necessitates
2611 5117 2771 5187 alias,
2797 5133 2916 5188 quae
2934 5119 3091 5174 solito
3123 5117 3359 5188 majores
3385 5122 3667 5189 emerqnnt
3692 5135 3710 5171 :

2062 5207 2132 5263 ad
2163 5206 2572 5279 indutqendum
2591 5209 2699 5262 erit
2717 5206 3033 5276 proclivior,
3056 5208 3105 5262 si
3123 5205 3266 5275 sorte
3298 5207 3355 5261 in
3382 5220 3544 5278 opere
3571 5224 3713 5277 prse-

2061 5298 2210 5353 senti
2240 5297 2560 5363 occurrerit,
2599 5294 2743 5352 unde
2761 5296 2973 5368 justius
3021 5296 3351 5368 offendatur.
3403 5289 3730 5368 occupatu?

2062 5386 2211 5442 enim
2238 5385 2386 5441 circa
2430 5383 2678 5452 plurima
2706 5386 2885 5440 animi
2925 5390 3103 5440 motus
3132 5383 3387 5452 interior,
3419 5383 3490 5439 ad
3535 5384 3717 5441 discu-

2064 5476 2250 5532 tienda
2278 5473 2595 5546 ditiqentius
2647 5472 2872 5545 sinqula
2897 5473 3033 5530 solet
3065 5471 3303 5532 debilior
3343 5487 3715 5546 consurpere:

2064 5572 2119 5625 et
2147 5567 2404 5639 partitus,
2435 5569 2648 5621 tantam
2673 5561 2917 5636 sinentis
2944 5565 3245 5638 nonpotest
3273 5561 3586 5639 impendere
3617 5565 3714 5622 di·
