3784 6000
98 257 224 320 433

1021 259 1228 321 HIST.
1277 259 1552 325 RERUM
1597 262 2128 327 TRANSMARIN.
2176 301 2254 312 -—-
2294 266 2444 329 LlB.
2496 267 2594 329 lx.

3395 271 3519 336 43⁴

95 391 445 463 intulerant,
491 390 746 451 liberum
775 391 1059 452 haberent
1104 394 1341 466 exitum,
1391 399 1449 454 et
1475 412 1746 457 securum
1775 404 1836 474 Α
1863 404 1983 459 tem
2010 400 2278 474 praedieta
2307 402 2528 474 civitas,
2552 420 2705 462 anno
2736 405 2810 462 ab
2842 406 3248 465 incarnatione
3280 406 3511 464 Domini

101 500 294 558 usque
325 483 680 540 Ascalonem
713 484 1092 554 conductum,
1124 501 1315 541 arcem
1341 487 1390 542 ei
1424 488 1757 561 resignave-

99 578 268 631 runt.
301 573 413 640 Qui
440 590 575 630 vero
607 574 740 631 urbi
767 575 1082 647 purgandis
1125 592 1326 632 curam
1360 584 1757 651 susceperant,

104 662 369 721 adhibita
399 663 724 737 diligentia,
762 668 820 720 et
864 664 1150 721 ferventes
1198 666 1256 721 in
1304 682 1497 739 opere,
1548 668 1761 740 partim

105 754 244 825 igne
291 753 661 825 consumptis
728 753 1122 823 cadaveribus,
1185 756 1395 828 partim
1450 757 1762 831 sepulture

103 842 363 910 traditis,
396 848 571 916 prout
600 841 873 913 temporis
896 843 1218 914 patiebatur
1246 847 1538 918 angustia,
1570 847 1761 904 subito

103 935 162 987 et
189 928 351 988 infra
374 946 594 1003 paucos
613 928 754 1000 dies,
778 930 984 987 urbem
1008 931 1389 990 reddiderunt
1406 935 1758 1007 expeditam,

100 1019 176 1076 ad
211 1018 450 1077 solitam
481 1036 610 1076 eam
633 1019 967 1092 redigentes
989 1023 1361 1078 munditiam.
1395 1023 1557 1082 Unde
1586 1026 1765 1082 conli-

103 1108 347 1168 dentius
370 1108 633 1167 locorum
672 1109 1092 1167 venerabilium
1124 1112 1372 1185 populus
1421 1115 1764 1192 frequenta-

101 1199 208 1259 bat
238 1198 444 1256 limina
469 1217 484 1269 ;
516 1204 573 1255 et
611 1215 714 1272 per
752 1199 907 1258 vicos
935 1203 992 1257 et
1021 1200 1241 1273 plateas
1272 1202 1523 1261 civitatis
1552 1220 1761 1263 conve·

103 1289 256 1361 nire,
278 1294 338 1348 et
385 1288 750 1348 confabulari
781 1294 1005 1363 poterat
1030 1290 1291 1350 liberius.
1325 1292 1510 1367 Capta
1537 1302 1624 1352 est
1655 1311 1762 1353 au-

1868 492 2029 559 1099,
2063 509 2262 549 mense
2288 493 2466 561 Julio,
2500 495 2708 567 quinta
2736 496 2963 553 decima
2984 498 3074 554 die
3106 499 3349 567 mensis,
3376 496 3515 555 teria

1869 592 2050 648 sexta,
2082 582 2238 639 eirca
2259 583 2463 640 horam
2494 585 2606 640 diei
2630 601 2843 642 nonam
2870 603 2885 655 ;
2909 603 3063 644 anno
3082 587 3273 656 tertio,
3304 604 3374 645 ex
3403 603 3519 660 quo

1870 671 2061 727 fidelis
2093 674 2368 745 populus,
2402 677 2575 730 tantoe
2609 676 3092 748 peregrinationis
3121 678 3233 735 sibi
3254 694 3404 736 onus
3433 695 3521 736 as-

1868 767 2237 832 sumpserat:
2280 763 2625 835 presidente
2655 766 2716 822 S.
2769 765 3045 824 Romenae
3109 766 3373 824 Scelesioe
3410 768 3519 824 do·

1873 850 2034 906 mino
2065 850 2296 909 Urbano
2329 869 2478 925 papa
2507 854 2803 924 secundo;
2838 856 3230 914 Romanorum
3252 873 3385 916 vero
3413 857 3525 916 im-

1869 940 2097 1011 perium
2125 941 2578 1000 administrante
2600 944 2834 1002 domino
2850 947 3097 1004 Henrico
3115 948 3187 1003 tv
3212 967 3227 1015 ς
3260 948 3320 1005 in
3343 947 3523 1006 Fran·

1869 1029 1962 1085 cia
1989 1046 2121 1087 vero
2166 1036 2443 1104 regnante
2490 1033 2732 1092 domina
2778 1034 3257 1109 Philipp03apud
3298 1038 3520 1094 Groeeos

1870 1123 2069 1176 autem
2104 1120 2165 1178 in
2200 1121 2441 1195 sceptris
2491 1131 2697 1196 agente
2746 1124 2982 1182 domino
3029 1124 3263 1194 Alexi03
3311 1128 3523 1198 previa

1871 1208 2105 1267 Domini
2137 1211 2556 1283 misericordia,
2593 1215 2688 1271 cui
2722 1214 2905 1271 honor
2939 1219 2996 1272 et
3024 1216 3210 1288 gloria
3256 1233 3359 1289 per
3384 1216 3518 1274 infi-

1873 1297 1997 1355 nita
2027 1299 2374 1358 saeculorum
2405 1302 2638 1361 saeeula.
2671 1309 2882 1362 Amen.

1173 1625 1576 1715 INCIPIT
1658 1626 1996 1718 LIBER
2074 1630 2483 1720 NONUS.

652 1933 883 1992 CAPUT
914 1933 1229 1994 PRIMUM.

108 2083 316 2141 Octava
342 2078 456 2146 die,
481 2082 607 2152 post
628 2079 818 2135 urbem
845 2084 1081 2150 captam,
1104 2081 1382 2152 principes
1410 2084 1763 2151 conveniunt,

187 2159 250 2210 ut
278 2168 352 2209 ex
395 2166 454 2208 se
509 2167 682 2207 unum
737 2150 989 2220 elioendo
1049 2153 1170 2208 urbi
1216 2158 1267 2209 et
1320 2156 1536 2223 reqioni
1588 2155 1769 2227 proefi-

181 2227 338 2282 ciant
354 2241 376 2292 ,⁰
405 2223 586 2279 clerus
616 2222 907 2280 indiscrete
938 2223 1138 2280 nititur
1164 2228 1469 2283 contraire.

186 2386 404 2444 Sancta
433 2383 609 2457 igitur
636 2382 868 2441 civitate
890 2399 993 2457 per
1020 2384 1254 2442 Domini
1285 2388 1772 2460 superabundan-

115 2483 232 2534 tem
266 2475 516 2548 gratiam
545 2472 870 2531 Christiano
919 2474 1132 2546 populo
1176 2477 1459 2548 restituta,
1509 2483 1566 2535 et
1593 2479 1769 2536 rebus

115 2565 190 2622 ad
221 2564 481 2639 aliquem
511 2563 752 2620 modum
784 2563 842 2618 in
878 2563 1194 2636 tranquillo
1224 2565 1536 2636 collocatis,
1568 2568 1771 2625 decur-

116 2654 202 2712 sis
231 2654 295 2712 in
336 2652 522 2711 multa
579 2652 801 2721 laetitia,
856 2652 917 2711 in
975 2654 1181 2713 timore
1233 2661 1424 2714 tamen
1458 2658 1684 2715 Domini
1712 2660 1771 2715 et

119 2745 344 2821 gaudio
373 2743 687 2817 spirituali,
710 2745 915 2803 diebus
935 2751 1182 2818 septem,
1209 2757 1408 2806 octava
1438 2750 1534 2807 die
1562 2767 1772 2808 couve-

121 2841 340 2895 nerunt
361 2835 676 2908 principes,
709 2834 965 2893 habituri
1001 2841 1333 2910 tractatum,
1357 2840 1617 2897 invocata
1646 2858 1770 2898 san-

1791 1945 1840 2012 Β
1871 1957 2003 1998 cum
2033 1941 2266 2014 populis
2296 1956 2358 1998 se
2391 1940 2706 2000 exhiberem
2742 1947 2797 1999 et
2825 1943 2983 1999 esset
3002 1938 3249 1996 materia
3268 1937 3446 1996 fatuis
3471 1944 3534 1995 et

1875 2029 2107 2088 lascivis
2136 2031 2477 2090 hominibus
2507 2033 2568 2091 in
2599 2032 2775 2089 ebore
2797 2029 3166 2098 canentibus,
3196 2035 3401 2087 contra
3429 2044 3531 2086 ea-

1876 2138 2009 2179 eros
2039 2139 2292 2180 canones
2316 2129 2373 2180 et
2401 2128 2605 2180 eontra
2625 2124 2889 2180 omnium
2921 2121 3299 2179 honestorum
3328 2119 3529 2178 volun·

1875 2215 2076 2281 tatem,
2114 2213 2175 2270 in
2227 2212 2672 2286 patriarchalem
2722 2212 3017 2271 nitebatur
3064 2211 3256 2268 locare
3306 2210 3527 2268 sedem.

1877 2306 2014 2360 Erat
2043 2303 2199 2361 enim
2232 2320 2508 2376 perversis
2527 2304 2738 2362 mentis
2760 2304 2954 2372 homo,
2976 2318 3079 2376 pro
3100 2299 3284 2358 nihilo
3306 2301 3531 2358 ducens

1877 2393 2245 2451 honestatem
2270 2409 2284 2451 τ
2320 2395 2473 2452 unde
2500 2398 2558 2452 et
2587 2410 2722 2451 cum
2745 2393 3084 2467 supradicto
3114 2389 3417 2463 Arnulpho
3449 2389 3531 2446 fa-

1878 2480 1988 2537 cile
2018 2486 2244 2553 poterat
2282 2482 2607 2552 convenire,
2642 2482 2811 2553 Juxta
2848 2478 3034 2536 illud:
3073 2476 3274 2549 Qualis
3301 2478 3534 2550 quisque

1875 2580 1974 2640 est,
2007 2571 2207 2628 tatium
2234 2574 2510 2630 consortio
2539 2571 2864 2629 delectatur.
2905 2570 3074 2626 Pares
3103 2570 3253 2625 enim
3276 2567 3523 2640 paribus,

1877 2662 2057 2718 veteri
2090 2661 2407 2731 proverbio,
2436 2663 2615 2734 facile
2644 2662 2981 2734 junyuntur.
3016 2661 3307 2716 Invaserat
3335 2659 3531 2712 autem

1879 2750 1976 2807 hic
2034 2750 2189 2808 idem
2239 2751 2729 2809 Bethleemiticam
2784 2749 3107 2818 eeclesiam,
3160 2751 3365 2820 paetus
3392 2759 3529 2803 cum

1877 2840 2149 2912 praedicto
2163 2840 2652 2915 Arnulpho,quod
2664 2842 2716 2899 si
2730 2838 3129 2913 ejusstudioin
3144 2835 3537 2911 patriarcham

125 2930 206 2986 cti
240 2925 493 2999 Spiritus
523 2924 731 2998 gratia,
766 2930 832 2981 ut
852 2926 1107 2999 aliquem
1129 2928 1200 2985 de
1223 2946 1328 2986 suo
1351 2932 1570 3005 eligant
1589 2930 1770 2988 colle-
1885 2934 2345 3002 promoveretur,
2368 2930 2495 3002 jam
2530 2929 2743 2984 dietam
2778 2927 3083 2984 ecelesiam
3115 2926 3244 2982 sine
3263 2923 3538 2997 questio-

123 3018 249 3093 gio,
281 3013 384 3091 qui
404 3016 623 3089 regioni
648 3018 861 3088 praesit,
894 3023 953 3074 et
983 3018 1194 3092 regiam
1220 3022 1525 3090 provinciae
1549 3022 1772 3095 impen·
1886 3035 1959 3074 ne
1989 3024 2048 3075 et
2075 3018 2361 3086 molestia,
2396 3025 2675 3091 perpetuo
2698 3018 2807 3074 sibi
2837 3016 3036 3074 liceret
3068 3016 3399 3088 possider03
3434 3013 3536 3070 sed

123 3110 232 3169 dat
259 3106 740 3165 sollicitudinem.
775 3106 1043 3181 Dumque
1090 3117 1286 3167 essent
1319 3111 1377 3167 in
1409 3128 1496 3180 eo,
1530 3129 1769 3186 congre·
1885 3109 2016 3180 ejus
2048 3107 2248 3164 omnia
2278 3108 2399 3164 haec
2449 3107 2773 3175 molimina,
2825 3123 2982 3163 mors
3018 3104 3208 3162 vicina
3237 3100 3535 3176 praevenit.

119 3196 248 3273 gati
278 3200 416 3254 eunt
436 3195 673 3268 quidam
705 3197 777 3252 de
798 3196 973 3267 clero,
994 3200 1201 3272 spiritu
1221 3201 1505 3273 superbiae
1537 3202 1765 3273 tumidi,
1886 3198 2043 3255 sieut
2088 3198 2149 3255 in
2206 3197 2591 3271 sequentibus
2645 3197 2886 3254 dicetur.
2945 3196 3242 3252 Defecerat
3286 3208 3428 3250 sane
3473 3190 3535 3248 in

121 3294 450 3363 querentes
480 3302 608 3358 quae
638 3302 745 3343 sua
774 3293 934 3353 sunt.
957 3305 1072 3345 non
1096 3307 1223 3362 quaa
1254 3291 1463 3348 Christi
1497 3292 1658 3358 Jesu,
1682 3293 1767 3349 di·
1809 3320 1860 3389 C
1885 3288 2039 3345 clero
2070 3286 2369 3361 religionis
2400 3291 2459 3345 et
2503 3287 2822 3345 honestatis
2870 3286 3068 3360 vigor3
3113 3289 3171 3341 et
3215 3282 3545 3340 dissolutus

123 3382 326 3437 centes
365 3391 428 3434 ee
463 3375 680 3433 hahere
710 3376 883 3435 verba
904 3382 1231 3447 secretiora,
1263 3398 1388 3455 quae
1411 3381 1648 3454 perferri
1684 3398 1779 3440 ve-
1895 3379 2112 3451 passim
2137 3382 2195 3434 et
2214 3379 2341 3435 sine
2370 3377 2594 3435 delectu
2645 3393 2746 3451 per
2793 3376 2993 3433 illicita
3039 3374 3350 3443 defluebat,
3380 3373 3545 3447 post-

127 3465 244 3523 lint
270 3465 344 3523 ad
386 3463 701 3539 principes,
733 3466 893 3522 intus
921 3467 978 3522 in
1038 3467 1298 3525 conclavi
1327 3471 1688 3527 residentes:
1728 3474 1790 3527 et
1898 3485 2073 3541 quam
2108 3467 2379 3525 dominus
2399 3467 2725 3524 Ademarus
2755 3468 2858 3538 pise
2891 3467 2948 3522 in
2982 3466 3228 3522 Domino
3259 3462 3540 3521 recorda-

129 3553 459 3612 intromissi
498 3554 809 3611 dixerunt:
860 3555 1189 3612 Nuntiatum
1234 3561 1313 3614 est
1336 3558 1501 3626 clero,
1549 3558 1693 3630 quod
1722 3557 1793 3615 ad
1895 3558 2074 3614 tionis
2092 3557 2394 3615 Podiensis
2414 3554 3088 3629 episcopus,apostoliea³
3110 3553 3267 3610 sedis
3290 3552 3540 3625 legatus.

134 3644 258 3711 hoc,
288 3650 348 3698 ut
375 3642 449 3699 dc
469 3642 616 3699 uobis
645 3659 820 3699 unum
855 3646 1070 3716 eliyatis
1113 3648 1172 3701 in
1205 3662 1411 3718 recem,
1443 3649 1791 3705 convenistis.

141 3731 369 3790 Videtur
395 3733 584 3788 autem
611 3732 766 3789 nobis
794 3737 1136 3807 propositum
1166 3746 1407 3792 vestrum
1443 3747 1716 3795 sanctum.
1740 3741 1794 3794 et

137 3820 302 3891 utile,
329 3822 380 3877 et
409 3820 565 3876 omni
587 3836 724 3877 eura
753 3826 1097 3880 exsecutioni
1115 3825 1511 3894 mandandum,
1534 3829 1583 3883 si
1613 3836 1796 3884 tamen

135 3909 216 3967 ad
239 3907 298 3965 id
319 3907 515 3966 ordine
539 3925 781 3980 eonqruo
811 3911 1085 3968 veniatur.
1129 3913 1355 3970 Certum
1376 3919 1452 3971 est
1490 3932 1660 3987 porro
1680 3918 1794 3988 spi·

139 3997 380 4055 ritualia
410 3997 814 4071 temporalibus
832 3999 1091 4073 dioniora
1108 4018 1222 4059 esse
1238 4020 1261 4066 ,·
1291 4020 1410 4076 quae
1432 4019 1555 4061 vero
1574 4002 1799 4073 diynio-

140 4104 214 4145 ra
237 4091 390 4157 sunt,
422 4092 625 4145 merito
651 4088 846 4146 debere
862 4090 1189 4162 proeeedere.
1217 4094 1365 4151 Unde
1393 4094 1611 4149 videtur
1640 4092 1798 4150 nobis

142 4176 262 4235 nisi
286 4177 419 4236 ordo
453 4183 817 4250 praeposterus
856 4182 1095 4238 studiose
1133 4186 1439 4255 quroeatur,
1473 4183 1614 4256 quod
1641 4182 1800 4254 prius

144 4266 398 4340 eligenda
442 4265 517 4324 sit
561 4268 667 4326 Deo
719 4270 940 4341 placens
969 4274 1019 4328 et
1078 4271 1341 4342 reliqiosa
1385 4288 1645 4344 persona,
1679 4289 1799 4346 quae

145 4358 399 4415 Recluso
446 4358 545 4415 Det
588 4375 849 4431 praecesse
885 4363 1026 4418 sciat
1083 4370 1136 4418 et
1184 4362 1456 4434 prodesse,
1516 4380 1684 4437 quam
1733 4363 1804 4421 de

145 4447 431 4505 soeeularis
474 4452 760 4520 potestatis
804 4451 1070 4508 electione
1115 4456 1341 4522 ocatur.
1370 4453 1432 4510 Si
1485 4452 1585 4510 hoo
1611 4452 1804 4510 ordine

149 4534 342 4592 velitis
369 4534 637 4603 incedere,
667 4540 843 4611 placet
871 4541 1027 4597 nobis
1048 4540 1379 4604 admodum:
1415 4541 1687 4599 vobiscum
1718 4558 1807 4599 su-

147 4642 280 4683 mus
301 4641 524 4698 corpore
552 4637 604 4684 et
630 4630 874 4699 spiritu,·
899 4631 956 4686 si
982 4647 1104 4686 vero
1134 4647 1305 4688 secus.
1340 4630 1646 4688 invalidum
1674 4648 1799 4689 oen·

1898 3649 1957 3705 in
1994 3648 2106 3704 fata
2136 3647 2442 3712 concessit,
2475 3647 2755 3702 Dominus
2775 3649 2973 3700 tamen
3001 3641 3331 3698 willelmus
3358 3643 3547 3697 Aura-

1899 3738 2113 3795 siensis
2143 3737 2470 3809 episeopus,
2502 3737 2591 3792 vir
2623 3735 2933 3807 religiosus
2981 3749 3048 3789 ac
3102 3732 3313 3788 timens
3339 3730 3548 3798 Deum,

1901 3831 2032 3900 post
2061 3825 2321 3899 praedicti
2352 3825 2504 3881 beati
2538 3824 2642 3880 viri
2691 3822 3028 3890 transitum,
3051 3822 3317 3877 eamdem
3348 3832 3549 3875 curam

1899 3916 2177 3989 suscepit,
2221 3919 2278 3973 et
2325 3914 2582 3987 quandiu
2605 3913 2765 3980 vixit,
2808 3908 3240 3969 administravit
3260 3906 3549 3976 fideliter;

1903 4007 2001 4063 sed
2036 4004 2266 4061 modico
2291 4002 2490 4075 elapso
2513 4006 2771 4072 tempore
2797 4003 2947 4073 apud
2976 4000 3230 4056 Murram
3250 3995 3470 4071 quievit
3489 3995 3554 4053 in

1903 4093 2172 4152 Domino.
2204 4093 2306 4149 His
2346 4096 2542 4148 autem
2592 4090 2903 4158 defunctis,
2955 4089 3174 4146 sactum
3198 4090 3289 4144 est
3310 4086 3465 4143 sicut
3493 4085 3554 4143 in

1908 4183 2195 4258 propheta
2253 4179 2465 4237 dicitur
2490 4196 2504 4237 ε
2563 4180 2715 4237 Siout
2771 4177 3027 4252 populus,
3085 4179 3164 4233 ita
3205 4183 3259 4234 et
3301 4173 3556 4233 sacerdos

1909 4279 1927 4347 (
1960 4274 2075 4332 Ose.
2103 4290 2178 4342 w,
2209 4273 2245 4328 9
2270 4274 2331 4345 );
2364 4280 2597 4344 excepto
2628 4269 2864 4327 domino
2895 4266 3225 4326 Alhariensi
3262 4267 3555 4338 episeopo,

1909 4369 1967 4421 et
1995 4363 2195 4436 paucis
2226 4362 2377 4434 aliie,
2411 4361 2510 4433 qui
2544 4360 2816 4418 timorem
2849 4358 3083 4417 Domini
3114 4357 3413 4415 habebant
3441 4370 3557 4428 pris

1911 4453 2116 4513 oculis.

1914 4653 2218 4715 Principes,
2249 4665 2353 4720 neq
2364 4648 2503 4704 tecta
2523 4556 3125 4711 clffrzpoojnltgdictione,
3147 4641 3436 4697 dominum
3462 4637 3563 4695 du-

147 4732 354 4784 cemus,
394 4725 445 4773 et
499 4717 708 4775 viribus
762 4734 951 4776 carere
998 4719 1361 4790 decernimus,
1411 4722 1677 4795 quidquid
1705 4739 1801 4779 ex·
1833 4696 1879 4760 D
1989 4739 2100 4780 cem
2132 4724 2363 4793 eliquat,
2376 4730 2426 4776 et
2456 4720 2688 4776 electum
2724 4734 2849 4774 eum
2880 4716 3098 4789 hymnis
3136 4719 3189 4770 et
3215 4710 3448 4768 canticis
3473 4725 3565 4767 se—

155 4814 246 4867 tra
299 4814 550 4863 nostram
587 4808 1003 4865 conniventiam
1050 4810 1464 4869 ordinaveritis.
1527 4813 1656 4870 Hoec
1705 4830 1809 4869 au-

155 4895 273 4953 lem
314 4910 519 4953 eorum
569 4900 902 4969 postulatio,
933 4900 1039 4956 etsi
1089 4899 1148 4957 iu
1173 4903 1484 4974 superficie
1523 4904 1812 4960 videretur

152 4984 377 5057 aliquid
408 4985 731 5046 honestatis
761 4989 995 5058 babere,
1021 4994 1217 5048 tamen
1249 4992 1606 5049 intrinsecus
1637 4993 1807 5050 habe·

151 5072 259 5131 bat
275 5073 506 5133 malitiis
527 5077 870 5149 plurimum,
886 5084 952 5136 ut
966 5081 1255 5137 docebunt
1277 5082 1603 5154 sequentia.
1621 5081 1811 5153 Hujus

148 5170 350 5222 autem
381 5164 648 5224 factionis
679 5167 1048 5239 primIeerius
1076 5176 1202 5227 erat
1231 5171 1470 5243 quidam
1497 5171 1809 5243 episeopus

154 5250 232 5311 de
257 5252 542 5327 Calabria,
577 5256 1035 5316 marturanensis
1062 5258 1347 5328 videlicet,
1377 5259 1478 5333 qui
1507 5259 1811 5332 Arnulpho

156 5340 416 5413 cuidam,
447 5345 522 5402 de
552 5361 670 5419 quo
717 5348 991 5421 superius
1038 5350 1182 5407 satis
1231 5350 1454 5406 dietum
1485 5351 1594 5421 est,
1629 5349 1813 5407 nimia

159 5430 555 5493 familiaritate
576 5437 927 5510 conjunctus
947 5444 1073 5496 erat
1102 5455 1116 5507 ;
1149 5444 1206 5495 et
1227 5439 1420 5510 ipsum
1443 5439 1593 5496 infra
1612 5454 1813 5499 saeros

161 5521 402 5583 ordines
422 5526 810 5586 constitutum
838 5532 898 5587 et
941 5528 1262 5588 sacerdotis
1301 5528 1511 5599 fllium,
1542 5534 1601 5587 et
1629 5528 1813 5588 nimia

165 5614 442 5675 acutum
472 5612 916 5688 incontinentia,
936 5617 1021 5679 ita
1050 5628 1116 5679 ut
1141 5618 1201 5678 in
1237 5618 1602 5694 expeditione
1619 5620 1815 5680 canti-

1993 4794 2186 4868 pulero
2221 4790 2444 4849 Domini
2472 4791 2896 4862 repraesentant.

1997 4900 2297 4970 Principes
2326 4903 2519 4955 tamen
2549 4897 2669 4954 leve
2688 4900 2747 4953 et
2767 4893 3032 4951 frivolum
3056 4893 3391 4964 reputantes
3421 4903 3566 4961 pris·

1920 4992 2213 5048 dictorum
2246 4988 2509 5057 verbum,
2542 4995 2729 5060 coepto
2767 4984 3107 5040 insistentes
3137 4980 3318 5051 operi,
3351 4977 3565 5036 nibilo-

1922 5079 2119 5137 minus
2168 5076 2500 5134 tractabant
2543 5076 2613 5132 de
2651 5073 2963 5148 proposito.
3013 5071 3278 5129 Tradunt
3323 5069 3565 5143 quidam

1921 5184 2042 5237 eos,
2071 5172 2128 5224 et
2154 5166 2343 5240 magis
2363 5165 2688 5223 secundum
2722 5165 2905 5220 Deum
2927 5165 2985 5219 et
3004 5160 3330 5217 secundum
3362 5157 3571 5213 merita

1922 5272 2298 5330 personarum
2337 5256 2398 5314 in
2437 5256 2718 5313 electione
2740 5252 3137 5326 procederent,
3170 5248 3241 5306 de
3263 5244 3571 5303 familiari-

1922 5353 2031 5409 bus
2070 5352 2356 5424 eujusque
2394 5363 2745 5420 magnorum
2798 5344 3131 5419 principum
3181 5337 3572 5412 assumpsisse

1921 5439 2206 5514 quosdam
2230 5454 2511 5508 seorsum,
2530 5442 2588 5495 et
2604 5453 2705 5495 eos
2727 5438 2797 5494 ad
2821 5430 3218 5507 jurisjurandi
3234 5428 3573 5504 religionem

1921 5530 2313 5606 prestandam
2344 5529 2721 5604 compulisse,
2766 5530 3057 5600 quatenus
3104 5524 3178 5582 de
3223 5519 3490 5579 moribus
3515 5520 3575 5578 at

1920 5623 2354 5684 conversatione
2392 5621 2761 5681 dominorum
2801 5633 3041 5677 suorum
3078 5611 3441 5687 interrogati,
3468 5624 3573 5668 ve-
