3784 6000
974 232 1336 292 EPISTOLAE
1372 233 1458 290 ΕΤ
1495 228 1937 291 Pnlvthu.
1975 259 2039 272 —
2076 226 2193 287 AN.
2233 228 2394 286 1184.

3251 228 3395 289 ¹2²8

137 368 222 410 »nc
246 352 629 425 suscipimus,
648 357 704 410 et
727 356 1040 426 praesentis
1063 356 1268 427 scripti
1314 355 1619 428 privilegio
1652 361 1699 416 A
1728 353 2019 418 raverint,
2057 352 2357 410 devotioni
2385 359 2442 410 et
2470 358 2751 411 extremm
2777 352 3227 421 voluntate,nisi
3247 354 3394 415 forte

137 442 438 498 nunimus.
472 444 536 498 ln
584 441 794 513 primis
842 444 1144 517 siquidem
1185 450 1511 502 statuentes
1559 448 1621 501 nt

137 532 501 587 monasticus
526 530 629 603 qui
660 533 995 590 secundum
1021 535 1210 591 Deum
1256 543 1316 591 et
1358 536 1414 589 Β.
1447 536 1623 590 Bene-

140 619 428 690 Regulam
453 621 511 676 in
543 619 758 677 eodem
778 621 911 678 loco
931 623 1232 679 institutus
1253 639 1385 679 esse
1407 622 1624 693 digno-

137 724 173 774 r,
225 710 524 782 perpetuis
569 710 630 766 in
677 726 745 766 eo
787 712 1162 784 temporibus
1203 709 1626 769 inviolabiliter

137 803 338 854 erretur.
398 801 685 855 Praeterea
741 814 1137 872 quascunque
1190 801 1620 873 possessiones,

138 901 347 961 :unque
377 887 540 942 bona
568 887 780 944 eadem
817 888 1065 944 ecclesia
1106 889 1624 962 inpraesentiarnm

157 980 216 1032 et
244 977 533 1032 canonice
563 976 845 1048 possidet,
877 981 981 1034 aut
1008 976 1068 1034 in
1095 977 1366 1035 futurum
1385 993 1626 1035 conces-

137 1091 141 1114 ι
166 1063 539 1137 pontificum,
560 1064 873 1136 largitione
904 1081 1113 1136 regum
1144 1067 1233 1123 vel
1259 1068 1622 1141 principum,

140 1155 271 1209 ione
290 1154 577 1219 fidelium,
602 1170 708 1210 seu
729 1154 861 1211 aliis
878 1156 1053 1226 justis
1073 1157 1284 1222 modiS,
1303 1160 1625 1228 praestante

138 1258 244 1307 no,
283 1243 500 1315 poterit
550 1243 820 1314 adipisci,
859 1244 1035 1302 firma
1080 1245 1253 1301 vobis
1296 1245 1626 1318 vestrisque

137 1332 432 1396 essm-ibus,
460 1337 515 1387 et
544 1331 769 1388 illibata
829 1339 1244 1404 permaneant.
1298 1333 1362 1390 ln
1400 1332 1622 1407 quibus

137 1421 385 1494 propriis
414 1420 704 1477 duximus
733 1421 1126 1492 exprimenda
1157 1422 1466 1480 vocabulis
1499 1442 1515 1482 ε

137 1524 264 1564 :um
287 1510 486 1581 ipsum
527 1510 586 1565 in
615 1524 735 1581 quo
768 1517 1097 1568 memorata
1123 1511 1367 1569 ecclesia
1389 1512 1501 1567 sita
1516 1514 1622 1577 est,

146 1614 183 1653 a
210 1603 393 1654 strata
419 1599 584 1668 regia
610 1599 771 1654 venit
793 1599 871 1656 ad
898 1598 1059 1656 viam
1089 1601 1301 1657 Sinctoe
1321 1599 1548 1666 Crucis,
1571 1604 1626 1655 et

1730 443 2236 500 excommunicati
2260 443 2348 497 vel
2380 442 2673 501 interdicti
2707 442 2845 512 sint,
2881 443 3078 499 nullus
3112 443 3388 511 obsistat,

1731 532 1902 589 salva
1930 536 2134 588 tamen
2160 531 2386 602 justitia
2415 532 2651 589 illarum
2687 531 3075 589 ecclesiarum
3099 549 3136 588 a
3155 534 3384 606 quibus

1734 628 2110 678 mortuorum
2140 635 2395 694 corpora
2433 625 2843 677 assumuntur.
2872 621 3162 692 Antiquae
3200 628 3259 679 et
3292 639 3392 680 ra-

1733 710 2049 767 tionabiles
2078 709 2547 766 consuetudines
2570 709 2833 767 ecclesiae
2847 715 3105 766 vestraea
3130 711 3392 782 quadra-

1734 799 1904 870 ginta
1932 799 2118 856 armis
2143 799 2498 855 inconcusse
2532 798 2956 871 usqueadhaae
2973 803 3246 870 tempora
3259 799 3388 856 sine

1734 888 2136 945 controversia
2149 893 2532 945 conservatas
2545 887 2896 945 auctoritate
2918 888 3246 959 apostolica
3261 903 3386 945 ma·

1735 993 1874 1035 nere
1907 976 2184 1033 volumus
2209 976 2487 1034 illibatas.
2518 977 2787 1035 obeunte
2812 992 2949 1033 vero
2982 980 3036 1033 te
3058 976 3385 1049 nunccius·

1733 1066 1874 1122 dem
1901 1064 2019 1123 loci
2039 1066 2344 1122 abbatissa
2378 1065 2467 1122 vel
2508 1064 2777 1138 qualibet
2826 1081 3036 1122 eorum
3093 1082 3232 1138 qum
3285 1066 3387 1125 tibi

1734 1154 2146 1220 successerint,
2176 1154 2341 1211 nulla
2366 1153 2446 1211 ibi
2472 1154 2735 1226 qualibet
2755 1154 3157 1227 subreptionis
3169 1154 3389 1213 astutia

1735 1259 1838 1300 seu
1873 1242 2151 1300 violentia
2184 1249 2588 1316 praeponatur,
2615 1243 2929 1314 nisiquam
2960 1259 3198 1300 sorores
3218 1258 3383 1300 com·

1736 1332 1907 1389 muni
1935 1348 2232 1390 consensu
2256 1333 2346 1388 vel
2376 1347 2649 1389 sororum
2684 1347 2819 1403 pars
2848 1331 3079 1389 consilii
3105 1333 3384 1399 sanioris,

1736 1422 2072 1479 secundum
2106 1422 2202 1479 Dei
2236 1421 2514 1478 timorem
2537 1426 2592 1477 et
2616 1421 2772 1477 beati
2793 1420 3083 1478 Benedicti
3098 1421 3387 1492 Regulam

1734 1511 2100 1584 providerint
2130 1511 2491 1582 eligendam.

1812 1601 2196 1657 Decernimus
2222 1615 2365 1670 ergo
2397 1605 2460 1656 ut
2489 1599 2636 1656 nulli
2675 1599 2923 1655 omnino
2963 1599 3281 1656 hominum
3320 1599 3388 1656 li·

137 1686 290 1743 idem
316 1687 414 1743 via
445 1688 623 1742 currit
653 1687 730 1743 ad
764 1687 1055 1744 fossatum
1085 1688 1366 1755 civitatis,
1399 1696 1457 1745 et
1480 1691 1624 1745 inte·
1662 1716 1704 1772 B
1735 1694 1867 1745 cent
1910 1689 2220 1762 praesatam
2273 1688 2589 1745 ecclesiam
2639 1693 2857 1745 temere
2906 1688 3256 1757 perturbare
3285 1691 3390 1745 aut

137 1776 275 1831 iicut
306 1775 597 1833 fossatum
636 1777 970 1833 extenditur
1019 1793 1210 1849 usque
1246 1778 1325 1835 ad
1355 1783 1624 1835 tenutam

137 1882 226 1920 im
259 1864 447 1929 Balbi,
480 1870 538 1921 et
573 1864 653 1921 ab
683 1880 754 1921 eo
778 1864 911 1921 loco
938 1866 1251 1922 revertitur
1270 1867 1347 1924 ad
1377 1872 1622 1924 stratam

140 1971 196 2010 m
227 1972 239 2020 ;
263 1953 502 2026 plebem
523 1954 598 2009 de
622 1954 916 2021 Mutileua,
939 1971 1074 2028 quae
1095 1957 1154 2012 in
1175 1956 1404 2012 honore
1428 1957 1624 2014 Sancti

137 2042 264 2098 telis
293 2042 573 2100 dedicata
602 2047 713 2108 est,
742 2059 879 2099 cum
909 2043 1154 2116 capellis
1175 2049 1231 2101 et
1251 2045 1624 2116 pertinentiis

155 2131 380 2187 scilicet
407 2130 702 2203 capellam
725 2131 800 2188 de
823 2131 977 2189 Sisio
998 2134 1229 2190 Sanctoe
1251 2133 1452 2190 Mariae
1482 2150 1621 2191 cum

138 2220 246 2276 bus
273 2219 345 2275 ad
373 2220 650 2277 eamdem
677 2219 994 2277 ecclesiam
1017 2222 1453 2289 pertinentibus
1489 2239 1622 2289 ;ca·

137 2326 182 2365 n
210 2309 409 2366 Sancti
442 2309 713 2366 Dalmatii
741 2325 880 2365 cum
910 2311 1285 2382 pertinentiis
1317 2312 1440 2367 suis
1475 2327 1616 2379 ;ca··

137 2414 186 2454 m
219 2399 415 2455 Sancti
444 2396 710 2454 Celestini
742 2414 878 2454 cum
907 2399 1276 2470 pertinentiis
1297 2401 1419 2455 suis
1450 2401 1510 2458 in
1535 2401 1620 2457 Vi·

142 2487 230 2542 rio
249 2503 262 2551 ;
280 2485 574 2558 capellam
591 2487 788 2543 Sancti
804 2487 976 2544 Blasii
990 2488 1049 2544 in
1065 2490 1463 2555 Runcoccsso,
1479 2504 1616 2546 cum

139 2577 249 2632 bus
278 2576 648 2649 pertinentiis
670 2578 791 2631 suis
815 2592 830 2642 ;
858 2578 1119 2633 rationes
1139 2593 1293 2650 quas
1309 2579 1540 2636 habetis
1557 2579 1618 2636 in

137 2666 212 2722 ³ia
229 2665 303 2721 de
321 2665 609 2723 curviaco
638 2683 652 2733 ;
672 2665 970 2737 capellam
986 2667 1187 2724 Sancti
1212 2667 1375 2725 Pauli
1400 2669 1460 2724 in
1478 2669 1620 2724 civi-

138 2770 248 2811 rum
277 2754 560 2811 omnibus
591 2769 726 2826 quoe
756 2755 835 2811 ad
855 2756 1134 2813 eamdem
1156 2757 1468 2814 ecclesiam
1490 2773 1618 2831 per-

137 2847 150 2898 t
186 2859 200 2908 ;
227 2842 541 2899 ecclesiam
565 2844 762 2899 Sancti
785 2844 891 2899 Viti
912 2860 1049 2900 cum
1073 2845 1358 2902 omnibus
1377 2861 1514 2919 quae
1539 2845 1616 2903 ad

142 2947 235 2987 em
251 2931 555 2987 ecclesiam
570 2933 854 3003 pertinent
869 2948 883 2999 ;
898 2933 1196 2989 ecclesiam
1213 2936 1407 2992 Sancti
1424 2935 1617 3007 Vigilii

137 3023 397 3078 to-Forte
415 3037 554 3077 cum
579 3021 945 3091 pertinentiis
965 3023 1123 3088 suis,·
1145 3023 1453 3082 ecclesiam
1473 3024 1619 3082 San·

137 3109 338 3166 asiide
389 3108 692 3165 Villanova
730 3126 871 3166 cum
914 3112 1283 3183 pertinentiis
1327 3113 1449 3168 suis
1482 3130 1496 3178 ;
1529 3128 1619 3169 ec-

137 3214 210 3253 tm
251 3198 449 3254 Sancti
495 3198 728 3255 Domini
769 3197 844 3254 de
882 3199 1115 3256 Fozanc
1155 3216 1294 3255 cnm
1336 3202 1620 3257 omnibus

137 3286 334 3343 ientiis
354 3287 478 3343 suis
511 3305 527 3355 ;
561 3288 1168 3359 terramquamhabet
1196 3293 1336 3346 Asto
1349 3289 1423 3345 de
1441 3291 1617 3347 Novis

137 3376 278 3433 lario
306 3376 550 3433 nomine
579 3376 661 3433 ab
679 3375 929 3434 ecclesia
946 3380 1146 3434 vestra
1165 3393 1306 3434 cum
1328 3379 1509 3444 casis,
1523 3394 1620 3435 ca-

138 3466 272 3532 ntis,
306 3470 362 3522 et
392 3465 619 3531 vineis;
652 3464 933 3522 tredecim
952 3465 1166 3537 jugera
1186 3470 1356 3524 terras
1374 3471 1435 3524 et
1454 3481 1621 3526 casa-

136 3570 235 3611 um
268 3555 326 3610 in
351 3554 603 3619 civitate,
630 3554 987 3627 quaeomnia
1000 3555 1228 3614 domna
1242 3556 1472 3612 Beatrix
1490 3571 1620 3629 pre·

147 3646 390 3700 nomine
417 3643 657 3700 tenebat
688 3643 766 3700 ab
797 3642 1046 3701 ecclesia
1098 3650 1296 3702 vestra
1340 3649 1396 3701 et
1457 3660 1620 3703 man·

137 3731 205 3786 de
229 3733 419 3787 Monte
441 3730 748 3788 detentum
772 3746 877 3803 per
899 3731 1234 3789 Guidonem
1260 3739 1315 3790 et
1340 3739 1621 3807 nepotem

137 3852 165 3894 ι,
193 3829 345 3884 sicut
370 3843 441 3884 ea
463 3828 621 3900 juste
650 3834 705 3885 et
735 3829 862 3885 sine
911 3831 1316 3888 controversia
1353 3832 1618 3905 posside·

137 3932 247 3975 ane
273 3918 584 3975 novalium
619 3922 950 3976 vestrorum
981 3934 1120 3992 quae
1154 3920 1413 3994 propriis
1434 3921 1623 3978 mani-

137 4010 212 4064 aut
237 4006 582 4078 sumptibus
614 4007 825 4075 colitis,
854 4023 960 4065 seu
990 4009 1364 4065 nutrimentis
1396 4015 1621 4067 vestro·

137 4095 484 4153 animalium
515 4095 714 4153 nullus
743 4112 780 4154 a
808 4096 982 4154 vobis
995 4097 1260 4155 decimas
1273 4104 1623 4173 extorquere

137 4190 314 4241 nmat.

137 4273 188 4331 ia
215 4288 358 4330 vero
387 4272 856 4331 decimationum
891 4281 1210 4348 proventus
1253 4276 1524 4334 ecclesiis
1566 4282 1624 4335 et

136 4362 608 4435 nsuntdeputati
636 4365 924 4435 personis,
941 4365 1335 4437 prohibemus
1377 4372 1437 4423 ut
1474 4366 1620 4424 nulli

1735 1779 1865 1851 ejus
1895 1778 2311 1852 possessiones
2342 1778 2595 1841 auterre,
2615 1777 2709 1833 vel
2725 1776 2962 1834 ablatas
2979 1776 3255 1845 retinere,
3276 1778 3390 1834 mi·

1735 1883 1942 1934 nuere,
1971 1884 2077 1924 seu
2106 1866 2476 1940 quibuslibet
2505 1865 2925 1922 vexationibus
2967 1864 3238 1937 fatigare,
3277 1864 3383 1923 sed

1733 1957 1942 2013 omnia
1967 1956 2199 2026 integra
2237 1959 2662 2012 conserventur
2702 1970 2912 2011 earum
2956 1968 3066 2026 pro
3120 1969 3383 2026 quarum

1733 2045 2168 2117 gubernatione
2205 2049 2265 2101 et
2286 2043 2719 2101 sustentatione
2749 2058 3037 2100 concessa
3077 2048 3235 2107 sunt,
3263 2041 3385 2098 usi·

1732 2135 1845 2191 bus
1865 2134 2233 2191 omnimodis
2260 2131 2591 2206 profutura,
2634 2131 2797 2188 salva
2835 2130 2993 2188 sedis
3039 2128 3385 2202 apostoticae

1729 2222 2116 2291 auctoritate„
2137 2227 2195 2279 et
2242 2221 2567 2279 dioecesani
2614 2219 2882 2293 episcopi
2940 2218 3234 2277 canonica
3285 2220 3380 2290 jn·

1729 2314 1911 2370 stitia.

1800 2402 1859 2458 Si
1886 2417 2011 2475 qua
2038 2401 2219 2472 igitur
2245 2399 2595 2456 infuturum
2624 2396 3027 2456 ecclesiastica
3051 2395 3385 2453 saecularis-

1729 2507 1801 2547 ve
1843 2506 2102 2563 persona
2142 2490 2301 2547 hanc
2337 2494 2562 2546 nostrae
2609 2486 3054 2544 constitutionis
3089 2485 3376 2558 paginam

1726 2581 1943 2646 sciens,
1976 2583 2089 2637 etc.

1801 2672 1922 2740 Ego
1950 2670 2161 2725 Lucius
2187 2666 2488 2724 catholicae
2517 2663 2793 2723 Ecclesiae
2823 2665 3167 2737 episcopus.

1800 2761 1921 2828 Ego
1946 2757 2287 2815 Theodinns
2318 2755 2656 2813 portuensis
2681 2758 2738 2811 et
2760 2756 2992 2811 Sanctoe
3026 2753 3254 2812 Rufinoe
3298 2767 3387 2809 se-

1726 2847 1823 2904 die
1852 2849 2193 2921 episcopus.

1798 2937 1922 3009 Ego
1952 2937 2237 2993 Henricus
2262 2933 2622 2991 albanensis
2646 2933 2989 3006 episcopus.

1799 3030 1923 3097 Ego
1946 3024 2325 3084 Tbeobaldns
2355 3023 2639 3082 Ostiensis
2670 3029 2726 3079 et
2755 3019 3130 3079 velletrensis
3154 3019 3382 3094 episco-

1730 3132 1864 3189 pus.

1801 3207 1924 3275 Ego
1977 3204 2242 3261 Joannes
2296 3202 2606 3276 presbyter
2654 3198 2976 3258 cardinalis
3030 3198 3115 3256 tit.
3179 3197 3377 3257 Sancti

1731 3295 1929 3453 Niga·
1952 3381 2258 3438 Laborans
2286 3379 2545 3453 presbyt.
2572 3377 2897 3435 cardinalis
2920 3378 3153 3433 Sanctae
3177 3374 3373 3434 llarioe

1730 3478 1895 3527 trans
1919 3468 2178 3528 Tiberim
2207 3468 2372 3525 titulo
2403 3466 2631 3524 Calixti.

1804 3562 1924 3631 Ego
1943 3558 2331 3630 pandulphus
2357 3555 2670 3629 presbyter
2685 3553 3008 3611 cardinalis
3035 3551 3201 3610 titulo
3224 3552 3383 3609 basi·

1730 3649 1856 3706 licae
1875 3648 1970 3707 xtl
1995 3646 2442 3720 Apostolorum.

1799 3741 1922 3810 Ego
1959 3736 2193 3793 Ardicio
2239 3736 2532 3793 diaconus
2586 3732 2910 3791 cardinalis
2961 3730 3160 3790 Sancti
3203 3730 3382 3788 Theo·

1731 3826 1926 3988 dolii-¹3⁹0
1976 3915 2292 3973 Gratianus
2344 3915 2702 3973 Sanctorum
2756 3913 2988 3969 Cosmus
3011 3912 3071 3970 et
3106 3908 3380 3968 Damiani

1731 4006 2023 4063 diaconus
2051 4003 2397 4061 cardinalis.

1802 4098 1927 4166 Ego
1952 4093 2263 4153 Goffredus
2293 4094 2349 4150 S.
2378 4092 2576 4150 Mariae
2626 4090 2687 4149 in
2737 4090 2841 4147 Via
2892 4088 3037 4147 Lata
3090 4088 3377 4147 diaconus

1733 4182 2202 4344 oagdggugtginm
2230 4272 2464 4329 Sancto
2492 4270 2690 4328 Marioe
2727 4268 2908 4326 Novae
2936 4266 3230 4326 diaconus
3257 4281 3378 4326 car·

1732 4362 1973 4420 dinalis.

141 4450 216 4507 de
247 4450 415 4507 terris
447 4465 550 4507 seu
598 4451 932 4508 redditibus
972 4453 1178 4511 vestris
1217 4455 1479 4512 decimas
1505 4457 1622 4513 exi·
1653 4430 1698 4485 D
1806 4454 2019 4509 Datum
2058 4452 2309 4508 Veronoe
2357 4465 2463 4523 per
2517 4465 2767 4508 manum
2812 4447 3082 4518 Hugonis
3140 4446 3382 4513 notarii,

136 4539 335 4597 liceat.
362 4539 708 4596 inhibemus
737 4541 987 4613 insuper
1031 4546 1097 4599 ut
1141 4542 1287 4599 nulli
1330 4544 1622 4617 archiepi-

137 4644 154 4684 ›
182 4630 243 4685 in
276 4643 382 4684 vos
408 4633 512 4685 aut
539 4628 855 4687 ecclesiam
871 4636 1129 4689 vestram
1148 4630 1279 4688 sine
1306 4632 1622 4691 manifesta

137 4717 390 4774 innabili
415 4731 599 4774 causa
630 4719 1045 4790 suspensionis
1069 4720 1246 4778 liceat
1268 4720 1358 4778 vel
1384 4736 1622 4779 excom-

139 4807 391 4865 cationis
424 4808 777 4864 sententiam
811 4810 1214 4881 promulgare.
1252 4810 1446 4867 Liceat
1472 4825 1621 4883 quc·

226 4896 397 4954 vobis
435 4911 724 4969 personas
752 4898 975 4955 saecnlo
1006 4898 1299 4970 fugientes
1322 4898 1541 4957 liberas
1562 4904 1622 4958 et

138 4990 278 5043 ‚utas
305 4985 383 5042 ad
415 4986 865 5043 conversionem
885 4993 1142 5044 vestram
1165 4989 1420 5061 recipere
1438 4994 1496 5045 et
1514 5005 1619 5047 eas

137 5089 197 5130 ie
208 5075 677 5131 contradictione
691 5075 956 5149 qualibet
970 5076 1240 5132 retinere.
1258 5078 1405 5135 Cum
1419 5082 1618 5134 autem

137 5162 243 5219 rate
265 5163 646 5222 interdictum
675 5169 841 5221 terrae
863 5164 1056 5231 fuerit,
1091 5166 1267 5222 liceat
1298 5166 1467 5223 vobis
1495 5181 1619 5224 non

137 5250 220 5306 .tis
240 5252 574 5323 campanis,
597 5252 816 5309 clausis
841 5254 1065 5326 januis,
1097 5254 1355 5311 exclusis
1384 5267 1620 5312 excom-

137 5340 1030 5416 catisetinterdictis,suppressa
1043 5343 1408 5400 vocedivina
1421 5343 1622 5401 officia

136 5441 286 5485 rare.
316 5429 695 5502 sepulturam
728 5438 1011 5505 praeterea
1034 5431 1618 5506 ipsiuslociliberam

137 5517 364 5588 nimus,
396 5525 709 5590 uteorum,
739 5523 846 5600 qut
874 5535 937 5581 se
965 5521 1083 5582 illic
1117 5522 1353 5600 sepeliri
1390 5521 1619 5583 delibe-

1730 4557 1769 4597 v
1800 4540 1938 4598 ldus
1960 4540 2344 4613 Septembris,
2377 4539 2706 4598 indictione
2734 4538 2922 4608 tertia,
2952 4536 3385 4594 incarnationis

1729 4629 2054 4687 Dominicoe
2108 4644 2269 4686 anno
2323 4630 2480 4695 ¹185,
2531 4627 2915 4701 pontificatus
2970 4640 3113 4682 vero
3167 4624 3380 4683 domni

1730 4717 1896 4776 Lucii
1919 4733 2091 4793 papae
2122 4718 2189 4775 ul
2213 4734 2377 4775 anno
2409 4718 2600 4775 tertia.

2471 4806 2643 4863 cht.

1800 4895 2192 4969 Privileqium
2222 4911 2337 4967 pm
2374 4895 2619 4954 ecelesia
2644 4893 2700 4951 S.
2730 4893 2941 4952 Evasit·
2975 4892 3050 4951 de
3090 4890 3312 4951 Catali.

2240 4985 2534 5056 (Verona,
2565 4986 2724 5056 Sept.
2756 4983 2871 5055 24.)

1801 5078 1906 5150 [Dc
1929 5075 2121 5142 couri,
2142 5076 2427 5133 Memoris
2443 5073 2702 5131 εισι-ἰήιε
2735 5072 2805 5128 ἀι·
2823 5072 3059 5139 casale,
3090 5072 3135 5138 1,
3160 5066 3316 5143 3⁵⁷ss

1798 5165 2001 5224 Lucius
2038 5166 2380 5238 episcopus,
2413 5178 2620 5220 servus
2652 5176 2961 5219 servorum
3006 5160 3127 5226 Dei,
3157 5156 3385 5218 dilectis

1727 5254 1866 5313 filiis
1893 5256 2180 5314 Summo
2211 5252 2536 5326 praeposito
2558 5250 2822 5309 ecclesio
2847 5249 3048 5308 Sancti
3086 5245 3283 5306 Evasii
3307 5246 3383 5304 de

1728 5344 1921 5402 Casali
1941 5345 2194 5418 ejusque
2215 5341 2499 5400 tratribus
2520 5346 2645 5398 tam
2669 5338 3069 5413 presentibus
3083 5352 3272 5411 quam
3300 5335 3387 5396 lu-

1728 5433 1874 5491 turis
1902 5432 2240 5504 regularem
2262 5431 2443 5488 vitam
2473 5429 2782 5503 protessis,
2810 5428 2874 5487 in
2902 5432 3283 5502 perpetuum.

1800 5523 1912 5583 Pin
1943 5521 2268 5600 pausatio
2310 5520 2642 5588 voluntatis
2689 5518 2872 5582 debet
2915 5516 3138 5580 effectu
3183 5530 3385 5591 prase-
