<?xml version="1.0" encoding="UTF-8"?>
<!DOCTYPE html PUBLIC "-//W3C//DTD XHTML 1.0 Transitional//EN"
    "http://www.w3.org/TR/xhtml1/DTD/xhtml1-transitional.dtd">
<html xmlns="http://www.w3.org/1999/xhtml" xml:lang="en" lang="en">
 <head>
  <title>
</title>
<meta http-equiv="Content-Type" content="text/html;charset=utf-8" />
  <meta name='ocr-system' content='tesseract 3.04.00' />
  <meta name='ocr-capabilities' content='ocr_page ocr_carea ocr_par ocr_line ocrx_word'/>
</head>
<body>
  <div class='ocr_page' id='page_1' title='image "./patrologiaecurs32goog_0182.png"; bbox 0 0 3784 6000; ppageno 0'>
   <div class='ocr_carea' id='block_1_1' title="bbox 300 205 417 267">
    <p class='ocr_par' dir='ltr' id='par_1_1' title="bbox 300 205 417 267">
     <span class='ocr_line' id='line_1_1' title="bbox 300 205 417 267; baseline -0.017 0"><span class='ocrx_word' id='word_1_1' title='bbox 300 205 417 267; x_wconf 75' lang='lat'><strong>355</strong></span> 
     </span>
    </p>
   </div>
   <div class='ocr_carea' id='block_1_2' title="bbox 1365 190 2626 256">
    <p class='ocr_par' dir='ltr' id='par_1_2' title="bbox 1365 190 2626 256">
     <span class='ocr_line' id='line_1_2' title="bbox 1365 190 2626 256; baseline 0 0"><span class='ocrx_word' id='word_1_2' title='bbox 1365 191 1789 256; x_wconf 79' lang='lat' dir='ltr'><strong>GUlLLELMl</strong></span> <span class='ocrx_word' id='word_1_3' title='bbox 1832 190 2221 255; x_wconf 72' lang='lat' dir='ltr'><strong>TYRENSIS</strong></span> <span class='ocrx_word' id='word_1_4' title='bbox 2260 191 2626 256; x_wconf 83' lang='lat' dir='ltr'><strong>ARCHIEP.</strong></span> 
     </span>
    </p>
   </div>
   <div class='ocr_carea' id='block_1_3' title="bbox 3579 201 3699 264">
    <p class='ocr_par' dir='ltr' id='par_1_3' title="bbox 3579 201 3699 264">
     <span class='ocr_line' id='line_1_3' title="bbox 3579 201 3699 264; baseline 0.017 -3"><span class='ocrx_word' id='word_1_5' title='bbox 3579 201 3699 264; x_wconf 77' lang='lat'><strong>³56</strong></span> 
     </span>
    </p>
   </div>
   <div class='ocr_carea' id='block_1_4' title="bbox 205 324 3699 400">
    <p class='ocr_par' dir='ltr' id='par_1_4' title="bbox 205 324 3699 400">
     <span class='ocr_line' id='line_1_4' title="bbox 205 324 3699 400; baseline -0.001 -5"><span class='ocrx_word' id='word_1_6' title='bbox 205 336 215 344; x_wconf 82' lang='grc'><em>’</em></span> <span class='ocrx_word' id='word_1_7' title='bbox 305 342 493 396; x_wconf 88' lang='lat' dir='ltr'><strong>ctatos</strong></span> <span class='ocrx_word' id='word_1_8' title='bbox 523 335 634 393; x_wconf 87' lang='lat' dir='ltr'><strong>sub</strong></span> <span class='ocrx_word' id='word_1_9' title='bbox 664 331 1130 392; x_wconf 89' lang='lat' dir='ltr'><strong>omniceleritate</strong></span> <span class='ocrx_word' id='word_1_10' title='bbox 1160 327 1355 400; x_wconf 77' lang='lat' dir='ltr'><strong>fugere</strong></span> <span class='ocrx_word' id='word_1_11' title='bbox 1374 324 1814 399; x_wconf 78' lang='lat' dir='ltr'><strong>compellerent:</strong></span> <span class='ocrx_word' id='word_1_12' title='bbox 1839 327 1940 399; x_wconf 88' lang='lat' dir='ltr'><strong>qui</strong></span> <span class='ocrx_word' id='word_1_13' title='bbox 1970 327 2027 394; x_wconf 72' lang='lat' dir='ltr'>A</span> <span class='ocrx_word' id='word_1_14' title='bbox 2055 324 2370 383; x_wconf 87' lang='lat' dir='ltr'><strong>nerositate</strong></span> <span class='ocrx_word' id='word_1_15' title='bbox 2401 325 2658 398; x_wconf 84' lang='lat' dir='ltr'><strong>insignes</strong></span> <span class='ocrx_word' id='word_1_16' title='bbox 2692 344 2706 384; x_wconf 91' lang='lat'><strong>:</strong></span> <span class='ocrx_word' id='word_1_17' title='bbox 2749 325 3087 384; x_wconf 85' lang='lat' dir='ltr'><strong>Willelmus</strong></span> <span class='ocrx_word' id='word_1_18' title='bbox 3116 328 3379 387; x_wconf 87' lang='lat' dir='ltr'><strong>videlieet</strong></span> <span class='ocrx_word' id='word_1_19' title='bbox 3420 332 3494 388; x_wconf 90' lang='lat' dir='ltr'><strong>de</strong></span> <span class='ocrx_word' id='word_1_20' title='bbox 3516 333 3699 390; x_wconf 87' lang='lat' dir='ltr'><strong>Cran-</strong></span> 
     </span>
    </p>
   </div>
   <div class='ocr_carea' id='block_1_5' title="bbox 297 413 1947 1743">
    <p class='ocr_par' dir='ltr' id='par_1_5' title="bbox 297 413 1947 1743">
     <span class='ocr_line' id='line_1_5' title="bbox 308 413 1947 484; baseline -0.009 0"><span class='ocrx_word' id='word_1_21' title='bbox 308 428 380 484; x_wconf 89' lang='lat' dir='ltr'><strong>ad</strong></span> <span class='ocrx_word' id='word_1_22' title='bbox 411 423 715 483; x_wconf 89' lang='lat' dir='ltr'><strong>dominum</strong></span> <span class='ocrx_word' id='word_1_23' title='bbox 746 437 916 479; x_wconf 89' lang='lat' dir='ltr'><strong>suum</strong></span> <span class='ocrx_word' id='word_1_24' title='bbox 947 414 1184 483; x_wconf 85' lang='lat' dir='ltr'><strong>reversi,</strong></span> <span class='ocrx_word' id='word_1_25' title='bbox 1217 421 1549 471; x_wconf 88' lang='lat' dir='ltr'><strong>nostrorum</strong></span> <span class='ocrx_word' id='word_1_26' title='bbox 1578 413 1729 471; x_wconf 89' lang='lat' dir='ltr'><strong>vires</strong></span> <span class='ocrx_word' id='word_1_27' title='bbox 1757 418 1816 470; x_wconf 90' lang='lat' dir='ltr'><strong>et</strong></span> <span class='ocrx_word' id='word_1_28' title='bbox 1846 415 1947 470; x_wconf 89' lang='lat' dir='ltr'><strong>ad-</strong></span> 
     </span>
     <span class='ocr_line' id='line_1_6' title="bbox 308 505 1945 578; baseline -0.007 -4"><span class='ocrx_word' id='word_1_29' title='bbox 308 515 634 574; x_wconf 78' lang='lat' dir='ltr'><strong>mirabilem</strong></span> <span class='ocrx_word' id='word_1_30' title='bbox 662 512 991 571; x_wconf 88' lang='lat' dir='ltr'><strong>animorum</strong></span> <span class='ocrx_word' id='word_1_31' title='bbox 1014 505 1398 566; x_wconf 86' lang='lat' dir='ltr'><strong>constantiam</strong></span> <span class='ocrx_word' id='word_1_32' title='bbox 1431 505 1845 578; x_wconf 60' lang='lat' dir='ltr'><strong>praedicabant,</strong></span> <span class='ocrx_word' id='word_1_33' title='bbox 1864 505 1945 562; x_wconf 89' lang='lat' dir='ltr'><strong>ita</strong></span> 
     </span>
     <span class='ocr_line' id='line_1_7' title="bbox 309 594 1942 670; baseline -0.007 -8"><span class='ocrx_word' id='word_1_34' title='bbox 309 605 460 662; x_wconf 89' lang='lat' dir='ltr'><strong>utin</strong></span> <span class='ocrx_word' id='word_1_35' title='bbox 500 606 583 662; x_wconf 90' lang='lat' dir='ltr'><strong>eis</strong></span> <span class='ocrx_word' id='word_1_36' title='bbox 611 604 900 659; x_wconf 84' lang='lat' dir='ltr'><strong>videretur</strong></span> <span class='ocrx_word' id='word_1_37' title='bbox 945 597 1300 670; x_wconf 88' lang='lat' dir='ltr'><strong>completum</strong></span> <span class='ocrx_word' id='word_1_38' title='bbox 1358 594 1508 652; x_wconf 88' lang='lat' dir='ltr'><strong>illud</strong></span> <span class='ocrx_word' id='word_1_39' title='bbox 1552 594 1891 651; x_wconf 76' lang='lat' dir='ltr'><strong>vaticinium</strong></span> <span class='ocrx_word' id='word_1_40' title='bbox 1926 610 1942 650; x_wconf 91' lang='lat'><strong>:</strong></span> 
     </span>
     <span class='ocr_line' id='line_1_8' title="bbox 308 685 1943 760; baseline -0.007 -10"><span class='ocrx_word' id='word_1_41' title='bbox 308 696 521 760; x_wconf 74' lang='lat' dir='ltr'><strong>Linaua</strong></span> <span class='ocrx_word' id='word_1_42' title='bbox 550 707 751 749; x_wconf 85' lang='lat' dir='ltr'><strong>eanum</strong></span> <span class='ocrx_word' id='word_1_43' title='bbox 780 699 1002 747; x_wconf 79' lang='lat' dir='ltr'><strong>luorum</strong></span> <span class='ocrx_word' id='word_1_44' title='bbox 1043 702 1116 744; x_wconf 70' lang='lat' dir='ltr'><strong>ex</strong></span> <span class='ocrx_word' id='word_1_45' title='bbox 1170 685 1418 742; x_wconf 78' lang='lat' dir='ltr'><strong>inimicis</strong></span> <span class='ocrx_word' id='word_1_46' title='bbox 1451 685 1620 754; x_wconf 89' lang='lat' dir='ltr'><strong>(Psal.</strong></span> <span class='ocrx_word' id='word_1_47' title='bbox 1645 700 1778 754; x_wconf 73' lang='lat' dir='ltr'><strong>nxu,</strong></span> <span class='ocrx_word' id='word_1_48' title='bbox 1800 685 1896 754; x_wconf 85' lang='lat'><strong>25)</strong></span> <span class='ocrx_word' id='word_1_49' title='bbox 1927 709 1943 753; x_wconf 68' lang='grc' dir='ltr'><strong>ς</strong></span> 
     </span>
     <span class='ocr_line' id='line_1_9' title="bbox 306 773 1943 853; baseline -0.007 -13"><span class='ocrx_word' id='word_1_50' title='bbox 306 800 419 839; x_wconf 87' lang='lat' dir='ltr'><strong>nan</strong></span> <span class='ocrx_word' id='word_1_51' title='bbox 470 781 653 838; x_wconf 83' lang='lat' dir='ltr'><strong>[idelis</strong></span> <span class='ocrx_word' id='word_1_52' title='bbox 721 778 921 853; x_wconf 88' lang='lat' dir='ltr'><strong>populi</strong></span> <span class='ocrx_word' id='word_1_53' title='bbox 979 776 1329 834; x_wconf 76' lang='lat' dir='ltr'><strong>extollebant</strong></span> <span class='ocrx_word' id='word_1_54' title='bbox 1395 773 1764 846; x_wconf 82' lang='lat' dir='ltr'><strong>praeconium,</strong></span> <span class='ocrx_word' id='word_1_55' title='bbox 1840 774 1943 845; x_wconf 89' lang='lat' dir='ltr'><strong>qui</strong></span> 
     </span>
     <span class='ocr_line' id='line_1_10' title="bbox 306 862 1945 943; baseline -0.005 -15"><span class='ocrx_word' id='word_1_56' title='bbox 306 877 473 930; x_wconf 85' lang='lat' dir='ltr'><strong>erant</strong></span> <span class='ocrx_word' id='word_1_57' title='bbox 500 872 630 943; x_wconf 76' lang='lat' dir='ltr'><strong>eJus</strong></span> <span class='ocrx_word' id='word_1_58' title='bbox 678 871 1088 942; x_wconf 88' lang='lat' dir='ltr'><strong>persecutores.</strong></span> <span class='ocrx_word' id='word_1_59' title='bbox 1120 862 1448 937; x_wconf 87' lang='lat' dir='ltr'><strong>Corbagath</strong></span> <span class='ocrx_word' id='word_1_60' title='bbox 1489 878 1644 932; x_wconf 92' lang='lat' dir='ltr'><strong>vero,</strong></span> <span class='ocrx_word' id='word_1_61' title='bbox 1677 879 1809 919; x_wconf 89' lang='lat' dir='ltr'><strong>cum</strong></span> <span class='ocrx_word' id='word_1_62' title='bbox 1846 879 1945 935; x_wconf 91' lang='lat' dir='ltr'><strong>per</strong></span> 
     </span>
     <span class='ocr_line' id='line_1_11' title="bbox 307 952 1941 1033; baseline -0.007 -15"><span class='ocrx_word' id='word_1_63' title='bbox 307 964 432 1019; x_wconf 90' lang='lat' dir='ltr'><strong>dies</strong></span> <span class='ocrx_word' id='word_1_64' title='bbox 464 964 716 1033; x_wconf 86' lang='lat' dir='ltr'><strong>quatuor</strong></span> <span class='ocrx_word' id='word_1_65' title='bbox 745 960 804 1015; x_wconf 90' lang='lat' dir='ltr'><strong>in</strong></span> <span class='ocrx_word' id='word_1_66' title='bbox 844 957 1159 1025; x_wconf 88' lang='lat' dir='ltr'><strong>montanis,</strong></span> <span class='ocrx_word' id='word_1_67' title='bbox 1194 958 1258 1010; x_wconf 90' lang='lat' dir='ltr'><strong>ut</strong></span> <span class='ocrx_word' id='word_1_68' title='bbox 1301 952 1693 1025; x_wconf 76' lang='lat' dir='ltr'><strong>praediximus,</strong></span> <span class='ocrx_word' id='word_1_69' title='bbox 1717 968 1941 1008; x_wconf 88' lang='lat' dir='ltr'><strong>moram</strong></span> 
     </span>
     <span class='ocr_line' id='line_1_12' title="bbox 304 1042 1944 1117; baseline -0.007 -8"><span class='ocrx_word' id='word_1_70' title='bbox 304 1054 536 1111; x_wconf 78' lang='lat' dir='ltr'><strong>iecisset</strong></span> <span class='ocrx_word' id='word_1_71' title='bbox 565 1051 919 1117; x_wconf 87' lang='lat' dir='ltr'><strong>continuam,</strong></span> <span class='ocrx_word' id='word_1_72' title='bbox 942 1047 1141 1104; x_wconf 89' lang='lat' dir='ltr'><strong>videns</strong></span> <span class='ocrx_word' id='word_1_73' title='bbox 1189 1045 1341 1117; x_wconf 87' lang='lat' dir='ltr'><strong>quod</strong></span> <span class='ocrx_word' id='word_1_74' title='bbox 1387 1059 1500 1099; x_wconf 92' lang='lat' dir='ltr'><strong>non</strong></span> <span class='ocrx_word' id='word_1_75' title='bbox 1535 1042 1854 1114; x_wconf 85' lang='lat' dir='ltr'><strong>proficeret,</strong></span> <span class='ocrx_word' id='word_1_76' title='bbox 1885 1046 1944 1098; x_wconf 90' lang='lat' dir='ltr'><strong>et</strong></span> 
     </span>
     <span class='ocr_line' id='line_1_13' title="bbox 302 1131 1941 1217; baseline -0.009 -16"><span class='ocrx_word' id='word_1_77' title='bbox 302 1161 449 1217; x_wconf 83' lang='lat' dir='ltr'><strong>quos</strong></span> <span class='ocrx_word' id='word_1_78' title='bbox 479 1141 642 1214; x_wconf 89' lang='lat' dir='ltr'><strong>equis</strong></span> <span class='ocrx_word' id='word_1_79' title='bbox 661 1138 874 1213; x_wconf 89' lang='lat' dir='ltr'><strong>pabula</strong></span> <span class='ocrx_word' id='word_1_80' title='bbox 903 1136 1235 1202; x_wconf 80' lang='lat' dir='ltr'><strong>delicerent,</strong></span> <span class='ocrx_word' id='word_1_81' title='bbox 1258 1133 1466 1190; x_wconf 88' lang='lat' dir='ltr'><strong>solutis</strong></span> <span class='ocrx_word' id='word_1_82' title='bbox 1488 1131 1712 1202; x_wconf 86' lang='lat' dir='ltr'><strong>eastris,</strong></span> <span class='ocrx_word' id='word_1_83' title='bbox 1732 1131 1941 1188; x_wconf 90' lang='lat' dir='ltr'><strong>iterum</strong></span> 
     </span>
     <span class='ocr_line' id='line_1_14' title="bbox 300 1220 1942 1300; baseline -0.009 -9"><span class='ocrx_word' id='word_1_84' title='bbox 300 1248 434 1291; x_wconf 89' lang='lat' dir='ltr'><strong>cum</strong></span> <span class='ocrx_word' id='word_1_85' title='bbox 465 1230 752 1288; x_wconf 85' lang='lat' dir='ltr'><strong>universis</strong></span> <span class='ocrx_word' id='word_1_86' title='bbox 789 1225 1119 1300; x_wconf 77' lang='lat' dir='ltr'><strong>legionibus</strong></span> <span class='ocrx_word' id='word_1_87' title='bbox 1176 1222 1300 1281; x_wconf 90' lang='lat' dir='ltr'><strong>suis</strong></span> <span class='ocrx_word' id='word_1_88' title='bbox 1331 1223 1520 1279; x_wconf 90' lang='lat' dir='ltr'><strong>denuo</strong></span> <span class='ocrx_word' id='word_1_89' title='bbox 1550 1220 1844 1278; x_wconf 81' lang='lat' dir='ltr'><strong>descendit</strong></span> <span class='ocrx_word' id='word_1_90' title='bbox 1869 1221 1942 1277; x_wconf 90' lang='lat' dir='ltr'><strong>ad</strong></span> 
     </span>
     <span class='ocr_line' id='line_1_15' title="bbox 300 1311 1939 1394; baseline -0.007 -15"><span class='ocrx_word' id='word_1_91' title='bbox 300 1319 656 1394; x_wconf 69' lang='lat' dir='ltr'><strong>campestria</strong></span> <span class='ocrx_word' id='word_1_92' title='bbox 678 1336 693 1388; x_wconf 88' lang='grc'><strong>;</strong></span> <span class='ocrx_word' id='word_1_93' title='bbox 717 1323 774 1376; x_wconf 89' lang='lat' dir='ltr'><strong>et</strong></span> <span class='ocrx_word' id='word_1_94' title='bbox 786 1316 1030 1375; x_wconf 89' lang='lat' dir='ltr'><strong>transito</strong></span> <span class='ocrx_word' id='word_1_95' title='bbox 1050 1312 1291 1371; x_wconf 84' lang='lat' dir='ltr'><strong>numine</strong></span> <span class='ocrx_word' id='word_1_96' title='bbox 1306 1328 1406 1384; x_wconf 89' lang='lat' dir='ltr'><strong>per</strong></span> <span class='ocrx_word' id='word_1_97' title='bbox 1435 1311 1649 1369; x_wconf 84' lang='lat' dir='ltr'><strong>vadum</strong></span> <span class='ocrx_word' id='word_1_98' title='bbox 1673 1311 1939 1380; x_wconf 76' lang='lat' dir='ltr'><strong>inferius,</strong></span> 
     </span>
     <span class='ocr_line' id='line_1_16' title="bbox 301 1399 1941 1484; baseline -0.009 -16"><span class='ocrx_word' id='word_1_99' title='bbox 301 1411 530 1484; x_wconf 86' lang='lat' dir='ltr'><strong>partitis</strong></span> <span class='ocrx_word' id='word_1_100' title='bbox 546 1407 880 1482; x_wconf 81' lang='lat' dir='ltr'><strong>agminibus</strong></span> <span class='ocrx_word' id='word_1_101' title='bbox 901 1402 1411 1479; x_wconf 70' lang='lat' dir='ltr'><strong>aequipollentibus</strong></span> <span class='ocrx_word' id='word_1_102' title='bbox 1433 1399 1637 1472; x_wconf 89' lang='lat' dir='ltr'><strong>spatiis</strong></span> <span class='ocrx_word' id='word_1_103' title='bbox 1665 1404 1723 1456; x_wconf 83' lang='lat' dir='ltr'><strong>et</strong></span> <span class='ocrx_word' id='word_1_104' title='bbox 1739 1399 1941 1457; x_wconf 88' lang='lat' dir='ltr'><strong>locatis</strong></span> 
     </span>
     <span class='ocr_line' id='line_1_17' title="bbox 298 1487 1934 1573; baseline -0.009 -16"><span class='ocrx_word' id='word_1_105' title='bbox 298 1502 359 1557; x_wconf 90' lang='lat' dir='ltr'><strong>in</strong></span> <span class='ocrx_word' id='word_1_106' title='bbox 389 1515 599 1573; x_wconf 85' lang='lat' dir='ltr'><strong>gyrum</strong></span> <span class='ocrx_word' id='word_1_107' title='bbox 631 1495 995 1571; x_wconf 85' lang='lat' dir='ltr'><strong>principibus</strong></span> <span class='ocrx_word' id='word_1_108' title='bbox 1017 1493 1163 1555; x_wconf 90' lang='lat' dir='ltr'><strong>suis,</strong></span> <span class='ocrx_word' id='word_1_109' title='bbox 1186 1491 1389 1548; x_wconf 89' lang='lat' dir='ltr'><strong>urbem</strong></span> <span class='ocrx_word' id='word_1_110' title='bbox 1413 1489 1589 1546; x_wconf 85' lang='lat' dir='ltr'><strong>vallat</strong></span> <span class='ocrx_word' id='word_1_111' title='bbox 1602 1487 1934 1545; x_wconf 80' lang='lat' dir='ltr'><strong>obsidione:</strong></span> 
     </span>
     <span class='ocr_line' id='line_1_18' title="bbox 301 1577 1937 1657; baseline -0.009 -12"><span class='ocrx_word' id='word_1_112' title='bbox 301 1589 400 1645; x_wconf 90' lang='lat' dir='ltr'><strong>ubi</strong></span> <span class='ocrx_word' id='word_1_113' title='bbox 432 1591 573 1645; x_wconf 88' lang='lat' dir='ltr'><strong>dum</strong></span> <span class='ocrx_word' id='word_1_114' title='bbox 604 1586 699 1643; x_wconf 90' lang='lat' dir='ltr'><strong>die</strong></span> <span class='ocrx_word' id='word_1_115' title='bbox 729 1588 1030 1657; x_wconf 83' lang='lat' dir='ltr'><strong>sequente,</strong></span> <span class='ocrx_word' id='word_1_116' title='bbox 1063 1580 1304 1654; x_wconf 88' lang='lat' dir='ltr'><strong>quidam</strong></span> <span class='ocrx_word' id='word_1_117' title='bbox 1354 1579 1426 1635; x_wconf 91' lang='lat' dir='ltr'><strong>ab</strong></span> <span class='ocrx_word' id='word_1_118' title='bbox 1456 1577 1710 1634; x_wconf 86' lang='lat' dir='ltr'><strong>exercitu</strong></span> <span class='ocrx_word' id='word_1_119' title='bbox 1742 1577 1937 1645; x_wconf 87' lang='lat' dir='ltr'><strong>divisi,</strong></span> 
     </span>
     <span class='ocr_line' id='line_1_19' title="bbox 297 1665 1940 1743; baseline -0.008 -9"><span class='ocrx_word' id='word_1_120' title='bbox 297 1683 528 1734; x_wconf 85' lang='lat' dir='ltr'><strong>nostros</strong></span> <span class='ocrx_word' id='word_1_121' title='bbox 556 1676 628 1732; x_wconf 89' lang='lat' dir='ltr'><strong>ad</strong></span> <span class='ocrx_word' id='word_1_122' title='bbox 676 1674 1010 1732; x_wconf 83' lang='lat' dir='ltr'><strong>conflictum</strong></span> <span class='ocrx_word' id='word_1_123' title='bbox 1060 1673 1451 1743; x_wconf 85' lang='lat' dir='ltr'><strong>provocarent,</strong></span> <span class='ocrx_word' id='word_1_124' title='bbox 1483 1665 1728 1738; x_wconf 88' lang='lat' dir='ltr'><strong>contigit</strong></span> <span class='ocrx_word' id='word_1_125' title='bbox 1772 1668 1837 1722; x_wconf 90' lang='lat' dir='ltr'><strong>ut</strong></span> <span class='ocrx_word' id='word_1_126' title='bbox 1866 1666 1940 1722; x_wconf 90' lang='lat' dir='ltr'><strong>de</strong></span> 
     </span>
    </p>
   </div>
   <div class='ocr_carea' id='block_1_6' title="bbox 293 1755 1934 1926">
    <p class='ocr_par' dir='ltr' id='par_1_6' title="bbox 293 1755 1934 1926">
     <span class='ocr_line' id='line_1_20' title="bbox 297 1755 1934 1838; baseline -0.007 -15"><span class='ocrx_word' id='word_1_127' title='bbox 297 1768 465 1838; x_wconf 87' lang='lat' dir='ltr'><strong>equis</strong></span> <span class='ocrx_word' id='word_1_128' title='bbox 496 1765 911 1823; x_wconf 76' lang='lat' dir='ltr'><strong>descendentes</strong></span> <span class='ocrx_word' id='word_1_129' title='bbox 961 1765 1020 1820; x_wconf 87' lang='lat' dir='ltr'><strong>et</strong></span> <span class='ocrx_word' id='word_1_130' title='bbox 1074 1759 1170 1816; x_wconf 88' lang='lat' dir='ltr'><strong>his</strong></span> <span class='ocrx_word' id='word_1_131' title='bbox 1216 1758 1313 1830; x_wconf 88' lang='lat' dir='ltr'><strong>qui</strong></span> <span class='ocrx_word' id='word_1_132' title='bbox 1360 1755 1420 1812; x_wconf 91' lang='lat' dir='ltr'><strong>in</strong></span> <span class='ocrx_word' id='word_1_133' title='bbox 1444 1771 1610 1812; x_wconf 91' lang='lat' dir='ltr'><strong>muro</strong></span> <span class='ocrx_word' id='word_1_134' title='bbox 1640 1760 1805 1812; x_wconf 85' lang='lat' dir='ltr'><strong>erant</strong></span> <span class='ocrx_word' id='word_1_135' title='bbox 1834 1755 1934 1811; x_wconf 90' lang='lat' dir='ltr'><strong>in·</strong></span> 
     </span>
     <span class='ocr_line' id='line_1_21' title="bbox 293 1843 1932 1926; baseline -0.008 -16"><span class='ocrx_word' id='word_1_136' title='bbox 293 1858 516 1911; x_wconf 82' lang='lat' dir='ltr'><strong>stantes</strong></span> <span class='ocrx_word' id='word_1_137' title='bbox 581 1852 906 1926; x_wconf 89' lang='lat' dir='ltr'><strong>protervius</strong></span> <span class='ocrx_word' id='word_1_138' title='bbox 953 1863 1193 1906; x_wconf 89' lang='lat' dir='ltr'><strong>suorum</strong></span> <span class='ocrx_word' id='word_1_139' title='bbox 1225 1847 1514 1918; x_wconf 76' lang='lat' dir='ltr'><strong>iacturam</strong></span> <span class='ocrx_word' id='word_1_140' title='bbox 1546 1843 1932 1901; x_wconf 79' lang='lat' dir='ltr'><strong>incurrerent.</strong></span> 
     </span>
    </p>
   </div>
   <div class='ocr_carea' id='block_1_7' title="bbox 285 1935 1939 2549">
    <p class='ocr_par' dir='ltr' id='par_1_7' title="bbox 285 1935 1939 2549">
     <span class='ocr_line' id='line_1_22' title="bbox 292 1935 1936 2006; baseline -0.006 -7"><span class='ocrx_word' id='word_1_141' title='bbox 292 1941 581 1999; x_wconf 84' lang='lat' dir='ltr'><strong>Dominus</strong></span> <span class='ocrx_word' id='word_1_142' title='bbox 643 1939 801 1997; x_wconf 89' lang='lat' dir='ltr'><strong>enim</strong></span> <span class='ocrx_word' id='word_1_143' title='bbox 867 1935 1202 1995; x_wconf 85' lang='lat' dir='ltr'><strong>Tancredus</strong></span> <span class='ocrx_word' id='word_1_144' title='bbox 1246 1950 1346 2006; x_wconf 85' lang='lat' dir='ltr'><strong>per</strong></span> <span class='ocrx_word' id='word_1_145' title='bbox 1405 1935 1626 2005; x_wconf 90' lang='lat' dir='ltr'><strong>portam</strong></span> <span class='ocrx_word' id='word_1_146' title='bbox 1673 1947 1936 2002; x_wconf 69' lang='lat' dir='ltr'><strong>egressus</strong></span> 
     </span>
     <span class='ocr_line' id='line_1_23' title="bbox 291 2021 1939 2099; baseline -0.005 -11"><span class='ocrx_word' id='word_1_147' title='bbox 291 2029 664 2099; x_wconf 80' lang='lat' dir='ltr'><strong>orientalem,</strong></span> <span class='ocrx_word' id='word_1_148' title='bbox 695 2029 756 2085; x_wconf 91' lang='lat' dir='ltr'><strong>in</strong></span> <span class='ocrx_word' id='word_1_149' title='bbox 808 2027 915 2084; x_wconf 89' lang='lat' dir='ltr'><strong>hos</strong></span> <span class='ocrx_word' id='word_1_150' title='bbox 972 2026 1118 2082; x_wconf 87' lang='lat' dir='ltr'><strong>tales</strong></span> <span class='ocrx_word' id='word_1_151' title='bbox 1166 2023 1335 2080; x_wconf 89' lang='lat' dir='ltr'><strong>irruit</strong></span> <span class='ocrx_word' id='word_1_152' title='bbox 1389 2021 1642 2090; x_wconf 87' lang='lat' dir='ltr'><strong>subitus,</strong></span> <span class='ocrx_word' id='word_1_153' title='bbox 1666 2024 1723 2077; x_wconf 87' lang='lat' dir='ltr'><strong>et</strong></span> <span class='ocrx_word' id='word_1_154' title='bbox 1776 2027 1939 2080; x_wconf 90' lang='lat' dir='ltr'><strong>ante-</strong></span> 
     </span>
     <span class='ocr_line' id='line_1_24' title="bbox 289 2113 1937 2193; baseline -0.006 -16"><span class='ocrx_word' id='word_1_155' title='bbox 289 2136 464 2193; x_wconf 88' lang='lat' dir='ltr'><strong>quam</strong></span> <span class='ocrx_word' id='word_1_156' title='bbox 497 2120 572 2176; x_wconf 88' lang='lat' dir='ltr'><strong>ad</strong></span> <span class='ocrx_word' id='word_1_157' title='bbox 615 2134 799 2191; x_wconf 90' lang='lat' dir='ltr'><strong>equos</strong></span> <span class='ocrx_word' id='word_1_158' title='bbox 832 2119 1067 2189; x_wconf 82' lang='lat' dir='ltr'><strong>possent</strong></span> <span class='ocrx_word' id='word_1_159' title='bbox 1121 2113 1334 2171; x_wconf 89' lang='lat' dir='ltr'><strong>babere</strong></span> <span class='ocrx_word' id='word_1_160' title='bbox 1383 2126 1705 2179; x_wconf 87' lang='lat' dir='ltr'><strong>recursum,</strong></span> <span class='ocrx_word' id='word_1_161' title='bbox 1737 2126 1838 2167; x_wconf 88' lang='lat' dir='ltr'><strong>sex</strong></span> <span class='ocrx_word' id='word_1_162' title='bbox 1867 2127 1937 2167; x_wconf 86' lang='lat' dir='ltr'><strong>ex</strong></span> 
     </span>
     <span class='ocr_line' id='line_1_25' title="bbox 287 2199 1933 2277; baseline -0.005 -11"><span class='ocrx_word' id='word_1_163' title='bbox 287 2210 372 2266; x_wconf 88' lang='lat' dir='ltr'><strong>eis</strong></span> <span class='ocrx_word' id='word_1_164' title='bbox 402 2208 770 2276; x_wconf 90' lang='lat' dir='ltr'><strong>interimens,</strong></span> <span class='ocrx_word' id='word_1_165' title='bbox 803 2205 1059 2277; x_wconf 87' lang='lat' dir='ltr'><strong>reliquos</strong></span> <span class='ocrx_word' id='word_1_166' title='bbox 1089 2203 1149 2259; x_wconf 92' lang='lat' dir='ltr'><strong>in</strong></span> <span class='ocrx_word' id='word_1_167' title='bbox 1200 2203 1399 2274; x_wconf 78' lang='lat' dir='ltr'><strong>fugam</strong></span> <span class='ocrx_word' id='word_1_168' title='bbox 1431 2199 1621 2272; x_wconf 79' lang='lat' dir='ltr'><strong>adegit</strong></span> <span class='ocrx_word' id='word_1_169' title='bbox 1644 2215 1659 2267; x_wconf 86' lang='lat'>;</span> <span class='ocrx_word' id='word_1_170' title='bbox 1683 2216 1933 2272; x_wconf 87' lang='lat' dir='ltr'><strong>quorum</strong></span> 
     </span>
     <span class='ocr_line' id='line_1_26' title="bbox 287 2289 1931 2370; baseline -0.005 -15"><span class='ocrx_word' id='word_1_171' title='bbox 287 2303 603 2370; x_wconf 85' lang='lat' dir='ltr'><strong>amputans</strong></span> <span class='ocrx_word' id='word_1_172' title='bbox 626 2297 836 2368; x_wconf 89' lang='lat' dir='ltr'><strong>capita,</strong></span> <span class='ocrx_word' id='word_1_173' title='bbox 869 2295 930 2350; x_wconf 92' lang='lat' dir='ltr'><strong>in</strong></span> <span class='ocrx_word' id='word_1_174' title='bbox 983 2294 1186 2350; x_wconf 88' lang='lat' dir='ltr'><strong>urbem</strong></span> <span class='ocrx_word' id='word_1_175' title='bbox 1241 2289 1438 2348; x_wconf 89' lang='lat' dir='ltr'><strong>intulit</strong></span> <span class='ocrx_word' id='word_1_176' title='bbox 1467 2291 1539 2346; x_wconf 86' lang='lat' dir='ltr'><strong>ad</strong></span> <span class='ocrx_word' id='word_1_177' title='bbox 1581 2289 1931 2348; x_wconf 85' lang='lat' dir='ltr'><strong>consolatio·</strong></span> 
     </span>
     <span class='ocr_line' id='line_1_27' title="bbox 285 2377 1929 2459; baseline -0.006 -15"><span class='ocrx_word' id='word_1_178' title='bbox 285 2404 416 2444; x_wconf 89' lang='lat' dir='ltr'><strong>nem</strong></span> <span class='ocrx_word' id='word_1_179' title='bbox 453 2386 672 2459; x_wconf 88' lang='lat' dir='ltr'><strong>populi,</strong></span> <span class='ocrx_word' id='word_1_180' title='bbox 706 2385 806 2458; x_wconf 88' lang='lat' dir='ltr'><strong>qui</strong></span> <span class='ocrx_word' id='word_1_181' title='bbox 840 2400 942 2456; x_wconf 89' lang='lat' dir='ltr'><strong>pro</strong></span> <span class='ocrx_word' id='word_1_182' title='bbox 974 2383 1202 2440; x_wconf 74' lang='lat' dir='ltr'><strong>deiectu</strong></span> <span class='ocrx_word' id='word_1_183' title='bbox 1236 2377 1443 2452; x_wconf 87' lang='lat' dir='ltr'><strong>Rogeri</strong></span> <span class='ocrx_word' id='word_1_184' title='bbox 1473 2379 1545 2436; x_wconf 90' lang='lat' dir='ltr'><strong>de</strong></span> <span class='ocrx_word' id='word_1_185' title='bbox 1584 2377 1929 2448; x_wconf 85' lang='lat' dir='ltr'><strong>Barnavilla,</strong></span> 
     </span>
     <span class='ocr_line' id='line_1_28' title="bbox 285 2468 1930 2549; baseline -0.002 -18"><span class='ocrx_word' id='word_1_186' title='bbox 285 2476 388 2549; x_wconf 87' lang='lat' dir='ltr'><strong>qui</strong></span> <span class='ocrx_word' id='word_1_187' title='bbox 417 2476 636 2532; x_wconf 82' lang='lat' dir='ltr'><strong>ibidem</strong></span> <span class='ocrx_word' id='word_1_188' title='bbox 667 2475 900 2531; x_wconf 88' lang='lat' dir='ltr'><strong>occisus</strong></span> <span class='ocrx_word' id='word_1_189' title='bbox 931 2472 1140 2541; x_wconf 78' lang='lat' dir='ltr'><strong>iuerat,</strong></span> <span class='ocrx_word' id='word_1_190' title='bbox 1163 2468 1324 2543; x_wconf 88' lang='lat' dir='ltr'><strong>gravi</strong></span> <span class='ocrx_word' id='word_1_191' title='bbox 1360 2482 1604 2525; x_wconf 86' lang='lat' dir='ltr'><strong>moerore</strong></span> <span class='ocrx_word' id='word_1_192' title='bbox 1635 2470 1930 2527; x_wconf 84' lang='lat' dir='ltr'><strong>concutie-</strong></span> 
     </span>
    </p>
   </div>
   <div class='ocr_carea' id='block_1_8' title="bbox 287 2566 479 2622">
    <p class='ocr_par' dir='ltr' id='par_1_8' title="bbox 287 2566 479 2622">
     <span class='ocr_line' id='line_1_29' title="bbox 287 2566 479 2622; baseline 0.005 -1"><span class='ocrx_word' id='word_1_193' title='bbox 287 2566 479 2622; x_wconf 85' lang='lat' dir='ltr'><strong>batur.</strong></span> 
     </span>
    </p>
   </div>
   <div class='ocr_carea' id='block_1_9' title="bbox 937 2668 1272 2726">
    <p class='ocr_par' dir='ltr' id='par_1_9' title="bbox 937 2668 1272 2726">
     <span class='ocr_line' id='line_1_30' title="bbox 937 2668 1272 2726; baseline 0.003 -2"><span class='ocrx_word' id='word_1_194' title='bbox 937 2668 1171 2726; x_wconf 81' lang='lat' dir='ltr'>CAPUT</span> <span class='ocrx_word' id='word_1_195' title='bbox 1202 2668 1272 2725; x_wconf 89' lang='lat' dir='ltr'><strong>V.</strong></span> 
     </span>
    </p>
   </div>
   <div class='ocr_carea' id='block_1_10' title="bbox 286 2756 1931 2902">
    <p class='ocr_par' dir='ltr' id='par_1_10' title="bbox 286 2756 1931 2902">
     <span class='ocr_line' id='line_1_31' title="bbox 286 2756 1931 2832; baseline 0.002 -17"><span class='ocrx_word' id='word_1_196' title='bbox 286 2760 530 2832; x_wconf 85' lang='lat' dir='ltr'><strong>Populus</strong></span> <span class='ocrx_word' id='word_1_197' title='bbox 570 2761 729 2827; x_wconf 73' lang='lat' dir='ltr'><strong>infra</strong></span> <span class='ocrx_word' id='word_1_198' title='bbox 776 2759 968 2814; x_wconf 82' lang='lat' dir='ltr'><strong>urbem</strong></span> <span class='ocrx_word' id='word_1_199' title='bbox 998 2758 1178 2814; x_wconf 77' lang='lat' dir='ltr'><strong>multa</strong></span> <span class='ocrx_word' id='word_1_200' title='bbox 1211 2756 1423 2814; x_wconf 80' lang='lat' dir='ltr'><strong>laboral</strong></span> <span class='ocrx_word' id='word_1_201' title='bbox 1454 2759 1659 2816; x_wconf 83' lang='lat' dir='ltr'><strong>inedia.</strong></span> <span class='ocrx_word' id='word_1_202' title='bbox 1694 2761 1931 2830; x_wconf 80' lang='lat' dir='ltr'><strong>Quidam</strong></span> 
     </span>
     <span class='ocr_line' id='line_1_32' title="bbox 351 2829 1931 2902; baseline 0.003 -15"><span class='ocrx_word' id='word_1_203' title='bbox 351 2831 571 2887; x_wconf 79' lang='lat' dir='ltr'><strong>nobiles</strong></span> <span class='ocrx_word' id='word_1_204' title='bbox 589 2833 738 2888; x_wconf 85' lang='lat' dir='ltr'><strong>elam</strong></span> <span class='ocrx_word' id='word_1_205' title='bbox 757 2829 887 2887; x_wconf 84' lang='lat' dir='ltr'><strong>inde</strong></span> <span class='ocrx_word' id='word_1_206' title='bbox 918 2832 1232 2902; x_wconf 74' lang='lat' dir='ltr'><strong>ausuyiunt</strong></span> <span class='ocrx_word' id='word_1_207' title='bbox 1250 2847 1273 2895; x_wconf 91' lang='lat'><em>;</em></span> <span class='ocrx_word' id='word_1_208' title='bbox 1300 2831 1642 2889; x_wconf 83' lang='lat' dir='ltr'><strong>Boamundus</strong></span> <span class='ocrx_word' id='word_1_209' title='bbox 1662 2834 1931 2891; x_wconf 81' lang='lat' dir='ltr'><strong>universis</strong></span> 
     </span>
    </p>
   </div>
   <div class='ocr_carea' id='block_1_11' title="bbox 274 2903 1935 4416">
    <p class='ocr_par' dir='ltr' id='par_1_11' title="bbox 353 2903 686 2977">
     <span class='ocr_line' id='line_1_33' title="bbox 353 2903 686 2977; baseline 0.003 -19"><span class='ocrx_word' id='word_1_210' title='bbox 353 2903 686 2977; x_wconf 78' lang='lat' dir='ltr'><strong>praeficitur.</strong></span> 
     </span>
    </p>

    <p class='ocr_par' dir='ltr' id='par_1_12' title="bbox 274 3010 1935 4416">
     <span class='ocr_line' id='line_1_34' title="bbox 355 3010 1927 3085; baseline 0.003 -17"><span class='ocrx_word' id='word_1_211' title='bbox 355 3011 578 3069; x_wconf 79' lang='lat' dir='ltr'><strong>Interea</strong></span> <span class='ocrx_word' id='word_1_212' title='bbox 611 3010 884 3085; x_wconf 90' lang='lat' dir='ltr'><strong>populus,</strong></span> <span class='ocrx_word' id='word_1_213' title='bbox 913 3010 1011 3084; x_wconf 89' lang='lat' dir='ltr'><strong>qui</strong></span> <span class='ocrx_word' id='word_1_214' title='bbox 1035 3010 1236 3084; x_wconf 80' lang='lat' dir='ltr'><strong>paucis</strong></span> <span class='ocrx_word' id='word_1_215' title='bbox 1267 3014 1402 3068; x_wconf 85' lang='lat' dir='ltr'><strong>ante</strong></span> <span class='ocrx_word' id='word_1_216' title='bbox 1423 3012 1632 3069; x_wconf 89' lang='lat' dir='ltr'><strong>diebus</strong></span> <span class='ocrx_word' id='word_1_217' title='bbox 1662 3015 1927 3072; x_wconf 90' lang='lat' dir='ltr'><strong>eamdem</strong></span> 
     </span>
     <span class='ocr_line' id='line_1_35' title="bbox 284 3100 1927 3166; baseline 0.002 -9"><span class='ocrx_word' id='word_1_218' title='bbox 284 3102 489 3158; x_wconf 91' lang='lat' dir='ltr'><strong>urbem</strong></span> <span class='ocrx_word' id='word_1_219' title='bbox 504 3100 806 3158; x_wconf 88' lang='lat' dir='ltr'><strong>obsederat</strong></span> <span class='ocrx_word' id='word_1_220' title='bbox 819 3105 876 3156; x_wconf 90' lang='lat' dir='ltr'><strong>et</strong></span> <span class='ocrx_word' id='word_1_221' title='bbox 894 3100 1193 3157; x_wconf 88' lang='lat' dir='ltr'><strong>obsessam</strong></span> <span class='ocrx_word' id='word_1_222' title='bbox 1214 3100 1604 3158; x_wconf 85' lang='lat' dir='ltr'><strong>vindicaverat</strong></span> <span class='ocrx_word' id='word_1_223' title='bbox 1625 3102 1927 3166; x_wconf 86' lang='lat' dir='ltr'><strong>violenter,</strong></span> 
     </span>
     <span class='ocr_line' id='line_1_36' title="bbox 293 3188 1935 3258; baseline 0.002 -12"><span class='ocrx_word' id='word_1_224' title='bbox 293 3206 447 3247; x_wconf 90' lang='lat' dir='ltr'><strong>nunc</strong></span> <span class='ocrx_word' id='word_1_225' title='bbox 478 3206 646 3246; x_wconf 85' lang='lat' dir='ltr'><strong>versa</strong></span> <span class='ocrx_word' id='word_1_226' title='bbox 690 3190 838 3258; x_wconf 88' lang='lat' dir='ltr'><strong>viee,</strong></span> <span class='ocrx_word' id='word_1_227' title='bbox 871 3190 1024 3245; x_wconf 82' lang='lat' dir='ltr'><strong>sicut</strong></span> <span class='ocrx_word' id='word_1_228' title='bbox 1060 3193 1117 3245; x_wconf 90' lang='lat' dir='ltr'><strong>et</strong></span> <span class='ocrx_word' id='word_1_229' title='bbox 1157 3205 1351 3245; x_wconf 87' lang='lat' dir='ltr'><strong>rerum</strong></span> <span class='ocrx_word' id='word_1_230' title='bbox 1384 3188 1529 3246; x_wconf 88' lang='lat' dir='ltr'><strong>solet</strong></span> <span class='ocrx_word' id='word_1_231' title='bbox 1559 3207 1689 3248; x_wconf 89' lang='lat' dir='ltr'><strong>esse</strong></span> <span class='ocrx_word' id='word_1_232' title='bbox 1709 3192 1935 3250; x_wconf 85' lang='lat' dir='ltr'><strong>vicissi-</strong></span> 
     </span>
     <span class='ocr_line' id='line_1_37' title="bbox 283 3277 1928 3351; baseline 0.002 -16"><span class='ocrx_word' id='word_1_233' title='bbox 283 3280 447 3348; x_wconf 86' lang='lat' dir='ltr'><strong>tudo,</strong></span> <span class='ocrx_word' id='word_1_234' title='bbox 479 3277 846 3335; x_wconf 87' lang='lat' dir='ltr'><strong>obsidionem</strong></span> <span class='ocrx_word' id='word_1_235' title='bbox 910 3277 1234 3344; x_wconf 89' lang='lat' dir='ltr'><strong>sustinens,</strong></span> <span class='ocrx_word' id='word_1_236' title='bbox 1265 3278 1422 3351; x_wconf 88' lang='lat' dir='ltr'><strong>gravi</strong></span> <span class='ocrx_word' id='word_1_237' title='bbox 1474 3296 1651 3351; x_wconf 90' lang='lat' dir='ltr'><strong>supra</strong></span> <span class='ocrx_word' id='word_1_238' title='bbox 1693 3283 1928 3340; x_wconf 88' lang='lat' dir='ltr'><strong>modum</strong></span> 
     </span>
     <span class='ocr_line' id='line_1_38' title="bbox 284 3367 1927 3444; baseline 0.001 -18"><span class='ocrx_word' id='word_1_239' title='bbox 284 3368 697 3426; x_wconf 86' lang='lat' dir='ltr'><strong>molestabatur</strong></span> <span class='ocrx_word' id='word_1_240' title='bbox 720 3368 915 3424; x_wconf 89' lang='lat' dir='ltr'><strong>inedia</strong></span> <span class='ocrx_word' id='word_1_241' title='bbox 937 3374 990 3424; x_wconf 90' lang='lat' dir='ltr'><strong>et</strong></span> <span class='ocrx_word' id='word_1_242' title='bbox 1020 3367 1323 3424; x_wconf 86' lang='lat' dir='ltr'><strong>immensis</strong></span> <span class='ocrx_word' id='word_1_243' title='bbox 1348 3385 1527 3441; x_wconf 88' lang='lat' dir='ltr'><strong>supra</strong></span> <span class='ocrx_word' id='word_1_244' title='bbox 1542 3370 1687 3427; x_wconf 81' lang='lat' dir='ltr'><strong>vires</strong></span> <span class='ocrx_word' id='word_1_245' title='bbox 1723 3371 1927 3444; x_wconf 79' lang='lat' dir='ltr'><strong>fatiga-</strong></span> 
     </span>
     <span class='ocr_line' id='line_1_39' title="bbox 283 3455 1926 3532; baseline 0.001 -17"><span class='ocrx_word' id='word_1_246' title='bbox 283 3460 455 3516; x_wconf 85' lang='lat' dir='ltr'><strong>batur</strong></span> <span class='ocrx_word' id='word_1_247' title='bbox 485 3456 796 3514; x_wconf 82' lang='lat' dir='ltr'><strong>laboribus.</strong></span> <span class='ocrx_word' id='word_1_248' title='bbox 838 3455 997 3513; x_wconf 88' lang='lat' dir='ltr'><strong>Foris</strong></span> <span class='ocrx_word' id='word_1_249' title='bbox 1029 3460 1150 3512; x_wconf 82' lang='lat' dir='ltr'><strong>erat</strong></span> <span class='ocrx_word' id='word_1_250' title='bbox 1177 3455 1425 3527; x_wconf 88' lang='lat' dir='ltr'><strong>gladius,</strong></span> <span class='ocrx_word' id='word_1_251' title='bbox 1456 3461 1514 3514; x_wconf 88' lang='lat' dir='ltr'><strong>et</strong></span> <span class='ocrx_word' id='word_1_252' title='bbox 1540 3457 1699 3516; x_wconf 88' lang='lat' dir='ltr'><strong>intus</strong></span> <span class='ocrx_word' id='word_1_253' title='bbox 1728 3477 1926 3532; x_wconf 85' lang='lat' dir='ltr'><strong>pavor.</strong></span> 
     </span>
     <span class='ocr_line' id='line_1_40' title="bbox 284 3545 1931 3619; baseline 0.001 -16"><span class='ocrx_word' id='word_1_254' title='bbox 284 3547 451 3619; x_wconf 85' lang='lat' dir='ltr'><strong>Nam,</strong></span> <span class='ocrx_word' id='word_1_255' title='bbox 481 3553 685 3619; x_wconf 82' lang='lat' dir='ltr'><strong>praeter</strong></span> <span class='ocrx_word' id='word_1_256' title='bbox 704 3561 852 3614; x_wconf 90' lang='lat' dir='ltr'><strong>eam,</strong></span> <span class='ocrx_word' id='word_1_257' title='bbox 883 3562 1062 3618; x_wconf 88' lang='lat' dir='ltr'><strong>quam</strong></span> <span class='ocrx_word' id='word_1_258' title='bbox 1093 3545 1164 3601; x_wconf 92' lang='lat' dir='ltr'><strong>de</strong></span> <span class='ocrx_word' id='word_1_259' title='bbox 1195 3546 1520 3603; x_wconf 87' lang='lat' dir='ltr'><strong>numerosis</strong></span> <span class='ocrx_word' id='word_1_260' title='bbox 1547 3547 1931 3619; x_wconf 89' lang='lat' dir='ltr'><strong>expeditioni-</strong></span> 
     </span>
     <span class='ocr_line' id='line_1_41' title="bbox 282 3634 1927 3708; baseline 0.001 -15"><span class='ocrx_word' id='word_1_261' title='bbox 282 3637 398 3694; x_wconf 86' lang='lat' dir='ltr'><strong>bus</strong></span> <span class='ocrx_word' id='word_1_262' title='bbox 426 3653 551 3708; x_wconf 84' lang='lat' dir='ltr'><strong>quae</strong></span> <span class='ocrx_word' id='word_1_263' title='bbox 580 3635 653 3692; x_wconf 93' lang='lat' dir='ltr'><strong>ab</strong></span> <span class='ocrx_word' id='word_1_264' title='bbox 675 3635 1057 3693; x_wconf 83' lang='lat' dir='ltr'><strong>exterioribus</strong></span> <span class='ocrx_word' id='word_1_265' title='bbox 1088 3634 1290 3692; x_wconf 88' lang='lat' dir='ltr'><strong>urbem</strong></span> <span class='ocrx_word' id='word_1_266' title='bbox 1319 3635 1688 3707; x_wconf 84' lang='lat' dir='ltr'><strong>obsederant,</strong></span> <span class='ocrx_word' id='word_1_267' title='bbox 1718 3639 1927 3695; x_wconf 89' lang='lat' dir='ltr'><strong>merito</strong></span> 
     </span>
     <span class='ocr_line' id='line_1_42' title="bbox 285 3722 1925 3796; baseline -0.001 -12"><span class='ocrx_word' id='word_1_268' title='bbox 285 3729 665 3794; x_wconf 87' lang='lat' dir='ltr'><strong>conceperant</strong></span> <span class='ocrx_word' id='word_1_269' title='bbox 682 3723 1050 3781; x_wconf 79' lang='lat' dir='ltr'><strong>formidinem</strong></span> <span class='ocrx_word' id='word_1_270' title='bbox 1070 3722 1370 3794; x_wconf 80' lang='lat' dir='ltr'><strong>3b0stibus</strong></span> <span class='ocrx_word' id='word_1_271' title='bbox 1385 3723 1576 3781; x_wconf 89' lang='lat' dir='ltr'><strong>adhue</strong></span> <span class='ocrx_word' id='word_1_272' title='bbox 1588 3725 1925 3796; x_wconf 79' lang='lat' dir='ltr'><strong>praesidium</strong></span> 
     </span>
     <span class='ocr_line' id='line_1_43' title="bbox 284 3812 1923 3885; baseline 0.001 -14"><span class='ocrx_word' id='word_1_273' title='bbox 284 3814 706 3883; x_wconf 86' lang='lat' dir='ltr'><strong>detinentibus,</strong></span> <span class='ocrx_word' id='word_1_274' title='bbox 738 3815 893 3871; x_wconf 90' lang='lat' dir='ltr'><strong>unde</strong></span> <span class='ocrx_word' id='word_1_275' title='bbox 953 3814 1170 3870; x_wconf 84' lang='lat' dir='ltr'><strong>fiebant</strong></span> <span class='ocrx_word' id='word_1_276' title='bbox 1215 3812 1558 3885; x_wconf 61' lang='lat' dir='ltr'><strong>saepissime,</strong></span> <span class='ocrx_word' id='word_1_277' title='bbox 1590 3818 1656 3870; x_wconf 88' lang='lat' dir='ltr'><strong>ut</strong></span> <span class='ocrx_word' id='word_1_278' title='bbox 1698 3814 1923 3873; x_wconf 88' lang='lat' dir='ltr'><strong>dictum</strong></span> 
     </span>
     <span class='ocr_line' id='line_1_44' title="bbox 282 3903 1925 3977; baseline 0.001 -15"><span class='ocrx_word' id='word_1_279' title='bbox 282 3910 390 3973; x_wconf 88' lang='lat' dir='ltr'><strong>est,</strong></span> <span class='ocrx_word' id='word_1_280' title='bbox 425 3905 799 3977; x_wconf 88' lang='lat' dir='ltr'><strong>irruptiones,</strong></span> <span class='ocrx_word' id='word_1_281' title='bbox 831 3921 945 3962; x_wconf 89' lang='lat' dir='ltr'><strong>non</strong></span> <span class='ocrx_word' id='word_1_282' title='bbox 985 3908 1110 3962; x_wconf 85' lang='lat' dir='ltr'><strong>erat</strong></span> <span class='ocrx_word' id='word_1_283' title='bbox 1140 3903 1255 3962; x_wconf 86' lang='lat' dir='ltr'><strong>illis</strong></span> <span class='ocrx_word' id='word_1_284' title='bbox 1280 3903 1693 3975; x_wconf 83' lang='lat' dir='ltr'><strong>tranquillitas.</strong></span> <span class='ocrx_word' id='word_1_285' title='bbox 1722 3905 1925 3963; x_wconf 80' lang='lat' dir='ltr'><strong>Flebat</strong></span> 
     </span>
     <span class='ocr_line' id='line_1_45' title="bbox 281 3992 1921 4066; baseline 0.002 -18"><span class='ocrx_word' id='word_1_286' title='bbox 281 3993 481 4066; x_wconf 88' lang='lat' dir='ltr'><strong>igitur,</strong></span> <span class='ocrx_word' id='word_1_287' title='bbox 516 3994 767 4065; x_wconf 88' lang='lat' dir='ltr'><strong>peccatis</strong></span> <span class='ocrx_word' id='word_1_288' title='bbox 794 4010 995 4050; x_wconf 86' lang='lat' dir='ltr'><strong>eorum</strong></span> <span class='ocrx_word' id='word_1_289' title='bbox 1044 3992 1433 4064; x_wconf 83' lang='lat' dir='ltr'><strong>exigentibus,</strong></span> <span class='ocrx_word' id='word_1_290' title='bbox 1454 3994 1608 4064; x_wconf 91' lang='lat' dir='ltr'><strong>quod</strong></span> <span class='ocrx_word' id='word_1_291' title='bbox 1659 3992 1830 4051; x_wconf 89' lang='lat' dir='ltr'><strong>multi</strong></span> <span class='ocrx_word' id='word_1_292' title='bbox 1860 3994 1921 4051; x_wconf 91' lang='lat' dir='ltr'><strong>in</strong></span> 
     </span>
     <span class='ocr_line' id='line_1_46' title="bbox 278 4080 1918 4155; baseline 0.002 -18"><span class='ocrx_word' id='word_1_293' title='bbox 278 4080 742 4153; x_wconf 87' lang='lat' dir='ltr'><strong>desperationem</strong></span> <span class='ocrx_word' id='word_1_294' title='bbox 774 4081 941 4154; x_wconf 88' lang='lat' dir='ltr'><strong>lapsi,</strong></span> <span class='ocrx_word' id='word_1_295' title='bbox 976 4080 1742 4153; x_wconf 74' lang='lat' dir='ltr'><strong>professionisimmemores</strong></span> <span class='ocrx_word' id='word_1_296' title='bbox 1763 4084 1918 4155; x_wconf 85' lang='lat' dir='ltr'><strong>etju.</strong></span> 
     </span>
     <span class='ocr_line' id='line_1_47' title="bbox 278 4170 1919 4242; baseline 0.002 -14"><span class='ocrx_word' id='word_1_297' title='bbox 278 4175 673 4228; x_wconf 87' lang='lat' dir='ltr'><strong>ramentorum</strong></span> <span class='ocrx_word' id='word_1_298' title='bbox 692 4187 819 4242; x_wconf 80' lang='lat' dir='ltr'><strong>quae</strong></span> <span class='ocrx_word' id='word_1_299' title='bbox 842 4170 1220 4226; x_wconf 82' lang='lat' dir='ltr'><strong>exhibuerant</strong></span> <span class='ocrx_word' id='word_1_300' title='bbox 1245 4170 1492 4241; x_wconf 86' lang='lat' dir='ltr'><strong>prodigi,</strong></span> <span class='ocrx_word' id='word_1_301' title='bbox 1509 4170 1657 4227; x_wconf 90' lang='lat' dir='ltr'><strong>clam</strong></span> <span class='ocrx_word' id='word_1_302' title='bbox 1683 4172 1919 4232; x_wconf 77' lang='lat' dir='ltr'><strong>funibus</strong></span> 
     </span>
     <span class='ocr_line' id='line_1_48' title="bbox 275 4256 1914 4330; baseline 0.003 -17"><span class='ocrx_word' id='word_1_303' title='bbox 275 4262 335 4313; x_wconf 84' lang='lat' dir='ltr'><strong>et</strong></span> <span class='ocrx_word' id='word_1_304' title='bbox 364 4258 422 4311; x_wconf 88' lang='lat' dir='ltr'><strong>in</strong></span> <span class='ocrx_word' id='word_1_305' title='bbox 455 4258 675 4327; x_wconf 88' lang='lat' dir='ltr'><strong>sportis</strong></span> <span class='ocrx_word' id='word_1_306' title='bbox 704 4272 808 4328; x_wconf 89' lang='lat' dir='ltr'><strong>per</strong></span> <span class='ocrx_word' id='word_1_307' title='bbox 838 4272 1072 4313; x_wconf 90' lang='lat' dir='ltr'><strong>murum</strong></span> <span class='ocrx_word' id='word_1_308' title='bbox 1111 4256 1368 4325; x_wconf 88' lang='lat' dir='ltr'><strong>demissi,</strong></span> <span class='ocrx_word' id='word_1_309' title='bbox 1399 4257 1686 4315; x_wconf 88' lang='lat' dir='ltr'><strong>derelictis</strong></span> <span class='ocrx_word' id='word_1_310' title='bbox 1718 4260 1914 4330; x_wconf 89' lang='lat' dir='ltr'><strong>sociis,</strong></span> 
     </span>
     <span class='ocr_line' id='line_1_49' title="bbox 274 4344 1915 4416; baseline 0.004 -14"><span class='ocrx_word' id='word_1_311' title='bbox 274 4344 619 4413; x_wconf 71' lang='lat' dir='ltr'><strong>aufugerent</strong></span> <span class='ocrx_word' id='word_1_312' title='bbox 649 4344 720 4400; x_wconf 88' lang='lat' dir='ltr'><strong>ad</strong></span> <span class='ocrx_word' id='word_1_313' title='bbox 755 4361 950 4402; x_wconf 90' lang='lat' dir='ltr'><strong>mare:</strong></span> <span class='ocrx_word' id='word_1_314' title='bbox 983 4360 1053 4401; x_wconf 90' lang='lat' dir='ltr'><strong>ex</strong></span> <span class='ocrx_word' id='word_1_315' title='bbox 1081 4345 1294 4416; x_wconf 80' lang='lat' dir='ltr'><strong>quibus</strong></span> <span class='ocrx_word' id='word_1_316' title='bbox 1325 4346 1589 4414; x_wconf 84' lang='lat' dir='ltr'><strong>nonnulli</strong></span> <span class='ocrx_word' id='word_1_317' title='bbox 1614 4347 1672 4404; x_wconf 92' lang='lat' dir='ltr'><strong>in</strong></span> <span class='ocrx_word' id='word_1_318' title='bbox 1707 4365 1915 4408; x_wconf 88' lang='lat' dir='ltr'><strong>manus</strong></span> 
     </span>
    </p>
   </div>
   <div class='ocr_carea' id='block_1_12' title="bbox 2049 415 3698 1470">
    <p class='ocr_par' dir='ltr' id='par_1_13' title="bbox 2049 415 3698 1470">
     <span class='ocr_line' id='line_1_50' title="bbox 2051 415 3698 491; baseline 0.006 -21"><span class='ocrx_word' id='word_1_319' title='bbox 2051 415 2463 483; x_wconf 85' lang='lat' dir='ltr'><strong>temaisnil,vir</strong></span> <span class='ocrx_word' id='word_1_320' title='bbox 2475 415 2729 489; x_wconf 78' lang='lat' dir='ltr'><strong>inclytus</strong></span> <span class='ocrx_word' id='word_1_321' title='bbox 2745 417 2817 473; x_wconf 90' lang='lat' dir='ltr'><strong>de</strong></span> <span class='ocrx_word' id='word_1_322' title='bbox 2834 416 3169 491; x_wconf 80' lang='lat' dir='ltr'><strong>Apulia,qui</strong></span> <span class='ocrx_word' id='word_1_323' title='bbox 3181 434 3438 477; x_wconf 89' lang='lat' dir='ltr'><strong>sororem</strong></span> <span class='ocrx_word' id='word_1_324' title='bbox 3472 422 3698 480; x_wconf 89' lang='lat' dir='ltr'><strong>domini</strong></span> 
     </span>
     <span class='ocr_line' id='line_1_51' title="bbox 2052 503 3697 575; baseline 0.005 -15"><span class='ocrx_word' id='word_1_325' title='bbox 2052 503 2376 561; x_wconf 86' lang='lat' dir='ltr'><strong>Boamundi</strong></span> <span class='ocrx_word' id='word_1_326' title='bbox 2425 505 2675 562; x_wconf 87' lang='lat' dir='ltr'><strong>habebat</strong></span> <span class='ocrx_word' id='word_1_327' title='bbox 2733 522 2994 575; x_wconf 91' lang='lat' dir='ltr'><strong>uxorem,</strong></span> <span class='ocrx_word' id='word_1_328' title='bbox 3049 511 3107 562; x_wconf 90' lang='lat' dir='ltr'><strong>et</strong></span> <span class='ocrx_word' id='word_1_329' title='bbox 3158 507 3464 566; x_wconf 80' lang='lat' dir='ltr'><strong>Albericus</strong></span> <span class='ocrx_word' id='word_1_330' title='bbox 3519 512 3697 570; x_wconf 79' lang='lat' dir='ltr'><strong>trater</strong></span> 
     </span>
     <span class='ocr_line' id='line_1_52' title="bbox 2052 593 3695 667; baseline 0.005 -17"><span class='ocrx_word' id='word_1_331' title='bbox 2052 595 2219 666; x_wconf 77' lang='lat' dir='ltr'><strong>ejus;</strong></span> <span class='ocrx_word' id='word_1_332' title='bbox 2252 593 2577 651; x_wconf 87' lang='lat' dir='ltr'><strong>Willelmus</strong></span> <span class='ocrx_word' id='word_1_333' title='bbox 2606 594 3039 667; x_wconf 76' lang='lat' dir='ltr'><strong>carpentarius,</strong></span> <span class='ocrx_word' id='word_1_334' title='bbox 3072 597 3258 654; x_wconf 87' lang='lat' dir='ltr'><strong>Guido</strong></span> <span class='ocrx_word' id='word_1_335' title='bbox 3287 598 3624 658; x_wconf 86' lang='lat' dir='ltr'><strong>Trussellus</strong></span> <span class='ocrx_word' id='word_1_336' title='bbox 3640 609 3695 659; x_wconf 90' lang='lat' dir='ltr'><strong>et</strong></span> 
     </span>
     <span class='ocr_line' id='line_1_53' title="bbox 2052 682 3695 759; baseline 0.006 -21"><span class='ocrx_word' id='word_1_337' title='bbox 2052 682 2398 740; x_wconf 86' lang='lat' dir='ltr'><strong>Lambertus</strong></span> <span class='ocrx_word' id='word_1_338' title='bbox 2436 685 2687 756; x_wconf 88' lang='lat' dir='ltr'><strong>Pauper,</strong></span> <span class='ocrx_word' id='word_1_339' title='bbox 2717 689 2777 741; x_wconf 90' lang='lat' dir='ltr'><strong>et</strong></span> <span class='ocrx_word' id='word_1_340' title='bbox 2808 683 2908 742; x_wconf 91' lang='lat' dir='ltr'><strong>alii</strong></span> <span class='ocrx_word' id='word_1_341' title='bbox 2939 685 3123 752; x_wconf 86' lang='lat' dir='ltr'><strong>multi,</strong></span> <span class='ocrx_word' id='word_1_342' title='bbox 3156 703 3404 759; x_wconf 84' lang='lat' dir='ltr'><strong>quorum</strong></span> <span class='ocrx_word' id='word_1_343' title='bbox 3453 689 3695 749; x_wconf 87' lang='lat' dir='ltr'><strong>nomina</strong></span> 
     </span>
     <span class='ocr_line' id='line_1_54' title="bbox 2052 773 3694 851; baseline 0.007 -24"><span class='ocrx_word' id='word_1_344' title='bbox 2052 788 2167 828; x_wconf 93' lang='lat' dir='ltr'><strong>non</strong></span> <span class='ocrx_word' id='word_1_345' title='bbox 2200 777 2483 841; x_wconf 89' lang='lat' dir='ltr'><strong>tenemus,</strong></span> <span class='ocrx_word' id='word_1_346' title='bbox 2511 773 2650 844; x_wconf 89' lang='lat' dir='ltr'><strong>quia</strong></span> <span class='ocrx_word' id='word_1_347' title='bbox 2704 774 2892 831; x_wconf 89' lang='lat' dir='ltr'><strong>deleta</strong></span> <span class='ocrx_word' id='word_1_348' title='bbox 2941 774 3013 830; x_wconf 88' lang='lat' dir='ltr'><strong>de</strong></span> <span class='ocrx_word' id='word_1_349' title='bbox 3061 774 3210 833; x_wconf 87' lang='lat' dir='ltr'><strong>libro</strong></span> <span class='ocrx_word' id='word_1_350' title='bbox 3241 778 3393 849; x_wconf 67' lang='lat' dir='ltr'><strong>vito,</strong></span> <span class='ocrx_word' id='word_1_351' title='bbox 3426 782 3694 851; x_wconf 65' lang='lat' dir='ltr'><strong>presenti</strong></span> 
     </span>
     <span class='ocr_line' id='line_1_55' title="bbox 2053 860 3692 940; baseline 0.007 -24"><span class='ocrx_word' id='word_1_352' title='bbox 2053 860 2211 932; x_wconf 88' lang='lat' dir='ltr'><strong>operi</strong></span> <span class='ocrx_word' id='word_1_353' title='bbox 2278 878 2394 919; x_wconf 93' lang='lat' dir='ltr'><strong>non</strong></span> <span class='ocrx_word' id='word_1_354' title='bbox 2452 867 2589 918; x_wconf 90' lang='lat' dir='ltr'><strong>sunt</strong></span> <span class='ocrx_word' id='word_1_355' title='bbox 2642 864 2969 920; x_wconf 89' lang='lat' dir='ltr'><strong>inserenda.</strong></span> <span class='ocrx_word' id='word_1_356' title='bbox 3000 864 3276 922; x_wconf 89' lang='lat' dir='ltr'><strong>Nonnulli</strong></span> <span class='ocrx_word' id='word_1_357' title='bbox 3306 867 3509 937; x_wconf 90' lang='lat' dir='ltr'><strong>etiam,</strong></span> <span class='ocrx_word' id='word_1_358' title='bbox 3537 871 3692 940; x_wconf 89' lang='lat' dir='ltr'><strong>quod</strong></span> 
     </span>
     <span class='ocr_line' id='line_1_56' title="bbox 2053 949 3693 1029; baseline 0.008 -25"><span class='ocrx_word' id='word_1_359' title='bbox 2053 949 2234 1007; x_wconf 89' lang='lat' dir='ltr'><strong>multo</strong></span> <span class='ocrx_word' id='word_1_360' title='bbox 2256 955 2382 1007; x_wconf 90' lang='lat' dir='ltr'><strong>erat</strong></span> <span class='ocrx_word' id='word_1_361' title='bbox 2404 951 3063 1019; x_wconf 80' lang='lat' dir='ltr'><strong>abominabilius,tuturi</strong></span> <span class='ocrx_word' id='word_1_362' title='bbox 3104 953 3313 1013; x_wconf 89' lang='lat' dir='ltr'><strong>timore</strong></span> <span class='ocrx_word' id='word_1_363' title='bbox 3325 956 3593 1029; x_wconf 85' lang='lat' dir='ltr'><strong>periculi,</strong></span> <span class='ocrx_word' id='word_1_364' title='bbox 3613 959 3693 1016; x_wconf 71' lang='lat' dir='ltr'><strong>ta·</strong></span> 
     </span>
     <span class='ocr_line' id='line_1_57' title="bbox 2052 1038 3690 1119; baseline 0.007 -24"><span class='ocrx_word' id='word_1_365' title='bbox 2052 1038 2165 1095; x_wconf 87' lang='lat' dir='ltr'><strong>mis</strong></span> <span class='ocrx_word' id='word_1_366' title='bbox 2177 1042 2234 1097; x_wconf 89' lang='lat' dir='ltr'><strong>et</strong></span> <span class='ocrx_word' id='word_1_367' title='bbox 2246 1038 2509 1097; x_wconf 89' lang='lat' dir='ltr'><strong>laborum</strong></span> <span class='ocrx_word' id='word_1_368' title='bbox 2521 1041 2907 1113; x_wconf 85' lang='lat' dir='ltr'><strong>impatientia,</strong></span> <span class='ocrx_word' id='word_1_369' title='bbox 2919 1041 2995 1099; x_wconf 90' lang='lat' dir='ltr'><strong>ad</strong></span> <span class='ocrx_word' id='word_1_370' title='bbox 3008 1042 3204 1100; x_wconf 85' lang='lat' dir='ltr'><strong>hostes</strong></span> <span class='ocrx_word' id='word_1_371' title='bbox 3216 1061 3279 1102; x_wconf 87' lang='lat' dir='ltr'><strong>se</strong></span> <span class='ocrx_word' id='word_1_372' title='bbox 3294 1061 3400 1103; x_wconf 91' lang='lat' dir='ltr'><strong>eon</strong></span> <span class='ocrx_word' id='word_1_373' title='bbox 3409 1047 3690 1119; x_wconf 75' lang='lat' dir='ltr'><strong>ferebant,</strong></span> 
     </span>
     <span class='ocr_line' id='line_1_58' title="bbox 2050 1127 3692 1207; baseline 0.007 -23"><span class='ocrx_word' id='word_1_374' title='bbox 2050 1127 2266 1185; x_wconf 85' lang='lat' dir='ltr'><strong>Christi</strong></span> <span class='ocrx_word' id='word_1_375' title='bbox 2298 1130 2615 1186; x_wconf 88' lang='lat' dir='ltr'><strong>doctrinam</strong></span> <span class='ocrx_word' id='word_1_376' title='bbox 2655 1134 2711 1186; x_wconf 87' lang='lat' dir='ltr'><strong>et</strong></span> <span class='ocrx_word' id='word_1_377' title='bbox 2732 1130 2860 1202; x_wconf 89' lang='lat' dir='ltr'><strong>ejus</strong></span> <span class='ocrx_word' id='word_1_378' title='bbox 2888 1131 3061 1188; x_wconf 80' lang='lat' dir='ltr'><strong>tidem</strong></span> <span class='ocrx_word' id='word_1_379' title='bbox 3104 1150 3238 1191; x_wconf 89' lang='lat' dir='ltr'><strong>cum</strong></span> <span class='ocrx_word' id='word_1_380' title='bbox 3265 1134 3564 1207; x_wconf 82' lang='lat' dir='ltr'><strong>impietate</strong></span> <span class='ocrx_word' id='word_1_381' title='bbox 3590 1139 3692 1195; x_wconf 89' lang='lat' dir='ltr'><strong>ab·</strong></span> 
     </span>
     <span class='ocr_line' id='line_1_59' title="bbox 2051 1217 3693 1288; baseline 0.008 -16"><span class='ocrx_word' id='word_1_382' title='bbox 2051 1220 2356 1288; x_wconf 87' lang='lat' dir='ltr'><strong>negantes.</strong></span> <span class='ocrx_word' id='word_1_383' title='bbox 2389 1217 2458 1274; x_wconf 80' lang='lat' dir='ltr'><strong>ni</strong></span> <span class='ocrx_word' id='word_1_384' title='bbox 2489 1218 2560 1274; x_wconf 91' lang='lat' dir='ltr'><strong>de</strong></span> <span class='ocrx_word' id='word_1_385' title='bbox 2607 1221 2756 1274; x_wconf 85' lang='lat' dir='ltr'><strong>statu</strong></span> <span class='ocrx_word' id='word_1_386' title='bbox 2788 1223 2989 1276; x_wconf 88' lang='lat' dir='ltr'><strong>nostro</strong></span> <span class='ocrx_word' id='word_1_387' title='bbox 3019 1221 3405 1281; x_wconf 81' lang='lat' dir='ltr'><strong>certificantes</strong></span> <span class='ocrx_word' id='word_1_388' title='bbox 3427 1226 3693 1284; x_wconf 85' lang='lat' dir='ltr'><strong>adversa·</strong></span> 
     </span>
     <span class='ocr_line' id='line_1_60' title="bbox 2049 1305 3692 1383; baseline 0.008 -23"><span class='ocrx_word' id='word_1_389' title='bbox 2049 1305 2192 1374; x_wconf 82' lang='lat' dir='ltr'><strong>rios,</strong></span> <span class='ocrx_word' id='word_1_390' title='bbox 2220 1321 2563 1378; x_wconf 85' lang='lat' dir='ltr'><strong>supremum</strong></span> <span class='ocrx_word' id='word_1_391' title='bbox 2584 1308 2787 1364; x_wconf 90' lang='lat' dir='ltr'><strong>eodem</strong></span> <span class='ocrx_word' id='word_1_392' title='bbox 2834 1308 3006 1366; x_wconf 87' lang='lat' dir='ltr'><strong>modo</strong></span> <span class='ocrx_word' id='word_1_393' title='bbox 3055 1327 3205 1383; x_wconf 88' lang='lat' dir='ltr'><strong>pene</strong></span> <span class='ocrx_word' id='word_1_394' title='bbox 3235 1314 3455 1371; x_wconf 85' lang='lat' dir='ltr'><strong>nostris</strong></span> <span class='ocrx_word' id='word_1_395' title='bbox 3485 1314 3692 1373; x_wconf 89' lang='lat' dir='ltr'><strong>intule-</strong></span> 
     </span>
     <span class='ocr_line' id='line_1_61' title="bbox 2049 1395 3685 1470; baseline 0.008 -21"><span class='ocrx_word' id='word_1_396' title='bbox 2049 1403 2189 1450; x_wconf 84' lang='lat' dir='ltr'><strong>runt</strong></span> <span class='ocrx_word' id='word_1_397' title='bbox 2217 1395 2559 1467; x_wconf 85' lang='lat' dir='ltr'><strong>periculum.</strong></span> <span class='ocrx_word' id='word_1_398' title='bbox 2591 1396 2702 1453; x_wconf 85' lang='lat' dir='ltr'><strong>Alii</strong></span> <span class='ocrx_word' id='word_1_399' title='bbox 2728 1413 2860 1454; x_wconf 90' lang='lat' dir='ltr'><strong>vero</strong></span> <span class='ocrx_word' id='word_1_400' title='bbox 2889 1398 2991 1470; x_wconf 89' lang='lat' dir='ltr'><strong>qui</strong></span> <span class='ocrx_word' id='word_1_401' title='bbox 3038 1398 3097 1455; x_wconf 91' lang='lat' dir='ltr'><strong>in</strong></span> <span class='ocrx_word' id='word_1_402' title='bbox 3131 1400 3360 1459; x_wconf 88' lang='lat' dir='ltr'><strong>civitate</strong></span> <span class='ocrx_word' id='word_1_403' title='bbox 3389 1418 3685 1463; x_wconf 86' lang='lat' dir='ltr'><strong>remanse-</strong></span> 
     </span>
    </p>
   </div>
   <div class='ocr_carea' id='block_1_13' title="bbox 2029 1484 3692 1564">
    <p class='ocr_par' dir='ltr' id='par_1_14' title="bbox 2029 1484 3692 1564">
     <span class='ocr_line' id='line_1_62' title="bbox 2029 1484 3692 1564; baseline 0.006 -23"><span class='ocrx_word' id='word_1_404' title='bbox 2029 1489 2199 1550; x_wconf 74' lang='lat' dir='ltr'><strong>rant,</strong></span> <span class='ocrx_word' id='word_1_405' title='bbox 2229 1499 2395 1556; x_wconf 88' lang='lat' dir='ltr'><strong>spem</strong></span> <span class='ocrx_word' id='word_1_406' title='bbox 2444 1484 2670 1557; x_wconf 78' lang='lat' dir='ltr'><strong>diffugii</strong></span> <span class='ocrx_word' id='word_1_407' title='bbox 2737 1485 3125 1544; x_wconf 88' lang='lat' dir='ltr'><strong>nihilominus</strong></span> <span class='ocrx_word' id='word_1_408' title='bbox 3154 1503 3224 1545; x_wconf 86' lang='lat' dir='ltr'><strong>ex</strong></span> <span class='ocrx_word' id='word_1_409' title='bbox 3254 1495 3419 1560; x_wconf 87' lang='lat' dir='ltr'><strong>parte</strong></span> <span class='ocrx_word' id='word_1_410' title='bbox 3436 1490 3692 1564; x_wconf 85' lang='lat' dir='ltr'><strong>plurima</strong></span> 
     </span>
    </p>
   </div>
   <div class='ocr_carea' id='block_1_14' title="bbox 2028 1573 3696 3347">
    <p class='ocr_par' dir='ltr' id='par_1_15' title="bbox 2028 1573 3696 3347">
     <span class='ocr_line' id='line_1_63' title="bbox 2046 1573 3689 1645; baseline 0.007 -17"><span class='ocrx_word' id='word_1_411' title='bbox 2046 1581 2451 1645; x_wconf 85' lang='lat' dir='ltr'><strong>conceperant.</strong></span> <span class='ocrx_word' id='word_1_412' title='bbox 2485 1573 2596 1631; x_wconf 90' lang='lat' dir='ltr'><strong>Sed</strong></span> <span class='ocrx_word' id='word_1_413' title='bbox 2654 1573 2742 1630; x_wconf 90' lang='lat' dir='ltr'><strong>vir</strong></span> <span class='ocrx_word' id='word_1_414' title='bbox 2786 1575 2919 1632; x_wconf 73' lang='lat' dir='ltr'><strong>vitoe</strong></span> <span class='ocrx_word' id='word_1_415' title='bbox 2975 1577 3347 1636; x_wconf 84' lang='lat' dir='ltr'><strong>venerabilis.</strong></span> <span class='ocrx_word' id='word_1_416' title='bbox 3385 1581 3689 1640; x_wconf 86' lang='lat' dir='ltr'><strong>Podiensis</strong></span> 
     </span>
     <span class='ocr_line' id='line_1_64' title="bbox 2045 1660 3694 1741; baseline 0.008 -25"><span class='ocrx_word' id='word_1_417' title='bbox 2045 1660 2353 1735; x_wconf 87' lang='lat' dir='ltr'><strong>episcopus</strong></span> <span class='ocrx_word' id='word_1_418' title='bbox 2369 1662 2707 1720; x_wconf 86' lang='lat' dir='ltr'><strong>etdominus</strong></span> <span class='ocrx_word' id='word_1_419' title='bbox 2731 1662 3107 1723; x_wconf 88' lang='lat' dir='ltr'><strong>Boamundus</strong></span> <span class='ocrx_word' id='word_1_420' title='bbox 3138 1667 3409 1741; x_wconf 87' lang='lat' dir='ltr'><strong>princeps</strong></span> <span class='ocrx_word' id='word_1_421' title='bbox 3441 1669 3694 1729; x_wconf 86' lang='lat' dir='ltr'><strong>illustris</strong></span> 
     </span>
     <span class='ocr_line' id='line_1_65' title="bbox 2045 1752 3695 1833; baseline 0.007 -26"><span class='ocrx_word' id='word_1_422' title='bbox 2045 1766 2248 1807; x_wconf 90' lang='lat' dir='ltr'><strong>eorum</strong></span> <span class='ocrx_word' id='word_1_423' title='bbox 2271 1757 2675 1824; x_wconf 67' lang='lat' dir='ltr'><strong>praevenerunt</strong></span> <span class='ocrx_word' id='word_1_424' title='bbox 2699 1752 3024 1810; x_wconf 90' lang='lat' dir='ltr'><strong>molimina.</strong></span> <span class='ocrx_word' id='word_1_425' title='bbox 3058 1754 3230 1828; x_wconf 83' lang='lat' dir='ltr'><strong>Nam,</strong></span> <span class='ocrx_word' id='word_1_426' title='bbox 3255 1757 3572 1830; x_wconf 86' lang='lat' dir='ltr'><strong>designatis</strong></span> <span class='ocrx_word' id='word_1_427' title='bbox 3593 1777 3695 1833; x_wconf 88' lang='lat' dir='ltr'><strong>per</strong></span> 
     </span>
     <span class='ocr_line' id='line_1_66' title="bbox 2042 1840 3691 1921; baseline 0.007 -25"><span class='ocrx_word' id='word_1_428' title='bbox 2042 1844 2239 1912; x_wconf 87' lang='lat' dir='ltr'><strong>portas</strong></span> <span class='ocrx_word' id='word_1_429' title='bbox 2289 1840 2549 1912; x_wconf 90' lang='lat' dir='ltr'><strong>singulas</strong></span> <span class='ocrx_word' id='word_1_430' title='bbox 2596 1841 2736 1899; x_wconf 84' lang='lat' dir='ltr'><strong>viris</strong></span> <span class='ocrx_word' id='word_1_431' title='bbox 2796 1843 3207 1915; x_wconf 88' lang='lat' dir='ltr'><strong>prudentibus,</strong></span> <span class='ocrx_word' id='word_1_432' title='bbox 3238 1852 3293 1902; x_wconf 90' lang='lat' dir='ltr'><strong>et</strong></span> <span class='ocrx_word' id='word_1_433' title='bbox 3338 1848 3409 1903; x_wconf 89' lang='lat' dir='ltr'><strong>de</strong></span> <span class='ocrx_word' id='word_1_434' title='bbox 3437 1865 3691 1921; x_wconf 88' lang='lat' dir='ltr'><strong>quorum</strong></span> 
     </span>
     <span class='ocr_line' id='line_1_67' title="bbox 2043 1929 3693 2008; baseline 0.007 -22"><span class='ocrx_word' id='word_1_435' title='bbox 2043 1929 2399 2002; x_wconf 83' lang='lat' dir='ltr'><strong>experientia</strong></span> <span class='ocrx_word' id='word_1_436' title='bbox 2426 1931 2604 1988; x_wconf 91' lang='lat' dir='ltr'><strong>simul</strong></span> <span class='ocrx_word' id='word_1_437' title='bbox 2628 1934 2685 1989; x_wconf 89' lang='lat' dir='ltr'><strong>et</strong></span> <span class='ocrx_word' id='word_1_438' title='bbox 2714 1931 2826 1988; x_wconf 83' lang='lat' dir='ltr'><strong>fide</strong></span> <span class='ocrx_word' id='word_1_439' title='bbox 2855 1932 3060 1990; x_wconf 88' lang='lat' dir='ltr'><strong>merito</strong></span> <span class='ocrx_word' id='word_1_440' title='bbox 3082 1942 3535 2008; x_wconf 62' lang='lat' dir='ltr'><strong>praesumerent:</strong></span> <span class='ocrx_word' id='word_1_441' title='bbox 3570 1943 3693 1996; x_wconf 90' lang='lat' dir='ltr'><strong>tur·</strong></span> 
     </span>
     <span class='ocr_line' id='line_1_68' title="bbox 2045 2020 3696 2097; baseline 0.007 -22"><span class='ocrx_word' id='word_1_442' title='bbox 2045 2020 2209 2076; x_wconf 89' lang='lat' dir='ltr'><strong>ribus</strong></span> <span class='ocrx_word' id='word_1_443' title='bbox 2264 2036 2496 2093; x_wconf 90' lang='lat' dir='ltr'><strong>quoque</strong></span> <span class='ocrx_word' id='word_1_444' title='bbox 2552 2037 2655 2093; x_wconf 90' lang='lat' dir='ltr'><strong>per</strong></span> <span class='ocrx_word' id='word_1_445' title='bbox 2709 2022 2974 2095; x_wconf 84' lang='lat' dir='ltr'><strong>singulos</strong></span> <span class='ocrx_word' id='word_1_446' title='bbox 3003 2023 3227 2081; x_wconf 90' lang='lat' dir='ltr'><strong>nobiles</strong></span> <span class='ocrx_word' id='word_1_447' title='bbox 3257 2025 3581 2097; x_wconf 84' lang='lat' dir='ltr'><strong>collocatis,</strong></span> <span class='ocrx_word' id='word_1_448' title='bbox 3615 2030 3696 2087; x_wconf 90' lang='lat' dir='ltr'><strong>ita</strong></span> 
     </span>
     <span class='ocr_line' id='line_1_69' title="bbox 2044 2110 3687 2188; baseline 0.005 -22"><span class='ocrx_word' id='word_1_449' title='bbox 2044 2115 2212 2167; x_wconf 85' lang='lat' dir='ltr'><strong>nocte</strong></span> <span class='ocrx_word' id='word_1_450' title='bbox 2244 2114 2302 2167; x_wconf 92' lang='lat' dir='ltr'><strong>et</strong></span> <span class='ocrx_word' id='word_1_451' title='bbox 2332 2111 2426 2168; x_wconf 89' lang='lat' dir='ltr'><strong>die</strong></span> <span class='ocrx_word' id='word_1_452' title='bbox 2456 2110 2649 2167; x_wconf 88' lang='lat' dir='ltr'><strong>studio</strong></span> <span class='ocrx_word' id='word_1_453' title='bbox 2698 2112 2992 2169; x_wconf 81' lang='lat' dir='ltr'><strong>indefesso</strong></span> <span class='ocrx_word' id='word_1_454' title='bbox 3048 2114 3360 2172; x_wconf 84' lang='lat' dir='ltr'><strong>servabant</strong></span> <span class='ocrx_word' id='word_1_455' title='bbox 3397 2118 3687 2188; x_wconf 83' lang='lat' dir='ltr'><strong>excubias,</strong></span> 
     </span>
     <span class='ocr_line' id='line_1_70' title="bbox 2044 2199 3691 2279; baseline 0.005 -22"><span class='ocrx_word' id='word_1_456' title='bbox 2044 2207 2105 2257; x_wconf 93' lang='lat' dir='ltr'><strong>ut</strong></span> <span class='ocrx_word' id='word_1_457' title='bbox 2137 2199 2355 2257; x_wconf 85' lang='lat' dir='ltr'><strong>nemini</strong></span> <span class='ocrx_word' id='word_1_458' title='bbox 2414 2199 2665 2272; x_wconf 85' lang='lat' dir='ltr'><strong>penitus,-</strong></span> <span class='ocrx_word' id='word_1_459' title='bbox 2692 2208 3219 2276; x_wconf 85' lang='lat' dir='ltr'><strong>quantumcunque</strong></span> <span class='ocrx_word' id='word_1_460' title='bbox 3275 2206 3611 2279; x_wconf 86' lang='lat' dir='ltr'><strong>properanti</strong></span> <span class='ocrx_word' id='word_1_461' title='bbox 3638 2216 3691 2265; x_wconf 86' lang='lat' dir='ltr'><strong>et</strong></span> 
     </span>
     <span class='ocr_line' id='line_1_71' title="bbox 2041 2289 3694 2362; baseline 0.004 -16"><span class='ocrx_word' id='word_1_462' title='bbox 2041 2293 2265 2362; x_wconf 86' lang='lat' dir='ltr'><strong>arguto,</strong></span> <span class='ocrx_word' id='word_1_463' title='bbox 2300 2289 2421 2346; x_wconf 88' lang='lat' dir='ltr'><strong>ulla</strong></span> <span class='ocrx_word' id='word_1_464' title='bbox 2452 2293 2676 2362; x_wconf 88' lang='lat' dir='ltr'><strong>pateret</strong></span> <span class='ocrx_word' id='word_1_465' title='bbox 2729 2291 2822 2346; x_wconf 89' lang='lat' dir='ltr'><strong>via</strong></span> <span class='ocrx_word' id='word_1_466' title='bbox 2861 2290 3222 2362; x_wconf 78' lang='lat' dir='ltr'><strong>subterfugii.</strong></span> <span class='ocrx_word' id='word_1_467' title='bbox 3255 2295 3323 2350; x_wconf 86' lang='lat' dir='ltr'><strong>Et</strong></span> <span class='ocrx_word' id='word_1_468' title='bbox 3354 2299 3420 2349; x_wconf 86' lang='lat' dir='ltr'><strong>ut</strong></span> <span class='ocrx_word' id='word_1_469' title='bbox 3447 2294 3694 2353; x_wconf 86' lang='lat' dir='ltr'><strong>liberius</strong></span> 
     </span>
     <span class='ocr_line' id='line_1_72' title="bbox 2040 2378 3690 2458; baseline 0.004 -22"><span class='ocrx_word' id='word_1_470' title='bbox 2040 2378 2387 2452; x_wconf 87' lang='lat' dir='ltr'><strong>generalem,</strong></span> <span class='ocrx_word' id='word_1_471' title='bbox 2421 2395 2552 2452; x_wconf 70' lang='lat' dir='ltr'><strong>quaa</strong></span> <span class='ocrx_word' id='word_1_472' title='bbox 2580 2378 2665 2436; x_wconf 88' lang='lat' dir='ltr'><strong>eis</strong></span> <span class='ocrx_word' id='word_1_473' title='bbox 2722 2395 2995 2437; x_wconf 84' lang='lat' dir='ltr'><strong>concessa</strong></span> <span class='ocrx_word' id='word_1_474' title='bbox 3025 2380 3235 2451; x_wconf 81' lang='lat' dir='ltr'><strong>fuerat,</strong></span> <span class='ocrx_word' id='word_1_475' title='bbox 3264 2397 3534 2441; x_wconf 84' lang='lat' dir='ltr'><strong>exercere</strong></span> <span class='ocrx_word' id='word_1_476' title='bbox 3564 2402 3690 2458; x_wconf 89' lang='lat' dir='ltr'><strong>pos-</strong></span> 
     </span>
     <span class='ocr_line' id='line_1_73' title="bbox 2040 2468 3690 2545; baseline 0.003 -19"><span class='ocrx_word' id='word_1_477' title='bbox 2040 2472 2171 2526; x_wconf 83' lang='lat' dir='ltr'><strong>sent</strong></span> <span class='ocrx_word' id='word_1_478' title='bbox 2186 2468 3032 2542; x_wconf 76' lang='lat' dir='ltr'><strong>jurisdictionem,]uraverunt</strong></span> <span class='ocrx_word' id='word_1_479' title='bbox 3054 2486 3277 2541; x_wconf 86' lang='lat' dir='ltr'><strong>omnes,</strong></span> <span class='ocrx_word' id='word_1_480' title='bbox 3294 2489 3325 2529; x_wconf 89' lang='lat' dir='ltr'><strong>a</strong></span> <span class='ocrx_word' id='word_1_481' title='bbox 3350 2473 3576 2545; x_wconf 85' lang='lat' dir='ltr'><strong>majore</strong></span> <span class='ocrx_word' id='word_1_482' title='bbox 3598 2492 3690 2531; x_wconf 85' lang='lat' dir='ltr'><strong>us-</strong></span> 
     </span>
     <span class='ocr_line' id='line_1_74' title="bbox 2039 2557 3687 2632; baseline 0.004 -18"><span class='ocrx_word' id='word_1_483' title='bbox 2039 2575 2153 2631; x_wconf 84' lang='lat' dir='ltr'><strong>que</strong></span> <span class='ocrx_word' id='word_1_484' title='bbox 2182 2561 2252 2616; x_wconf 87' lang='lat' dir='ltr'><strong>ad</strong></span> <span class='ocrx_word' id='word_1_485' title='bbox 2286 2557 2785 2631; x_wconf 85' lang='lat' dir='ltr'><strong>minimum,quod</strong></span> <span class='ocrx_word' id='word_1_486' title='bbox 2807 2576 2993 2632; x_wconf 86' lang='lat' dir='ltr'><strong>usque</strong></span> <span class='ocrx_word' id='word_1_487' title='bbox 3016 2561 3086 2616; x_wconf 90' lang='lat' dir='ltr'><strong>ad</strong></span> <span class='ocrx_word' id='word_1_488' title='bbox 3119 2563 3687 2621; x_wconf 86' lang='lat' dir='ltr'><strong>consummationem</strong></span> 
     </span>
     <span class='ocr_line' id='line_1_75' title="bbox 2040 2647 3688 2723; baseline 0.002 -16"><span class='ocrx_word' id='word_1_489' title='bbox 2040 2647 2258 2721; x_wconf 88' lang='lat' dir='ltr'><strong>negotii</strong></span> <span class='ocrx_word' id='word_1_490' title='bbox 2289 2647 2649 2718; x_wconf 74' lang='lat' dir='ltr'><strong>Antiocheni,</strong></span> <span class='ocrx_word' id='word_1_491' title='bbox 2681 2652 2737 2705; x_wconf 90' lang='lat' dir='ltr'><strong>et</strong></span> <span class='ocrx_word' id='word_1_492' title='bbox 2781 2647 3002 2705; x_wconf 88' lang='lat' dir='ltr'><strong>bellum</strong></span> <span class='ocrx_word' id='word_1_493' title='bbox 3052 2650 3216 2722; x_wconf 86' lang='lat' dir='ltr'><strong>quod</strong></span> <span class='ocrx_word' id='word_1_494' title='bbox 3248 2651 3595 2723; x_wconf 85' lang='lat' dir='ltr'><strong>sperabatur</strong></span> <span class='ocrx_word' id='word_1_495' title='bbox 3614 2653 3688 2710; x_wconf 86' lang='lat' dir='ltr'><strong>t&#39;u·</strong></span> 
     </span>
     <span class='ocr_line' id='line_1_76' title="bbox 2036 2737 3690 2810; baseline 0.003 -16"><span class='ocrx_word' id='word_1_496' title='bbox 2036 2741 2254 2805; x_wconf 87' lang='lat' dir='ltr'><strong>turum,</strong></span> <span class='ocrx_word' id='word_1_497' title='bbox 2302 2737 2679 2810; x_wconf 87' lang='lat' dir='ltr'><strong>completum,</strong></span> <span class='ocrx_word' id='word_1_498' title='bbox 2743 2737 2963 2799; x_wconf 88' lang='lat' dir='ltr'><strong>domini</strong></span> <span class='ocrx_word' id='word_1_499' title='bbox 3014 2740 3336 2796; x_wconf 87' lang='lat' dir='ltr'><strong>Boamundi</strong></span> <span class='ocrx_word' id='word_1_500' title='bbox 3398 2742 3690 2800; x_wconf 79' lang='lat' dir='ltr'><strong>mandatis</strong></span> 
     </span>
     <span class='ocr_line' id='line_1_77' title="bbox 2036 2827 3689 2890; baseline 0.002 -6"><span class='ocrx_word' id='word_1_501' title='bbox 2036 2827 2235 2885; x_wconf 88' lang='lat' dir='ltr'><strong>devote</strong></span> <span class='ocrx_word' id='word_1_502' title='bbox 2264 2831 2319 2885; x_wconf 85' lang='lat' dir='ltr'><strong>ct</strong></span> <span class='ocrx_word' id='word_1_503' title='bbox 2350 2827 2595 2884; x_wconf 77' lang='lat' dir='ltr'><strong>fideliter</strong></span> <span class='ocrx_word' id='word_1_504' title='bbox 2633 2827 2978 2885; x_wconf 86' lang='lat' dir='ltr'><strong>obedirent:</strong></span> <span class='ocrx_word' id='word_1_505' title='bbox 3017 2828 3172 2885; x_wconf 90' lang='lat' dir='ltr'><strong>unde</strong></span> <span class='ocrx_word' id='word_1_506' title='bbox 3205 2827 3302 2885; x_wconf 81' lang='lat' dir='ltr'><strong>ille</strong></span> <span class='ocrx_word' id='word_1_507' title='bbox 3333 2828 3689 2890; x_wconf 85' lang='lat' dir='ltr'><strong>incessanter</strong></span> 
     </span>
     <span class='ocr_line' id='line_1_78' title="bbox 2028 2915 3689 2988; baseline 0.003 -15"><span class='ocrx_word' id='word_1_508' title='bbox 2028 2920 2205 2988; x_wconf 54' lang='lat' dir='ltr'><strong>,noete</strong></span> <span class='ocrx_word' id='word_1_509' title='bbox 2234 2933 2299 2972; x_wconf 91' lang='lat' dir='ltr'><strong>ac</strong></span> <span class='ocrx_word' id='word_1_510' title='bbox 2343 2915 2457 2987; x_wconf 88' lang='lat' dir='ltr'><strong>die,</strong></span> <span class='ocrx_word' id='word_1_511' title='bbox 2481 2918 2604 2973; x_wconf 87' lang='lat' dir='ltr'><strong>suis</strong></span> <span class='ocrx_word' id='word_1_512' title='bbox 2643 2916 2956 2974; x_wconf 86' lang='lat' dir='ltr'><strong>comitatus</strong></span> <span class='ocrx_word' id='word_1_513' title='bbox 2986 2916 3329 2977; x_wconf 87' lang='lat' dir='ltr'><strong>domesticis</strong></span> <span class='ocrx_word' id='word_1_514' title='bbox 3363 2927 3420 2977; x_wconf 92' lang='lat' dir='ltr'><strong>et</strong></span> <span class='ocrx_word' id='word_1_515' title='bbox 3439 2920 3689 2978; x_wconf 73' lang='lat' dir='ltr'><strong>familia-</strong></span> 
     </span>
     <span class='ocr_line' id='line_1_79' title="bbox 2038 3006 3689 3080; baseline 0.002 -17"><span class='ocrx_word' id='word_1_516' title='bbox 2038 3006 2226 3078; x_wconf 90' lang='lat' dir='ltr'><strong>ribus,</strong></span> <span class='ocrx_word' id='word_1_517' title='bbox 2247 3011 2306 3063; x_wconf 92' lang='lat' dir='ltr'><strong>et</strong></span> <span class='ocrx_word' id='word_1_518' title='bbox 2335 3007 2407 3064; x_wconf 89' lang='lat' dir='ltr'><strong>de</strong></span> <span class='ocrx_word' id='word_1_519' title='bbox 2437 3006 2529 3063; x_wconf 85' lang='lat' dir='ltr'><strong>his</strong></span> <span class='ocrx_word' id='word_1_520' title='bbox 2562 3008 2769 3079; x_wconf 88' lang='lat' dir='ltr'><strong>quibus</strong></span> <span class='ocrx_word' id='word_1_521' title='bbox 2795 3007 3129 3079; x_wconf 88' lang='lat' dir='ltr'><strong>ampliorem</strong></span> <span class='ocrx_word' id='word_1_522' title='bbox 3191 3008 3445 3068; x_wconf 88' lang='lat' dir='ltr'><strong>habebat</strong></span> <span class='ocrx_word' id='word_1_523' title='bbox 3495 3010 3689 3080; x_wconf 78' lang='lat' dir='ltr'><strong>tidem,</strong></span> 
     </span>
     <span class='ocr_line' id='line_1_80' title="bbox 2042 3094 3687 3167; baseline 0.004 -15"><span class='ocrx_word' id='word_1_524' title='bbox 2042 3095 2197 3153; x_wconf 85' lang='lat' dir='ltr'><strong>vicos</strong></span> <span class='ocrx_word' id='word_1_525' title='bbox 2245 3100 2302 3152; x_wconf 90' lang='lat' dir='ltr'><strong>et</strong></span> <span class='ocrx_word' id='word_1_526' title='bbox 2360 3094 2600 3167; x_wconf 87' lang='lat' dir='ltr'><strong>plateas,</strong></span> <span class='ocrx_word' id='word_1_527' title='bbox 2660 3112 2860 3154; x_wconf 89' lang='lat' dir='ltr'><strong>muros</strong></span> <span class='ocrx_word' id='word_1_528' title='bbox 2903 3104 2958 3153; x_wconf 90' lang='lat' dir='ltr'><strong>et</strong></span> <span class='ocrx_word' id='word_1_529' title='bbox 3017 3105 3205 3155; x_wconf 89' lang='lat' dir='ltr'><strong>turres</strong></span> <span class='ocrx_word' id='word_1_530' title='bbox 3255 3097 3511 3157; x_wconf 83' lang='lat' dir='ltr'><strong>civitatis</strong></span> <span class='ocrx_word' id='word_1_531' title='bbox 3561 3117 3687 3159; x_wconf 90' lang='lat' dir='ltr'><strong>cum</strong></span> 
     </span>
     <span class='ocr_line' id='line_1_81' title="bbox 2044 3184 3689 3263; baseline 0.003 -21"><span class='ocrx_word' id='word_1_532' title='bbox 2044 3185 2231 3242; x_wconf 89' lang='lat' dir='ltr'><strong>multa</strong></span> <span class='ocrx_word' id='word_1_533' title='bbox 2247 3185 2528 3242; x_wconf 88' lang='lat' dir='ltr'><strong>circuibat</strong></span> <span class='ocrx_word' id='word_1_534' title='bbox 2545 3184 2956 3254; x_wconf 89' lang='lat' dir='ltr'><strong>sollicitudine,</strong></span> <span class='ocrx_word' id='word_1_535' title='bbox 2984 3186 3295 3258; x_wconf 80' lang='lat' dir='ltr'><strong>diligenter</strong></span> <span class='ocrx_word' id='word_1_536' title='bbox 3308 3187 3689 3263; x_wconf 82' lang='lat' dir='ltr'><strong>investigans,</strong></span> 
     </span>
     <span class='ocr_line' id='line_1_82' title="bbox 2044 3273 3689 3347; baseline 0.003 -17"><span class='ocrx_word' id='word_1_537' title='bbox 2044 3290 2116 3330; x_wconf 92' lang='lat' dir='ltr'><strong>ne</strong></span> <span class='ocrx_word' id='word_1_538' title='bbox 2144 3274 2278 3347; x_wconf 84' lang='lat' dir='ltr'><strong>quis</strong></span> <span class='ocrx_word' id='word_1_539' title='bbox 2308 3274 2539 3332; x_wconf 86' lang='lat' dir='ltr'><strong>incaute</strong></span> <span class='ocrx_word' id='word_1_540' title='bbox 2568 3291 2631 3331; x_wconf 89' lang='lat' dir='ltr'><strong>se</strong></span> <span class='ocrx_word' id='word_1_541' title='bbox 2661 3273 2920 3345; x_wconf 85' lang='lat' dir='ltr'><strong>haberet,</strong></span> <span class='ocrx_word' id='word_1_542' title='bbox 2957 3291 3027 3332; x_wconf 91' lang='lat' dir='ltr'><strong>ne</strong></span> <span class='ocrx_word' id='word_1_543' title='bbox 3049 3276 3180 3347; x_wconf 87' lang='lat' dir='ltr'><strong>quis</strong></span> <span class='ocrx_word' id='word_1_544' title='bbox 3203 3276 3455 3333; x_wconf 85' lang='lat' dir='ltr'><strong>boatium</strong></span> <span class='ocrx_word' id='word_1_545' title='bbox 3493 3278 3689 3335; x_wconf 89' lang='lat' dir='ltr'><strong>introi-</strong></span> 
     </span>
    </p>
   </div>
   <div class='ocr_carea' id='block_1_15' title="bbox 2021 3363 3684 3440">
    <p class='ocr_par' dir='ltr' id='par_1_16' title="bbox 2021 3363 3684 3440">
     <span class='ocr_line' id='line_1_83' title="bbox 2021 3363 3684 3440; baseline 0.003 -20"><span class='ocrx_word' id='word_1_546' title='bbox 2021 3367 2135 3434; x_wconf 59' lang='lat' dir='ltr'><strong>‚tus</strong></span> <span class='ocrx_word' id='word_1_547' title='bbox 2165 3369 2383 3436; x_wconf 87' lang='lat' dir='ltr'><strong>pateret</strong></span> <span class='ocrx_word' id='word_1_548' title='bbox 2404 3363 2652 3420; x_wconf 91' lang='lat' dir='ltr'><strong>insidiis.</strong></span> <span class='ocrx_word' id='word_1_549' title='bbox 2688 3363 2865 3420; x_wconf 83' lang='lat' dir='ltr'><strong>Erant</strong></span> <span class='ocrx_word' id='word_1_550' title='bbox 2885 3368 3080 3421; x_wconf 87' lang='lat' dir='ltr'><strong>autem</strong></span> <span class='ocrx_word' id='word_1_551' title='bbox 3113 3364 3381 3438; x_wconf 80' lang='lat' dir='ltr'><strong>praesidia</strong></span> <span class='ocrx_word' id='word_1_552' title='bbox 3412 3373 3684 3440; x_wconf 88' lang='lat' dir='ltr'><strong>quatuor,</strong></span> 
     </span>
    </p>
   </div>
   <div class='ocr_carea' id='block_1_16' title="bbox 2018 3451 3682 4423">
    <p class='ocr_par' dir='ltr' id='par_1_17' title="bbox 2018 3451 3682 4423">
     <span class='ocr_line' id='line_1_84' title="bbox 2041 3451 3682 3527; baseline 0.004 -19"><span class='ocrx_word' id='word_1_553' title='bbox 2041 3451 2100 3509; x_wconf 94' lang='lat' dir='ltr'><strong>in</strong></span> <span class='ocrx_word' id='word_1_554' title='bbox 2133 3452 2347 3527; x_wconf 89' lang='lat' dir='ltr'><strong>quibus</strong></span> <span class='ocrx_word' id='word_1_555' title='bbox 2378 3454 3203 3527; x_wconf 74' lang='lat' dir='ltr'><strong>maj0rexigebaturcustodiae</strong></span> <span class='ocrx_word' id='word_1_556' title='bbox 3234 3453 3533 3527; x_wconf 80' lang='lat' dir='ltr'><strong>diligentia</strong></span> <span class='ocrx_word' id='word_1_557' title='bbox 3557 3474 3682 3526; x_wconf 59' lang='grc' dir='ltr'><strong>μυ·</strong></span> 
     </span>
     <span class='ocr_line' id='line_1_85' title="bbox 2039 3541 3681 3616; baseline 0.004 -18"><span class='ocrx_word' id='word_1_558' title='bbox 2039 3543 2237 3616; x_wconf 88' lang='lat' dir='ltr'><strong>perius</strong></span> <span class='ocrx_word' id='word_1_559' title='bbox 2268 3541 2563 3613; x_wconf 87' lang='lat' dir='ltr'><strong>videlicet,</strong></span> <span class='ocrx_word' id='word_1_560' title='bbox 2594 3544 2749 3615; x_wconf 91' lang='lat' dir='ltr'><strong>quod</strong></span> <span class='ocrx_word' id='word_1_561' title='bbox 2784 3548 2985 3600; x_wconf 89' lang='lat' dir='ltr'><strong>contra</strong></span> <span class='ocrx_word' id='word_1_562' title='bbox 3015 3559 3204 3601; x_wconf 89' lang='lat' dir='ltr'><strong>arcem</strong></span> <span class='ocrx_word' id='word_1_563' title='bbox 3247 3546 3614 3616; x_wconf 88' lang='lat' dir='ltr'><strong>superiorem</strong></span> <span class='ocrx_word' id='word_1_564' title='bbox 3652 3563 3681 3603; x_wconf 85' lang='lat' dir='ltr'><strong>e</strong></span> 
     </span>
     <span class='ocr_line' id='line_1_86' title="bbox 2040 3632 3681 3707; baseline 0.003 -20"><span class='ocrx_word' id='word_1_565' title='bbox 2040 3632 2274 3703; x_wconf 89' lang='lat' dir='ltr'><strong>regione</strong></span> <span class='ocrx_word' id='word_1_566' title='bbox 2307 3632 2558 3703; x_wconf 85' lang='lat' dir='ltr'><strong>positum</strong></span> <span class='ocrx_word' id='word_1_567' title='bbox 2592 3636 2748 3701; x_wconf 90' lang='lat' dir='ltr'><strong>erat;</strong></span> <span class='ocrx_word' id='word_1_568' title='bbox 2782 3633 3107 3689; x_wconf 86' lang='lat' dir='ltr'><strong>secundum</strong></span> <span class='ocrx_word' id='word_1_569' title='bbox 3158 3632 3319 3703; x_wconf 90' lang='lat' dir='ltr'><strong>item,</strong></span> <span class='ocrx_word' id='word_1_570' title='bbox 3351 3635 3511 3707; x_wconf 87' lang='lat' dir='ltr'><strong>quod</strong></span> <span class='ocrx_word' id='word_1_571' title='bbox 3543 3635 3681 3692; x_wconf 77' lang='lat' dir='ltr'><strong>infe-</strong></span> 
     </span>
     <span class='ocr_line' id='line_1_87' title="bbox 2036 3721 3674 3795; baseline 0.004 -19"><span class='ocrx_word' id='word_1_572' title='bbox 2036 3724 2179 3789; x_wconf 85' lang='lat' dir='ltr'><strong>rius,</strong></span> <span class='ocrx_word' id='word_1_573' title='bbox 2207 3721 2359 3778; x_wconf 78' lang='lat' dir='ltr'><strong>infra</strong></span> <span class='ocrx_word' id='word_1_574' title='bbox 2398 3725 2603 3779; x_wconf 90' lang='lat' dir='ltr'><strong>urbem</strong></span> <span class='ocrx_word' id='word_1_575' title='bbox 2644 3739 2823 3795; x_wconf 89' lang='lat' dir='ltr'><strong>supra</strong></span> <span class='ocrx_word' id='word_1_576' title='bbox 2873 3723 3085 3780; x_wconf 90' lang='lat' dir='ltr'><strong>vallum</strong></span> <span class='ocrx_word' id='word_1_577' title='bbox 3118 3727 3245 3782; x_wconf 86' lang='lat' dir='ltr'><strong>erat</strong></span> <span class='ocrx_word' id='word_1_578' title='bbox 3272 3725 3674 3795; x_wconf 89' lang='lat' dir='ltr'><strong>constitutum,</strong></span> 
     </span>
     <span class='ocr_line' id='line_1_88' title="bbox 2033 3810 3673 3888; baseline 0.003 -22"><span class='ocrx_word' id='word_1_579' title='bbox 2033 3814 2238 3867; x_wconf 88' lang='lat' dir='ltr'><strong>contra</strong></span> <span class='ocrx_word' id='word_1_580' title='bbox 2268 3827 2465 3867; x_wconf 87' lang='lat' dir='ltr'><strong>eorum</strong></span> <span class='ocrx_word' id='word_1_581' title='bbox 2490 3810 2859 3882; x_wconf 86' lang='lat' dir='ltr'><strong>irruptiones,</strong></span> <span class='ocrx_word' id='word_1_582' title='bbox 2894 3813 2992 3885; x_wconf 90' lang='lat' dir='ltr'><strong>qui</strong></span> <span class='ocrx_word' id='word_1_583' title='bbox 3026 3831 3060 3869; x_wconf 89' lang='lat' dir='ltr'><strong>a</strong></span> <span class='ocrx_word' id='word_1_584' title='bbox 3090 3817 3256 3886; x_wconf 89' lang='lat' dir='ltr'><strong>porta</strong></span> <span class='ocrx_word' id='word_1_585' title='bbox 3294 3813 3474 3870; x_wconf 90' lang='lat' dir='ltr'><strong>castri</strong></span> <span class='ocrx_word' id='word_1_586' title='bbox 3506 3831 3673 3888; x_wconf 88' lang='lat' dir='ltr'><strong>supe·</strong></span> 
     </span>
     <span class='ocr_line' id='line_1_89' title="bbox 2035 3898 3671 3972; baseline 0.003 -17"><span class='ocrx_word' id='word_1_587' title='bbox 2035 3900 2204 3957; x_wconf 87' lang='lat' dir='ltr'><strong>rioris</strong></span> <span class='ocrx_word' id='word_1_588' title='bbox 2231 3898 2292 3956; x_wconf 91' lang='lat' dir='ltr'><strong>in</strong></span> <span class='ocrx_word' id='word_1_589' title='bbox 2318 3899 2519 3957; x_wconf 90' lang='lat' dir='ltr'><strong>urbem</strong></span> <span class='ocrx_word' id='word_1_590' title='bbox 2554 3907 2975 3959; x_wconf 88' lang='lat' dir='ltr'><strong>consueverant</strong></span> <span class='ocrx_word' id='word_1_591' title='bbox 3006 3903 3395 3972; x_wconf 85' lang='lat' dir='ltr'><strong>descendere;</strong></span> <span class='ocrx_word' id='word_1_592' title='bbox 3436 3904 3671 3961; x_wconf 89' lang='lat' dir='ltr'><strong>tertium</strong></span> 
     </span>
     <span class='ocr_line' id='line_1_90' title="bbox 2030 3992 3670 4065; baseline 0.001 -17"><span class='ocrx_word' id='word_1_593' title='bbox 2030 3995 2192 4048; x_wconf 86' lang='lat' dir='ltr'><strong>extra</strong></span> <span class='ocrx_word' id='word_1_594' title='bbox 2222 3996 2448 4063; x_wconf 87' lang='lat' dir='ltr'><strong>portam</strong></span> <span class='ocrx_word' id='word_1_595' title='bbox 2479 3992 2825 4049; x_wconf 80' lang='lat' dir='ltr'><strong>orientalem</strong></span> <span class='ocrx_word' id='word_1_596' title='bbox 2843 3992 3141 4064; x_wconf 89' lang='lat' dir='ltr'><strong>positium,</strong></span> <span class='ocrx_word' id='word_1_597' title='bbox 3166 3994 3319 4065; x_wconf 91' lang='lat' dir='ltr'><strong>quod</strong></span> <span class='ocrx_word' id='word_1_598' title='bbox 3352 3994 3423 4050; x_wconf 89' lang='lat' dir='ltr'><strong>ad</strong></span> <span class='ocrx_word' id='word_1_599' title='bbox 3458 4005 3670 4050; x_wconf 87' lang='lat' dir='ltr'><strong>castro·</strong></span> 
     </span>
     <span class='ocr_line' id='line_1_91' title="bbox 2031 4080 3670 4155; baseline 0.002 -19"><span class='ocrx_word' id='word_1_600' title='bbox 2031 4097 2157 4136; x_wconf 90' lang='lat' dir='ltr'><strong>rum</strong></span> <span class='ocrx_word' id='word_1_601' title='bbox 2189 4080 2516 4137; x_wconf 89' lang='lat' dir='ltr'><strong>custodiam</strong></span> <span class='ocrx_word' id='word_1_602' title='bbox 2549 4087 2682 4140; x_wconf 90' lang='lat' dir='ltr'><strong>ante</strong></span> <span class='ocrx_word' id='word_1_603' title='bbox 2716 4082 2918 4139; x_wconf 91' lang='lat' dir='ltr'><strong>urbem</strong></span> <span class='ocrx_word' id='word_1_604' title='bbox 2956 4088 3181 4155; x_wconf 89' lang='lat' dir='ltr'><strong>captam</strong></span> <span class='ocrx_word' id='word_1_605' title='bbox 3213 4082 3397 4139; x_wconf 78' lang='lat' dir='ltr'><strong>fuerat</strong></span> <span class='ocrx_word' id='word_1_606' title='bbox 3426 4083 3670 4139; x_wconf 79' lang='lat' dir='ltr'><strong>fabrica·</strong></span> 
     </span>
     <span class='ocr_line' id='line_1_92' title="bbox 2025 4172 3671 4245; baseline 0 -16"><span class='ocrx_word' id='word_1_607' title='bbox 2025 4176 2149 4230; x_wconf 86' lang='lat' dir='ltr'><strong>tum</strong></span> <span class='ocrx_word' id='word_1_608' title='bbox 2186 4190 2200 4242; x_wconf 91' lang='lat'>;</span> <span class='ocrx_word' id='word_1_609' title='bbox 2231 4176 2505 4245; x_wconf 84' lang='lat' dir='ltr'><strong>quartum</strong></span> <span class='ocrx_word' id='word_1_610' title='bbox 2538 4188 2791 4245; x_wconf 84' lang='lat' dir='ltr'><strong>quoque,</strong></span> <span class='ocrx_word' id='word_1_611' title='bbox 2824 4172 2974 4245; x_wconf 88' lang='lat' dir='ltr'><strong>quod</strong></span> <span class='ocrx_word' id='word_1_612' title='bbox 3004 4174 3061 4227; x_wconf 89' lang='lat' dir='ltr'><strong>in</strong></span> <span class='ocrx_word' id='word_1_613' title='bbox 3098 4172 3288 4244; x_wconf 89' lang='lat' dir='ltr'><strong>eapite</strong></span> <span class='ocrx_word' id='word_1_614' title='bbox 3309 4172 3508 4245; x_wconf 85' lang='lat' dir='ltr'><strong>pontis</strong></span> <span class='ocrx_word' id='word_1_615' title='bbox 3538 4189 3671 4229; x_wconf 92' lang='lat' dir='ltr'><strong>con-</strong></span> 
     </span>
     <span class='ocr_line' id='line_1_93' title="bbox 2023 4264 3669 4336; baseline -0.001 -16"><span class='ocrx_word' id='word_1_616' title='bbox 2023 4266 2304 4320; x_wconf 85' lang='lat' dir='ltr'><strong>structum</strong></span> <span class='ocrx_word' id='word_1_617' title='bbox 2338 4265 2544 4331; x_wconf 81' lang='lat' dir='ltr'><strong>suerat,</strong></span> <span class='ocrx_word' id='word_1_618' title='bbox 2577 4280 2680 4336; x_wconf 91' lang='lat' dir='ltr'><strong>per</strong></span> <span class='ocrx_word' id='word_1_619' title='bbox 2709 4264 2861 4335; x_wconf 88' lang='lat' dir='ltr'><strong>quod</strong></span> <span class='ocrx_word' id='word_1_620' title='bbox 2894 4268 3064 4336; x_wconf 87' lang='lat' dir='ltr'><strong>porta</strong></span> <span class='ocrx_word' id='word_1_621' title='bbox 3113 4264 3308 4335; x_wconf 85' lang='lat' dir='ltr'><strong>pontis</strong></span> <span class='ocrx_word' id='word_1_622' title='bbox 3352 4264 3669 4322; x_wconf 86' lang='lat' dir='ltr'><strong>novissime</strong></span> 
     </span>
     <span class='ocr_line' id='line_1_94' title="bbox 2018 4350 3671 4423; baseline 0.001 -16"><span class='ocrx_word' id='word_1_623' title='bbox 2018 4350 2210 4408; x_wconf 73' lang='lat' dir='ltr'><strong>iuerat</strong></span> <span class='ocrx_word' id='word_1_624' title='bbox 2256 4352 2516 4420; x_wconf 88' lang='lat' dir='ltr'><strong>obsessa,</strong></span> <span class='ocrx_word' id='word_1_625' title='bbox 2559 4352 2731 4423; x_wconf 82' lang='lat' dir='ltr'><strong>cujus</strong></span> <span class='ocrx_word' id='word_1_626' title='bbox 2774 4367 2969 4408; x_wconf 88' lang='lat' dir='ltr'><strong>curam</strong></span> <span class='ocrx_word' id='word_1_627' title='bbox 3006 4352 3282 4408; x_wconf 89' lang='lat' dir='ltr'><strong>dominus</strong></span> <span class='ocrx_word' id='word_1_628' title='bbox 3312 4366 3479 4408; x_wconf 90' lang='lat' dir='ltr'><strong>come</strong></span> <span class='ocrx_word' id='word_1_629' title='bbox 3508 4351 3671 4409; x_wconf 79' lang='lat' dir='ltr'><strong>&#39;Polo-</strong></span> 
     </span>
    </p>
   </div>
   <div class='ocr_carea' id='block_1_17' title="bbox 273 4431 3670 4514">
    <p class='ocr_par' dir='ltr' id='par_1_18' title="bbox 273 4431 3670 4514">
     <span class='ocr_line' id='line_1_95' title="bbox 273 4431 3670 4514; baseline 0.002 -24"><span class='ocrx_word' id='word_1_630' title='bbox 273 4432 526 4491; x_wconf 88' lang='lat' dir='ltr'><strong>hositum</strong></span> <span class='ocrx_word' id='word_1_631' title='bbox 551 4433 942 4505; x_wconf 86' lang='lat' dir='ltr'><strong>devenientes,</strong></span> <span class='ocrx_word' id='word_1_632' title='bbox 968 4440 1254 4505; x_wconf 75' lang='lat' dir='ltr'><strong>perpetuae</strong></span> <span class='ocrx_word' id='word_1_633' title='bbox 1278 4434 1597 4507; x_wconf 86' lang='lat' dir='ltr'><strong>mancipati</strong></span> <span class='ocrx_word' id='word_1_634' title='bbox 1628 4443 1768 4495; x_wconf 88' lang='lat' dir='ltr'><strong>sunt</strong></span> <span class='ocrx_word' id='word_1_635' title='bbox 1789 4456 1914 4495; x_wconf 87' lang='lat' dir='ltr'><strong>ser·</strong></span> <span class='ocrx_word' id='word_1_636' title='bbox 1948 4431 1993 4496; x_wconf 93' lang='lat' dir='ltr'><strong>D</strong></span> <span class='ocrx_word' id='word_1_637' title='bbox 2026 4455 2228 4507; x_wconf 89' lang='lat' dir='ltr'><strong>sanus,</strong></span> <span class='ocrx_word' id='word_1_638' title='bbox 2258 4456 2326 4497; x_wconf 83' lang='lat' dir='ltr'><strong>ex</strong></span> <span class='ocrx_word' id='word_1_639' title='bbox 2356 4456 2473 4513; x_wconf 88' lang='lat' dir='ltr'><strong>quo</strong></span> <span class='ocrx_word' id='word_1_640' title='bbox 2504 4440 2705 4498; x_wconf 89' lang='lat' dir='ltr'><strong>civitas</strong></span> <span class='ocrx_word' id='word_1_641' title='bbox 2731 4449 2898 4514; x_wconf 89' lang='lat' dir='ltr'><strong>capta</strong></span> <span class='ocrx_word' id='word_1_642' title='bbox 2928 4441 3132 4509; x_wconf 78' lang='lat' dir='ltr'><strong>iuerat,</strong></span> <span class='ocrx_word' id='word_1_643' title='bbox 3154 4457 3290 4498; x_wconf 91' lang='lat' dir='ltr'><strong>cum</strong></span> <span class='ocrx_word' id='word_1_644' title='bbox 3324 4440 3456 4498; x_wconf 88' lang='lat' dir='ltr'><strong>aliis</strong></span> <span class='ocrx_word' id='word_1_645' title='bbox 3486 4442 3545 4498; x_wconf 91' lang='lat' dir='ltr'><strong>in</strong></span> <span class='ocrx_word' id='word_1_646' title='bbox 3572 4459 3670 4500; x_wconf 89' lang='lat' dir='ltr'><strong>ur-</strong></span> 
     </span>
    </p>
   </div>
   <div class='ocr_carea' id='block_1_18' title="bbox 251 4525 1916 5588">
    <p class='ocr_par' dir='ltr' id='par_1_19' title="bbox 251 4525 1916 5588">
     <span class='ocr_line' id='line_1_96' title="bbox 271 4525 1916 4601; baseline 0.004 -19"><span class='ocrx_word' id='word_1_647' title='bbox 271 4526 479 4597; x_wconf 83' lang='lat' dir='ltr'><strong>vituti3</strong></span> <span class='ocrx_word' id='word_1_648' title='bbox 513 4526 611 4584; x_wconf 89' lang='lat' dir='ltr'><strong>alii</strong></span> <span class='ocrx_word' id='word_1_649' title='bbox 641 4544 773 4585; x_wconf 88' lang='lat' dir='ltr'><strong>vero</strong></span> <span class='ocrx_word' id='word_1_650' title='bbox 802 4527 875 4583; x_wconf 89' lang='lat' dir='ltr'><strong>ad</strong></span> <span class='ocrx_word' id='word_1_651' title='bbox 927 4542 1086 4583; x_wconf 90' lang='lat' dir='ltr'><strong>mare</strong></span> <span class='ocrx_word' id='word_1_652' title='bbox 1136 4525 1557 4599; x_wconf 87' lang='lat' dir='ltr'><strong>pervenientes,</strong></span> <span class='ocrx_word' id='word_1_653' title='bbox 1589 4543 1689 4584; x_wconf 89' lang='lat' dir='ltr'><strong>eos</strong></span> <span class='ocrx_word' id='word_1_654' title='bbox 1729 4531 1827 4601; x_wconf 89' lang='lat' dir='ltr'><strong>qui</strong></span> <span class='ocrx_word' id='word_1_655' title='bbox 1857 4530 1916 4588; x_wconf 93' lang='lat' dir='ltr'><strong>in</strong></span> 
     </span>
     <span class='ocr_line' id='line_1_97' title="bbox 270 4613 1913 4691; baseline 0.004 -19"><span class='ocrx_word' id='word_1_656' title='bbox 270 4617 516 4673; x_wconf 82' lang='lat' dir='ltr'><strong>navibus</strong></span> <span class='ocrx_word' id='word_1_657' title='bbox 537 4621 722 4687; x_wconf 88' lang='lat' dir='ltr'><strong>erant,</strong></span> <span class='ocrx_word' id='word_1_658' title='bbox 754 4616 1011 4688; x_wconf 58' lang='lat' dir='ltr'><strong>praecisis</strong></span> <span class='ocrx_word' id='word_1_659' title='bbox 1025 4615 1321 4682; x_wconf 88' lang='lat' dir='ltr'><strong>anchoris,</strong></span> <span class='ocrx_word' id='word_1_660' title='bbox 1354 4615 1410 4672; x_wconf 93' lang='lat' dir='ltr'><strong>in</strong></span> <span class='ocrx_word' id='word_1_661' title='bbox 1437 4613 1636 4688; x_wconf 78' lang='lat' dir='ltr'><strong>fugam</strong></span> <span class='ocrx_word' id='word_1_662' title='bbox 1669 4633 1913 4691; x_wconf 89' lang='lat' dir='ltr'><strong>compu-</strong></span> 
     </span>
     <span class='ocr_line' id='line_1_98' title="bbox 267 4704 1911 4778; baseline 0.003 -16"><span class='ocrx_word' id='word_1_663' title='bbox 267 4706 481 4774; x_wconf 86' lang='lat' dir='ltr'><strong>lerunt,</strong></span> <span class='ocrx_word' id='word_1_664' title='bbox 518 4708 775 4765; x_wconf 87' lang='lat' dir='ltr'><strong>dieentes</strong></span> <span class='ocrx_word' id='word_1_665' title='bbox 810 4723 824 4761; x_wconf 92' lang='lat'><strong>:</strong></span> <span class='ocrx_word' id='word_1_666' title='bbox 855 4708 1116 4778; x_wconf 78' lang='lat' dir='ltr'><strong>Princeps</strong></span> <span class='ocrx_word' id='word_1_667' title='bbox 1146 4704 1234 4761; x_wconf 78' lang='lat' dir='ltr'><strong>hie</strong></span> <span class='ocrx_word' id='word_1_668' title='bbox 1260 4720 1513 4778; x_wconf 64' lang='lat' dir='ltr'><strong>magnus,</strong></span> <span class='ocrx_word' id='word_1_669' title='bbox 1544 4704 1643 4777; x_wconf 83' lang='lat' dir='ltr'><strong>qui</strong></span> <span class='ocrx_word' id='word_1_670' title='bbox 1669 4722 1792 4764; x_wconf 86' lang='lat' dir='ltr'><strong>cum</strong></span> <span class='ocrx_word' id='word_1_671' title='bbox 1823 4711 1911 4767; x_wconf 92' lang='lat' dir='ltr'><strong>in·</strong></span> 
     </span>
     <span class='ocr_line' id='line_1_99' title="bbox 264 4793 1913 4870; baseline 0.001 -17"><span class='ocrx_word' id='word_1_672' title='bbox 264 4795 708 4853; x_wconf 76' lang='lat' dir='ltr'><strong>numerabilibus</strong></span> <span class='ocrx_word' id='word_1_673' title='bbox 736 4795 966 4852; x_wconf 79' lang='lat' dir='ltr'><strong>advenit</strong></span> <span class='ocrx_word' id='word_1_674' title='bbox 993 4795 1184 4867; x_wconf 81' lang='lat' dir='ltr'><strong>copiis,</strong></span> <span class='ocrx_word' id='word_1_675' title='bbox 1213 4793 1404 4849; x_wconf 82' lang='lat' dir='ltr'><strong>urbem</strong></span> <span class='ocrx_word' id='word_1_676' title='bbox 1433 4810 1592 4866; x_wconf 82' lang='lat' dir='ltr'><strong>quam</strong></span> <span class='ocrx_word' id='word_1_677' title='bbox 1622 4810 1717 4852; x_wconf 81' lang='lat' dir='ltr'><strong>nos</strong></span> <span class='ocrx_word' id='word_1_678' title='bbox 1735 4812 1913 4870; x_wconf 80' lang='lat' dir='ltr'><strong>expu-</strong></span> 
     </span>
     <span class='ocr_line' id='line_1_100' title="bbox 263 4885 1907 4956; baseline 0.002 -16"><span class='ocrx_word' id='word_1_679' title='bbox 263 4900 646 4956; x_wconf 67' lang='lat' dir='ltr'><strong>gnaveramus,</strong></span> <span class='ocrx_word' id='word_1_680' title='bbox 678 4888 948 4943; x_wconf 80' lang='lat' dir='ltr'><strong>exstincto</strong></span> <span class='ocrx_word' id='word_1_681' title='bbox 978 4885 1233 4941; x_wconf 87' lang='lat' dir='ltr'><strong>universo</strong></span> <span class='ocrx_word' id='word_1_682' title='bbox 1261 4887 1572 4940; x_wconf 81' lang='lat' dir='ltr'><strong>nostrorum</strong></span> <span class='ocrx_word' id='word_1_683' title='bbox 1602 4901 1828 4945; x_wconf 87' lang='lat' dir='ltr'><strong>numero</strong></span> <span class='ocrx_word' id='word_1_684' title='bbox 1855 4894 1907 4946; x_wconf 77' lang='lat' dir='ltr'><strong>et</strong></span> 
     </span>
     <span class='ocr_line' id='line_1_101' title="bbox 262 4972 1906 5046; baseline 0.005 -20"><span class='ocrx_word' id='word_1_685' title='bbox 262 4972 606 5043; x_wconf 78' lang='lat' dir='ltr'><strong>principibus</strong></span> <span class='ocrx_word' id='word_1_686' title='bbox 632 4973 1000 5046; x_wconf 81' lang='lat' dir='ltr'><strong>interemptis,</strong></span> <span class='ocrx_word' id='word_1_687' title='bbox 1017 4974 1190 5030; x_wconf 87' lang='lat' dir='ltr'><strong>violen</strong></span> <span class='ocrx_word' id='word_1_688' title='bbox 1199 4978 1286 5028; x_wconf 75' lang='lat' dir='ltr'><strong>ter</strong></span> <span class='ocrx_word' id='word_1_689' title='bbox 1311 4974 1519 5045; x_wconf 78' lang='lat' dir='ltr'><strong>recepit</strong></span> <span class='ocrx_word' id='word_1_690' title='bbox 1537 4991 1561 5041; x_wconf 91' lang='lat'><strong>‚·</strong></span> <span class='ocrx_word' id='word_1_691' title='bbox 1577 4990 1683 5031; x_wconf 89' lang='lat' dir='ltr'><strong>non</strong></span> <span class='ocrx_word' id='word_1_692' title='bbox 1700 4980 1906 5046; x_wconf 65' lang='lat' dir='ltr'><strong>anilem,</strong></span> 
     </span>
     <span class='ocr_line' id='line_1_102' title="bbox 261 5061 1907 5132; baseline 0.005 -17"><span class='ocrx_word' id='word_1_693' title='bbox 261 5061 569 5131; x_wconf 73' lang='lat' dir='ltr'><strong>opitulante</strong></span> <span class='ocrx_word' id='word_1_694' title='bbox 616 5062 862 5130; x_wconf 87' lang='lat' dir='ltr'><strong>Domino,</strong></span> <span class='ocrx_word' id='word_1_695' title='bbox 921 5062 1136 5132; x_wconf 70' lang='lat' dir='ltr'><strong>qladios</strong></span> <span class='ocrx_word' id='word_1_696' title='bbox 1210 5078 1401 5120; x_wconf 86' lang='lat' dir='ltr'><strong>eorum</strong></span> <span class='ocrx_word' id='word_1_697' title='bbox 1447 5065 1735 5121; x_wconf 72' lang='lat' dir='ltr'><strong>evasimus.</strong></span> <span class='ocrx_word' id='word_1_698' title='bbox 1815 5068 1907 5124; x_wconf 73' lang='lat' dir='ltr'><strong>l&#39;os</strong></span> 
     </span>
     <span class='ocr_line' id='line_1_103' title="bbox 257 5150 1906 5225; baseline 0.005 -21"><span class='ocrx_word' id='word_1_699' title='bbox 257 5150 437 5222; x_wconf 64' lang='lat' dir='ltr'><strong>igilur</strong></span> <span class='ocrx_word' id='word_1_700' title='bbox 476 5152 637 5222; x_wconf 82' lang='lat' dir='ltr'><strong>funes</strong></span> <span class='ocrx_word' id='word_1_701' title='bbox 665 5150 949 5224; x_wconf 70' lang='lat' dir='ltr'><strong>praecidite</strong></span> <span class='ocrx_word' id='word_1_702' title='bbox 964 5156 1018 5207; x_wconf 80' lang='lat' dir='ltr'><strong>el</strong></span> <span class='ocrx_word' id='word_1_703' title='bbox 1042 5158 1318 5209; x_wconf 78' lang='lat' dir='ltr'><strong>maturate</strong></span> <span class='ocrx_word' id='word_1_704' title='bbox 1330 5155 1540 5225; x_wconf 63' lang='lat' dir='ltr'><strong>sugam,</strong></span> <span class='ocrx_word' id='word_1_705' title='bbox 1558 5169 1627 5209; x_wconf 87' lang='lat' dir='ltr'><strong>ne</strong></span> <span class='ocrx_word' id='word_1_706' title='bbox 1651 5154 1722 5209; x_wconf 89' lang='lat' dir='ltr'><strong>ad</strong></span> <span class='ocrx_word' id='word_1_707' title='bbox 1751 5171 1906 5212; x_wconf 83' lang='lat' dir='ltr'><strong>mare</strong></span> 
     </span>
     <span class='ocr_line' id='line_1_104' title="bbox 258 5239 1901 5314; baseline 0.004 -18"><span class='ocrx_word' id='word_1_708' title='bbox 258 5239 658 5310; x_wconf 75' lang='lat' dir='ltr'><strong>descendentes,</strong></span> <span class='ocrx_word' id='word_1_709' title='bbox 687 5242 817 5314; x_wconf 83' lang='lat' dir='ltr'><strong>pari</strong></span> <span class='ocrx_word' id='word_1_710' title='bbox 842 5256 934 5298; x_wconf 89' lang='lat' dir='ltr'><strong>vos</strong></span> <span class='ocrx_word' id='word_1_711' title='bbox 964 5239 1247 5298; x_wconf 79' lang='lat' dir='ltr'><strong>involvant</strong></span> <span class='ocrx_word' id='word_1_712' title='bbox 1271 5242 1538 5313; x_wconf 83' lang='lat' dir='ltr'><strong>periculo.</strong></span> <span class='ocrx_word' id='word_1_713' title='bbox 1564 5242 1679 5314; x_wconf 88' lang='lat' dir='ltr'><strong>Ipsi</strong></span> <span class='ocrx_word' id='word_1_714' title='bbox 1710 5247 1901 5302; x_wconf 89' lang='lat' dir='ltr'><strong>autem</strong></span> 
     </span>
     <span class='ocr_line' id='line_1_105' title="bbox 256 5329 1902 5403; baseline 0.004 -18"><span class='ocrx_word' id='word_1_715' title='bbox 256 5344 388 5385; x_wconf 88' lang='lat' dir='ltr'><strong>eum</strong></span> <span class='ocrx_word' id='word_1_716' title='bbox 421 5329 505 5387; x_wconf 90' lang='lat' dir='ltr'><strong>eis</strong></span> <span class='ocrx_word' id='word_1_717' title='bbox 536 5329 1016 5393; x_wconf 84' lang='lat' dir='ltr'><strong>conscendentes.</strong></span> <span class='ocrx_word' id='word_1_718' title='bbox 1050 5331 1247 5403; x_wconf 76' lang='lat' dir='ltr'><strong>fugam</strong></span> <span class='ocrx_word' id='word_1_719' title='bbox 1277 5330 1553 5388; x_wconf 90' lang='lat' dir='ltr'><strong>inierunt.</strong></span> <span class='ocrx_word' id='word_1_720' title='bbox 1587 5331 1763 5390; x_wconf 82' lang='lat' dir='ltr'><strong>Erant</strong></span> <span class='ocrx_word' id='word_1_721' title='bbox 1792 5351 1902 5392; x_wconf 89' lang='lat' dir='ltr'><strong>au-</strong></span> 
     </span>
     <span class='ocr_line' id='line_1_106' title="bbox 254 5418 1899 5494; baseline 0.006 -21"><span class='ocrx_word' id='word_1_722' title='bbox 254 5420 372 5474; x_wconf 88' lang='lat' dir='ltr'><strong>tem</strong></span> <span class='ocrx_word' id='word_1_723' title='bbox 402 5418 505 5491; x_wconf 88' lang='lat' dir='ltr'><strong>qui</strong></span> <span class='ocrx_word' id='word_1_724' title='bbox 535 5420 619 5477; x_wconf 88' lang='lat' dir='ltr'><strong>sie</strong></span> <span class='ocrx_word' id='word_1_725' title='bbox 649 5422 1012 5492; x_wconf 76' lang='lat' dir='ltr'><strong>aufugerant,</strong></span> <span class='ocrx_word' id='word_1_726' title='bbox 1044 5435 1164 5477; x_wconf 92' lang='lat' dir='ltr'><strong>non</strong></span> <span class='ocrx_word' id='word_1_727' title='bbox 1196 5418 1389 5477; x_wconf 87' lang='lat' dir='ltr'><strong>solum</strong></span> <span class='ocrx_word' id='word_1_728' title='bbox 1420 5418 1491 5478; x_wconf 91' lang='lat' dir='ltr'><strong>de</strong></span> <span class='ocrx_word' id='word_1_729' title='bbox 1521 5422 1899 5494; x_wconf 86' lang='lat' dir='ltr'><strong>popularibus</strong></span> 
     </span>
     <span class='ocr_line' id='line_1_107' title="bbox 251 5506 1898 5588; baseline 0.006 -25"><span class='ocrx_word' id='word_1_730' title='bbox 251 5508 310 5563; x_wconf 87' lang='lat' dir='ltr'><strong>et</strong></span> <span class='ocrx_word' id='word_1_731' title='bbox 335 5506 595 5582; x_wconf 73' lang='lat' dir='ltr'><strong>plebeiis,</strong></span> <span class='ocrx_word' id='word_1_732' title='bbox 625 5525 829 5570; x_wconf 89' lang='lat' dir='ltr'><strong>verum</strong></span> <span class='ocrx_word' id='word_1_733' title='bbox 864 5509 1037 5568; x_wconf 80' lang='lat' dir='ltr'><strong>etiam</strong></span> <span class='ocrx_word' id='word_1_734' title='bbox 1088 5507 1196 5567; x_wconf 90' lang='lat' dir='ltr'><strong>viri</strong></span> <span class='ocrx_word' id='word_1_735' title='bbox 1227 5507 1475 5583; x_wconf 88' lang='lat' dir='ltr'><strong>nobiles,</strong></span> <span class='ocrx_word' id='word_1_736' title='bbox 1500 5513 1559 5569; x_wconf 83' lang='lat' dir='ltr'><strong>et</strong></span> <span class='ocrx_word' id='word_1_737' title='bbox 1587 5513 1774 5571; x_wconf 86' lang='lat' dir='ltr'><strong>multa</strong></span> <span class='ocrx_word' id='word_1_738' title='bbox 1801 5531 1898 5588; x_wconf 88' lang='lat' dir='ltr'><strong>ge-</strong></span> 
     </span>
    </p>
   </div>
   <div class='ocr_carea' id='block_1_19' title="bbox 2016 4527 3669 5048">
    <p class='ocr_par' dir='ltr' id='par_1_20' title="bbox 2016 4527 3669 5048">
     <span class='ocr_line' id='line_1_108' title="bbox 2025 4527 3665 4606; baseline 0.003 -22"><span class='ocrx_word' id='word_1_739' title='bbox 2025 4527 2156 4585; x_wconf 91' lang='lat' dir='ltr'><strong>bem</strong></span> <span class='ocrx_word' id='word_1_740' title='bbox 2179 4543 2242 4584; x_wconf 88' lang='lat' dir='ltr'><strong>ae</strong></span> <span class='ocrx_word' id='word_1_741' title='bbox 2264 4530 2592 4602; x_wconf 77' lang='lat' dir='ltr'><strong>conserens,</strong></span> <span class='ocrx_word' id='word_1_742' title='bbox 2615 4529 3026 4602; x_wconf 82' lang='lat' dir='ltr'><strong>dereliquerat.</strong></span> <span class='ocrx_word' id='word_1_743' title='bbox 3052 4530 3205 4587; x_wconf 91' lang='lat' dir='ltr'><strong>Urbe</strong></span> <span class='ocrx_word' id='word_1_744' title='bbox 3252 4534 3446 4588; x_wconf 91' lang='lat' dir='ltr'><strong>autem</strong></span> <span class='ocrx_word' id='word_1_745' title='bbox 3480 4536 3665 4606; x_wconf 81' lang='lat' dir='ltr'><strong>capta,</strong></span> 
     </span>
     <span class='ocr_line' id='line_1_109' title="bbox 2023 4617 3667 4696; baseline 0.004 -22"><span class='ocrx_word' id='word_1_746' title='bbox 2023 4617 2473 4676; x_wconf 84' lang='lat' dir='ltr'><strong>Flandrensium</strong></span> <span class='ocrx_word' id='word_1_747' title='bbox 2496 4634 2692 4676; x_wconf 89' lang='lat' dir='ltr'><strong>comes</strong></span> <span class='ocrx_word' id='word_1_748' title='bbox 2710 4620 3050 4692; x_wconf 71' lang='lat' dir='ltr'><strong>praedictum</strong></span> <span class='ocrx_word' id='word_1_749' title='bbox 3069 4622 3371 4693; x_wconf 85' lang='lat' dir='ltr'><strong>ingressus</strong></span> <span class='ocrx_word' id='word_1_750' title='bbox 3391 4627 3667 4696; x_wconf 87' lang='lat' dir='ltr'><strong>castrum,</strong></span> 
     </span>
     <span class='ocr_line' id='line_1_110' title="bbox 2021 4707 3669 4785; baseline 0.002 -21"><span class='ocrx_word' id='word_1_751' title='bbox 2021 4722 2152 4764; x_wconf 89' lang='lat' dir='ltr'><strong>eum</strong></span> <span class='ocrx_word' id='word_1_752' title='bbox 2179 4708 2511 4779; x_wconf 78' lang='lat' dir='ltr'><strong>quingentis</strong></span> <span class='ocrx_word' id='word_1_753' title='bbox 2543 4707 2680 4766; x_wconf 89' lang='lat' dir='ltr'><strong>viris</strong></span> <span class='ocrx_word' id='word_1_754' title='bbox 2711 4709 2958 4766; x_wconf 79' lang='lat' dir='ltr'><strong>fortibus</strong></span> <span class='ocrx_word' id='word_1_755' title='bbox 2988 4716 3044 4766; x_wconf 88' lang='lat' dir='ltr'><strong>et</strong></span> <span class='ocrx_word' id='word_1_756' title='bbox 3073 4711 3329 4767; x_wconf 87' lang='lat' dir='ltr'><strong>strenuis</strong></span> <span class='ocrx_word' id='word_1_757' title='bbox 3360 4710 3669 4785; x_wconf 89' lang='lat' dir='ltr'><strong>diligenter</strong></span> 
     </span>
     <span class='ocr_line' id='line_1_111' title="bbox 2020 4797 3664 4870; baseline 0.001 -14"><span class='ocrx_word' id='word_1_758' title='bbox 2020 4797 2467 4863; x_wconf 88' lang='lat' dir='ltr'><strong>communierat,</strong></span> <span class='ocrx_word' id='word_1_759' title='bbox 2493 4798 2703 4870; x_wconf 84' lang='lat' dir='ltr'><strong>timens</strong></span> <span class='ocrx_word' id='word_1_760' title='bbox 2728 4816 2819 4869; x_wconf 90' lang='lat' dir='ltr'><strong>ne,</strong></span> <span class='ocrx_word' id='word_1_761' title='bbox 2850 4802 2898 4857; x_wconf 89' lang='lat' dir='ltr'><strong>si</strong></span> <span class='ocrx_word' id='word_1_762' title='bbox 2930 4802 2988 4859; x_wconf 88' lang='lat' dir='ltr'><strong>in</strong></span> <span class='ocrx_word' id='word_1_763' title='bbox 3012 4817 3218 4859; x_wconf 91' lang='lat' dir='ltr'><strong>manus</strong></span> <span class='ocrx_word' id='word_1_764' title='bbox 3241 4802 3386 4858; x_wconf 81' lang='lat' dir='ltr'><strong>sorte</strong></span> <span class='ocrx_word' id='word_1_765' title='bbox 3409 4800 3664 4859; x_wconf 88' lang='lat' dir='ltr'><strong>hostium</strong></span> 
     </span>
     <span class='ocr_line' id='line_1_112' title="bbox 2018 4886 3664 4965; baseline 0.003 -21"><span class='ocrx_word' id='word_1_766' title='bbox 2018 4886 2329 4954; x_wconf 87' lang='lat' dir='ltr'><strong>deveniret,</strong></span> <span class='ocrx_word' id='word_1_767' title='bbox 2366 4886 2577 4944; x_wconf 87' lang='lat' dir='ltr'><strong>nostris</strong></span> <span class='ocrx_word' id='word_1_768' title='bbox 2594 4905 2694 4961; x_wconf 90' lang='lat' dir='ltr'><strong>per</strong></span> <span class='ocrx_word' id='word_1_769' title='bbox 2717 4895 2956 4963; x_wconf 84' lang='lat' dir='ltr'><strong>pontem</strong></span> <span class='ocrx_word' id='word_1_770' title='bbox 2980 4892 3254 4948; x_wconf 88' lang='lat' dir='ltr'><strong>introitus</strong></span> <span class='ocrx_word' id='word_1_771' title='bbox 3282 4895 3664 4965; x_wconf 85' lang='lat' dir='ltr'><strong>negareturet</strong></span> 
     </span>
     <span class='ocr_line' id='line_1_113' title="bbox 2016 4976 3663 5048; baseline 0.004 -14"><span class='ocrx_word' id='word_1_772' title='bbox 2016 4977 2203 5034; x_wconf 88' lang='lat' dir='ltr'><strong>exitus</strong></span> <span class='ocrx_word' id='word_1_773' title='bbox 2227 4994 2242 5046; x_wconf 87' lang='lat'>;</span> <span class='ocrx_word' id='word_1_774' title='bbox 2285 4976 2343 5032; x_wconf 91' lang='lat' dir='ltr'><strong>in</strong></span> <span class='ocrx_word' id='word_1_775' title='bbox 2377 4991 2493 5048; x_wconf 91' lang='lat' dir='ltr'><strong>quo</strong></span> <span class='ocrx_word' id='word_1_776' title='bbox 2547 4977 2710 5035; x_wconf 82' lang='lat' dir='ltr'><strong>fieret</strong></span> <span class='ocrx_word' id='word_1_777' title='bbox 2760 4980 3134 5038; x_wconf 86' lang='lat' dir='ltr'><strong>obsessorum</strong></span> <span class='ocrx_word' id='word_1_778' title='bbox 3193 4981 3451 5038; x_wconf 85' lang='lat' dir='ltr'><strong>deterior</strong></span> <span class='ocrx_word' id='word_1_779' title='bbox 3481 4981 3663 5040; x_wconf 86' lang='lat' dir='ltr'><strong>multo</strong></span> 
     </span>
    </p>
   </div>
   <div class='ocr_carea' id='block_1_20' title="bbox 2012 5064 3661 5594">
    <p class='ocr_par' dir='ltr' id='par_1_21' title="bbox 2015 5064 2294 5126">
     <span class='ocr_line' id='line_1_114' title="bbox 2015 5064 2294 5126; baseline -0.018 0"><span class='ocrx_word' id='word_1_780' title='bbox 2015 5064 2294 5126; x_wconf 89' lang='lat' dir='ltr'><strong>conditio.</strong></span> 
     </span>
    </p>

    <p class='ocr_par' dir='ltr' id='par_1_22' title="bbox 2654 5139 3019 5199">
     <span class='ocr_line' id='line_1_115' title="bbox 2654 5139 3019 5199; baseline 0.011 -4"><span class='ocrx_word' id='word_1_781' title='bbox 2654 5139 2885 5199; x_wconf 80' lang='lat' dir='ltr'>CAPUT</span> <span class='ocrx_word' id='word_1_782' title='bbox 2923 5141 3019 5199; x_wconf 90' lang='lat' dir='ltr'><strong>v1.</strong></span> 
     </span>
    </p>

    <p class='ocr_par' dir='ltr' id='par_1_23' title="bbox 2012 5207 3661 5500">
     <span class='ocr_line' id='line_1_116' title="bbox 2012 5207 3659 5287; baseline 0.002 -18"><span class='ocrx_word' id='word_1_783' title='bbox 2012 5210 2197 5269; x_wconf 80' lang='lat' dir='ltr'><strong>Comes</strong></span> <span class='ocrx_word' id='word_1_784' title='bbox 2254 5207 2608 5266; x_wconf 70' lang='lat' dir='ltr'><strong>flandrensis</strong></span> <span class='ocrx_word' id='word_1_785' title='bbox 2652 5216 2967 5283; x_wconf 59' lang='lat' dir='ltr'><strong>prasidium</strong></span> <span class='ocrx_word' id='word_1_786' title='bbox 3016 5220 3143 5271; x_wconf 81' lang='lat' dir='ltr'><strong>ante</strong></span> <span class='ocrx_word' id='word_1_787' title='bbox 3188 5215 3377 5271; x_wconf 77' lang='lat' dir='ltr'><strong>Pontis</strong></span> <span class='ocrx_word' id='word_1_788' title='bbox 3419 5227 3659 5287; x_wconf 76' lang='lat' dir='ltr'><strong>portam,</strong></span> 
     </span>
     <span class='ocr_line' id='line_1_117' title="bbox 2082 5283 3661 5358; baseline 0.005 -21"><span class='ocrx_word' id='word_1_789' title='bbox 2082 5283 2348 5354; x_wconf 76' lang='lat' dir='ltr'><strong>quoniam</strong></span> <span class='ocrx_word' id='word_1_790' title='bbox 2374 5297 2699 5339; x_wconf 82' lang='lat' dir='ltr'><strong>conservare</strong></span> <span class='ocrx_word' id='word_1_791' title='bbox 2729 5301 2834 5341; x_wconf 79' lang='lat' dir='ltr'><strong>non</strong></span> <span class='ocrx_word' id='word_1_792' title='bbox 2863 5290 3104 5358; x_wconf 79' lang='lat' dir='ltr'><strong>poterae,</strong></span> <span class='ocrx_word' id='word_1_793' title='bbox 3134 5287 3281 5343; x_wconf 87' lang='lat' dir='ltr'><strong>ullro</strong></span> <span class='ocrx_word' id='word_1_794' title='bbox 3294 5285 3492 5344; x_wconf 77' lang='lat' dir='ltr'><strong>deserit</strong></span> <span class='ocrx_word' id='word_1_795' title='bbox 3508 5300 3561 5345; x_wconf 86' lang='lat' dir='ltr'><strong>et</strong></span> <span class='ocrx_word' id='word_1_796' title='bbox 3573 5292 3661 5344; x_wconf 69' lang='lat' dir='ltr'><strong>ia-</strong></span> 
     </span>
     <span class='ocr_line' id='line_1_118' title="bbox 2077 5353 3661 5433; baseline 0.006 -24"><span class='ocrx_word' id='word_1_797' title='bbox 2077 5354 2280 5410; x_wconf 82' lang='lat' dir='ltr'><strong>cendit.</strong></span> <span class='ocrx_word' id='word_1_798' title='bbox 2314 5354 2576 5425; x_wconf 78' lang='lat' dir='ltr'><strong>Princeps</strong></span> <span class='ocrx_word' id='word_1_799' title='bbox 2606 5353 2842 5413; x_wconf 75' lang='lat' dir='ltr'><strong>hostium</strong></span> <span class='ocrx_word' id='word_1_800' title='bbox 2872 5358 3132 5431; x_wconf 83' lang='lat' dir='ltr'><strong>quosdam</strong></span> <span class='ocrx_word' id='word_1_801' title='bbox 3147 5360 3217 5415; x_wconf 86' lang='lat' dir='ltr'><strong>de</strong></span> <span class='ocrx_word' id='word_1_802' title='bbox 3246 5360 3454 5415; x_wconf 72' lang='lat' dir='ltr'><strong>nostris</strong></span> <span class='ocrx_word' id='word_1_803' title='bbox 3481 5365 3661 5433; x_wconf 75' lang='lat' dir='ltr'><strong>captos</strong></span> 
     </span>
     <span class='ocr_line' id='line_1_119' title="bbox 2080 5425 2696 5500; baseline 0.003 -19"><span class='ocrx_word' id='word_1_804' title='bbox 2080 5427 2139 5482; x_wconf 86' lang='lat' dir='ltr'><strong>in</strong></span> <span class='ocrx_word' id='word_1_805' title='bbox 2164 5425 2450 5483; x_wconf 83' lang='lat' dir='ltr'><strong>Persidem</strong></span> <span class='ocrx_word' id='word_1_806' title='bbox 2474 5425 2696 5500; x_wconf 63' lang='lat' dir='ltr'><strong>diripit.</strong></span> 
     </span>
    </p>

    <p class='ocr_par' dir='ltr' id='par_1_24' title="bbox 2074 5513 3655 5594">
     <span class='ocr_line' id='line_1_120' title="bbox 2074 5513 3655 5594; baseline 0.006 -23"><span class='ocrx_word' id='word_1_807' title='bbox 2074 5513 2326 5588; x_wconf 81' lang='lat' dir='ltr'><strong>Contigit</strong></span> <span class='ocrx_word' id='word_1_808' title='bbox 2352 5517 2548 5574; x_wconf 89' lang='lat' dir='ltr'><strong>autem</strong></span> <span class='ocrx_word' id='word_1_809' title='bbox 2578 5516 2669 5576; x_wconf 92' lang='lat' dir='ltr'><strong>die</strong></span> <span class='ocrx_word' id='word_1_810' title='bbox 2720 5518 3000 5592; x_wconf 81' lang='lat' dir='ltr'><strong>quadam,</strong></span> <span class='ocrx_word' id='word_1_811' title='bbox 3030 5521 3188 5594; x_wconf 85' lang='lat' dir='ltr'><strong>quod</strong></span> <span class='ocrx_word' id='word_1_812' title='bbox 3206 5517 3414 5578; x_wconf 87' lang='lat' dir='ltr'><strong>videns</strong></span> <span class='ocrx_word' id='word_1_813' title='bbox 3443 5521 3655 5582; x_wconf 80' lang='lat' dir='ltr'><strong>corba·</strong></span> 
     </span>
    </p>
   </div>
  </div>
 </body>
</html>
