3784 6000
183 314 291 378 tol

1229 291 1574 356 ARNULFI
1618 286 2135 352 LEXOVIENSIS
2179 286 2540 351 EPISCOPI

3469 300 3587 359 192

183 444 404 521 agnitio
435 440 861 504 confirmasset,
895 441 950 491 et
993 430 1092 506 qui
1123 429 1288 504 prius
1317 429 1388 485 de
1412 424 1697 499 rescripta
1721 422 1825 480 tibi
1853 424 1915 492 Α
1943 425 2044 479 aut
2072 422 2282 494 regulae
2308 425 2551 498 vestigia
2580 429 2820 484 restent.
2856 426 2976 486 Illis
3023 432 3180 490 euim
3212 447 3461 507 quorum
3492 450 3593 493 ea-

184 536 475 609 legatione
531 528 929 602 speraverant,
961 524 1032 580 de
1081 520 1354 593 ligatione
1391 521 1588 590 postea
1627 516 1832 586 despe-

186 627 405 682 rarent.
440 620 721 677 Reserato
778 623 978 672 autem
1036 625 1265 669 carcere
1295 605 1629 680 processisti
1661 604 1832 677 qussi

184 715 405 787 pardus
436 727 468 766 e
497 723 690 774 cavea,
723 705 896 777 cujus
952 702 1108 759 rabie
1137 714 1363 755 carcere
1393 696 1615 753 diutius
1644 699 1703 752 et
1730 710 1830 750 ca·

182 801 336 860 tenis
368 797 642 863 inhibita,
672 795 724 851 si
783 796 927 851 forte
976 791 1124 848 liber
1151 789 1418 858 evaserit,
1450 785 1704 857 insurgit
1727 798 1832 840 au·

183 889 401 956 dacior,
436 903 540 943 nec
598 900 731 942 eum
776 883 898 939 ulla
954 885 1138 952 potest
1168 876 1473 950 sanguinis
1503 874 1707 931 effusio
1737 889 1834 930 sa·

182 978 350 1036 tiare.
369 975 718 1034 AEstimabas
751 972 940 1029 adhuc
969 968 1313 1026 auctoritate
1337 969 1636 1022 tuatotum
1661 977 1832 1036 posse

180 1066 470 1142 proverti,
502 1063 658 1138 quod
688 1060 943 1119 Ecclesia
970 1063 1173 1116 sancta
1201 1055 1537 1123 dictaverat,
1566 1057 1625 1110 et
1653 1068 1831 1125 penes

184 1160 242 1213 te
274 1171 468 1213 rerum
524 1153 778 1225 pondera
826 1154 883 1206 et
939 1150 1234 1205 momenta
1285 1150 1568 1202 constare.
1609 1143 1672 1198 In
1713 1157 1829 1215 quo

187 1244 384 1303 nescio
441 1248 683 1300 tuamne
741 1238 926 1311 magis
976 1237 1294 1295 coecitatem
1314 1233 1404 1291 vel
1434 1231 1829 1305 arrogantiam

185 1336 385 1394 mirer.
419 1333 558 1402 Quis
586 1347 714 1404 quas
744 1328 1074 1402 arrogantia
1095 1327 1299 1398 maior,
1332 1340 1505 1397 quam
1530 1322 1825 1379 hominem

184 1441 333 1500 pene
389 1422 580 1480 solum
628 1421 908 1477 adversus
957 1417 1102 1474 illud
1135 1419 1438 1488 insurgere
1457 1414 1610 1485 quod
1631 1411 1829 1469 divina

183 1512 548 1588 providentia
591 1507 1150 1579 confirmavit,quod
1207 1503 1401 1562 omnis
1448 1501 1646 1572 religio
1693 1515 1829 1557 cou-

186 1603 461 1670 firmavit,
491 1600 650 1674 quod
682 1600 945 1656 omnium
980 1611 1292 1670 regnorum
1325 1596 1484 1651 favor
1511 1592 1828 1650 confirma-

184 1696 288 1762 vit,
309 1693 465 1766 quod
497 1696 554 1748 et
581 1691 706 1763 ipse
755 1691 1040 1762 quantum
1084 1702 1189 1744 sua
1217 1685 1480 1751 interest,
1510 1681 1827 1739 confirma·

184 1782 313 1840 vit?
360 1783 492 1848 Quas
547 1780 734 1851 major
778 1778 1021 1847 caecitas,
1081 1790 1252 1849 quam
1303 1772 1407 1831 ubi
1458 1771 1685 1827 nullum
1725 1769 1824 1826 Dei
1857 1796 1906 1863 Β

184 1870 474 1945 praecedit,
506 1869 655 1925 exile
697 1865 953 1924 hominis
992 1863 1254 1922 succedit
1290 1861 1593 1930 auxilium,
1622 1863 1828 1916 contra

185 1958 619 2017 universitatem
638 1971 870 2029 sperare
881 1954 1182 2012 victoriam
1205 1952 1234 2008 ⁸?
1254 1956 1377 2008 Non
1401 1954 1562 2024 potes
1592 1962 1821 2021 negare,

185 2050 322 2120 quin
355 2047 487 2104 falsi
519 2049 740 2104 crimen
779 2049 837 2101 et
865 2043 1268 2102 inconstantia
1298 2038 1823 2105 simulincurreris,

186 2137 481 2195 levissime
525 2136 850 2207 transfuga,
881 2134 1055 2190 modo
1085 2131 1318 2198 barum,
1363 2130 1536 2187 modo
1590 2127 1824 2183 illarum

183 2228 439 2302 partium
471 2225 775 2282 malefidus
814 2227 1089 2292 assertor,
1120 2223 1287 2293 cujus
1318 2221 1376 2275 in
1409 2218 1657 2290 singulis
1686 2233 1826 2290 ope·

182 2317 348 2374 ribus
405 2313 666 2386 duplices
722 2314 863 2381 vias,
917 2310 1131 2385 duplex
1186 2309 1377 2379 signat
1451 2308 1716 2373 intuitae,
1767 2313 1826 2362 et

182 2405 427 2461 affectus
485 2403 701 2458 mentis
759 2401 1064 2473 ancipites,
1123 2397 1434 2470 ambiguus
1490 2396 1825 2452 manifestat

183 2496 472 2566 aspectus.
508 2490 673 2546 Sicut
700 2491 856 2547 enim
904 2486 1232 2560 corporales
1260 2484 1460 2542 oculos
1487 2488 1622 2542 tuos
1651 2484 1824 2539 inna-

184 2581 390 2640 turalis
446 2580 716 2654 quiedam
776 2578 1038 2635 distorsit
1087 2575 1427 2641 enormitas,
1461 2580 1522 2631 ut
1561 2574 1633 2630 ad
1666 2573 1822 2631 idem

183 2670 575 2729 contuendum
628 2667 880 2725 mirabili
930 2673 1219 2738 nequeant
1284 2663 1569 2720 discordia
1614 2678 1822 2719 conve·

172 2760 319 2829 nire,
353 2760 441 2816 sic
469 2762 527 2816 et
547 2758 763 2815 mentis
805 2755 959 2814 oculi
998 2756 1304 2822 dissident,
1339 2754 1483 2811 ratio
1515 2751 1739 2809 scilicet
1766 2758 1824 2810 et

177 2847 447 2905 affectus.

244 2936 624 2994 Pictaviensis
657 2952 722 2993 ac
772 2934 1200 2993 Lemovicensis
1257 2932 1546 3004 Ecclesiae,
1588 2932 1820 2989 comitis

173 3026 400 3084 viribus
451 3026 766 3095 abutendo,
825 3025 1143 3083 catholicos
1207 3023 1424 3095 ejecisti
1492 3023 1820 3096 pontifices,

1942 518 2117 572 tenus
2145 517 2418 574 ardentes
2459 517 2826 576 monasticus
2846 521 2989 578 ordo
3019 522 3282 582 frenabat
3320 525 3585 589 affectus.

1942 605 2169 663 traditae
2198 605 2658 678 dispensationis
2706 610 2933 666 occasio
2965 609 3261 670 licentiam
3284 622 3587 689 comparat

1939 693 2238 751 effluendi.
2267 694 2538 768 Nihilque
2555 696 2628 752 ad
2644 696 2962 768 periculum
2975 698 3589 773 religionisefflcacius

1937 783 2048 847 est,
2082 797 2259 854 quam
2283 782 2668 855 irreligiosum
2700 784 2992 843 sustinere
3020 797 3336 859 pastorem.

2011 870 2115 927 Hic
2169 877 2366 928 autem
2415 877 2493 942 te,
2551 873 2815 941 Girerde,
2863 877 3165 947 convenio,
3195 883 3255 935 et
3311 881 3487 938 veteri
3517 883 3590 938 de

1938 958 2262 1030 apostolatu
2287 960 2577 1035 paulisper
2611 964 2866 1034 seposita
2912 967 3254 1037 questione,
3286 969 3460 1042 quasi
3482 970 3588 1027 tibi

1940 1049 2094 1107 Petri
2128 1051 2479 1122 munereJ'us
2512 1051 2820 1126 legationis
2859 1055 3133 1113 accedere
3162 1056 3453 1130 potuisset
3486 1058 3586 1115 :in

1937 1137 2032 1194 his
2062 1139 2341 1212 operibus
2370 1140 2635 1198 ordinem
2686 1144 2918 1215 requiro
2947 1145 3325 1204 canonicum.
3355 1146 3589 1220 Spolia·

1936 1230 2029 1284 tos
2059 1229 2256 1297 rebus,
2281 1229 2520 1286 sedibus
2548 1231 2673 1286 suis
2701 1230 3007 1289 .violenter
3046 1233 3347 1307 expulsos,
3380 1236 3587 1293 incon·

1936 1323 2159 1386 ventos,
2191 1317 2669 1390 incommonitos,
2700 1322 2969 1379 absentes
3018 1338 3264 1395 quoque,
3294 1325 3461 1382 nulla
3495 1330 3585 1383 te-

1935 1422 2069 1463 cum
2101 1407 2375 1481 episcopo
2392 1409 2703 1479 residente,
2724 1411 3036 1468 damnasti.
3057 1412 3165 1470 Sed
3190 1419 3256 1471 ut
3275 1413 3398 1472 hoc
3409 1416 3585 1473 etiam

1936 1512 2222 1568 ponamus
2253 1497 2457 1554 ordine
2488 1501 2844 1571 processisse
2887 1503 3189 1566 canonico,
3223 1502 3282 1560 in
3333 1504 3584 1562 aliorum

1936 1587 2503 1658 superpositionibus
2533 1589 2856 1659 regularem
2879 1591 3275 1664 disciplinam,
3308 1593 3586 1651 formam-

1937 1690 2048 1746 que
2069 1675 2315 1733 rationis
2336 1692 2604 1749 exposco.
2622 1678 2686 1734 ln
2707 1677 2940 1736 illorum
2971 1680 3128 1738 enim
3150 1681 3584 1754 qualibuscun-

1937 1780 2054 1838 que
2084 1768 2547 1838 promotionibus
2564 1783 2669 1824 nec
2685 1769 3005 1840 justitiam,
3027 1785 3133 1828 nec
3163 1771 3433 1830 umbram
3450 1774 3584 1846 Jus-

1935 1854 2078 1911 titiae
2108 1855 2467 1927 dignosceris
2498 1858 2844 1916 attendisse.

2005 1942 2309 2000 Blanditur
2336 1944 2504 2002 elatis
2526 1946 2765 2005 auribus
2794 1947 2911 2005 tuis
2929 1949 3173 2007 tortasse
3192 1953 3373 2008 tanto
3390 1967 3584 2008 reme·

1935 2032 2184 2090 moratio
2237 2037 2561 2108 potestatis,
2595 2038 2697 2110 qui
2734 2036 2856 2094 hasc
2889 2054 2989 2112 pro
3020 2041 3121 2095 tua
3151 2039 3397 2111 potuisti
3429 2055 3581 2112 prm—

1934 2127 2155 2181 vertere
2209 2122 2525 2182 voluntate.
2558 2127 2619 2182 In
2678 2142 2794 2199 quo
2846 2142 2920 2185 ue
2969 2127 3214 2184 nimiam
3252 2129 3448 2200 capias
3476 2144 3581 2184 vo-

1935 2211 2236 2284 luptatem,
2266 2219 2549 2284 quantum
2577 2215 2682 2272 tibi
2706 2216 2973 2290 partique
2994 2221 3105 2274 tuae
3128 2218 3418 2288 profueris
3443 2235 3582 2276 con·

1933 2307 2245 2374 sequenter
2273 2305 2735 2361 attende.'1'ertia
2763 2322 2901 2378 pars
2934 2306 3315 2365 pictaviensis
3357 2308 3582 2381 episco-

1933 2395 2102 2463 patus
2133 2407 2305 2463 quem
2339 2394 2583 2466 posuisti
2606 2412 2720 2452 non
2743 2395 3004 2467 agnoscit
3025 2396 3391 2470 episcopum,
3407 2398 3582 2470 eique

1932 2485 2085 2538 totus
2107 2482 2223 2540 l'ere
2252 2484 2535 2541 nobilium
2568 2500 2853 2543 numerus
2874 2488 3097 2560 respuit
3112 2486 3372 2555 obedire,
3405 2488 3584 2544 adeo·

1932 2586 2045 2642 que
2086 2573 2245 2629 omni
2302 2576 2657 2632 conscientia
2699 2578 3036 2649 reprobatus
3075 2576 3372 2648 abjicitur,
3420 2581 3487 2635 ut
3525 2579 3584 2635 et

1932 2660 2106 2717 frater
2133 2662 2262 2733 ejus
2292 2664 2575 2721 naturalis
2615 2663 3178 2722 excommunicatum
3213 2681 3284 2723 ex
3314 2666 3426 2723 hoc
3453 2665 3581 2738 ipso

1923 2749 2169 2822 judicet,
2200 2766 2305 2808 nec
2335 2752 2456 2808 ulla
2484 2753 2539 2808 ei
2594 2755 3008 2812 communione
3043 2756 3351 2826 iungatur.
3375 2755 3582 2811 Gathe-

1929 2838 2081 2896 licus
2111 2856 2245 2897 vero
2278 2856 2465 2914 usque
2486 2842 2558 2898 ad
2591 2847 2787 2914 portas
2815 2843 3067 2901 civitatis
3094 2842 3269 2915 plena
3297 2847 3580 2914 potestate

1932 2928 2262 2986 dominatur
2289 2931 2620 3005 episcopus,
2641 2937 2699 2989 et
2718 2947 2851 2989 eum
2870 2934 3123 3006 majores
3139 2948 3401 3005 personas
3433 2949 3581 3006 pon·

1932 3018 2167 3076 tisscalis
2229 3020 2500 3078 Ecclesia
2562 3022 2940 3090 comitantur,
2996 3025 3070 3081 ad
3129 3022 3376 3080 {ormam
3428 3020 3582 3081 beati

177 3117 322 3174 alios
351 3115 797 3173 extraordinarie
827 3129 1258 3189 superponens;
1290 3128 1544 3185 quorum
1569 3113 1819 3169 alterum
1848 3155 1895 3225 c
1934 3110 2086 3166 Petri
2118 3111 2333 3168 relictis
2362 3114 2633 3170 omnibus
2662 3114 2922 3173 exsulem
2959 3113 3270 3187 prosecuti.
3295 3114 3408 3170 Alii
3459 3113 3580 3170 for-

176 3205 378 3262 miuus
407 3204 523 3260 vita
553 3204 910 3277 probabilem
967 3207 1025 3260 et
1073 3200 1362 3259 nullarum
1402 3201 1685 3257 hominem
1724 3200 1819 3257 lit-

176 3300 458 3366 terarum,
489 3301 543 3351 et
576 3294 635 3350 iu
677 3293 907 3368 vulgari
935 3294 1106 3350 etiam
1137 3307 1407 3349 sermone
1429 3294 1547 3348 fere
1577 3308 1817 3363 prorsus

177 3385 473 3458 elinguem
505 3384 763 3440 Romana
818 3382 1076 3440 Ecclesia
1104 3382 1177 3439 ab
1203 3381 1460 3453 ejusdem
1487 3380 1816 3438 Pictavien·

178 3475 263 3534 sis
293 3474 561 3531 Ecclesiae
588 3473 874 3547 regimine
929 3473 1324 3546 reprobatum,
1356 3469 1498 3527 olim
1540 3473 1821 3528 canonica

176 3564 471 3624 decisione
510 3567 852 3621 removerat.
885 3561 989 3618 Ille
1040 3566 1242 3618 tamen
1281 3576 1439 3617 nunc
1479 3560 1822 3618 auctoritate

179 3671 287 3712 sua
322 3657 460 3727 jura
504 3655 690 3728 patris
745 3652 1082 3725 superstitis
1134 3667 1419 3724 usurpare
1458 3665 1573 3706 non
1604 3649 1817 3720 renuit,

179 3744 447 3819 quamvis
496 3743 611 3818 ipsi
658 3742 950 3816 obligatus
998 3741 1159 3800 filius
1206 3740 1547 3798 obedientiae
1585 3739 1820 3798 vinculo

181 3840 490 3903 teneretur,
523 3838 581 3889 et
638 3832 768 3889 licet
816 3848 945 3889 sese
985 3835 1174 3888 totum
1234 3830 1505 3888 manibus
1528 3830 1676 3901 ejus,
1708 3829 1821 3886 fide

179 3922 358 3979 etiam
414 3921 793 3993 corporaliter
832 3920 1091 3993 praestita
1129 3920 1475 3978 dedicasset.
1509 3920 1671 3976 Alter
1687 3933 1823 3976 vero

181 4025 289 4068 nec
311 4010 576 4075 saeculari
602 4009 898 4080 praeditus,
930 4025 1036 4066 nec
1074 4009 1318 4066 scientia
1362 4007 1708 4078 litterarum,
1740 4007 1824 4064 l'a-

183 4113 384 4155 mosus
414 4097 568 4170 apud
601 4112 806 4154 omnes
831 4098 1080 4164 adulter,
1112 4098 1357 4169 singulis
1403 4099 1522 4156 fere
1551 4097 1823 4153 noctibus

182 4201 215 4241 a
246 4186 530 4242 daemonio
561 4183 810 4256 rapitur,
835 4185 1214 4258 primumque
1243 4185 1314 4241 de
1345 4190 1530 4242 strato
1563 4186 1825 4257 provolu-

181 4281 276 4330 tus
305 4274 368 4328 in
397 4277 636 4339 terram,
661 4272 1018 4329 horrendum
1050 4274 1310 4331 clamans
1327 4290 1429 4346 per
1441 4278 1621 4331 totam
1641 4275 1822 4341 diem,

180 4361 425 4417 domum
482 4360 786 4417 dormiens
841 4362 1016 4418 etism
1069 4363 1286 4418 dicitur
1350 4364 1575 4434 evagari
1606 4380 1623 4418 ε
1683 4378 1825 4419 neve

180 4451 257 4508 sit
285 4450 440 4508 circa
466 4465 670 4507 eorum
722 4449 1062 4523 qualitatem
1110 4451 1332 4507 dlutius
1361 4451 1822 4521 immorandum,

1933 3198 2093 3254 nicee
2115 3199 2363 3256 civitatis
2396 3201 2750 3272 inhabitant,
2781 3202 2881 3272 qui
2918 3219 3094 3274 super
3133 3201 3283 3259 ollas
3310 3202 3579 3260 carnium

1931 3288 2359 3357 recumbentes,
2390 3292 2582 3362 gentis
2602 3294 2661 3347 et
2688 3290 2798 3348 loci
2820 3292 3191 3365 potiusquam
3212 3292 3421 3348 animas
3443 3308 3581 3364 per·

1931 3376 2152 3433 ditione
2183 3382 2489 3437 terrentur.
2513 3383 2586 3435 At
2600 3381 3029 3440 Lemovicensis
3049 3382 3122 3438 ab
3152 3382 3299 3439 urbe
3327 3397 3438 3438 sua
3456 3386 3576 3439 sta·

1932 3466 2027 3523 dio
2059 3483 2175 3523 uno
2204 3468 2298 3524 vix
2332 3467 2715 3540 interJaoente
2763 3477 3044 3542 remotus,
3076 3474 3333 3528 castrum
3373 3470 3576 3529 Sancti

1931 3555 2212 3613 Martialis
2243 3573 2347 3629 pro
2377 3557 2627 3615 fortibus
2657 3559 2820 3617 urbis
2858 3560 3181 3628 inhabitat3
3209 3560 3364 3618 unde
3393 3561 3446 3617 is
3474 3558 3574 3631 qui

1926 3642 2131 3699 eedem
2162 3645 2273 3701 sibi
2309 3646 2600 3703 cathedra
2641 3646 2989 3719 pontificalis
3022 3656 3287 3720 usurpat,
3315 3646 3574 3721 singulis

1933 3728 2137 3787 diebus
2168 3731 2371 3788 audire
2397 3733 2577 3804 possit
2598 3749 2913 3808 campanas
2950 3735 3009 3791 in
3038 3751 3148 3793 sua
3166 3735 3575 3793 excommuni-

1935 3818 2161 3875 catione
2180 3825 2478 3878 sonantes.
2508 3822 2586 3879 Te
2608 3838 2841 3896 quoque
2869 3828 3157 3895 pastorem
3188 3839 3360 3881 suum
3393 3825 3581 3897 Engo·

1935 3907 2234 3967 lismensis
2273 3911 2464 3984 patria
2489 3912 2730 3970 minime
2780 3913 3087 3985 profitetur
3117 3914 3357 3986 ubique,
3389 3915 3492 3972 sed
3523 3917 3583 3971 et

1934 3998 2016 4056 ibi
2047 3999 2218 4055 multi
2245 4000 2542 4058 catholico
2572 4002 2751 4074 patris
2782 4003 3020 4061 nomine
3048 4002 3397 4076 gloriantur.

2005 4088 2218 4147 Distuli
2264 4090 2421 4148 circa
2465 4092 2857 4150 extremitates
2922 4092 3204 4151 orationis
3260 4090 3441 4165 hujus
3505 4094 3582 4151 de

1936 4180 2315 4252 usurpatione
2334 4180 2778 4252 Burdogalensis
2821 4181 3361 4255 archiepiscopatus
3392 4199 3583 4255 appo-

1936 4284 2095 4337 nere,
2118 4272 2183 4325 ut
2229 4285 2298 4327 ex
2341 4270 2450 4328 hoc
2505 4269 2609 4327 illa
2636 4269 2869 4328 effrenis
2889 4270 3133 4329 ambitio
3154 4275 3258 4328 tua
3285 4272 3584 4346 irrefraga-

1936 4357 2040 4414 bili
2059 4357 2281 4431 liqueat
2323 4365 2685 4433 argumento.
2716 4360 3144 4433 Engolismensi
3174 4359 3443 4420 Ecclesia
3472 4377 3585 4420 co-

1938 4446 2172 4518 pulatus
2191 4447 2476 4520 spirituali
2495 4449 2788 4507 connubio
2804 4449 3121 4520 tenebaris,
3138 4449 3459 4522 impudens
3487 4455 3584 4508 ta·

179 4539 389 4615 primis
418 4538 746 4608 ordinibus,
791 4541 1006 4596 nedum
1029 4540 1377 4611 sacerdotio,
1408 4543 1615 4598 nedem
1645 4542 1820 4598 etiam
1856 4533 1903 4601 D
1936 4551 2067 4592 men
2098 4536 2440 4595 dominandi
2466 4538 2648 4596 libido
2676 4538 3165 4613 contemplatione
3182 4540 3584 4612 pronomina-

179 4628 494 4703 episcopali
531 4627 723 4686 officio
748 4629 1175 4686 convincuntur
1214 4629 1458 4704 indigni.
1490 4630 1603 4686 Sed
1635 4644 1825 4703 neque

179 4724 265 4789 tu,
282 4719 396 4776 uisi
418 4720 523 4776 tibi
544 4719 909 4788 consimiles,
922 4721 1153 4789 poteras
1174 4720 1464 4777 aestimare
1484 4721 1822 4792 condignos,

181 4826 286 4868 uec
314 4808 628 4866 dissimilia
656 4809 762 4865 tihi
789 4810 1079 4881 capitique
1111 4817 1209 4866 tuo
1237 4812 1404 4866 Petro
1429 4810 1692 4867 membra
1708 4812 1825 4867 for-

177 4914 354 4956 mare.
384 4903 622 4972 Semper
647 4899 805 4956 enim
863 4900 1159 4972 proprium
1192 4899 1463 4972 quaelibet
1487 4915 1661 4971 opera
1691 4918 1823 4960 con-

181 4988 416 5045 sstentur
456 4988 763 5060 artificem,
793 4993 851 5046 et
897 4989 957 5045 in
1015 4990 1102 5047 eis
1156 4988 1474 5048 voluntatis
1504 5006 1704 5048 eorum
1734 4991 1822 5049 vel

180 5076 439 5136 scientim
458 5075 614 5133 velut
669 5078 863 5150 imago
909 5080 1177 5150 quasdam
1209 5078 1498 5152 reperitur
1524 5096 1819 5152 expressa.

177 5166 324 5233 Quid
360 5173 554 5222 autem
583 5165 963 5223 celeberrima
990 5169 1338 5226 monasteria
1354 5169 1572 5225 sanctis
1593 5169 1824 5226 abbati-

177 5256 287 5311 bus
317 5256 576 5328 expulsis
608 5255 872 5312 desolata
917 5272 1412 5325 commemorem3
1442 5262 1503 5316 et
1533 5258 1823 5331 subroga-

175 5348 269 5404 tos
288 5346 360 5403 ad
389 5346 656 5418 ejusdem
687 5345 1099 5403 sollicitudinis
1121 5363 1299 5405 onera
1319 5348 1502 5419 pretio
1528 5346 1618 5404 vel
1639 5348 1825 5418 gratia

169 5436 438 5509 juniores
451 5435 481 5491 ‘1
495 5435 716 5501 Quibus
728 5435 1273 5494 administrantibus
1292 5438 1584 5509 tantojam
1601 5453 1824 5511 coepere

177 5526 530 5583 monasteria
558 5525 822 5583 laborare
840 5525 1093 5595 defectu,
1110 5526 1255 5584 utin
1277 5528 1350 5584 iis
1380 5543 1509 5599 quae
1533 5527 1822 5601 singulari

175 5630 365 5691 nuper
392 5615 673 5689 religione
727 5614 1050 5689 pollebant,
1079 5615 1247 5677 nulla
1285 5616 1413 5689 Jam
1440 5616 1561 5676 lere
1586 5616 1823 5677 virtutis

1933 4629 2004 4682 tsi
2035 4625 2688 4699 dignitatisincanduit3
2711 4630 2929 4686 etdum
2962 4629 3582 4703 descendentiumJam

1934 4730 2125 4773 rerum
2146 4719 2375 4773 tuarum
2406 4717 2751 4776 detrimenta
2767 4735 2886 4776 nou
2901 4719 3176 4787 sustines,
3199 4720 3274 4776 ad
3292 4735 3586 4793 compen—

1934 4805 2221 4862 sationem
2253 4806 2541 4863 frustrata
2570 4805 2881 4879 legationis
2926 4807 2989 4865 in
3033 4808 3370 4881 amplexum
3403 4808 3584 4882 quasi

1933 4893 2159 4951 ditioris
2189 4894 2463 4952 adultera
2493 4897 2843 4970 prorupisti;
2875 4896 3006 4954 filies
3036 4912 3311 4969 sponsus,
3343 4898 3581 4958 incestu

1934 4988 2183 5041 matrem
2201 4985 2419 5042 nefario
2437 4985 2694 5058 polluere
2712 5004 2828 5046 nou
2849 4987 3147 5058 abhorres,
3168 4992 3227 5045 et
3246 4993 3584 5048 monstrum

1933 5072 2154 5148 biceps.
2203 5073 2528 5133 infaustum
2584 5075 2795 5134 saeculo
2841 5077 3166 5150 prodigium
3214 5093 3333 5136 non
3374 5080 3584 5138 renuis

1932 5180 2229 5238 apparere.
2257 5164 2388 5223 Non
2442 5165 2710 5237 expetitio
2741 5165 2959 5239 populi,
2993 5182 3110 5225 non
3156 5165 3293 5224 cleri
3327 5183 3586 5240 praeces-

1933 5256 2011 5311 sit
2031 5254 2232 5312 electio
2262 5273 2276 5323 ;
2308 5255 2407 5311 sed
2463 5256 2641 5312 etiam
2701 5270 2859 5312 nunc
2879 5255 3454 5315 excommunicatum
3483 5273 3584 5316 re-

1931 5350 2148 5417 putans
2200 5343 2554 5401 universitas
2595 5343 2726 5415 tibi,
2758 5343 2844 5402 vel
2889 5361 3026 5419 pars
3055 5345 3264 5404 saltem
3295 5346 3584 5420 maxima,

1933 5436 2277 5506 refragatur,
2307 5434 2369 5492 in
2399 5439 2626 5508 patrem
2674 5433 3020 5495 catholicam
3058 5435 3245 5494 multo
3282 5436 3586 5497 desiderio

1930 5522 2313 5596 suspirantes.
