3784 6000
174 291 296 350 169

1676 286 2107 351 SERMONES.

3469 299 3587 358 170

170 429 295 483 tem
330 421 559 480 fructus
588 420 963 479 fecunditatis
994 421 1240 481 attollat.
1273 421 1627 480 Fecunditas
1650 421 1833 494 igitur
1861 429 1907 491 Α
1941 421 2287 493 proponitur
2315 421 2716 480 obumbranda
2742 441 2755 490 ;
2791 426 2856 477 ut
2888 423 2968 481 ita
2999 424 3237 497 vlrginie
3268 434 3587 501 proeparato

171 515 368 589 ipsius
397 515 604 575 multis
624 516 715 572 eet
743 512 1074 571 veneranda
1106 511 1423 582 miraculis,
1447 511 1653 569 multis
1676 510 1830 567 utili-

172 608 402 667 tatibus
443 604 872 680 amplectenda,
902 601 1107 661 multis
1128 601 1417 661 illustrata
1444 600 1745 669 laudibus,
1768 599 1827 657 in

175 714 294 768 qua
313 700 405 756 sic
422 694 742 755 humilitati
755 692 1093 752 sublimitas
1102 692 1335 751 deitatis
1355 691 1625 760 occurrit,
1640 697 1702 748 ut
1724 707 1829 749 nec

171 787 499 845 infirmitas
528 784 946 861 opprimatura
974 783 1158 857 gloria
1186 800 1292 841 nec
1325 783 1601 856 maiestas
1632 781 1829 853 aliqua

170 893 244 935 ex
304 882 479 951 parte
523 874 756 953 propria
813 875 1095 947 dignitate
1146 873 1421 946 privetur.
1452 870 1712 930 Profecto
1768 870 1827 926 in

170 966 315 1025 aliis
346 970 510 1025 tanto
542 968 731 1039 major
758 968 849 1022 est
894 962 1241 1022 fecunditate
1277 962 1579 1036 virginitas
1610 964 1830 1034 quanto

176 1057 386 1114 minor
413 1061 507 1114 est
532 1054 875 1128 integritate
905 1053 1220 1126 corruptio,
1252 1052 1387 1124 quia
1417 1051 1828 1108 fecunditatem

172 1143 457 1219 voluptas
487 1143 755 1218 quaedam
801 1143 1126 1216 improbata
1164 1140 1436 1215 proecedit
1481 1156 1656 1213 quam
1707 1139 1832 1195 siue

172 1233 355 1309 culpa
382 1250 519 1292 esse
566 1233 989 1294 commercium
1037 1231 1268 1288 carnale
1307 1247 1423 1288 non
1451 1233 1691 1303 patitur,
1723 1242 1829 1285 nee

171 1323 501 1383 affectuose
520 1326 929 1397 corruptarum
952 1320 1216 1379 carnium
1241 1319 1561 1394 passiones.
1585 1317 1749 1375 Unde
1769 1333 1832 1374 se

169 1418 529 1487 conceptum
550 1413 611 1471 in
638 1411 893 1486 peccatis
924 1408 1233 1468 Psalmista
1255 1411 1672 1467 commemorat
1693 1405 1831 1480 quia

170 1506 231 1562 in
261 1504 401 1576 ipso
431 1502 749 1575 nimbique
777 1503 1077 1575 peccatum
1104 1501 1172 1558 de
1194 1503 1466 1572 corrupta
1485 1496 1832 1556 traduceba-

175 1600 271 1651 tur
300 1593 555 1666 origine,
582 1592 963 1664 fomitemque
982 1589 1202 1662 peccati
1219 1588 1540 1662 procedens
1559 1588 1630 1645 de
1651 1586 1831 1645 veteri

170 1681 548 1756 corruptione
577 1679 1047 1752 concupiscentia
1086 1678 1476 1736 ministrabat.
1504 1679 1578 1734 At
1608 1693 1738 1734 vero
1768 1675 1829 1732 in

176 1772 385 1830 Mariae
416 1771 778 1829 fecunditate
808 1769 932 1826 sola
961 1767 1133 1825 etiam
1167 1773 1255 1825 est
1283 1770 1518 1839 operata
1538 1765 1826 1822 divinitas.

179 1863 337 1921 Dum
365 1860 655 1934 virginem
682 1858 863 1917 virtus
880 1856 1192 1915 obumbrat
1221 1854 1533 1925 Altissimi,
1557 1860 1615 1913 et
1633 1872 1828 1928 super-

182 1952 425 2009 veniens
454 1948 699 2020 spiritus
726 1946 920 2004 carnis
949 1949 1007 2002 et
1034 1944 1191 2002 verbi
1223 1952 1519 2002 consecrat
1546 1944 1826 2003 unitatem

184 2042 345 2115 (Lae.
378 2041 444 2113 1).
481 2038 547 2097 In
582 2053 700 2110 quo
730 2052 849 2094 non
897 2034 1085 2108 potuit
1113 2034 1185 2091 de
1214 2049 1329 2091 non
1359 2034 1568 2091 vitioso
1615 2033 1828 2092 vitium

181 2128 517 2205 provenire,
556 2142 665 2185 nec
696 2129 899 2184 auctor
927 2124 1208 2182 virtutum
1242 2125 1464 2181 auferre
1484 2122 1706 2191 debuit,
1729 2124 1827 2181 sed

182 2220 386 2278 afferre
413 2218 689 2275 virtutes.
722 2216 973 2288 Ideoque
1003 2213 1308 2288 propositae
1339 2213 1626 2272 castitatis
1647 2212 1831 2286 privi-

182 2309 400 2384 legium
422 2306 729 2381 singulare
744 2322 857 2363 non
881 2303 1259 2376 abstulit,sed
1281 2302 1556 2360 honorem
1576 2302 1834 2361 fecundi-

184 2398 315 2457 tatis
333 2397 575 2470 adjecIt.
591 2394 810 2453 Novam
831 2395 1030 2468 itaque
1042 2392 1297 2450 sobolem
1323 2393 1511 2465 pudor
1530 2392 1830 2467 virginalis

184 2487 469 2563 agnoscit,
503 2499 854 2557 carnemque
886 2483 1129 2541 miratur
1161 2487 1372 2540 natura
1399 2481 1608 2556 spiritu
1634 2482 1833 2540 Iecun-

184 2578 329 2645 dari,
367 2576 683 2650 legemque
711 2572 1146 2647 propagationis
1176 2571 1446 2630 bumana}
1470 2572 1705 2646 penitus
1728 2572 1837 2628 im-

194 2672 499 2737 mutatam,
521 2679 655 2722 cum
673 2662 755 2719 ibi
777 2662 856 2720 sit
876 2678 979 2721 nec
1001 2662 1071 2719 de
1092 2661 1386 2735 voluptate
1407 2661 1705 2735 conceptio
1728 2678 1834 2718 nec

188 2757 363 2833 prolis
390 2753 636 2813 emissio
663 2768 798 2811 cum
829 2750 1048 2809 dolore.
1103 2750 1397 2824 Siquidem
1444 2751 1595 2808 Deus
1626 2752 1695 2809 de
1719 2755 1833 2809 Deo

184 2861 419 2920 semper
448 2859 589 2902 caro
627 2842 698 2898 de
728 2839 1136 2899 commistione
1167 2841 1361 2899 carnis
1390 2840 1739 2898 nascebatur
1767 2855 1836 2896 ex

184 2942 489 3012 tempore:
542 2949 701 2989 nunc
730 2935 882 2988 Deus
925 2930 986 2988 in
1030 2929 1325 2987 hominem
1360 2930 1528 2988 bomo
1558 2929 1618 2987 in
1649 2929 1832 2987 Deum

185 3027 302 3085 sola
318 3025 578 3099 spiritns
600 3021 931 3094 operatione
946 3022 1246 3078 formatur.
1262 3021 1471 3079 Mirum
1494 3021 1602 3078 hoc
1614 3019 1837 3092 solique

184 3117 394 3175 divium
427 3111 729 3186 majestati
763 3110 1040 3183 possibile
1068 3114 1133 3168 ut
1161 3109 1834 3184 quamlibetbumanitas

1941 518 2243 583 conceptu,
2277 516 2579 586 segregata
2626 527 2693 568 ex
2749 514 2911 568 utero
2969 514 3116 584 ejus,
3178 514 3283 573 sed
3311 515 3373 573 in
3425 521 3589 576 utero

1940 615 2113 656 carne
2157 599 2467 658 ineffabilis
2526 601 2844 659 novissime
2889 602 2993 658 mii
3044 605 3340 675 generatio
3390 623 3593 681 prove·

1941 689 2115 746 niret.

2007 778 2182 837 Vides
2205 780 2299 838 hic
2321 782 2610 855 Angelum
2637 783 2942 841 manifeste
2967 784 3144 842 totius
3165 784 3472 845 Trinitatis
3492 803 3593 846 ex.

1941 869 2223 941 pressisse
2252 874 2648 946 praesentiam,
2669 875 2810 930 dum
2831 876 3203 946 supervenire
3224 878 3466 950 spiritus
3486 878 3591 937 ai-

1942 959 2150 1016 tissimi
2182 966 2239 1017 et
2258 962 2636 1032 obumbrare,
2666 961 2822 1019 filius
2849 980 2981 1020 vero
3014 964 3232 1022 dicitur
3269 966 3589 1029 incarnari.

1944 1047 2140 1121 Liquet
2164 1050 2340 1121 igitur
2356 1051 2537 1108 totius
2556 1051 2858 1109 Trinitatis
2881 1069 3027 1125 opus
3048 1070 3176 1111 esse
3191 1057 3346 1128 quod
3371 1058 3586 1115 Iactum

1940 1145 2048 1206 est,
2080 1138 2212 1196 licet
2244 1157 2395 1198 unus
2426 1146 2658 1199 tantum
2685 1141 2857 1198 suerit
2888 1144 3248 1217 incarnatus,
3270 1161 3302 1202 e
3322 1149 3445 1203 tota
3468 1147 3592 1204 Tri·

1941 1228 2117 1286 nitate
2137 1228 2361 1287 scilicet
2384 1248 2537 1289 unus
2560 1234 2809 1299 tantum,
2841 1231 3022 1289 totius
3053 1234 3124 1289 ad
3173 1232 3232 1289 id
3265 1233 3590 1293 divinitatis

1942 1317 2070 1373 exhi
2080 1318 2619 1393 buitsubstantiam,
2638 1337 2755 1378 uno
2778 1324 2973 1379 tamen
2987 1323 3351 1396 propositum
3371 1325 3594 1383 redem-

1941 1408 2158 1479 ptionis
2172 1408 2440 1467 humans.¹
2455 1410 2848 1468 ministerium
2864 1410 3246 1483 personaliter
3256 1411 3586 1473 exhibente.

1941 1497 2127 1570 Igitur
2155 1506 2379 1557 aeternae
2412 1501 2767 1573 generationi
2801 1500 3097 1573 generatio
3132 1503 3463 1574 temporalis
3492 1520 3587 1561 ac·

1943 1589 2133 1656 cessit,
2167 1594 2225 1646 et
2264 1594 2494 1647 aeternoe
2535 1590 2820 1648 nativitati
2847 1591 3226 1649 nihilominus
3252 1593 3591 1668 temporalis

1942 1685 2027 1737 est
2059 1680 2286 1751 adJ'ecta
2316 1679 2617 1749 nativitas;
2654 1685 2718 1736 ut
2749 1683 2902 1754 quod
2938 1685 3217 1739 internum
3250 1690 3357 1750 est,
3391 1683 3452 1741 in
3484 1698 3592 1742 sua

1942 1769 2286 1826 consisteret
2307 1768 2629 1826 aeternitate
2653 1770 2969 1842 perfectum
2994 1792 3008 1839 ς
3034 1770 3191 1844 quod
3218 1788 3346 1828 vero
3368 1776 3590 1845 tempo·

1938 1858 2056 1914 rale
2077 1865 2182 1925 est,
2209 1858 2578 1930 perfectionis
2604 1876 2723 1914 suae
2747 1863 2988 1928 statum,
3011 1877 3123 1916 non
3151 1865 3267 1915 tarn
3290 1862 3359 1917 de
3383 1864 3590 1918 natura

1939 1964 2112 2022 quam
2143 1949 2213 2004 de
2245 1947 2523 2004 miraculo
2555 1949 2878 2005 sortiretur.
2931 1948 3233 2021 Siquidem
3267 1965 3585 2022 personam

1940 2036 2197 2094 hominis
2229 2053 2298 2093 ex
2329 2037 2576 2093 duorum
2608 2036 2916 2094 bominum
2940 2038 3356 2097 commistione
3386 2055 3589 2111 prove-

1939 2127 2065 2183 nire
2094 2141 2332 2184 necesse
2361 2129 2472 2192 est,
2540 2125 2637 2182 bio
2684 2142 2814 2184 vero
2855 2126 3034 2184 unius
3067 2126 3326 2184 hominis
3353 2132 3587 2185 tantum

1941 2215 2196 2288 simplici
2227 2213 2586 2287 praecedente
2613 2214 2962 2285 substantie,
2990 2232 3134 2273 nova
3165 2214 3395 2273 soboles
3415 2216 3591 2289 profl-

1940 2303 2183 2362 ciscitur
2206 2307 2264 2361 et
2295 2303 2575 2360 formatur
2607 2320 2620 2372 ;
2654 2319 2768 2375 qua
2799 2303 3023 2362 scilicet
3053 2304 3424 2364 humanitate
3455 2319 3593 2379 per-

1942 2397 2132 2466 cepta,
2163 2393 2246 2449 sic
2276 2392 2596 2448 humilitati
2627 2397 2837 2449 nostrae
2864 2393 3204 2451 excellentia
3234 2395 3444 2452 divinoe
3465 2409 3593 2452 ma·

1941 2482 2169 2555 iestatis
2184 2482 2377 2539 infusa
2398 2485 2507 2553 est,
2526 2484 2587 2538 ut
2609 2486 2903 2554 praeeunte
2921 2481 3171 2539 mirabili
3195 2485 3389 2541 carnis
3415 2482 3593 2541 verbi

1943 2571 2294 2630 commercio
2308 2574 2495 2628 totum
2517 2571 3154 2641 dicaturhomo,totum
3171 2573 3395 2630 dicatur
3418 2573 3586 2640 Deus,

1945 2661 2310 2734 alterumque
2342 2661 2412 2718 de
2461 2659 2643 2717 altero
2677 2677 2824 2717 nova
2871 2660 3121 2734 quadam
3171 2662 3593 2721 enuntiationis

1945 2751 2136 2822 specie
2166 2750 2546 2823 praedicetur3
2580 2751 2871 2824 siquidem
2905 2750 3228 2809 enuntiatio
3272 2752 3393 2809 boec
3423 2751 3596 2811 unio-

1945 2856 2098 2910 nem,
2125 2855 2238 2897 nou
2254 2839 2567 2896 essentiam
2592 2840 2984 2913 predicataut
3005 2845 3297 2912 naturam,
3323 2858 3428 2899 nec
3448 2841 3596 2915 alter

1946 2934 2143 2987 utrum
2172 2929 2232 2987 in
2263 2931 2467 2997 altero,
2488 2927 2577 2987 vel
2602 2929 2989 2988 substantiam
3014 2930 3073 2987 in
3099 2932 3430 2988 substantia
3449 2948 3596 2989 cou-

1945 3021 2150 3077 sistere
2181 3019 2345 3090 ratio,
2376 3021 2465 3077 vel
2490 3024 2699 3077 natura
2729 3022 3017 3077 consentit
3044 3041 3059 3090 ;
3093 3022 3194 3078 sed
3226 3020 3593 3094 personalem

1946 3110 2257 3168 ineffabilis
2279 3112 2542 3183 quaedam
2566 3111 2728 3184 quasi
2754 3110 3132 3169 consolidatio
3156 3111 3595 3169 conficitunita-

182 3212 235 3265 et
254 3205 548 3265 diviuitas
563 3219 696 3261 caro
716 3203 840 3259 heac
861 3200 1083 3259 scilicet
1105 3200 1348 3274 spiritus
1376 3201 1474 3259 ille
1506 3199 1837 3274 concipiant
1864 3183 1910 3251 C
1949 3204 2090 3257 tem.
2123 3200 2320 3273 Neque
2352 3200 2508 3257 enim
2536 3201 2726 3257 carnis
2755 3201 3006 3258 essentia
3035 3202 3097 3258 in
3135 3202 3298 3259 verbi
3329 3201 3599 3259 transivit

184 3297 475 3356 unitatem
497 3311 513 3352 z
536 3292 693 3367 quod
716 3290 1101 3365 impassibilis
1123 3289 1483 3365 passibilem,
1499 3290 1650 3365 quod
1670 3293 1837 3347 aeter-

182 3404 289 3446 nus
320 3402 389 3445 se
418 3384 599 3442 uobis
634 3380 906 3440 exhibeat
930 3381 1335 3454 temporalem,
1356 3380 1511 3453 quod
1541 3395 1676 3438 eum
1707 3395 1834 3438 cor-

188 3475 497 3553 poralibus
523 3471 711 3530 oculis
740 3469 914 3528 liceat
944 3470 1186 3541 intueri,
1235 3471 1406 3543 cujus
1435 3469 1833 3528 excellentiam

184 3565 525 3624 scelestium
557 3562 773 3620 civium
803 3559 1128 3635 spirituales
1171 3559 1323 3618 oculi
1374 3577 1490 3619 non
1519 3561 1833 3634 attingunt.

185 3656 343 3724 Quod
374 3669 528 3713 sane
558 3653 708 3710 fides
738 3655 941 3708 nostra
969 3665 1206 3709 necesse
1237 3654 1326 3707 est
1359 3654 1422 3708 ut
1442 3650 1659 3708 saniori
1695 3667 1833 3708 eon-

182 3746 359 3820 eipiat
384 3740 691 3802 intellectu
746 3756 853 3799 nec
905 3740 1367 3797 substantiarum
1416 3739 1674 3813 quidem,
1732 3740 1833 3797 sed

185 3849 451 3908 persono
474 3829 751 3905 predicet
780 3829 1088 3900 unitatem,
1110 3845 1220 3887 nec
1248 3828 1490 3887 alteram
1511 3829 1570 3887 in
1594 3829 1833 3888 alteram

184 3921 496 3982 transiisse
518 3938 535 3992 ;
558 3920 713 3978 facta
732 3917 989 3992 quolibet
1007 3919 1181 3976 modo
1203 3918 1541 3977 confusione
1562 3920 1653 3977 uel
1676 3937 1836 3978 com-

186 4014 468 4072 mistione
490 4005 1096 4068 credamus.Verbum
1119 4008 1351 4067 enimin
1376 4012 1589 4067 aeterna
1609 4025 1836 4083 semper

186 4101 433 4177 proprio
454 4098 790 4157 divinitatis
812 4097 1189 4170 simplicitate
1208 4098 1678 4167 consistens,nec
1697 4099 1836 4159 alte-

188 4193 305 4250 rins
332 4193 429 4248 est
456 4187 820 4247 admistione
847 4186 1263 4260 compositum,
1295 4203 1401 4245 nec
1429 4187 1490 4244 in
1522 4188 1681 4245 aliud
1720 4189 1833 4246 sibi

186 4282 275 4340 sui
306 4279 640 4340 abolitione
692 4277 1082 4347 transfusum,
1133 4278 1234 4335 sed
1275 4278 1624 4336 substantiis
1670 4279 1725 4336 in
1771 4295 1836 4338 se

189 4368 673 4445 permanentibus
696 4366 915 4440 pariter
940 4371 998 4425 et
1017 4366 1261 4424 naturis.
1285 4367 1554 4424 Christus
1584 4374 1645 4425 ut
1669 4369 1834 4443 gigas

190 4457 646 4535 incomparabili
675 4457 892 4514 virtute
931 4455 1288 4530 praecellens,
1337 4458 1651 4531 gratuitam
1679 4459 1834 4516 viam

1944 3291 2294 3360 essentiam,
2328 3306 2518 3364 neque
2537 3289 2791 3347 Verbum
2825 3290 3016 3348 carnis
3049 3291 3349 3364 passiones
3374 3305 3596 3348 assum·

1943 3380 2019 3439 sit
2050 3400 2064 3451 ;
2099 3381 2199 3437 sed
2235 3381 2434 3453 utique
2464 3379 2846 3452 proprietates
2892 3397 3029 3437 enas
3060 3397 3293 3454 semper
3329 3379 3596 3438 attribuit

1942 3470 2447 3545 impermistarum
2480 3470 2752 3527 discretio
2785 3474 3158 3528 naturarum.

2014 3560 2074 3618 Si
2102 3561 2284 3635 igitur
2308 3559 2563 3617 Verbum
2589 3576 2815 3617 carnem
2850 3559 3061 3616 iactum
3091 3576 3219 3617 esse
3250 3560 3583 3633 evangelica

1942 3650 2043 3708 tibi
2074 3651 2251 3706 dictat
2280 3648 2616 3719 auctoritas,
2651 3649 2866 3705 sactum
2899 3648 3043 3705 nihil
3074 3648 3232 3704 aliud
3265 3648 3584 3723 intelligas,

1941 3756 2117 3813 quam
2151 3740 2404 3804 unitum,
2429 3754 2618 3810 neque
2650 3738 2797 3794 hanc
2828 3737 2934 3794 tibi
2954 3738 3239 3805 confusio,
3262 3737 3350 3795 vel
3372 3738 3588 3811 permi-

1941 3830 2053 3887 stio
2086 3829 2405 3886 constituat
2437 3828 2718 3884 unitatem
2745 3844 2759 3895 ;
2784 3827 2880 3884 sed
2916 3825 3171 3898 singulas
3191 3826 3498 3900 semperiu
3521 3841 3581 3885 se

1941 3918 2326 3975 consistentes
2356 3916 2555 3972 debita
2578 3915 2966 3971 {estimatione
2995 3930 3269 3973 venerare
3299 3916 3580 3972 substan·

1941 4009 2077 4075 tias,
2115 4022 2405 4080 unamque
2435 4006 2539 4062 tibi
2572 4005 2879 4079 ipsamque
2908 4003 3265 4079 singularem
3289 4023 3583 4082 proponas

1940 4096 2012 4154 de
2042 4101 2161 4154 tam
2193 4096 2558 4153 diversorum
2592 4092 2924 4169 pluralitate
2974 4112 3308 4169 personam.
3344 4096 3503 4155 Unde
3529 4097 3582 4156 si

1942 4187 2013 4244 de
2036 4186 2287 4255 Christo,
2311 4184 2427 4243 Deo
2450 4184 2672 4242 scilicet
2690 4189 2747 4241 et
2769 4184 3212 4253 homiue,modo
3229 4187 3580 4258 humanum,

1942 4276 2116 4334 modo
2147 4274 2407 4333 divinum
2440 4272 2657 4347 aliquid
2690 4274 2915 4342 audias,
2940 4274 3238 4348 proedicari
3267 4275 3581 4351 intelligas,

1942 4384 2056 4424 non
2109 4381 2177 4423 ex
2234 4367 2436 4423 eadem
2482 4381 2661 4422 causa
2720 4365 3047 4437 procedere,
3096 4365 3193 4422 sed
3226 4366 3296 4422 ad
3330 4366 3586 4425 diversas

1944 4460 2262 4529 utrumque
2285 4454 2801 4528 praedicamentum
2828 4454 3110 4526 respicere
3126 4454 3582 4519 rationes.Quod

190 4555 397 4610 nestra
468 4545 849 4605 mortalitatis
898 4545 1195 4605 alacritate
1223 4547 1495 4604 cucurrit.
1553 4546 1730 4620 Igitur
1759 4548 1829 4605 ad
1864 4565 1912 4633 D
1942 4545 2096 4603 enim
2130 4545 2303 4601 modo
2325 4543 2726 4616 Omnipotens,
2752 4542 2924 4601 modo
2949 4542 3184 4600 Creator
3211 4542 3475 4599 omnium
3492 4542 3585 4599 di-

188 4639 555 4714 prcpceitum
577 4636 786 4694 divinae
808 4635 1333 4710 praedestinationis
1353 4638 1580 4695 effectui
1607 4639 1832 4696 manci-

194 4729 453 4803 pandum
471 4726 1067 4800 angelusdestinatus
1084 4728 1154 4783 ad
1177 4727 1459 4799 virginem
1475 4728 1574 4801 qui
1587 4728 1833 4786 dilatum

187 4836 373 4895 usque
402 4815 610 4876 adhuc
639 4816 855 4874 divinas
881 4816 1197 4874 voluntatis
1250 4817 1416 4875 bodie
1450 4819 1716 4890 patefecit
1746 4836 1836 4876 ar·

188 4926 417 4982 anum,
448 4906 610 4982 quod
629 4906 786 4965 sicut
811 4905 1160 4965 aeternaliter
1187 4924 1222 4965 a
1250 4910 1372 4965 tota
1401 4908 1684 4967 Trinitate
1702 4926 1834 4982 pro-

187 5001 377 5060 visum
407 5002 524 5066 est,
556 4997 639 5055 ita
670 4996 1051 5055 nihilominus
1081 5016 1115 5055 a
1145 5005 1259 5056 tota
1287 4999 1564 5055 Trinitate
1605 5001 1838 5057 nuntiat

188 5089 639 5164 adimplendum
658 5107 674 5160 ς
696 5087 776 5145 ait
788 5088 944 5146 enim
969 5106 983 5144 :
1007 5088 1248 5162 Spiritus
1263 5096 1485 5148 sanctus
1495 5091 1838 5163 superveniet

190 5183 321 5240 iate
348 5189 401 5239 et
432 5177 622 5237 virtus
647 5177 918 5236 altissimi
973 5178 1315 5236 obumbrabit
1346 5179 1470 5246 tibi,
1522 5180 1752 5254 ideoque
1787 5185 1838 5239 et

192 5269 325 5344 §aad
382 5271 654 5328 medur-
697 5283 768 5326 ιιι·
821 5276 872 5325 te
920 5267 1178 5326 Sanctum
1232 5267 1514 5336 vocabitur
1541 5269 1713 5326 Filius
1742 5270 1841 5327 Dei

86 5341 101 5370 ¹·
194 5359 390 5434 (teia).
434 5357 648 5431 Itaque
704 5357 818 5414 vim
863 5357 1168 5417 verborum
1199 5364 1254 5416 et
1283 5358 1548 5416 ordinem
1579 5360 1841 5417 studiosa

198 5446 656 5508 censideraticne
705 5462 1036 5521 pensemus,
1087 5448 1224 5523 quia
1252 5445 1475 5506 scilicet
1504 5446 1686 5522 primo
1717 5449 1839 5522 Spi-

196 5539 334 5597 ritus
361 5538 619 5598 anctus
647 5541 1101 5611 superventurus
1150 5538 1451 5596 nuntiatur
1479 5537 1542 5595 in
1593 5538 1837 5612 virgine,

198 5631 509 5708 eademque
528 5627 904 5704 postmodum
926 5625 1235 5704 altissimi,
1248 5627 1307 5686 id
1320 5634 1406 5687 est
1425 5627 1610 5688 Patris
1628 5628 1842 5689 virtute

504 5729 780 5798 Parnoi..
823 5727 971 5800 001.

1949 4638 2122 4705 citur,
2157 4636 2331 4692 modo
2364 4634 2702 4708 unigenitus
2733 4633 2919 4689 Patris
2951 4631 3134 4689 Filius
3166 4633 3236 4690 ab
3263 4639 3493 4704 aeterno,
3523 4630 3585 4687 id

1947 4743 2081 4785 eum
2106 4743 2175 4784 ex
2203 4724 2523 4783 divinitatis
2545 4728 2772 4782 constat
2803 4723 3016 4779 habere
3036 4723 3367 4779 substantia
3391 4737 3405 4776 ε
3429 4722 3585 4793 quod

1945 4834 2078 4875 vero
2111 4823 2283 4873 natus
2314 4831 2379 4872 ex
2414 4814 2679 4881 muliere,
2717 4814 2900 4869 factus
2931 4811 3035 4868 sub
3067 4812 3211 4885 lege,
3244 4810 3398 4883 quod
3425 4811 3590 4885 igno-

1948 4906 2191 4964 miniam
2216 4904 2594 4975 crucis,quod
2620 4901 3066 4959 amaritudinem
3089 4900 3330 4958 sustulit
3365 4901 3591 4976 passio-

1947 4996 2040 5054 nis
2070 5013 2086 5065 ;
2116 4995 2174 5050 id
2209 5010 2278 5051 ex
2307 4992 2691 5049 humanitatis
2720 4990 3075 5063 processisse
3125 4995 3357 5060 natura,
3389 4991 3591 5049 nullus

1947 5090 2036 5143 est
2056 5083 2155 5157 qui
2180 5082 2426 5139 dubitet.
2446 5082 2619 5137 Porro
2636 5080 2685 5137 si
2708 5094 2963 5152 personas
2987 5085 3294 5152 utramque
3314 5081 3592 5139 substan·

1949 5177 2090 5233 tiam
2124 5170 2551 5245 complectenti,
2585 5170 2737 5242 quod
2770 5170 3102 5244 specialiter
3132 5172 3309 5228 unius
3338 5176 3448 5236 est,
3485 5168 3592 5226 teti

1950 5281 2213 5341 personae
2251 5262 2464 5320 videris
2497 5262 2868 5335 attributum,
2924 5266 3077 5321 scias
3109 5263 3332 5321 ratione
3362 5276 3592 5318 assum·

1950 5356 2189 5432 ptionis,
2208 5353 2310 5412 toti
2325 5352 2632 5410 convenire
2650 5369 2937 5424 personOE,
2953 5369 3060 5410 nec
3076 5358 3271 5410 tamen
3290 5350 3595 5424 passiones

1951 5445 2208 5518 corporis
2238 5441 2549 5510 divinitati,
2581 5442 2668 5499 vei
2700 5441 3052 5501 humanitati
3080 5441 3340 5500 divinam
3369 5441 3598 5499 tribuas

1953 5536 2344 5609 majestatem.
2397 5530 2619 5605 Quippe
2670 5532 2823 5606 quod
2880 5533 2954 5591 de
2981 5532 3205 5607 virgine
3233 5531 3600 5592 nasciturum

1953 5627 2098 5690 dicit
2147 5624 2429 5700 Angelus,
2462 5622 2672 5683 Filium
2725 5624 2832 5684 Dei
2890 5625 3128 5686 nuntiat
3181 5621 3600 5700 appellandum

3258 5729 3307 5790 &a
