3784 6000
120 215 243 276 21¹1

1072 212 1273 275 Hls’r.
1322 212 1597 276 RERUM
1638 215 2194 285 TRANSMARJN.
2237 256 2318 271 --
2357 224 2515 287 Lm.
2560 223 2610 285 l.

122 348 175 406 si
196 347 337 422 quis
352 348 507 405 seire
525 346 836 412 desiderat,
857 361 987 404 eam
1009 347 1228 419 relegat
1245 346 1574 416 historiam,
1597 364 1777 423 quam
1806 351 1863 421 Α
1891 352 2120 412 emulis
2140 358 2361 427 pataret
2381 359 2453 415 ad
2475 372 2761 429 morsum,
2781 374 2850 417 ex
2869 376 2984 433 quo
3004 359 3302 433 religionis
3318 361 3536 419 iontem

124 452 237 494 nos
308 441 395 493 De
436 438 601 509 pestis
646 434 1012 494 Orientalium
1056 437 1393 509 principum,
1438 454 1473 493 a
1519 441 1781 511 tempore
1886 441 2251 516 Christianae,
2279 445 2410 504 fidei
2440 447 2739 506 catholicae
2769 447 3061 507 cunabula
3087 450 3417 523 dejecisset.

124 525 391 599 predicti
422 525 750 582 seductoris
780 524 1120 582 Mabumetb
1156 527 1418 596 usquein
1452 526 1607 584 huno
1636 543 1777 599 prae-

122 618 357 672 sentem
387 614 565 677 diem,
587 614 690 687 qui
720 623 803 670 est
833 614 1002 671 nobis
1022 616 1097 671 ab
1126 615 1526 671 lucarnatione
1544 617 1774 673 Domini

124 704 288 774 1182,
322 720 428 777 per
456 719 641 761 annos
669 704 1019 776 quingentos
1047 704 1421 777 septuaginta
1449 704 1659 762 seriem
1689 721 1775 764 re-

125 810 254 851 rum
285 791 679 867 complexam,
711 809 843 851 cum
874 793 1059 851 multo
1090 793 1285 852 labore
1314 794 1691 852 confecimus.

770 959 1003 1017 CAPUT
1040 959 1129 1019 lv.

120 1067 403 1138 Quomodo
434 1071 493 1125 in
538 1070 857 1139 potestatem
902 1067 1116 1126 &venit
1145 1069 1394 1143 AEqyptti
1438 1070 1692 1141 calipha,
1722 1087 1776 1130 cc

185 1140 461 1211 quomodo
489 1141 669 1211 Hesus
694 1141 1029 1212 nequissimo
1057 1147 1340 1225 renuente.
1369 1144 1650 1225 seruitutis
1669 1143 1770 1215 ju-

184 1212 1544 1357 32¹3.‘t⁹055..t.0¹⁶1‘1⁶.2.t555;”.3.412.3320‘2‘0‘’²²²²“
1561 1232 1586 1281 ”
1610 1223 1661 1271 ⁶‘
1707 1215 1773 1274 ‘¹²

185 1427 370 1484 Porro
446 1441 551 1499 per
618 1427 773 1484 idem
829 1431 1066 1500 tempus
1134 1428 1285 1485 inter
1337 1428 1635 1502 AEgyptios
1709 1436 1770 1487 et

116 1519 324 1575 Persas
383 1517 594 1575 aemula
646 1516 824 1573 nimis
886 1524 945 1573 et
1000 1517 1263 1588 pertinax
1336 1522 1461 1575 erat
1514 1521 1587 1577 de
1643 1536 1772 1578 mo-

118 1605 366 1664 narchia
393 1606 711 1664 contentio.
747 1606 1119 1664 Ministrabat
1145 1612 1341 1665 autem
1371 1610 1641 1667 odiorum
1673 1612 1769 1667 io-

117 1696 321 1752 mitem
335 1697 396 1752 et
406 1694 763 1752 incentivum
777 1695 1566 1768 majus,contradictorisrum
1580 1700 1772 1757 obser·

117 1784 311 1842 rantis
364 1784 762 1855 traditionum,
794 1801 913 1859 qua
950 1800 1139 1858 usque
1177 1786 1348 1843 hodie
1377 1795 1621 1861 uterque
1664 1806 1770 1863 po-

112 1872 287 1948 pulus
340 1873 813 1931 contentionibus
861 1875 1174 1947 reciprocis
1215 1876 1529 1950 sacrilegos
1576 1895 1637 1936 se
1665 1896 1768 1952 ap·-

114 1963 365 2037 pellant,
394 1962 509 2021 sibi
557 1979 671 2020 non
719 1965 1218 2023 communicantes
1262 1965 1532 2034 invicem,
1580 1968 1661 2025 ita
1705 1973 1772 2026 ut

113 2055 281 2112 etiam
330 2054 676 2112 nominibus
722 2054 902 2112 velint
950 2055 1164 2112 habere
1211 2057 1620 2116 differentiam.
1658 2059 1768 2125 Qui

110 2146 261 2203 enim
286 2143 683 2202 Orientalium
704 2144 1174 2217 superstitionem
1197 2150 1545 2219 sequuntur,
1568 2147 1769 2221 lingua

112 2250 313 2292 eorum
334 2233 524 2290 sunni
547 2233 857 2303 dicuntur;
891 2233 1145 2306 quivero
1163 2235 1566 2309 AEgyptiorum
1590 2238 1768 2294 tradi-

110 2324 295 2381 tiones
324 2322 668 2395 praeterunt‚
690 2321 1057 2395 appellantur
1084 2323 1247 2394 Siha,
1269 2324 1366 2396 qui
1398 2328 1609 2383 nostris
1632 2325 1766 2383 fidei

112 2414 297 2487 magis
317 2411 657 2468 consentire
683 2411 973 2468 videntur.
992 2415 1129 2478 Quat
1161 2416 1357 2469 autem
1388 2414 1466 2470 sit
1494 2414 1765 2475 intereos

111 2500 323 2558 erroris
344 2498 696 2569 differentia,
724 2515 842 2557 non
875 2505 965 2557 est
990 2501 1290 2573 presentis
1322 2504 1603 2575 temporis
1632 2506 1765 2562 edo-

111 2607 249 2649 cere.
266 2590 540 2647 Tandem
570 2604 703 2647 vero
723 2590 1124 2663 AEgyptiorum
1149 2606 1328 2664 regno
1349 2591 1761 2662 invalescente,

110 2684 163 2737 et
188 2695 387 2753 usque
436 2678 801 2736 Antiochiam
833 2679 1160 2752 provincias
1190 2686 1248 2737 et
1294 2681 1562 2754 regiones
1591 2699 1762 2740 occu·

110 2774 298 2842 pente,
332 2784 473 2826 eum
520 2768 745 2826 noteris
794 2769 856 2825 in
899 2771 1027 2842 ejus
1076 2769 1223 2826 Urbs
1278 2774 1501 2840 sancta,
1532 2771 1764 2844 legibus

112 2856 553 2923 communibus,
573 2857 876 2915 descendit
895 2860 1257 2930 potestatem.
1277 2859 1397 2916 Sub
1417 2875 1533 2931 quo
1554 2860 1764 2932 prinoi-

112 2951 241 3022 patu
272 2946 537 3022 (sicutiti
568 2947 815 3021 captivis
843 2946 1030 3006 solent
1050 2946 1366 3021 aliquendo
1394 2953 1510 3007 tem
1519 2967 1660 3024 pora
1677 2950 1764 3009 in-

113 3036 484 3112 dulgentiora
511 3038 774 3111 concedi)
804 3054 839 3095 a
867 3038 995 3096 suis
1033 3039 1426 3097 anxietatibus
1453 3041 1628 3114 coepit
1656 3041 1761 3099 ali·

1887 641 2016 710 Quis
2045 642 2424 701 eratconditio
2452 556 2996 716 fiagigffzefutua
3024 651 3236 721 tempus
3267 647 3417 705 inter
3441 651 3536 706 in-

2605 717 2809 787 fideles.

1954 803 2043 861 Ab
2062 820 2125 860 ea
2159 804 2252 860 die
2273 805 2448 877 coepit
2478 806 2737 863 fidetium
2762 807 2820 863 in
2853 808 3055 865 eadem
3078 808 3313 868 civitate
3343 810 3532 869 multo

1882 892 2133 951 deterior
2177 910 2308 952 esse
2356 894 2631 960 conditio,
2666 899 2791 952 tum
2836 911 2905 954 ex
2936 896 3134 955 dolore
3171 898 3527 972 justissimo,

1882 998 2056 1053 quem
2075 999 2147 1039 ex
2168 1000 2306 1041 casu
2328 988 2542 1041 sanctae
2566 986 3023 1045 Resurrectionis
3052 989 3308 1045 ecclesias
3328 1005 3532 1048 conce-

1883 1076 2086 1127 nerant
2105 1090 2119 1139 ;
2145 1076 2272 1128 tum
2294 1089 2363 1129 ex
2385 1073 2792 1146 multiplicatis
2809 1077 3070 1148 angariis
3091 1078 3382 1149 geminata
3406 1096 3531 1137 mo·

1880 1157 2064 1215 lestia.
2089 1160 2235 1215 Nam
2259 1164 2465 1232 praeter
2484 1163 2888 1220 enormitatem
2905 1163 3252 1221 tributorum
3275 1172 3332 1221 et
3347 1167 3528 1223 vecti·

1880 1247 2119 1318 galium,
2135 1264 2259 1320 quae
2282 1250 2355 1305 ab
2373 1249 2457 1306 eis
2474 1258 2678 1320 prater
2695 1267 2915 1309 morem
2938 1259 2991 1309 et
3009 1256 3212 1310 contra
3228 1254 3528 1326 privilegia

1879 1354 1915 1392 a
1943 1337 2068 1394 suis
2093 1339 2612 1409 prindecessoribus
2633 1340 2859 1397 indulta
2878 1341 3285 1415 exigebantur,
3311 1342 3526 1401 solem·

1881 1426 2091 1484 nitates
2112 1427 2289 1485 etiam
2304 1430 2701 1502 interdixerat,
2720 1448 2867 1503 quas
2892 1448 3073 1503 usque
3089 1432 3163 1489 ad
3184 1431 3350 1489 illum
3369 1433 3528 1492 diem

1880 1517 1990 1571 sub
2023 1517 2154 1574 aliis
2186 1518 2569 1589 principibus,
2601 1525 2660 1576 st
2687 1519 2746 1577 in
2794 1520 3020 1577 occulto
3052 1527 3110 1578 et
3157 1521 3352 1593 palam
3383 1521 3529 1581 satis

1879 1604 2060 1662 libere
2090 1605 2536 1665 celebraverant.
2559 1612 2798 1681 Quoque
2828 1610 2954 1666 dies
2985 1614 3108 1667 erat
3136 1610 3437 1680 celebrior,
3460 1627 3527 1669 eo

1876 1696 2093 1753 arctius
2122 1696 2551 1755 domiciliorum
2582 1713 2819 1755 suorum
2851 1700 3032 1771 septis
3075 1699 3522 1768 cohibebantur.

1884 1783 2059 1840 necin
2076 1785 2372 1856 publicum
2385 1786 3037 1860 audebantcomparere‚
3055 1788 3394 1846 domietiam
3408 1804 3528 1847 non

1878 1878 2069 1931 tutum
2100 1876 2350 1932 dabatur
2378 1875 2462 1932 eis
2509 1876 2720 1933 habere
2751 1878 3067 1950 refugium,
3098 1878 3204 1934 sed
3239 1878 3398 1949 jactu
3429 1877 3526 1935 la-

1880 1964 2086 2037 pidum
2133 1968 2190 2021 et
2214 1966 2474 2021 sordium
2519 1965 2905 2035 immissione,
2937 1971 2996 2023 et
3026 1966 3299 2025 violentis
3327 1966 3530 2040 irrup-

1881 2053 2154 2126 tionibuS,
2179 2058 2398 2126 quanto
2430 2054 2549 2110 dies
2577 2059 2701 2112 erat
2721 2054 3057 2123 solemnior,
3083 2059 3244 2112 tanto
3267 2055 3526 2128 amplius

1878 2143 2356 2201 molestabantur.
2387 2144 2470 2200 Ad
2499 2142 2620 2202 bisc
2649 2149 2706 2201 et
2751 2162 2852 2217 pro
2883 2144 3143 2217 quolibet
3183 2143 3356 2202 verbo
3386 2144 3521 2214 levi,

1876 2234 1946 2289 ad
1963 2233 2287 2305 quamlibet
2299 2232 2909 2305 accusatorisalicujus
2921 2233 3522 2307 suggestionem,sine

1874 2338 2063 2380 causas
2092 2323 2420 2395 cognitione
2451 2323 2824 2393 rapiebantur
2868 2323 2938 2379 ad
2970 2339 3173 2381 cruces
3202 2327 3261 2379 et
3288 2322 3521 2396 suppli-

1874 2414 1985 2484 cia,
2045 2414 2532 2482 confiscabantur,
2605 2415 3020 2471 auferebantur
3095 2414 3524 2485 possessiones,

1874 2503 2101 2575 filiique
2129 2520 2331 2560 eorum
2362 2508 2418 2561 et
2449 2503 2577 2560 filice
2599 2503 2748 2575 rapti
2779 2505 2851 2561 de
2880 2503 3151 2560 domibus
3184 2508 3524 2576 parentum,

1873 2591 2117 2662 flagellis
2164 2592 2497 2664 aliquando,
2530 2609 2951 2664 nonnunquam
3000 2592 3418 2651 blandimentis
3465 2601 3521 2652 et

1874 2683 2358 2754 promissionibus
2386 2687 2714 2755 apostatare
2741 2684 3120 2756 cogebantur,
3143 2686 3211 2740 ut
3238 2681 3520 2756 patibulis

1870 2772 2074 2844 affligi.
2096 2770 2205 2836 Qui
2236 2776 2433 2829 autem
2458 2788 2561 2845 pro
2588 2777 2844 2845 tempore
2872 2780 2993 2830 erat
3021 2771 3139 2829 illis
3172 2772 3517 2845 patriarcba,

1871 2860 1925 2919 is
1972 2862 2229 2933 primum
2261 2861 2502 2934 injurias
2548 2861 2872 2933 excipiebat
2918 2864 2979 2917 et
3005 2860 3358 2934 opprobria;
3389 2866 3515 2920 tum

1871 2968 1972 3011 eos
1999 2956 2058 3009 et
2098 2952 2323 3025 publice
2349 2956 2406 3011 et
2455 2951 2732 3009 secretius
2769 2951 2840 3008 ad
2888 2950 3390 3023 longanimitatem
3419 2951 3514 3010 in-

1872 3044 2086 3114 vitans,
2109 3058 2214 3115 pro
2235 3041 2650 3113 temporalibus
2672 3058 2799 3114 quoe
2821 3041 3195 3114 patiebantur
3215 3041 3517 3111 malis,co·

114 3127 468 3199 quantulum
497 3142 625 3185 esse
655 3127 983 3190 remissius.
1016 3145 1324 3202 quousque
1365 3136 1768 3188 consummata
1794 3111 1847 3180 G
1875 3147 2050 3189 ronas
2099 3131 2476 3203 promittebat
2521 3132 2930 3201 sempiternas.
2979 3132 3158 3202 Cujus
3203 3129 3398 3188 verbis
3459 3133 3519 3187 et

112 3216 419 3275 hominum
459 3215 723 3290 nequitia
765 3218 1050 3292 exigente,
1082 3218 1273 3275 eidem
1319 3233 1498 3293 regno
1528 3221 1764 3293 Requen

114 3307 343 3381 calipha
374 3306 684 3379 praet'ectns
726 3312 837 3366 est.
870 3308 973 3365 Hic
1004 3312 1060 3368 et
1100 3309 1590 3381 predecessorum
1621 3327 1765 3368 suo-

113 3411 232 3454 rum
254 3401 318 3454 et
339 3411 755 3455 successorum
771 3398 992 3470 pariter
1005 3398 1180 3472 longe
1193 3398 1436 3457 vincens
1454 3399 1762 3472 malitiam,

114 3487 295 3546 tauns
324 3493 416 3546 est
444 3489 692 3560 posteris
723 3494 780 3547 et
809 3490 937 3563 ejus
982 3490 1274 3548 insaniam
1309 3490 1638 3565 legentibus
1666 3508 1766 3550 so-

114 3576 329 3636 lemnis
376 3577 597 3636 fabula.
630 3580 790 3636 Adeo
833 3579 992 3637 enim
1039 3580 1098 3636 in
1155 3579 1316 3638 omni
1364 3580 1663 3654 impietate
1706 3584 1766 3638 et

114 3668 373 3740 nequitia
425 3666 746 3739 singularis
787 3668 1033 3738 exstitit,
1083 3673 1150 3726 ut
1198 3670 1328 3740 ejus
1376 3670 1496 3727 vita
1541 3669 1659 3727 Deo
1707 3671 1765 3727 et

113 3757 458 3814 bominibus
487 3756 721 3815 odibilis
761 3758 1043 3831 speciales
1090 3759 1283 3831 exigat
1324 3763 1629 3817 tractatus.
1658 3758 1763 3818 Hic

111 3846 258 3904 inter
300 3851 536 3918 cetera,
569 3864 697 3920 quas
747 3848 1075 3920 perniciosa
1105 3847 1359 3922 plurima
1398 3855 1761 3923 preceperat,

109 3937 421 3994 eeclesiam
456 3937 768 3995 Dominlcae
797 3939 1259 3996 Resurrectionis
1280 3941 1431 4013 (quae
1462 3957 1566 4012 per
1592 3956 1763 3996 vene·

110 4025 358 4083 rabilem
383 4026 576 4083 virum
606 4027 952 4097 Maximum,
970 4029 1235 4101 ejusdem
1264 4028 1377 4086 loci
1397 4031 1759 4100 episcopum,

110 4114 484 4186 precipiente
509 4115 749 4173 domino
780 4115 1162 4175 Constantino
1182 4121 1448 4190 Augusto
1479 4118 1765 4175 aedificata

114 4204 327 4273 iuerat,
351 4207 555 4275 postea
577 4220 681 4277 per
697 4207 1247 4264 reverendissimum
1269 4208 1596 4265 Modestum
1620 4213 1764 4264 tem·

114 4309 246 4363 pore
274 4292 510 4351 domini
530 4293 772 4351 Heraclii
802 4298 1092 4369 reparata)
1112 4296 1381 4355 (unditus
1410 4297 1583 4369 deJici
1606 4313 1761 4354 man-

112 4382 289 4440 davit.
313 4382 498 4454 Cuius
523 4385 796 4455 precepti
819 4386 1171 4457 rescriptum
1201 4387 1441 4459 quidam
1464 4388 1593 4458 eJus
1625 4403 1757 4460 pro·

1871 3220 2135 3292 exemplo
2181 3219 2544 3289 commoniti,
2570 3220 2937 3278 transitorias
2963 3235 3067 3292 pro
3109 3219 3342 3277 Christo
3371 3234 3518 3276 con-

1871 3314 2196 3368 temnentes
2217 3309 2486 3382 iniurias,
2507 3310 2837 3368 seinvicem
2862 3314 3065 3367 mutua
3085 3308 3364 3366 charitate
3384 3326 3515 3367 con·

1871 3399 2236 3458 solabantur.
2293 3400 2524 3458 Referre
2579 3416 2682 3475 per
2736 3399 2972 3472 singula
3035 3398 3278 3473 longum
3333 3402 3512 3471 esset,

1871 3496 2092 3564 quanta
2120 3492 2181 3548 in
2223 3491 2474 3564 propriis
2520 3491 2861 3562 corporibus
2908 3489 3167 3560 proedicti
3213 3490 3364 3548 servi
3411 3489 3513 3547 Dei

1871 3580 2217 3653 pertulerint
2262 3584 2575 3647 tormenta,
2605 3585 2669 3635 ut
2696 3580 2953 3635 haeredes
2998 3578 3201 3634 fierent
3230 3579 3290 3635 in
3338 3580 3515 3636 domo

1869 3667 2125 3735 Domini,
2155 3672 2212 3724 et
2240 3671 2306 3725 ut
2340 3667 2496 3738 leges
2526 3665 2934 3722 aemularentur
2984 3668 3278 3737 paternas.
3320 3664 3514 3722 Unum

1868 3762 2068 3815 tamen
2099 3756 2170 3814 de
2188 3760 2272 3813 tot
2301 3756 2587 3825 millibus,
2610 3754 2860 3827 exempti
2889 3753 3094 3826 gratia,
3117 3754 3516 3826 producamus

1868 3847 1934 3904 in
1954 3846 2231 3913 medium,
2258 3850 2319 3902 ut
2350 3862 2450 3917 per
2467 3844 2590 3901 haeo
2613 3841 3009 3915 deprehendat
3030 3850 3219 3899 vestra
3247 3842 3505 3914 dilectio,

1869 3951 2047 4008 quam
2079 3951 2145 3992 ex
2186 3933 2407 3992 frivolis
2437 3932 2633 3991 causis
2662 3931 2737 3990 ad
2768 3930 2973 3988 ultima
2995 3928 3286 4002 supplicia
3313 3931 3510 4004 rapie-

1868 4025 2100 4081 bantur.
2116 4023 2361 4089 Quidam
2383 4021 2525 4079 oivis
2541 4037 2609 4079 ex
2628 4019 2964 4077 infidelibus
2986 4022 3218 4077 nostros
3234 4018 3369 4078 odio
3389 4036 3511 4092 per-

1867 4128 2119 4186 sequens
2157 4111 2496 4180 insatiabili,
2525 4111 2615 4168 vir
2643 4110 2899 4183 pertidus
2928 4113 2987 4166 et
3015 4124 3299 4181 nequam,
3332 4113 3399 4166 ut
3428 4109 3513 4166 eis

1866 4203 2094 4277 aliquid
2120 4204 2191 4260 ad
2206 4206 2446 4261 mortem
2461 4200 2783 4268 moliretur,
2801 4199 3175 4256 morticinum
3188 4197 3346 4256 oanis
3359 4197 3511 4256 clam

1866 4294 2108 4367 projecit
2135 4294 2196 4350 in
2244 4292 2459 4350 atrium
2489 4291 2719 4364 templi,
2749 4291 2810 4347 in
2841 4291 3008 4362 cujus
3056 4289 3346 4347 munditia
3373 4305 3510 4347 con·

1866 4383 2167 4452 servanda,
2198 4383 2330 4456 ejus
2356 4384 2632 4439 custodes
2659 4384 2717 4437 et
2747 4380 3020 4437 universa
3041 4379 3245 4436 civitas
3273 4394 3505 4437 omnem

114 4475 369 4540 curator,
402 4487 618 4543 preses
665 4473 930 4532 videlicet
971 4475 1364 4546 Ramulensis,
1398 4481 1618 4549 Hyaroe
1658 4493 1763 4534 no·
1796 4473 1840 4539 D
1868 4473 2284 4545 impendebant
2328 4470 2798 4530 sollicitudinem.
2833 4471 3004 4527 Mans
3042 4470 3218 4537 iacto,
3250 4469 3348 4541 qui
3378 4484 3510 4525 ora·

114 4560 377 4627 mine,ad
410 4575 477 4617 se
502 4561 786 4619 directum
835 4562 1180 4636 suscipiens,
1204 4565 1480 4636 praedicta
1520 4567 1762 4626 ecclesia

114 4661 295 4723 usque
322 4649 399 4705 ad
446 4649 640 4706 solum
669 4652 1226 4724 diruta,jussionem
1264 4656 1482 4728 regiam
1530 4655 1761 4712 effectui

114 4737 492 4811 mancipavit.
507 4741 755 4797 praerat
772 4757 904 4798 vero
925 4757 989 4799 ea
1009 4746 1353 4817 tempestate
1372 4744 1560 4801 eidem
1584 4744 1762 4804 ecole-

111 4826 203 4884 εἰει
230 4826 326 4884 vir
370 4828 721 4886 venerabilis
768 4830 1009 4887 Orestus
1059 4833 1315 4902 nomine,
1348 4833 1608 4906 ejusdem
1654 4850 1758 4892 ne-

109 4915 381 4987 quissimi
432 4917 586 4991 regis
631 4919 979 4991 avunculus,
1012 4922 1219 4979 matris
1261 4924 1527 4992 eiusdem
1556 4923 1754 4982 irater.

110 5005 221 5063 Hoc
271 5010 474 5063 autem
524 5007 653 5065 ideo
696 5009 908 5068 iecisse
956 5011 1189 5079 dicitur,
1226 5017 1292 5067 ut
1334 5028 1447 5068 suae
1499 5015 1755 5085 perndie

111 5094 338 5168 populis
357 5095 701 5155 infidelibus
721 5099 884 5156 daret
901 5105 1335 5174 argumentum.
1365 5102 1758 5174 objiciebatur

108 5185 261 5242 enim
290 5183 346 5240 ei
396 5183 850 5245 Christianitatis
896 5190 1125 5260 titulus,
1156 5206 1223 5248 eo
1271 5192 1423 5263 quod
1454 5207 1524 5248 ex
1573 5198 1758 5251 matre

108 5274 445 5332 Christiana
490 5279 661 5334 natus
702 5281 894 5349 essct3
943 5296 1117 5351 quam
1166 5277 1336 5353 quasi
1379 5280 1599 5338 crimen
1633 5298 1667 5338 a
1695 5297 1760 5340 se

110 5363 309 5422 volens
336 5361 651 5435 depellere,
674 5366 1012 5438 pradictum
1044 5369 1272 5426 facinus
1311 5385 1491 5425 ausus
1519 5373 1610 5426 est
1634 5385 1763 5443 per-

112 5461 359 5526 petrare,
396 5451 545 5510 nihil
574 5454 891 5514 arbitratus
920 5473 1225 5528 superesse
1254 5457 1583 5527 calumnias,
1601 5462 1759 5533 quod

112 5545 171 5602 in
216 5543 351 5615 ejus
402 5557 714 5614 personam
772 5545 1019 5622 impingi
1065 5551 1283 5623 posset,
1312 5548 1583 5622 quodque
1624 5549 1758 5624 ajns

1869 4563 2050 4621 tionis
2078 4563 2264 4635 gratia
2306 4566 2677 4621 accesserunt
2718 4561 2788 4617 ad
2819 4560 3130 4632 templum,
3159 4557 3509 4629 reperientes

1867 4652 2240 4710 immundum
2259 4652 2505 4708 cadaver
2523 4651 2806 4716 stretona,
2822 4665 2968 4722 pene
2988 4648 3061 4705 ad
3081 4646 3370 4704 insaniam
3391 4661 3488 4702 ver

1868 4743 1920 4798 si
1952 4741 2274 4799 universam
2308 4741 2510 4797 urbem
2543 4738 2910 4813 repleverunt
2948 4736 3323 4793 clamoribus.
3353 4736 3511 4791 Con-

1867 4833 2049 4888 currit
2076 4831 2268 4888 subito
2299 4829 2543 4903 populus
2575 4828 2902 4890 universus,
2925 4830 2983 4883 et
3010 4839 3213 4881 omnes
3234 4827 3508 4881 asserunt

1867 4939 1974 4995 pro
2003 4920 2688 4989 constanti,Cbristianos
2720 4919 2827 4973 boc
2861 4917 3081 4974 fecisse.
3115 4916 3265 4982 Quid
3298 4914 3509 4988 plura?

1865 5011 2204 5070 Decernitur
2267 5008 2538 5067 interitus
2582 5007 2892 5076 universis,
2938 5011 2996 5064 et
3049 5011 3165 5063 tam
3213 5004 3508 5078 piaculare

1866 5102 2154 5175 flagitium
2198 5104 2385 5157 morte
2416 5099 2691 5171 piandum
2732 5097 3052 5169 judicatur.
3084 5096 3309 5154 Fideles
3340 5112 3509 5167 porro

1865 5193 1938 5249 de
1965 5208 2075 5249 sua
2099 5189 2451 5247 confidentes
2480 5188 2832 5256 innocentia,
2864 5190 3108 5245 mortem
3146 5202 3249 5259 pro
3279 5185 3510 5242 Christo

1867 5281 2059 5355 parati
2087 5283 2254 5339 erant
2283 5277 2500 5335 subire.
2534 5278 2800 5351 Dumque
2826 5277 3097 5334 adessent
3123 5273 3509 5349 spiculatores

1866 5371 2095 5428 eductis
2120 5368 2330 5441 gladiis
2360 5376 2423 5425 ut
2452 5370 2728 5440 poputum
2759 5366 3182 5431 interimerent,
3203 5362 3414 5421 obtulit
3441 5379 3504 5421 se

1869 5459 2205 5517 adolescens
2235 5457 2441 5531 plenus
2469 5456 2696 5531 spiritu,
2718 5455 2935 5513 diesne:
2968 5455 3354 5512 Periculosum
3402 5461 3503 5526 est,

1866 5550 2100 5622 tratres,
2128 5547 2181 5606 si
2205 5550 2288 5607 ita
2310 5549 2457 5622 perit
2483 5549 2666 5606 omnis
2689 5549 2804 5608 lenc
2831 5547 3080 5607 wamia.
3115 5543 3348 5619 Expedit
3381 5559 3506 5602 ma-
