3784 6000
303 150 440 228 risi

295 297 467 356 salva
493 298 696 354 tamen
719 291 950 365 justitia
973 289 1209 350 illarum
1237 286 1622 346 ecclesiarum
1661 301 1698 343 a
1725 281 1949 358 quibus
1982 285 2028 338 Α

1725 152 1924 216 LUCII
1963 144 2040 212 tn
2081 148 2290 210 PAPAE

3576 148 3717 210 ¹182

2794 277 2911 333 xm
2922 277 2981 332 X.

294 390 669 444 mortuorum
715 397 972 455 corpora
1011 382 1427 437 assumuntur.
1488 378 1593 432 Pro
1627 374 1948 431 chrismate
2058 382 2155 438 Aa
2185 380 2586 439 Theobaldum
2600 381 2732 438 abb,
2762 381 2937 439 clun,
2970 413 3037 422 -
3060 380 3289 439 Statuit
3313 381 3471 455 quod
3498 379 3714 438 nullus

294 490 459 544 vero,
516 475 649 532 oleo
682 479 906 541 sanct0,
952 465 1500 527 consecrationibus
1535 463 1944 531 ecclesiarum,

291 563 774 623 ordinationibus
821 561 1172 618 clericorum
1216 558 1319 630 qui
1358 555 1433 612 ad
1471 569 1671 610 sacros
1704 553 1945 609 ordines

290 654 509 712 fuerint
529 649 941 725 promovendi,
974 649 1097 704 sive
1127 646 1346 704 abbate
1367 643 1722 702 deducendo
1747 641 1827 699 ad
1849 657 1943 699 se-

288 742 449 811 dem,
482 743 570 798 vel
600 737 968 815 quibuslibet
988 737 1120 794 aliis
1145 731 1564 793 ecclesiasticis
1595 747 1941 789 sacramen-

286 833 381 898 tis,
407 831 607 887 nullus
637 846 675 887 a
705 829 888 898 vobis,
918 832 1020 886 aut
1049 826 1159 882 sub
1197 824 1444 882 obtentu
1468 820 1937 894 consuetudinis,

286 925 389 979 aut
417 918 686 993 quolibet
715 917 831 975 alio
871 916 1076 980 modo,
1107 913 1441 987 quidquam
1481 911 1701 967 audeat
1740 915 1941 983 postu·

284 1010 431 1068 lare.

355 1099 706 1156 inhibemus
720 1097 898 1153 etiam
913 1110 985 1151 ne
998 1093 1277 1150 ecclesias
1296 1096 1400 1148 aut
1411 1096 1616 1157 terras,
1647 1104 1754 1145 seu
1771 1088 1937 1163 quod

2126 452 2272 510 ordo
2301 468 2402 510 seu
2425 453 2632 525 reliqio
2671 454 2792 511 alia
2820 459 3086 524 ponatur
3114 456 3175 510 in
3215 453 3525 524 parochiis
3545 454 3714 524 juris

2130 525 2636 582 cluniacensium.

2564 621 2845 695 (velletri,
2877 591 3055 695 A'prii.
3091 622 3203 694 ιι.)

2336 720 2711 795 [Bullam‘um
2726 721 3160 787 Cluniacense„
3194 736 3253 794 p.
3285 719 3405 791 76.)

2122 827 2324 884 Lucius
2361 828 2705 900 episcopus,
2733 840 2941 884 servus
2980 842 3282 884 servorum
3325 826 3445 894 Dei,
3486 824 3711 885 ditecto

2049 915 2171 972 filio
2190 918 2527 973 Tneonsnno
2559 914 2764 973 abbati
2782 915 3221 989 Clun.ejusque
3250 915 3712 973 successoribus

2046 1004 2399 1077 regulariter
2426 1003 2834 1061 substinendis
2868 1004 2928 1061 in
2958 1011 3342 1078 perpetuum.

2116 1095 2368 1167 Injuncti
2395 1093 2568 1151 nobis
2598 1109 2636 1151 a
2665 1097 2783 1151 Deo
2824 1094 3198 1166 apostolatus
3232 1093 3502 1151 officium
3533 1097 3594 1150 et
3612 1109 3708 1150 ee·

282 1189 427 1246 libet
475 1185 837 1245 beneficium
872 1183 1136 1241 ecclesiae
1170 1187 1376 1238 vestrae
1416 1179 1718 1243 collatum,
1761 1178 1938 1234 lieeat
2044 1182 2395 1240 clesiasticae
2436 1182 2697 1239 utilitatis
2732 1182 3133 1241 consideratio
3163 1199 3275 1241 nos
3300 1183 3620 1241 hortantur
3649 1189 3708 1241 et

281 1273 1029 1350 alicuipersonaliterdari‚
1048 1289 1153 1329 seu
1178 1270 1296 1327 alio
1319 1269 1503 1326 modo
1520 1268 1788 1338 alienari,
1809 1268 1935 1325 siue
2045 1271 2373 1330 admonent
2402 1272 2534 1330 illas
2564 1272 3124 1346 Ecclesias,quasin
3138 1276 3364 1330 sanctoe
3390 1273 3703 1344 religionis

281 1383 581 1426 consensu
634 1366 812 1422 totius
847 1360 1110 1436 capituli,
1157 1365 1261 1417 aut
1300 1359 1547 1431 majoris
1580 1363 1636 1414 et
1676 1359 1932 1416 sanioris
2041 1363 2428 1421 observantia
2451 1362 2838 1419 ferventiores
2878 1377 3010 1419 esse
3042 1362 3338 1434 videmus,
3379 1367 3436 1419 et
3466 1378 3569 1420 eas
3598 1361 3706 1420 ho-

278 1457 465 1532 partis
484 1455 770 1528 ejusdem.
804 1453 1018 1526 Siquae
1047 1467 1183 1508 vero
1213 1449 1568 1507 donationes
1599 1447 1691 1503 vel
1715 1447 1934 1506 aliena-

276 1547 466 1604 tiones
493 1544 659 1602 aliter
688 1559 871 1617 quam
899 1541 1127 1597 dictum
1153 1543 1240 1596 est
1264 1537 1434 1595 factae
1459 1536 1695 1609 fuerint,
1728 1553 1830 1594 eas
1857 1539 1931 1594 ir-

273 1637 418 1696 ritas
444 1651 572 1692 esse
599 1648 938 1691 consemus.

345 1726 433 1782 Ad
470 1724 605 1781 haec
639 1727 842 1780 autem
877 1719 1198 1793 adjicimus
1237 1733 1311 1774 ne
1350 1715 1532 1790 aliqui
1572 1716 1780 1773 fratres
1820 1735 1925 1775 seu

269 1814 542 1872 conversi
597 1811 710 1868 sub
749 1807 1120 1883 professione
1159 1807 1380 1863 domus
1421 1811 1629 1862 vesti-ee
1682 1807 1922 1875 astricti,

268 1903 398 1959 sine
428 1917 725 1959 consensu
759 1904 815 1954 et
837 1897 1077 1954 licentia
1107 1895 1344 1952 abbatis
1373 1899 1430 1951 et
1458 1895 1709 1968 majoris
1737 1897 1924 1968 partis

269 1991 513 2066 capituli
532 1989 728 2055 vestri,
746 2004 854 2061 pro
874 1986 1075 2061 aliquo
1088 1984 1476 2057 fidejubeant,
1500 1983 1587 2039 vel
1618 1984 1695 2040 ab
1720 1984 1923 2059 aliquo

268 2081 590 2156 pecuniam
622 2076 1165 2148 mutuoaccipiant,
1201 2073 1352 2130 ultra
1389 2073 1649 2148 pretium
1680 2074 1922 2146 capituli

272 2171 366 2227 sui
387 2169 763 2243 providentia
775 2166 1101 2240 provisum,
1120 2164 1236 2220 nisi
1266 2167 1510 2236 propter
1537 2161 1920 2221 manifestam

270 2260 490 2317 domus
523 2263 730 2316 vestras
762 2256 1094 2313 utilitatem.
1126 2253 1299 2321 Quod
1333 2251 1383 2308 si
1404 2251 1598 2309 facere
1626 2269 1923 2325 praesum-

272 2350 500 2423 pserint
515 2364 637 2405 non
668 2350 936 2403 teneatur
958 2347 1309 2407 conventus,
1337 2342 1464 2398 sine
1484 2341 1658 2414 cujus
1685 2340 1922 2401 licentia

269 2443 327 2496 et
377 2453 677 2495 consensu
705 2435 821 2493 hoc
860 2434 1106 2508 egerint,
1147 2448 1254 2505 pro
1293 2431 1386 2488 his
1423 2430 1805 2504 aliquatenus
1834 2449 1920 2491 re-

265 2527 582 2602 spondere.

339 2616 631 2674 Praeterea
660 2615 884 2672 licitum
917 2615 991 2669 sit
1032 2611 1200 2668 vobis
1233 2611 1291 2667 in
1332 2613 1529 2668 causis
1560 2610 1774 2668 vestris
1805 2611 1919 2671 fra-

264 2709 383 2764 tres
405 2710 633 2763 vestros
656 2704 905 2761 idoneos
927 2702 1005 2759 ad
1025 2700 1470 2759 testificandum
1482 2700 1802 2769 adducere,
1832 2708 1918 2760 at-

262 2808 379 2870 que
410 2795 681 2868 ipsorum
720 2791 1083 2855 testimonio,
1128 2791 1178 2847 si
1217 2795 1446 2847 rectum
1477 2788 1668 2853 fuerit,
1694 2796 1753 2847 et
1778 2807 1919 2864 pro-

262 2884 510 2959 pulsare
537 2882 902 2948 violentiam‚
937 2885 994 2937 et
1018 2879 1313 2951 justitiam
1334 2878 1661 2936 vindicare.

2041 1457 2269 1509 nestate
2299 1457 2355 1509 et
2378 1452 2661 1523 religione
2692 1451 2914 1524 pollere
2940 1453 3390 1523 cognoscimus,
3416 1451 3703 1526 ampliori

2038 1542 2325 1599 charitate
2363 1540 2628 1611 diligere,
2672 1541 3084 1615 majoremque
3124 1540 3237 1598 iltis
3267 1540 3563 1598 honorem
3600 1541 3705 1614 ju-

1959 1631 2004 1687 B
2038 1631 2185 1702 giter
2206 1635 2264 1688 et
2287 1631 2540 1702 gratiam
2570 1630 2869 1687 exhibere.
2893 1632 3241 1704 Eapropter,
3268 1630 3479 1687 dilecte
3494 1631 3554 1687 in
3585 1629 3702 1689 Do-

2035 1720 2202 1777 mino
2227 1720 2312 1777 fili
2339 1717 2701 1784 Theobalde‚
2724 1718 3056 1777 Ecclesiam
3084 1725 3272 1788 tuam,
3300 1719 3567 1792 vestigiis
3593 1735 3701 1778 an·

2036 1814 2393 1866 tecessorum
2407 1814 2747 1865 nostrorum
2766 1808 3143 1880 inhaerendO,
3158 1809 3386 1866 sincere
3398 1814 3458 1866 et
3469 1812 3694 1879 tenere,

2034 1903 2239 1972 utpote
2252 1896 2575 1970 specialem
2594 1914 2663 1954 ac
2693 1897 3015 1971 peromnia
3030 1898 3312 1955 devotam
3344 1897 3532 1955 filiam
3548 1914 3696 1973 apo·

2034 1989 2258 2046 stolicae
2286 1988 2447 2046 sedis
2464 1987 2801 2060 diligentes,
2822 1988 3073 2060 dignum
3092 1988 3377 2045 duximus
3397 1988 3517 2045 tuis
3545 1989 3695 2061 peti·

2031 2078 2298 2134 tionibus
2319 2093 2634 2134 assensum
2669 2077 2957 2148 praebere.
2986 2076 3386 2136 concedimus
3411 2092 3558 2148 ergo
3584 2077 3690 2135 tibi

2033 2167 2267 2239 tuisque
2296 2166 2812 2223 successoribusin
2845 2172 3200 2239 perpetuum
3232 2167 3365 2222 utin
3387 2167 3690 2240 parochiis

2030 2256 2225 2328 adjus
2252 2261 2423 2313 tuum
2447 2255 2878 2328 pertinentibus
2921 2254 3120 2311 nullus
3153 2254 3367 2311 futuris
3406 2255 3691 2329 tempori·

2028 2352 2144 2402 bus
2170 2346 2340 2412 ord0,
2368 2361 2472 2401 seu
2511 2345 2738 2417 religio,
2770 2345 2883 2401 nisi
2922 2343 3324 2401 Cluniacensis
3363 2351 3629 2417 ponatur
3669 2362 3685 2414 3

2029 2451 2101 2493 ea
2130 2434 2401 2492 videlicet
2424 2434 2674 2502 ratione,
2717 2450 2791 2490 ne
2820 2433 2982 2490 bona
3010 2432 3103 2490 vel
3136 2433 3273 2505 jura
3310 2434 3684 2506 benignitate

2026 2526 2437 2581 Romanorum
2460 2523 2810 2595 pontificum
2843 2522 3117 2579 Ecclesiae
3157 2528 3273 2578 tute
3301 2522 3539 2587 collata.
3573 2523 3686 2580 ob-

2027 2616 2196 2670 tentu
2219 2612 2539 2686 cujuslibet
2563 2627 2736 2669 noves
2760 2611 2851 2667 vel
2869 2611 3342 2685 supervenientis
3368 2610 3685 2684 religionis

2027 2703 2464 2759 imminuantur
2490 2706 2592 2758 aut
2613 2699 2977 2758 auferantur.
3011 2700 3340 2759 statuimus
3372 2699 3683 2760 nihilomi-

2029 2808 2164 2848 mus
2196 2795 2259 2848 ut
2281 2790 2437 2848 infra
2457 2790 2743 2847 terminos
2765 2789 3188 2862 parochiarum
3209 2794 3453 2846 tuarum
3481 2790 3685 2848 nullus

2026 2881 2432 2938 coemeterium
2459 2879 2691 2954 absque
2722 2894 2980 2936 assensu
3012 2887 3110 2936 tuo
3141 2883 3490 2936 construere
3521 2895 3683 2953 prae-

334 2973 601 3031 Obeunte
634 2987 772 3029 vero
803 2976 880 3037 te,
913 2985 1074 3028 nunc
1112 2968 1379 3041 ejusdem
1418 2967 1532 3025 loci
1562 2967 1791 3038 abbate,
1827 2969 1915 3028 vel
1947 2980 1986 3037 c
2026 2974 2237 3037 sumat,
2291 2967 2459 3028 salva
2509 2968 2668 3026 sedis
2714 2967 3059 3043 apostolicas
3099 2969 3472 3028 auctoritate.
3528 2968 3683 3028 Nulli

264 3068 502 3121 tuorum
529 3061 801 3131 quolibet
829 3074 1266 3124 successorum,
1295 3056 1495 3115 nullus
1531 3058 1614 3115 ibi
1644 3059 1915 3133 qualibet

259 3152 658 3224 subreptione,
692 3150 908 3208 astutia
936 3148 1025 3206 vel
1058 3148 1332 3206 violentia
1353 3154 1758 3221 proeponatur‚
1798 3149 1915 3206 nisi

260 3258 445 3315 quem
472 3240 685 3300 fratres
707 3239 1017 3298 communi
1034 3254 1356 3306 consensu,
1385 3238 1477 3296 vel
1489 3236 1741 3296 fratrum
1772 3255 1913 3311 pars

258 3330 493 3389 consilii
510 3330 764 3388 sanioris
786 3329 1120 3386 secundum
1155 3330 1339 3384 Deum
1360 3331 1416 3383 et
1438 3326 1594 3384 beati
1610 3327 1912 3385 Benedicti

256 3420 545 3493 Regulam
566 3418 938 3493 providerint
973 3417 1340 3489 eligendum.

330 3508 715 3567 Decernimus
732 3522 896 3580 ergo.
911 3513 1021 3565 etc.
1040 3507 1109 3566 Ut
1121 3522 1329 3578 supra,
1344 3505 1407 3562 in
1422 3505 1636 3564 linem
1652 3505 1915 3579 Euqenii

252 3612 452 3670 papoe.

327 3691 450 3760 Ego
480 3688 693 3745 Lucius
718 3685 1023 3745 catholicas
1046 3684 1316 3742 Ecclesia!
1354 3685 1693 3757 episcopus.

326 3780 448 3848 Ego
484 3777 825 3834 Theodinus
865 3776 1233 3843 portuensis,
1281 3779 1337 3832 et
1383 3773 1443 3830 S.
1480 3774 1707 3832 Raflnae
1748 3776 1911 3832 sedis

258 3866 604 3939 episeopus.

324 3958 449 4028 Ego
479 3956 686 4013 Petrus
712 3954 1029 4012 Tusculan.
1062 3954 1407 4029 episcopus.

322 4044 445 4116 Ego
482 4047 685 4103 Petrus
733 4044 1046 4117 presbyter
1093 4042 1416 4101 cardinalis
1455 4043 1535 4100 tit.
1579 4043 1640 4099 S.
1685 4045 1906 4103 Susan-

253 4149 366 4192 nee.

325 4226 447 4294 Ego
490 4222 777 4280 vivianus
830 4220 1028 4295 presb.
1063 4222 1227 4279 card.
1273 4222 1357 4279 tit.
1399 4223 1462 4280 S.
1518 4222 1802 4295 Stephani
1844 4225 1904 4281 in

252 4310 435 4369 Coelio
460 4314 672 4369 Monte.

325 4404 448 4472 Ego
470 4401 755 4474 Cynthius
796 4400 994 4473 presb.
1023 4401 1187 4458 card.
1220 4402 1303 4459 tit.
1347 4403 1403 4459 S.
1438 4401 1686 4460 Cecilioe..

325 4494 447 4562 Ego
470 4491 773 4549 Arduinns
812 4491 1016 4565 presb.
1057 4490 1220 4547 card.
1257 4492 1343 4548 tit.
1382 4491 1442 4550 S.
1473 4492 1671 4550 Crucis
1712 4492 1773 4549 in
1811 4494 1903 4550 Je-

170 4595 177 4604 ·
251 4580 536 4639 rusalem.

322 4672 444 4743 Ego
484 4672 792 4729 Laborans
832 4669 1035 4744 presb.
1072 4667 1235 4727 card.
1278 4672 1333 4727 S.
1376 4671 1570 4728 Marioe
1612 4674 1778 4729 trans
1815 4673 1900 4729 Ti-

249 4762 462 4833 berim,
493 4762 579 4820 tit.
606 4761 666 4817 S.
710 4760 938 4819 Calixti.

318 4854 441 4924 Ego
483 4851 790 4909 Reinerius
825 4850 991 4908 card.
1031 4852 1087 4907 S.
1126 4848 1363 4921 Georgii
1406 4850 1487 4908 ad
1528 4850 1733 4909 Velum
1786 4856 1900 4911 Au-

247 4955 440 5101 reggio
493 5031 804 5088 Gratianus
855 5030 952 5086 SS.
1010 5030 1234 5085 Cosmae
1283 5032 1341 5084 et
1395 5029 1672 5088 Damiani
1738 5030 1896 5089 diae-

243 5121 530 5268 suffitum
559 5207 805 5274 velletri,
837 5222 944 5282 per
982 5223 1235 5265 manum
1265 5207 1485 5266 Alberti
1515 5213 1737 5266 sanctoe
1777 5211 1896 5267 Ro·-

243 5314 441 5358 manae
466 5297 737 5355 Ecclesia)
776 5297 980 5371 presb.
1012 5298 1176 5355 card.
1208 5302 1266 5355 et
1303 5296 1660 5366 cancellarii,
1706 5315 1764 5355 vi
1802 5299 1891 5356 ld.

244 5385 426 5458 April.
454 5402 615 5446 anno
649 5388 802 5453 ¹181,
833 5403 1006 5462 papae
1035 5386 1189 5445 Lucii
1232 5388 1298 5444 ΙΙΙ
1331 5403 1493 5445 anno
1524 5387 1742 5460 prim0.

2025 3076 2168 3133 ergo
2193 3059 2441 3118 omnino
2467 3058 2783 3116 hominum
2811 3059 2902 3115 fas
2933 3059 3009 3114 sit
3035 3058 3216 3131 hujus
3242 3057 3428 3115 nostri
3458 3057 3683 3117 decreti

2024 3150 2378 3206 sententiam
2409 3148 2752 3220 infringere,
2777 3163 2882 3204 seu
2914 3163 3069 3206 ausu
3102 3147 3418 3205 temerario
3444 3153 3685 3223 pertur-

2021 3237 2186 3295 bare.
2222 3240 2278 3295 Si
2317 3253 2441 3312 qua
2471 3252 2615 3294 sane
2654 3237 3029 3311 inposterum
3060 3235 3465 3295 ecclesiastica
3494 3253 3681 3296 saecn·

2020 3328 2236 3386 larisve
2249 3326 2690 3401 persona,hanc
2703 3332 2917 3384 nostroe
2930 3326 3365 3384 constitutionis
3387 3328 3683 3402 paginam

2023 3417 2240 3488 sciens,
2289 3422 2500 3475 contra
2535 3432 2670 3474 eam
2704 3420 2925 3474 temere
2967 3417 3167 3473 venire
3213 3417 3553 3486 tentaverit,
3595 3433 3685 3475 se·

2022 3507 2221 3565 cundo
2264 3508 2503 3564 tertiove
2544 3506 2932 3573 commonita,
2977 3507 3089 3563 nisi
3126 3505 3680 3580 proesumptionem

2021 3614 2193 3654 suam
2236 3612 2504 3667 congrua
2533 3594 2943 3653 satisfactione
2967 3594 3306 3666 correxerit,
3360 3597 3683 3669 potestatis

2018 3686 2385 3759 honorisque
2407 3684 2798 3757 suidignitate
2819 3688 3037 3751 careat,
3069 3698 3358 3757 reamque
3378 3700 3444 3742 se
3469 3684 3681 3743 divino

2011 3775 2240 3849 judicio
2268 3774 2343 3831 de
2365 3777 2703 3848 perpetrata
2718 3773 3025 3849 iniquitate
3056 3778 3409 3845 cognoscat,
3439 3778 3503 3831 et
3526 3791 3566 3833 a
3593 3790 3681 3832 sa·

2018 3864 2350 3922 cratissimo
2375 3877 2626 3937 corpore
2664 3868 2722 3921 et
2750 3863 3041 3935 sanguine
3071 3861 3172 3919 Dei
3202 3866 3262 3920 et
3299 3861 3553 3922 Domini
3579 3867 3681 3923 Re-

2016 3954 2346 4027 demptoris
2382 3954 2571 4011 nostri
2608 3954 2743 4010 Jesu
2767 3952 2982 4010 Christi
3005 3951 3204 4010 aliena
3241 3952 3371 4018 fiat,
3392 3957 3587 4028 atque
3622 3954 3680 4012 in

2016 4047 2283 4101 extremo
2312 4044 2588 4101 examine
2613 4042 2893 4099 districtas
2928 4041 3132 4099 ultioni
3163 4041 3502 4115 subJaceat.
3526 4043 3677 4101 Cun-

2016 4134 2121 4191 ctis
2142 4138 2343 4191 autem
2368 4131 2563 4190 eidem
2588 4132 2721 4189 loco
2742 4148 2853 4190 sua
2880 4131 3017 4205 jura
3042 4131 3428 4189 servantibus
3452 4132 3532 4191 sit
3559 4149 3676 4209 pax

2016 4222 2254 4279 Domini
2288 4222 2475 4279 nostri
2517 4224 2664 4278 Jesu
2702 4219 2934 4283 Christi.
2980 4225 3280 4295 quatenus
3323 4226 3382 4277 et
3418 4221 3525 4280 hic
3558 4223 3681 4281 frn-

1938 4330 1985 4385 D
2015 4316 2175 4369 ctum
2203 4311 2380 4370 bonae
2418 4312 2779 4385 operationis
2804 4310 3157 4385 percipiant,
3184 4315 3242 4368 et
3270 4309 3443 4385 apud
3485 4311 3679 4371 distri-

2013 4406 2178 4459 ctum
2228 4401 2499 4459 Iudicem
2552 4400 2808 4475 praemia
2840 4407 3075 4459 aeternae
3122 4400 3288 4474 pacis
3342 4399 3676 4461 inveniant.

2012 4494 2224 4561 Amen,
2263 4505 2464 4561 amen,
2490 4490 2705 4548 ament

2082 4581 2206 4653 Ego
2238 4581 2449 4639 Lucius
2479 4579 2786 4638 catholicis
2818 4578 3095 4637 Ecclesioe
3119 4577 3468 4655 episcopus.

2081 4673 2201 4743 Ego
2230 4671 2431 4728 Petrus
2444 4669 2764 4727 Tusculan.
2783 4671 3123 4743 episcopus.

2076 4759 2200 4831 Ego
2230 4759 2540 4818 Rainerius
2577 4759 2727 4817 diac.
2760 4760 2925 4818 card.
2957 4759 3020 4816 S.
3060 4757 3297 4832 Georgii
3328 4758 3413 4817 ad
3454 4759 3669 4820 Velum

2008 4852 2297 4908 Aureum.

2081 4941 2198 5009 Ego
2229 4938 2511 4996 vivianus
2542 4938 2856 5013 presbyter
2893 4938 3058 4996 card.
3104 4936 3251 4995 tituli
3294 4937 3354 4996 S.
3385 4939 3678 5014 Stephani

2007 5028 2068 5086 in
2095 5028 2279 5086 Coelio
2308 5031 2519 5088 Monte.

2078 5120 2201 5190 Ego
2240 5118 2530 5192 Cynthius
2569 5117 2770 5191 presb.
2806 5117 2970 5175 card.
3013 5116 3098 5175 tit.
3140 5116 3374 5175 Sanctae
3415 5117 3672 5179 Cecilioe.

2078 5210 2199 5280 Ego
2229 5208 2547 5265 Gratianus
2575 5208 2991 5266 SS.Cosmaeet
3022 5206 3475 5267 Damianidiac.
3505 5209 3673 5269 card.

2077 5300 2196 5368 Ego
2235 5296 2545 5355 Laborans
2575 5297 2777 5371 presb.
2803 5313 2854 5354 c.
2877 5298 2935 5355 S.
2968 5297 3157 5356 uariis
3188 5301 3354 5354 trans
3385 5297 3672 5359 Tiberim.

2074 5388 2290 5445 Datum
2329 5386 2586 5456 Velletri,
2640 5403 2748 5461 per
2793 5402 3046 5445 manum
3087 5385 3311 5444 Alberti
3363 5386 3433 5445 S.
3483 5390 3555 5450 R.
3609 5391 3671 5450 Β.

1998 5476 2327 5551 presbyteri
2355 5476 2521 5535 card.
2544 5480 2601 5535 et
2639 5476 2994 5547 cancellarii,
3025 5491 3086 5535 m
3110 5473 3251 5535 Idus
3285 5477 3548 5552 Aprilis,
3579 5479 3672 5540 in·

3731 5657 3778 5864 Ἄτῃ
3761 5575 3779 5634 .,.,-.
3769 5517 3778 5554 --
