3784 6000
275 221 393 283 847

1341 208 1762 274 cuiusnam
1802 207 2183 273 Trasnsls
2227 182 2590 275 asamar.

3559 211 3683 275 5⁴8

341 351 459 425 Ego
487 349 857 408 Gormundus
878 347 979 405 Dei
1011 346 1198 420 gratia
1250 344 1776 418 Hierosolymorum
1825 361 1925 418 pa·
1951 346 2005 413 Α
2109 345 2221 418 Ego
2251 346 2557 404 Gildoinus
2576 347 2757 404 abhas
2788 298 3011 404 Sanctae
3041 342 3236 403 Maria
3283 344 3456 403 vallis
3515 346 3681 403 Josa·

276 441 551 513 triarcha,
611 440 844 514 propria
900 442 1100 494 nostra
1144 452 1320 493 manu
1390 437 1729 508 supradicta
1779 450 1921 490 con-

275 530 466 588 firmo.

351 650 468 718 Ego
497 646 839 703 Ebremarus
863 643 1232 703 cesariensis
1272 642 1765 714 archiepiscopus,
1797 640 1921 698 haec

279 738 480 793 eadem
511 735 782 792 similiter
811 735 1116 792 confirmo.

344 853 463 925 Ego
502 851 837 909 Bernardus
892 851 1231 908 Nazarenus
1285 849 1592 923 episeopus
1650 848 1922 906 similiter

276 942 577 1001 confirmo.

344 1049 466 1120 Ego
497 1048 847 1119 Aequitinus
878 1047 1307 1104 Bethlehemita
1328 1045 1638 1120 episcopus
1654 1044 1923 1103 similiter

276 1139 577 1196 confirmo.

349 1245 468 1316 Ego
498 1245 779 1317 Roget-ius
805 1243 1114 1301 Liddensis
1143 1241 1340 1299 Sancti
1361 1242 1587 1316 Georgii
1604 1242 1921 1333 ¹episcopus

274 1332 553 1389 similitor
581 1333 886 1390 confirmo.

972 1717 1366 1806 INCIPIT
1448 1717 1779 1805 LIBER
1860 1717 2365 1805 'TERTIUS

808 2134 1044 2191 CAPUT
1082 2135 1396 2192 PRIMUM.

419 2225 753 2283 Describitur
783 2225 909 2296 Tyri
934 2226 1234 2296 antiquitas
1265 2230 1316 2281 et
1344 2224 1610 2280 nobilitas
1633 2224 1820 2280 simut.

368 2315 471 2371 Est
498 2319 690 2371 autem
715 2313 904 2385 Tyrus
933 2313 1136 2371 civitas
1165 2314 1591 2385 antiquissima,
1615 2314 1936 2369 secundum

302 2404 454 2475 quod
490 2401 777 2475 Ulpianus
797 2402 884 2457 vir
914 2402 1409 2472 prudentissimus
1458 2401 1936 2473 jurisconsultus,

293 2507 364 2548 ex
395 2492 596 2548 eadem
631 2489 770 2546 urbe
800 2490 1038 2547 trahens
1059 2491 1364 2562 originem,
1388 2493 1447 2547 in
1471 2491 1741 2562 Digestis,
1766 2491 1937 2548 titulo

296 2581 373 2636 De
421 2578 724 2644 censibus,
782 2580 1008 2647 asserit,
1060 2580 1299 2635 dicens:
1353 2579 1650 2635 Sciendum
1704 2582 1778 2637 est
1826 2595 1941 2637 esse

296 2668 562 2742 quasdam
592 2667 832 2724 colonias
851 2668 1000 2740 juris
1044 2668 1248 2736 Italici,
1278 2676 1338 2723 ut
1367 2675 1443 2724 est
1473 2673 1530 2724 in
1567 2669 1732 2741 Syria
1789 2669 1943 2724 1³11oe-

291 2761 413 2816 nice
452 2756 893 2829 splendidissima
954 2756 1249 2830 Tyriorum
1307 2757 1540 2825 colonia,
1598 2756 1741 2814 unde
1796 2757 1942 2814 mihi

296 2849 449 2917 orico
478 2855 578 2914 est,
608 2846 808 2902 nobilis
837 2848 1164 2917 ropionibus,
1222 2845 1365 2902 serie
1409 2846 1746 2903 saeculorum
1792 2849 1940 2902 anti-

297 2937 583 3010 quissima,
623 2938 974 3008 armipotens.
1031 2934 1246 3006 soederis
1303 2935 1447 3009 quod
1500 2952 1626 2992 cum
1684 2935 1942 2992 Romanis

294 3030 563 3101 percussit
592 3028 963 3084 tenacissima.
999 3028 1136 3083 Huic
1189 3030 1336 3083 enim
1391 3027 1550 3083 divus
1601 3027 1832 3083 Severus
1886 3033 1940 3083 et

295 3117 612 3191 imperator
640 3126 841 3184 noster,
873 3118 937 3173 ob
967 3118 1244 3188 eareqiam
1267 3119 1324 3171 in
1346 3116 1751 3188 rempublicam
1768 3118 1937 3186 impe-

295 3208 551 3279 riumque
598 3207 911 3263 Romanum
967 3206 1246 3276 insignem
1299 3206 1485 3277 fidem,
1533 3206 1636 3276 jus
1689 3205 1941 3261 Italicum

296 3294 581 3353 concessit.

369 3387 456 3442 Ex
483 3383 592 3440 hac
624 3383 786 3451 urbe,
816 3382 863 3439 si
888 3383 957 3439 ad
979 3387 1202 3440 veteres
1224 3398 1591 3439 recurramus
1640 3381 1936 3439 historias.

2030 444 2175 518 phat
2204 436 2472 496 similiter
2490 437 2794 493 confirmo.

2100 533 2219 605 Ego
2244 528 2535 587 Gerardus
2563 526 2724 599 prior
2744 524 2938 582 Sancti
2956 524 3215 598 Sepulori
3241 522 3523 583 similiter
3541 539 3680 582 con·

2027 624 2220 785 firiilngo
2250 709 2528 766 Aicardus
2560 706 2715 780 prior
2741 705 2944 779 templi
2973 703 3207 763 Domini
3265 703 3540 761 similiter
3593 704 3683 760 at'-

2032 803 2227 962 &3¹82-
2270 886 2582 944 Arnalidus
2646 885 2803 958 prior
2884 882 3098 941 montis
3180 882 3321 940 Sion
3396 881 3670 940 similiter

2031 979 2589 1138 affggngoliVillelmus
2616 1061 2685 1116 dc
2745 1058 2935 1128 Buris,
2996 1058 3151 1133 regis
3207 1054 3681 1115 constabularius

2028 1157 2298 1216 similiter
2330 1154 2584 1211 affirmo.

2101 1246 2245 1303 Data
2273 1245 2426 1316 apud
2451 1243 2669 1309 Achon,
2704 1256 2803 1312 per
2835 1256 3047 1296 manus
3079 1238 3325 1313 Pagani,
3358 1239 3519 1310 regis
3542 1236 3678 1295 Hie-

2029 1336 2288 1392 rusalem
2322 1329 2682 1400 cancellarii,
2714 1345 2867 1386 anno
2902 1329 3058 1396 1123,
3090 1328 3408 1385 indictione
3435 1342 3499 1383 n.

2461 1714 3003 1804 DECIMUS,

1968 2137 2013 2202 B
2043 2134 2309 2191 aemulam
2342 2135 2596 2208 imperii,
2629 2136 3040 2210 Carthaginem
3082 2134 3372 2201 videlicet,
3399 2130 3690 2191 condide-

2047 2228 2214 2289 runt;
2248 2240 2605 2296 regnumque
2628 2223 2772 2281 illud
2806 2226 3089 2281 Punicum
3116 2222 3284 2295 quasi
3314 2220 3689 2285 Phoenicum,

2048 2329 2080 2368 a
2107 2315 2339 2384 regione
2364 2314 2518 2369 unde
2547 2314 2806 2370 exierant
2846 2313 3311 2379 denominantes,
3345 2308 3689 2382 appellave-

2046 2406 2216 2469 runt;
2250 2402 2351 2458 sed
2384 2404 2559 2458 etiam
2581 2412 2635 2459 et
2665 2402 2908 2474 originis
2939 2417 3249 2471 memores,
3309 2402 3595 2473 perpetuo
3625 2413 3688 2453 se

2043 2488 2267 2561 Tyrios,
2299 2490 2786 2564 Carthaginenses
2823 2491 3131 2549 voluerunt
3168 2484 3473 2563 appellari.
3522 2487 3687 2543 Unde

2044 2578 2185 2633 illud
2222 2579 2476 2636 Maronis
2505 2581 2564 2636 in
2598 2582 2786 2654 primo
2814 2599 2828 2636 :

2224 2669 2356 2726 Urbs
2383 2669 2615 2743 antiqua
2640 2673 2771 2741 fuit,
2805 2671 2961 2743 Tyrii
2989 2677 3207 2727 tenuere
3236 2667 3440 2725 coloni.

2114 2758 2183 2813 Et
2212 2757 2351 2814 illud
2378 2775 2392 2815 z

2220 2847 2345 2903 Tros
2389 2849 2685 2920 Tyriusque
2714 2848 2853 2904 mihi
2880 2848 3035 2905 nullo
3060 2847 3372 2903 discrimine
3399 2845 3649 2902 habetur.

2111 2937 2244 2993 Fuit
2269 2942 2461 2993 autem
2496 2940 2568 2994 ab
2627 2938 2794 2994 initio
2851 2938 3141 3006 binomia3
3175 2952 3311 2992 uam
3363 2941 3425 2991 et
3444 2934 3557 2991 Sor
3585 2933 3693 2989 He-

2045 3026 2233 3083 braice
2254 3028 2487 3096 dicitur,
2522 3030 2673 3100 quod
2707 3044 2919 3085 nomen
2967 3035 3115 3085 tenet
3153 3026 3433 3082 usitatius
3461 3029 3523 3082 et
3578 3024 3689 3095 Ty-

2045 3134 2181 3185 rus;
2213 3119 2367 3189 quod
2401 3117 2713 3189 posterius,
2748 3117 2880 3173 lieet
2907 3122 2965 3173 et
2993 3116 3249 3174 Graecam
3277 3114 3550 3172 videatur
3596 3130 3692 3170 re-

2045 3206 2241 3262 dolere
2262 3207 2596 3279 eloquentia
2616 3208 3054 3279 (interpretatur
3081 3205 3236 3262 enim
3257 3203 3566 3275 annuatia).
3605 3205 3691 3259 ta·

2046 3311 2175 3352 men
2209 3313 2243 3352 a
2268 3296 2564 3352 conditore
2590 3301 2813 3352 certum
2845 3299 2956 3364 est,
2984 3310 3113 3351 eam
3161 3292 3501 3367 hujusmodi
3555 3306 3694 3348 oon-

2047 3385 2295 3441 traxisse
2313 3386 2675 3441 vocabulum.
2700 3384 2935 3441 Certum
2960 3393 3042 3441 est
3063 3383 3220 3440 enim
3237 3383 3410 3454 juxta
3429 3384 3691 3439 veterum

301 3475 531 3547 Agenor
560 3488 657 3530 rex
684 3473 815 3543 suit,
847 3476 904 3528 et
933 3472 1038 3528 filii
1069 3472 1218 3543 eJus‚
1269 3473 1519 3545 Europa,
1579 3471 1833 3529 Cadmus
1886 3475 1944 3529 et
1975 3478 2026 3548 C
2053 3474 2410 3542 traditiones,
2443 3474 2600 3545 quod
2629 3474 2812 3547 Tyras
2841 3473 3125 3545 septimus
3157 3472 3416 3528 tiliorum
3454 3468 3690 3542 Japhet,

303 3563 565 3633 Phoinix,
595 3577 630 3619 a
656 3576 908 3633 quorum
937 3560 1117 3617 altero
1139 3566 1259 3618 tota
1288 3562 1468 3633 regio,
1530 3566 1596 3617 ut
1653 3560 1944 3617 Phoeniois

296 3653 605 3720 diceretur,
664 3668 876 3709 nomen
934 3653 1174 3724 accepit.
1245 3650 1407 3710 Alter
1471 3668 1603 3708 vero
1656 3651 1943 3708 Thebanis

299 3742 559 3800 conditor
589 3740 777 3811 urbis,
817 3745 875 3798 et
912 3741 1241 3798 Graecarum
1273 3742 1540 3798 inventor
1594 3740 1939 3804 litterarum,

299 3832 585 3890 celebrem
611 3830 856 3904 posteris
885 3832 957 3889 de
985 3847 1048 3889 se
1079 3830 1312 3903 reliquit
1341 3831 1707 3888 memoriam.
1747 3830 1943 3886 Tertia

299 3938 432 3979 vero
462 3921 731 3994 ejusdem
762 3921 915 3993 regis
937 3919 1076 3991 tilia,
1099 3920 1256 3977 orbis
1276 3927 1558 3978 terrarum
1584 3920 1734 3993 parti
1758 3920 1941 3975 tertiae

309 4026 520 4067 nomen
553 4010 734 4081 dedit,
766 4014 829 4065 ut
867 4008 1090 4082 Europa
1131 4011 1441 4067 diceretur.

377 4099 559 4171 Hujus
589 4114 823 4171 quoque
861 4098 1016 4156 cives
1062 4100 1364 4156 excellenti
1417 4100 1632 4156 mentis
1681 4098 1944 4156 acumine

304 4197 358 4246 et
382 4187 598 4261 ingenii
627 4188 931 4243 vivacitate
961 4188 1242 4259 praeclari,
1265 4188 1569 4246 individua
1596 4205 1804 4245 vocum
1836 4190 1949 4245 ele-

305 4279 524 4340 menta,
566 4275 1043 4331 convenientibus
1091 4277 1391 4343 designare
1436 4278 1722 4349 apicibus,
1773 4276 1947 4349 primi

300 4366 689 4429 tentaverunt,
740 4365 798 4419 et
850 4365 1147 4421 memoriae
1195 4365 1505 4423 thesauros
1567 4366 1943 4435 aedificantes,

300 4451 639 4511 mortalium
672 4451 844 4524 primi
877 4452 1168 4510 scribendi
1214 4454 1580 4526 prudentiam
1623 4460 1682 4512 et
1735 4456 1949 4514 mentis

301 4543 683 4616 interpretem
715 4557 1069 4609 sermonem,
1101 4542 1541 4600 characteribus
1597 4543 1946 4618 designandi

303 4639 555 4695 sormam
585 4634 828 4709 posteris
847 4634 1221 4693 tradiderunt
1253 4635 1349 4692 :id
1371 4643 1426 4693 et
1447 4640 1704 4695 veterum
1728 4636 1949 4694 habent

304 4726 580 4795 historin,
608 4728 667 4782 et
694 4724 818 4781 billi
848 4724 1037 4783 civilis
1065 4725 1330 4799 egregius
1377 4731 1713 4799 prosecutor
1769 4731 1948 4784 Luca-

305 4836 420 4877 nus
451 4819 744 4892 designat,
768 4816 1006 4875 dicens:

482 4926 769 4983 Phoenices
796 4927 987 4998 primi,
1015 4929 1182 4998 tamav
1199 4926 1248 4981 si
1273 4924 1534 4993 creditur,
1565 4927 1687 4982 ausi

478 4999 796 5055 Mansuram
815 4997 1040 5055 rudibus
1058 5013 1246 5055 vocem
1263 4999 1517 5070 signasse
1532 4998 1742 5069 [lauris.

374 5085 506 5144 Haeo
535 5090 593 5143 et
612 5086 735 5143 triti
757 5086 1071 5159 conchylii,
1090 5094 1150 5143 et
1169 5086 1408 5160 pretiosi
1434 5086 1695 5154 muricis,
1718 5085 1950 5158 egregio

303 5192 621 5252 purpuram
643 5175 831 5233 colore
853 5178 1042 5246 prima
1057 5175 1390 5249 insignivit:
1414 5176 1567 5233 unda
1583 5179 1641 5231 et
1662 5175 1950 5248 precipua

305 5269 460 5325 inter
487 5284 607 5333 eos,
640 5267 816 5325 etiam
839 5266 1031 5334 hodie,
1066 5266 1227 5322 urbis
1255 5267 1498 5323 trahens
1568 5265 1953 5336 nuncupatio·

305 5373 461 5426 nem,
488 5357 659 5430 Tyria
689 5355 919 5412 dieitur.
946 5356 1025 5411 Ex
1070 5356 1178 5412 bac
1200 5355 1373 5413 etiam
1397 5356 1688 5427 Sychaeus,
1727 5359 1784 5410 et
1807 5370 1954 5411 uxor

303 5444 433 5517 ejus
464 5446 620 5503 Elisa
653 5446 800 5503 Dido
843 5446 1027 5502 fuisse
1076 5444 1367 5517 leguntur,
1407 5445 1510 5517 qui
1569 5444 1629 5501 in
1675 5444 1952 5503 Africana

306 5532 559 5606 dimoesi,
592 5534 885 5592 civitatem
918 5533 1081 5591 illam
1137 5534 1539 5591 admirabilem
1592 5541 1647 5590 et
1703 5532 1953 5591 Romani

2055 3564 2159 3619 filii
2191 3564 2330 3633 Noe,
2354 3563 2504 3620 hanc
2523 3564 2725 3620 urbem
2748 3562 3095 3630 condiderit,
3121 3566 3179 3617 et
3198 3578 3228 3618 a
3260 3576 3361 3619 suo
3384 3563 3692 3632 sumptum

2051 3652 2333 3709 vocabulo
2365 3668 2577 3709 nomen
2609 3653 2793 3709 eidem
2816 3652 3117 3707 indiderit.
3150 3652 3378 3717 Quanta
3406 3648 3585 3720 hujus
3613 3647 3693 3704 ci-

2051 3741 2248 3797 vitatis
2270 3742 2477 3811 priscis
2506 3741 2867 3811 temporibus
2887 3740 3067 3812 gloria
3121 3738 3311 3807 fuerit,
3375 3753 3445 3795 ex
3502 3736 3694 3794 verbis

2052 3829 2366 3886 Ezechielis
2397 3830 2687 3902 prophetae
2719 3829 3023 3885 manifeste
3053 3832 3138 3884 est
3184 3827 3483 3900 colligere,
3534 3826 3629 3883 cui
3662 3842 3693 3881 a

2051 3918 2298 3974 Domino
2328 3919 2578 3975 dicitur:
2613 3921 2684 3975 Et
2706 3922 2787 3987 tu,
2815 3917 2904 3988 fil,
2948 3918 3203 3988 hominis,
3263 3932 3488 3973 assume
3530 3930 3695 3988 super

2055 4010 2256 4082 Tyrum
2284 4009 2608 4077 planctum
2637 4013 2690 4065 et
2718 4007 2864 4065 dices
2888 4008 3021 4078 Tyro
3046 4023 3166 4080 quoe
3204 4006 3416 4062 habitat
3463 4005 3531 4063 in
3583 4006 3693 4060 cir-

2050 4102 2205 4155 cuitu
2235 4101 2427 4168 maris,
2476 4097 2776 4170 nepotiatio
2820 4099 3148 4170 populorum
3200 4096 3271 4153 ad
3299 4095 3517 4152 insulas
3553 4096 3692 4151 mul·

2052 4196 2139 4244 tus
2159 4204 2178 4243 .·
2212 4188 2284 4243 Tu
2313 4186 2543 4243 dixisti:
2574 4188 2812 4257 Perfecti
2839 4185 3045 4243 decoris
3074 4201 3168 4257 eoo
3195 4200 3338 4252 sum,
3370 4191 3422 4241 et
3451 4185 3511 4240 in
3541 4184 3695 4242 corde

2053 4279 2225 4333 maris
2253 4279 2398 4332 sita:
2438 4274 2693 4332 Finitimi
2721 4276 2828 4344 tui,
2860 4278 2954 4348 qui
2991 4281 3046 4332 te
3099 4274 3539 4346 aedificaverunt,
3597 4275 3694 4327 im·

2049 4364 2337 4438 pleverunt
2364 4364 2610 4422 decorem
2639 4367 2819 4434 tuum,
2851 4363 3122 4420 abietibus
3148 4363 3216 4420 de
3253 4362 3444 4431 Sanir,
3497 4368 3554 4418 et
3598 4376 3694 4418 ex·

2052 4456 2374 4511 struxerunt
2403 4458 2456 4510 te
2490 4470 2616 4510 cum
2645 4453 2896 4509 omnibus
2921 4453 3181 4509 tabulatis
3207 4449 3407 4508 maris.
3466 4449 3696 4508 Codrum

2052 4544 2121 4601 de
2146 4544 2356 4602 Libano
2386 4544 2650 4613 tulerunt,
2681 4550 2742 4599 ut
2768 4545 3018 4613 facerent
3039 4542 3138 4599 tibi
3167 4540 3414 4606 malum:
3469 4554 3693 4613 quercus

2052 4633 2118 4690 de
2147 4635 2331 4690 Basan
2376 4633 2705 4690 dolaveruut
2757 4634 2818 4687 in
2874 4648 3052 4689 remos
3105 4635 3245 4702 tuos,
3298 4633 3551 4689 transtra
3602 4636 3696 4685 tua

2052 4723 2307 4792 fecerunt
2331 4739 2401 4779 ex
2428 4724 2584 4779 ebore
2613 4721 2835 4791 Indico,
2892 4730 2941 4778 et
2994 4720 3322 4794 proetoriola
3373 4718 3440 4777 de
3497 4717 3695 4776 insulis

1977 4851 2025 4917 D
2056 4812 2250 4867 ltalioe.
2286 4812 2494 4884 Byssus
2532 4812 2693 4867 varia
2729 4809 2795 4867 de
2848 4810 3083 4882 AEqypto
3131 4812 3279 4866 texta
3334 4813 3417 4865 est
3473 4807 3585 4864 tibi
3637 4808 3695 4862 in

2059 4901 2235 4959 velum
2264 4908 2325 4957 ut
2353 4905 2649 4974 poneretur
2676 4901 2740 4957 in
2769 4901 2916 4958 malo
2963 4901 3303 4974 Hyacinthus
3339 4904 3398 4955 et
3451 4915 3696 4972 purpura

2058 4990 2124 5048 de
2154 4990 2354 5047 insulis
2383 4991 2526 5048 Elisa
2553 4994 2702 5062 facta
2729 5002 2862 5048 sunt
2884 4991 3289 5063 operimentum
3302 4994 3459 5046 tuum
3479 4987 3694 5061 (such.

2060 5098 2236 5149 xxvu,
2266 5081 2344 5155 2).
2377 5082 2448 5137 Et
2489 5081 2707 5138 Isaiae:
2760 5082 3014 5138 Transire
3067 5079 3271 5147 maria,
3329 5078 3553 5136 ululate
3606 5076 3698 5151 qui

2059 5171 2324 5229 habitatis
2352 5175 2411 5226 in
2459 5172 2665 5228 Insula.
2716 5169 2978 5243 Nunquid
3033 5186 3144 5227 non
3198 5169 3313 5227 hoec
3368 5175 3554 5227 vestra
3600 5173 3697 5232 est,

2063 5279 2181 5335 quae
2205 5262 2560 5332 pioriabatur
2588 5279 2622 5318 a
2642 5262 2828 5320 diebus
2845 5261 3101 5333 pristinis
3130 5263 3186 5315 in
3209 5260 3550 5331 antiquitate
3565 5259 3700 5317 sua?

2061 5353 2264 5409 Duceni
2290 5368 2413 5409 eam
2441 5356 2602 5425 pedes
2630 5354 2718 5407 sui
2743 5352 2898 5421 lonye
2925 5350 2996 5407 ad
3033 5348 3525 5423 pereat-inondum.
3577 5348 3700 5417 Quis

2061 5445 2323 5511 coyitavit
2379 5441 2476 5498 boc
2530 5458 2694 5515 super
2750 5442 2970 5514 Tyrum,
3027 5439 3302 5514 quondam
3359 5445 3702 5505 coronatum,

2061 5533 2222 5605 cujus
2244 5533 2632 5602 neqotiatores,
2660 5530 2958 5606 principes,
2997 5529 3279 5589 institores
3333 5529 3453 5602 eius
3505 5527 3703 5602 inclyti
