3784 6000
115 257 236 320 497

628 257 828 319 HIST.
877 258 1151 319 RERUM
1193 260 1749 324 TRANSMARIN.
1794 288 1872 306 -
1923 258 2071 319 LIB.
2116 258 2219 318 Xl.
2262 256 2707 320 BALDUINUS
2752 257 2776 320 1
2822 257 3003 321 REX.

3401 260 3520 321 498

117 395 245 448 sine
269 389 702 450 contradictione
729 390 1038 447 raderetur.
1064 392 1225 457 Quod
1254 393 1501 450 audieus
1515 392 1768 461 Gabriel,
1797 391 1851 461 Α
1878 406 2079 448 norum
2107 389 2541 463 satientammbi
2569 404 2739 460 mors,
2770 406 2891 463 quae
2913 392 3104 464 primo
3132 394 3531 464 praevaricante

121 479 405 553 stupidus
438 496 553 552 pras
585 479 719 536 faeti
754 481 1005 537 novitate
1036 486 1092 537 et
1139 481 1449 555 complosis
1498 484 1770 540 manibus

122 569 572 642 supramodum
631 568 951 636 admirans,
991 569 1282 639 anhelare,
1314 573 1509 643 ooepit,
1542 580 1596 629 et
1652 590 1770 645 prae

123 656 400 729 angustia
426 658 600 714 nimis
620 666 884 714 aestuere.
904 659 1029 716 Mos
1058 659 1214 716 enim
1237 667 1324 716 est
1348 661 1770 727 Orientalibus,

122 752 238 802 tam
261 746 480 802 Graecis
510 763 685 818 quarn
718 745 847 802 aliis
863 748 1221 817 nationibus,
1255 750 1464 806 barbas
1486 755 1604 807 tota
1634 767 1773 806 cura

123 844 171 892 et
203 836 361 891 omni
395 834 786 891 sollicitudine
820 836 1079 904 nutrire;
1117 853 1216 906 pro
1246 855 1592 911 summoque
1641 856 1770 912 pro-

125 925 224 980 bro
255 932 312 980 et
342 923 553 995 majori
577 940 703 995 quae
736 939 994 995 unquam
1029 926 1267 998 irrogari
1303 929 1486 1000 possit
1516 929 1774 1001 ignomi-

124 1014 219 1070 nia
240 1018 537 1084 reputare,
566 1013 614 1068 si
643 1012 728 1068 vel
761 1030 914 1069 unus
947 1014 1101 1087 pilus
1134 1032 1484 1089 quocunque
1533 1019 1645 1075 sibi
1703 1019 1774 1074 de

124 1117 261 1158 casu
290 1102 471 1157 barba
491 1116 624 1157 oum
650 1101 866 1172 injuria
887 1101 1247 1159 detrahatur.
1285 1105 1775 1179 interrogansque

122 1190 433 1247 dominum
466 1191 760 1260 comitem,
792 1191 838 1246 si
872 1193 950 1247 ita
1002 1197 1157 1248 esset
1210 1193 1366 1250 siout
1417 1195 1719 1251 dicebatur
1747 1194 1775 1251 ‘2

123 1279 451 1351 respondit:
483 1280 586 1334 Ila.
612 1278 827 1335 Iterum
850 1278 1061 1336 lortius
1092 1281 1412 1350 admirans,
1447 1299 1588 1354 pene
1608 1288 1773 1340 extra

124 1384 185 1424 se
216 1368 426 1436 faetus,
461 1367 911 1440 quaerititerum.
947 1371 1129 1434 Quare
1148 1388 1264 1427 rem
1295 1377 1450 1429 tanta
1479 1372 1777 1442 dilipentia

122 1458 572 1515 conservandam.
605 1468 996 1530 arqumentum
1024 1461 1159 1522 viri,
1195 1463 1372 1518 vultus
1400 1464 1645 1534 ploriam
1682 1465 1774 1521 lto·

123 1548 293 1604 minis
318 1547 661 1620 praecipuam
710 1552 1112 1620 auctoritatem,
1171 1551 1252 1609 ita
1289 1553 1599 1624 obliqassel,
1647 1557 1777 1609 tan-

123 1656 293 1711 quam
317 1655 439 1694 rem
464 1638 811 1709 mediocrem,
841 1647 894 1696 et
924 1640 992 1695 ab
1021 1640 1241 1697 homine
1295 1645 1416 1698 sine
1457 1645 1779 1714 confusione

1871 489 2099 553 parente
2129 496 2302 550 penus
2328 480 2631 536 humanum
2661 483 2962 550 invaserat,
3011 487 3182 538 morte
3214 480 3531 537 salvatoris

1869 576 1950 625 est
1985 570 2285 639 destructa,
2307 585 2341 625 a
2366 571 2634 639 spurcitia
2684 569 2951 641 praedicta
2996 570 3270 626 liberavit.
3305 569 3524 626 Obsessa

1870 663 1953 717 est
1984 674 2216 729 namque
2244 657 2435 714 civitas
2474 659 2592 716 haec
2645 659 2799 714 cultu
2846 658 3033 715 divino
3077 658 3246 728 diona
3290 661 3527 730 septimo

1874 748 2005 803 lalus
2059 747 2238 815 Iunii,
2271 764 2305 803 a
2358 751 2515 817 pente
2554 751 2797 819 praelata
2816 764 2837 811 ,·
2857 757 2908 803 et
2965 747 3152 804 Idibus
3206 747 3366 813 Iulii,
3426 747 3530 804 Deo

1872 853 1973 909 pro
2002 852 2066 893 ea
2095 843 2397 909 puqnante,
2420 843 2498 891 est
2525 843 2707 908 capta.
2734 837 2903 908 Capta
2923 843 3110 892 autem
3136 838 3355 892 civitate
3384 851 3530 893 anno

1879 927 2102 983 Domini
2135 926 2295 993 1100,
2342 925 2694 996 dispositione
2723 926 2911 981 divina
2946 934 3289 997 supperente,
3318 925 3532 994 placuit

1876 1017 2020 1072 clero
2041 1025 2204 1086 atque
2233 1014 2541 1072 Raimundo
2568 1015 2762 1071 Sancti
2792 1013 3028 1088 AEqidii,
3062 1016 3285 1071 Roberto
3326 1013 3530 1071 North-

1877 1104 2142 1170 mannise,
2174 1113 2226 1161 et
2255 1106 2482 1162 Roberto
2521 1104 2848 1160 Flandrensi
2877 1104 3189 1170 comitibus,
3235 1105 3527 1173 Tancred0‚

1878 1201 1932 1250 et
1960 1197 2177 1250 caeteris
2194 1194 2550 1266 primatibus,
2572 1211 2697 1250 cum
2723 1197 2986 1258 universa
3014 1196 3347 1251 Francorum
3375 1190 3529 1248 mul·

1882 1284 2122 1340 titudine
2141 1289 2202 1340 ut
2240 1285 2522 1357 piissimus
2560 1292 2610 1341 et
2658 1284 3197 1340 misericordissimus
3225 1283 3341 1338 dux
3360 1280 3532 1340 Gode·

1880 1373 2079 1444 fridus,
2109 1373 2468 1430 charissimus
2494 1376 2675 1445 frater
2714 1389 2888 1440 meus,
2934 1373 3119 1429 eidem
3161 1371 3531 1443 praesideret:

1890 1462 2006 1532 ipse
2036 1477 2182 1532 vero,
2215 1463 2309 1518 vir
2336 1463 2441 1519 Deo
2470 1462 2690 1532 dionus.
2714 1469 2920 1518 sanctae
2967 1462 3210 1518 civitatis
3252 1462 3535 1535 quberna-

1883 1559 1989 1616 tor,
2003 1552 2186 1623 primo
2205 1551 2549 1623 principatus
2578 1553 2670 1608 sui
2683 1567 2828 1608 anno
2857 1555 3100 1623 peracto,
3133 1551 3236 1607 Deo
3253 1549 3532 1623 propotio,

1883 1642 2052 1697 tertia
2080 1639 2170 1695 die
2201 1643 2491 1712 sequentis,
2516 1640 2576 1696 in
2594 1642 2960 1712 pacequievit.
2978 1640 3080 1697 Cui
3097 1655 3191 1713 eqo
3234 1638 3537 1696 Balduinus

124 1726 535 1800 separabilem?
554 1727 656 1782 Cui
687 1744 911 1784 comes:
946 1728 1087 1797 Quia
1115 1746 1224 1787 non
1253 1736 1370 1787 erat
1390 1731 1529 1787 mihi
1557 1748 1642 1788 res
1656 1731 1776 1789 alia
1805 1734 1851 1799 Β
1882 1731 1951 1786 ab
1991 1728 2309 1785 exultantes
2360 1730 2526 1797 clero,
2575 1731 2918 1801 principibus
2969 1739 3022 1785 et
3064 1729 3283 1801 populo,
3319 1728 3536 1800 primus

125 1819 348 1888 dionior
365 1819 522 1890 cujus
545 1818 981 1889 interpositione,
1003 1819 1274 1877 militibus
1291 1830 1539 1893 proterve
1556 1821 1773 1878 instan-

124 1908 291 1978 tibus,
321 1921 535 1977 possem
580 1903 803 1977 plenius
856 1910 1200 1978 satisfacere.
1258 1908 1362 1966 Sed
1409 1925 1506 1966 nee
1563 1917 1769 1980 oportet

120 1997 408 2053 dominum
437 1998 486 2052 et
514 1998 730 2068 patrem
767 2012 951 2053 meum
971 1997 1212 2054 multum
1240 2014 1400 2071 super
1428 2000 1526 2056 hoc
1541 2000 1776 2055 essesol-

124 2087 345 2142 licitum
369 2101 548 2150 ‚·nam
585 2100 745 2157 spero
787 2086 854 2142 de
901 2085 1281 2144 misericordia
1331 2089 1576 2157 Domini,
1635 2087 1774 2159 quod

124 2175 437 2248 impetratis
464 2192 500 2231 a
544 2174 817 2231 militibus
875 2176 1139 2246 induciis,
1186 2182 1475 2249 postquam
1520 2178 1775 2234 Edessam

128 2265 369 2331 rediero,
403 2265 650 2320 militum
704 2265 991 2322 instantiae
1039 2269 1408 2337 satisfaciens,
1473 2283 1597 2323 cum
1653 2282 1777 2323 mea

127 2355 411 2410 honestate
431 2355 631 2426 piqnus
652 2353 801 2410 luam
848 2355 1168 2427 obliyatum.
1203 2355 1416 2412 Milites
1473 2373 1502 2413 e
1546 2356 1774 2413 diverso

128 2445 326 2500 statim
357 2459 421 2500 se
450 2443 784 2500 diversuros
811 2443 884 2500 ab
906 2461 993 2512 eo,
1029 2444 1337 2518 minasque
1357 2445 1666 2513 intentare,
1690 2444 1775 2500 si-

129 2537 227 2590 cut
258 2532 453 2590 edocti
485 2538 674 2604 erant,
698 2533 812 2589 nisi
850 2533 1035 2590 solvat
1082 2535 1391 2604 maturius,
1425 2535 1779 2591 unanimiter

129 2623 490 2680 asserebant.
524 2622 685 2689 Quod
721 2622 966 2680 audiens
1006 2623 1259 2692 Gabriel,
1292 2625 1379 2679 vir
1425 2624 1675 2697 simplex
1721 2628 1779 2680 et

129 2711 487 2769 collusionis
516 2726 714 2767 eorum
747 2711 1010 2784 ignarus,
1045 2713 1197 2784 apud
1232 2730 1293 2769 se
1322 2713 1615 2770 fluctuans
1637 2714 1773 2786 quid

128 2801 343 2858 iaceret
375 2798 546 2873 elegit
573 2800 770 2872 potius
802 2801 872 2857 de
909 2817 1013 2857 suo
1039 2800 1259 2858 solvere
1292 2801 1577 2859 militibus
1612 2803 1669 2859 id
1715 2802 1776 2858 in

128 2907 245 2963 quo
275 2889 585 2947 tenebatur
612 2906 788 2961 gener
817 2890 1130 2963 obligatus,
1162 2907 1337 2962 quam
1354 2890 1482 2962 ejus
1513 2892 1776 2965 pati‚qui

127 2978 512 3053 reputabatur
540 2977 717 3048 filius,
737 2982 961 3036 tantam
983 2978 1391 3050 ignominiam.
1411 2980 1625 3045 Quaerit
1646 2997 1773 3053 quae

1882 1834 1984 1876 rex
2008 1819 2368 1885 Francorum,
2401 1823 2533 1874 nutu
2560 1819 2748 1874 divino
2776 1820 3160 1875 exceltentiam
3182 1818 3537 1875 Bethlehemi-

1885 1911 2017 1968 ticoe
2043 1909 2319 1975 Ecclesiae,
2351 1909 2707 1964 nativitatem
2729 1908 2945 1963 Domini
2974 1910 3148 1963 nostri
3197 1909 3323 1964 lesu
3373 1905 3535 1961 Chri-

1885 2000 1961 2055 sti
1987 1996 2326 2071 praesulqida
2352 1999 2540 2052 mente
2565 2001 2935 2067 pertractans,
2965 1998 3024 2051 in
3055 2011 3164 2065 qua
3187 1995 3433 2066 primum
3450 2009 3536 2051 ve-

1883 2089 2208 2146 nerabiliter
2223 2095 2387 2159 caput
2407 2103 2588 2143 meum
2611 2086 2920 2143 diademate
2940 2092 3198 2141 ornatum
3223 2082 3532 2158 effulserat,

1882 2186 1944 2234 ut
1972 2176 2271 2250 episcopali
2298 2175 2566 2248 diqnilate
2593 2175 2895 2232 donaretur
2911 2174 3050 2230 mihi
3074 2190 3174 2248 per
3201 2175 3386 2229 omnia
3409 2173 3535 2245 pla-

1881 2266 2023 2323 cuit.
2062 2264 2245 2336 lpilur
2273 2264 2418 2338 quod
2437 2265 2597 2322 corde
2625 2272 2765 2321 caste
2810 2279 3179 2336 conceperam,
3210 2262 3535 2319 indesinen-

1883 2362 1970 2412 ter
1996 2354 2331 2426 excopimus,
2366 2354 2585 2411 tandem
2615 2353 2684 2409 ad
2704 2369 2864 2410 aures
2888 2353 3104 2422 Arnulfi
3133 2351 3534 2421 archidiaconi,

1885 2444 2001 2501 viri
2047 2445 2367 2509 clarissimi,
2415 2448 2467 2500 et
2515 2442 3007 2514 Hierosolymitani
3071 2439 3311 2512 capituli
3366 2454 3537 2513 usque

1883 2535 2147 2608 perduxi,
2179 2549 2409 2605 eumque
2438 2542 2488 2591 et
2518 2533 2661 2589 idem
2689 2533 3020 2604 capitulum,
3053 2537 3116 2587 ut
3135 2545 3299 2602 super
3328 2529 3429 2585 hac
3476 2543 3536 2586 re

1884 2624 2025 2680 mihi
2051 2624 2414 2686 consulerent.
2448 2624 2647 2680 obnixe
2677 2624 2888 2694 roqavi.
2923 2624 3028 2692 Qui
3055 2624 3372 2692 tamjuxlae
3395 2621 3537 2692 peti-

1883 2715 2025 2770 tioni
2054 2729 2191 2770 meae
2210 2713 2580 2784 obsequentes,
2610 2719 2726 2769 tum
2752 2727 2850 2783 pro
2882 2711 3384 2784 Hierosolymitana
3410 2707 3534 2766 sede

1884 2819 2005 2875 quae
2033 2806 2211 2874 postea
2241 2804 2401 2876 quasi
2419 2803 2610 2858 orbata
2634 2805 2863 2875 parente
2912 2799 3220 2868 videbatur,
3262 2806 3378 2855 tum
3433 2813 3536 2869 pro

1886 2897 1986 2950 hoc
2037 2891 2252 2964 negotio
2303 2893 2525 2949 Romam
2564 2890 2678 2964 peti
2724 2891 3098 2948 decreverant.
3156 2890 3307 2946 Hunc
3351 2894 3538 2961 itaque

1885 2982 2216 3054 legationem
2283 2981 2550 3050 Arnulfus
2594 2980 3033 3044 archidiaconus,
3093 2984 3147 3035 et
3219 2975 3534 3035 Aicliardus

127 3070 204 3128 sit
233 3069 419 3126 debiti
443 3086 698 3128 summa.
747 3069 873 3138 Cui,
924 3087 1272 3142 responsum
1325 3075 1461 3127 est:
1523 3073 1775 3141 Tripinta
1805 3047 1847 3113 C
1883 3070 2069 3127 eodem
2097 3075 2336 3143 tempore
2364 3068 2600 3126 decanus
2629 3069 2999 3141 suscipientes.
3057 3071 3282 3126 Romam
3334 3082 3537 3138 perre-

124 3163 380 3219 millium
409 3160 882 3229 Michaelitarum,·
912 3163 1067 3236 quod
1098 3179 1283 3232 genus
1315 3179 1627 3220 aureorum
1647 3171 1783 3221 tuno
1884 3169 2091 3217 xerunt
2118 3177 2136 3214 :
2165 3168 2216 3215 et
2244 3165 2426 3214 sancto
2456 3158 2672 3231 Spiritu
2700 3166 3045 3232 cooperante,
3078 3161 3225 3231 apud
3270 3157 3535 3214 domnum

127 3252 184 3307 in
217 3250 478 3322 publicis
511 3250 877 3307 commerciis
907 3256 1031 3308 erat
1060 3251 1305 3322 celebre,
1327 3270 1358 3308 a
1379 3252 1628 3323 quodam
1662 3253 1782 3310 im-
1886 3249 2212 3306 Paschalem
2256 3248 2575 3317 secundum,
2634 3249 2961 3305 universalis
3002 3248 3251 3306 Ecclesiae
3302 3245 3536 3319 pontifi-

130 3345 403 3414 peratore
438 3340 1102 3414 Constantinopolitano,
1152 3341 1254 3413 qui
1301 3358 1430 3399 eam
1482 3349 1779 3400 monetam
1889 3352 2025 3405 cem,
2047 3337 2112 3394 de
2140 3342 2369 3408 utroque
2397 3339 2611 3405 nepotis
2634 3337 2922 3393 honestum
2972 3339 3315 3415 invenientes
3357 3336 3539 3391 consi·

130 3449 242 3490 sue
254 3433 470 3488 fecerat
497 3429 791 3504 insignem
817 3431 1092 3504 imagine,
1113 3430 1393 3488 Michaele
1416 3431 1672 3498 nomine,
1695 3432 1779 3489 sic
1891 3428 2059 3494 liunt,
2086 3426 2422 3483 Hierusalem
2442 3431 2787 3483 remearunt.
2812 3429 3077 3484 Dominus
3102 3442 3228 3483 vero
3253 3422 3539 3481 Paschalis

1886 3533 2053 3589 papa,
2083 3514 2416 3572 Gibellinum
2438 3516 2807 3572 Arelatensem
2830 3515 3322 3587 archiepiscopum,
3352 3514 3538 3569 virum

1889 3605 2179 3678 sapientise
2233 3604 2403 3660 radiis
2474 3620 2781 3671 coruscum,
2807 3602 3067 3676 omnique
3120 3617 3333 3658 morum
3369 3602 3538 3658 tione-

1889 3704 2026 3753 state
2035 3696 2333 3768 sulpitium,
2352 3695 2446 3750 cui
2466 3694 2522 3749 id
2539 3694 2778 3765 leontion
2788 3694 2834 3749 is
2855 3695 3258 3765 Arnulsoatque
3270 3691 3539 3748 Aichardo

1888 3786 2256 3857 proesentibus
2287 3785 2637 3853 injunxerat,
2658 3787 2777 3854 post
2806 3798 2892 3839 eos
2923 3780 3269 3840 Hierusalem
3307 3779 3538 3837 direxit.

1889 3877 2199 3945 Propterea
2225 3890 2259 3929 a
2286 3889 2393 3941 me,
2414 3872 2561 3929 clero
2590 3873 2760 3928 simul
2790 3879 2842 3930 et
2867 3872 3069 3944 populo
3096 3870 3396 3941 gaudenter
3414 3885 3536 3925 sus·-

1889 3971 2079 4035 ceptus
2108 3980 2210 4035 pro
2240 3970 2511 4033 praecepto
2545 3963 2738 4018 domni
2768 3961 3063 4018 Paschalis
3117 3976 3272 4032 papae
3308 3963 3361 4016 et
3415 3972 3539 4015 mea

1895 4057 2036 4112 bona
2070 4055 2363 4116 voluntate,
2398 4062 2449 4107 et
2480 4069 2703 4108 assensu
2747 4049 3247 4125 Hierosolymilani
3283 4049 3541 4121 capituli,

1893 4161 1957 4201 ac
1987 4144 2155 4202 totius
2182 4146 2369 4214 favore
2396 4144 2635 4207 consilii,
2668 4145 2721 4197 et
2749 4145 2974 4215 propria
3003 4141 3402 4197 deliberatione
3421 4153 3541 4194 om-

1891 4252 1988 4292 ma
2018 4235 2359 4306 dispensans,
2393 4235 2451 4288 in
2473 4231 2934 4288 Bethlehemitica
2978 4229 3243 4301 Ecclesia,
3293 4227 3536 4285 Ascheti·

1893 4341 2050 4391 num,
2075 4327 2253 4380 virum
2292 4322 2576 4379 illustrem
2620 4324 2866 4380 eamdem
2924 4322 3340 4394 pubernantem,
3382 4333 3541 4392 quem

135 3525 569 3593 nuncupatum.
600 3520 830 3578 Solvere
859 3521 1038 3594 igitur
1068 3519 1339 3593 2spondet
1387 3538 1489 3593 pro
1546 3536 1779 3595 genero,

131 3611 476 3670 conditione
490 3609 609 3678 tali,
626 3613 855 3681 pactam
873 3608 1202 3682 pecuniam,
1220 3615 1283 3665 ut
1297 3610 1488 3667 media
1506 3610 1782 3667 dominus

131 3716 333 3759 comes
362 3700 481 3756 fids
502 3698 746 3755 firmiter
765 3699 1093 3771 promittat;
1117 3699 1267 3770 quod
1284 3699 1352 3755 de
1382 3705 1587 3756 eaetero
1621 3698 1780 3757 nullo

134 3806 304 3860 casu,
328 3787 491 3846 nullo
513 3788 874 3845 necessitatis
895 3787 1158 3858 articulo,
1183 3788 1262 3845 ita
1275 3788 1638 3861 quibuslibet
1660 3805 1777 3861 per-

134 3879 302 3939 sonis
332 3895 397 3936 se
425 3876 564 3935 velit
587 3878 862 3950 obligare.
887 3877 1086 3934 Soluta
1115 3878 1293 3951 igitur
1336 3878 1586 3951 pecunia
1615 3895 1777 3935 sum·

134 3973 357 4043 ptaque
390 3984 424 4024 a
455 3984 654 4025 socero
686 3967 940 4036 licentia,
971 3967 1242 4025 dominus
1263 3984 1609 4024 comessum
1629 3968 1777 4037 suis,

132 4057 508 4116 tumentibus
537 4055 746 4115 loculis
767 4062 826 4114 et
856 4056 1100 4129 depulsa
1128 4057 1346 4129 inopia,
1371 4057 1530 4114 dives
1560 4059 1631 4113 ad
1656 4073 1784 4129 pro-

134 4148 265 4222 pria
294 4162 568 4205 reversus
597 4150 705 4205 est.

778 4289 1008 4347 CAPUT
1037 4289 1158 4346 XII.

133 4396 585 4457 Bsslhlehemill'ffl
615 4396 849 4453 Ecclesia
898 4413 992 4465 Pel·
1022 4399 1164 4468 ’‘09ss
1195 4397 1441 4454 stadium
1487 4396 1558 4454 ad
1584 4397 1787 4454 came·
1815 4422 1860 4487 1)
1896 4413 2457 4486 Hierosolymitanum
2485 4412 2801 4482 capitulum
2829 4411 3073 4485 ejusdem
3095 4410 3349 4466 Ecclesiae
3406 4424 3541 4464 can-

530 4468 741 4524 dralem
778 4471 1015 4538 eripitur
1033 4470 1390 4538 dtqnilalem.

203 4600 379 4654 Anno
398 4594 688 4667 sequenti,
720 4596 820 4666 qui
843 4601 967 4651 erat
997 4596 1069 4651 ab
1102 4594 1509 4652 incarnatione
1542 4594 1773 4651 Domini

133 4686 300 4756 1110,
321 4684 610 4743 sollicitus
660 4700 775 4753 rex,
808 4688 864 4739 et
893 4700 1092 4740 curam
1146 4701 1355 4757 gerens
1414 4683 1784 4757 pervigilem-

132 4772 436 4848 quomodo
452 4771 569 4829 sibi
606 4788 849 4844 regnum
882 4790 915 4828 a
938 4771 1053 4828 Deo
1085 4771 1464 4829 commissum
1489 4775 1682 4844 posset
1708 4771 1783 4829 ho

134 4878 346 4921 notare
372 4868 429 4919 et
459 4862 573 4919 Deo
605 4862 916 4935 protectori
949 4879 1056 4918 suo
1079 4861 1298 4934 aliquid
1327 4862 1660 4934 acceptione
1702 4862 1782 4918 di·

131 4968 326 5028 gnum
354 4952 578 5023 offerre,
601 4952 906 5024 proposuit
935 4953 1004 5008 de
1029 4952 1122 5024 pio
1155 4951 1367 5009 mentis
1396 4952 1641 5032 fervor-e.
1673 4953 1787 5008 Eo-

133 5043 380 5102 clesiam
397 5040 955 5109 Bethlehemitioam‚
981 5059 1108 5114 quae
1141 5041 1600 5114 usqueadlillum
1630 5042 1784 5098 diem

133 5134 430 5208 prioratus
453 5134 681 5188 tautum
710 5132 915 5193 iuerat.
950 5131 1021 5188 ad
1046 5129 1435 5188 cathedralem
1467 5130 1788 5188 sublimare

135 5221 504 5296 dignitatem.
520 5223 683 5289 Quod
699 5223 953 5295 qualiter
963 5232 1186 5294 gestum
1206 5221 1346 5277 fueri
1359 5228 1398 5289 t,
1421 5236 1490 5277 ex
1507 5220 1787 5292 rescripto

132 5311 404 5386 ejusdem
425 5310 682 5384 piissimi
706 5312 861 5386 regis
881 5327 1058 5383 super
1089 5311 1196 5367 boo
1227 5310 1433 5377 edicto,
1462 5326 1553 5366 am
1564 5309 1718 5382 plius
1732 5315 1787 5365 st

132 5398 454 5477 perfectius
483 5400 597 5458 erit
626 5402 1026 5471 manifestum,
1049 5399 1200 5473 quod
1230 5398 1315 5456 sio
1346 5398 1557 5468 habet3
1590 5399 1789 5456 Divina

131 5491 454 5562 inspirante
480 5492 665 5560 qratia
692 5506 820 5561 oens
848 5491 1186 5547 Francorum
1226 5489 1528 5545 admonita.
1588 5489 1787 5546 Hieru-

133 5583 313 5639 salem
346 5579 632 5636 civitatem
657 5585 924 5650 sanctam,
980 5577 1184 5651 diuque
1235 5576 1580 5651 oppressione
1613 5593 1788 5652 paqa-

1888 4512 2083 4574 torem,
2139 4523 2228 4562 me
2283 4523 2409 4562 cum
2453 4508 2590 4562 meis
2632 4506 2947 4577 proceribus
2998 4507 3049 4560 et
3082 4503 3279 4574 populo
3330 4500 3542 4556 volente

1892 4597 2174 4654 Ascalonae
2205 4598 2442 4667 eleqerat
2473 4602 2638 4668 atque
2674 4598 2949 4651 statuerat
3002 4595 3337 4665 episcopum,
3394 4588 3534 4644 obli-

1891 4701 2022 4743 nere
2043 4689 2347 4759 primatum
2364 4684 2724 4758 episcopalem
2745 4684 3011 4746 decrevit;
3043 4676 3540 4737 Betttlehemiticae·

1895 4791 1997 4849 que
2024 4776 2167 4844 sedi,
2190 4792 2289 4848 pro
2320 4784 2578 4848 praecepto
2609 4781 2662 4831 et
2699 4772 3133 4829 consideratione
3160 4777 3370 4834 nostra,
3438 4765 3537 4822 As·

1891 4866 2105 4923 calonae
2124 4866 2419 4922 Ecclesiam
2444 4862 2757 4935 parochiali
2767 4865 2898 4936 jure
2922 4860 3260 4931 subjupavit.
3298 4856 3539 4913 Tandem

1895 4970 1991 5024 eqo
2020 4953 2349 5022 Balduinus,
2381 4954 2480 5009 Dei
2496 4952 2684 5023 qratia
2703 4967 2805 5009 rea*
2821 4949 3185 5017 Hierusalem,
3209 4947 3541 5005 Latinorum

1893 5043 2128 5115 primus.
2168 5042 2292 5114 jam
2349 5041 2496 5098 dicta
2536 5041 2697 5098 laelus
2744 5042 2947 5098 obnixe
3000 5039 3246 5111 firmavi.
3330 5035 3539 5097 Villam

1893 5131 2066 5190 eliam
2102 5131 2430 5200 Bethlehem,
2464 5148 2629 5204 quam
2656 5129 2921 5188 Ecclesiae
2976 5143 3378 5197 concesseram,
3434 5141 3538 5198 pro

1895 5224 2075 5280 salute
2103 5223 2313 5279 animae
2338 5236 2496 5290 meoe,
2553 5230 2605 5279 et
2645 5219 3181 5278 misericordissimis
3220 5217 3371 5273 ducis
3407 5214 3541 5287 sra-

1896 5315 1996 5370 tris
2023 5315 2163 5369 meis
2182 5311 2915 5385 Godesridi,atqueomnium
2939 5313 3232 5382 parentum
3259 5320 3537 5373 meorum,-

1897 5411 1949 5459 et
1978 5419 2152 5457 unum
2190 5401 2389 5470 casale,
2411 5402 2552 5474 quod
2570 5406 2648 5458 est
2678 5400 2738 5457 in
2760 5400 3043 5458 territorio
3073 5399 3269 5464 Accon,
3316 5395 3540 5451 nomine

1898 5492 2117 5559 Bedar;
2148 5490 2307 5548 aliud
2337 5493 2506 5547 eliam
2537 5491 2678 5565 quod
2703 5496 2786 5547 est
2828 5492 2888 5547 in
2940 5486 3229 5546 Territorio
3279 5482 3537 5556 Neapoli-

1911 5588 2062 5654 tano,
2090 5582 2313 5641 nomine
2329 5580 2525 5655 seylon
2543 5598 2564 5645 ,·
2593 5578 2756 5639 aliud
2785 5595 2993 5655 quoque
3029 5577 3281 5651 adiacens
3309 5570 3541 5636 Bethle-
