3784 6000
92 104 220 169 429

989 105 1188 166 Hts'r.
1239 106 1513 170 RERUM
1557 107 2095 173 TRANSMARIN.
2140 147 2216 158 —
2261 114 2409 177 LIB.
2461 116 2618 178 v111.

3393 125 3513 183 430

97 238 448 312 angiportus
476 246 533 296 et
564 237 786 296 viarum
830 235 1172 296 diverticula
1215 238 1459 297 latentes
1493 238 1754 309 miseros,
1787 240 1840 309 A
1870 243 2028 301 dere.
2061 249 2185 302 Erat
2222 262 2392 318 porro
2423 254 2540 304 tam
2582 248 2643 304 in
2687 248 2932 308 ecclesia
2961 266 3141 324 quam
3173 267 3278 325 per
3306 252 3508 311 urbem

100 331 163 384 et
193 328 402 385 mortis
432 327 760 400 periculum
791 327 1081 385 declinare
1111 328 1431 400 cupientes,
1466 330 1756 400 pecudum

103 432 272 474 more
294 420 491 486 raptos
523 417 579 473 in
617 416 939 491 publicum,
963 417 1408 475 detruncabant.
1440 416 1546 474 Alii
1591 413 1758 473 divisi

102 524 213 581 per
230 508 565 579 manipulos
581 509 1052 581 ingrediebantur
1070 507 1388 578 domicilia,
1411 512 1760 581 raptumque

104 596 594 670 patremfamilias
616 614 750 655 cum
772 598 1051 655 uxoribus
1074 604 1130 655 et
1160 597 1380 670 liberis,
1403 604 1458 655 et
1489 598 1759 655 universa

105 687 356 756 familia,
389 694 489 744 aut
517 686 726 760 gladiis
768 689 1337 756 transverberabant,
1371 692 1470 745 aut
1499 690 1569 744 de
1616 687 1758 746 locis

103 777 506 848 superioribus
554 777 614 833 in
665 781 879 834 terram
930 778 1150 834 dabant
1197 779 1541 851 praecipites,
1574 778 1656 835 ita
1696 783 1761 834 ut

104 867 426 925 confractis
444 867 766 925 cervicibus
788 867 1090 924 interirent
1114 884 1323 939 3quam
1356 884 1487 925 vero
1509 869 1760 942 quisque

105 957 351 1014 domum
380 957 703 1029 effregerat,
734 973 861 1013 eam
884 957 994 1013 sibi
1025 974 1156 1014 cum
1181 956 1451 1015 universa
1480 959 1605 1029 ejus
1623 958 1759 1014 sub·

109 1046 483 1118 stantiajure
505 1051 782 1120 perpetuo
804 1047 1139 1104 vindicabat
1164 1065 1178 1116 ;
1203 1047 1260 1104 id
1273 1048 1431 1104 enim
1456 1047 1759 1120 priusante

107 1135 318 1193 urbem
350 1144 573 1208 captam
604 1137 757 1193 inter
802 1152 902 1194 eos
950 1141 1315 1203 convenerat,
1365 1142 1430 1193 ut
1468 1137 1612 1194 urbe
1640 1137 1759 1194 vio·

108 1229 300 1282 lenter
326 1225 693 1298 impugnata,
725 1226 876 1296 quod
906 1225 1018 1283 sibi
1049 1225 1294 1298 quisque
1322 1225 1666 1299 acquireret,
1700 1225 1758 1283 id

106 1315 243 1386 jure
290 1313 662 1387 proprietatis
705 1315 828 1372 sine
877 1314 1149 1372 molestia
1195 1316 1513 1386 possideret
1545 1316 1607 1373 in
1637 1332 1763 1389 per-

108 1413 379 1476 petuum.
419 1403 584 1461 Unde
617 1404 820 1462 urbem
866 1404 1280 1476 perlustrantes
1311 1404 1672 1478 diligentius,
1703 1410 1763 1463 et

109 1494 298 1567 stragi
326 1494 546 1552 civium
596 1495 918 1566 protervius
966 1495 1270 1564 instantes,
1319 1497 1478 1553 urbis
1523 1496 1762 1553 diverti-

1871 334 2225 406 universam,
2251 339 2449 394 tantus
2472 337 2692 410 populi,
2726 341 2937 410 gratias
2962 339 3208 399 Domino
3239 341 3513 399 exhiben-

1873 423 1967 490 tis,
2000 423 2239 492 clamor,
2275 430 2336 480 ut
2361 427 2480 494 jam
2526 428 2689 498 quasi
2720 444 2909 498 usque
2945 430 3013 484 ad
3048 429 3238 487 sidera
3267 429 3393 487 tolli
3422 447 3512 487 so·

1870 527 1984 569 uus
2015 513 2327 583 videretur,
2356 519 2413 570 et
2442 516 2511 571 de
2550 518 2633 573 eis
2668 518 2870 574 merito
2900 518 3120 575 dictum
3152 520 3511 577 crederetur:

1874 603 1986 659 Vox
2019 601 2234 661 toetttiae
2266 612 2320 660 et
2348 606 2706 662 exultationis
2745 606 2806 662 in
2853 609 3220 665 tabernaculis
3241 610 3514 680 iustorum

1868 690 2045 761 (Psel.
2075 708 2244 761 cxvu,
2278 694 2385 764 15).
2429 696 2745 752 Fervebant
2793 713 2936 754 sane
2985 697 3080 771 pio
3128 714 3413 754 succensa
3442 697 3514 753 de

1868 780 2108 847 sideriO,
2142 799 2241 852 per
2270 784 2472 839 urbem
2508 785 2834 841 universam
2876 803 3049 858 opera
3080 786 3511 845 misericordiae.

1868 869 1938 925 Hi
1978 869 2222 928 Domino
2260 873 2685 930 confitebantur
2731 875 2994 932 deflenda
3040 893 3167 947 quae
3217 875 3516 933 commise-

1869 963 2023 1026 rant,
2044 965 2174 1016 voto
2205 976 2268 1017 se
2297 962 2621 1033 obligantes
2647 980 2716 1020 ne
2740 965 2808 1020 de
2840 969 3044 1021 caetero
3075 965 3341 1022 deflenda
3360 981 3516 1022 com·

1869 1049 2193 1118 mitterent;
2216 1048 2303 1104 illi
2322 1050 2379 1106 in
2401 1067 2572 1108 senes
2588 1052 3034 1110 valitudinarios
3051 1059 3108 1111 et
3129 1059 3365 1127 egentes
3390 1070 3517 1125 pro·

1869 1138 2358 1196 susaliberalitate
2372 1145 2640 1197 cunctam
2658 1142 2976 1213 erogabant
2989 1143 3400 1210 substantiam;
3418 1159 3519 1214 pro

1870 1227 2120 1284 summis
2151 1234 2207 1285 et
2239 1227 2662 1286 sufficientibus
2705 1235 3041 1303 reputantes¹
3088 1230 3324 1301 divitiis,
3366 1232 3521 1303 quod

1869 1316 2027 1375 hunc
2057 1318 2272 1376 vidisse
2295 1319 2446 1375 diem
2468 1318 2580 1376 sibi
2617 1321 2802 1377 fuerat
2822 1336 3168 1378 concessum
3201 1320 3518 1388 divinitus3
3553 1330 3562 1347 ¹

1870 1407 2906 1484 illissexisnudiusquegenibus,cum
2932 1412 3360 1485 singultibuset
3377 1427 3523 1484 prae·

1871 1497 2231 1554 cordialibus
2279 1500 2551 1570 suspiriis
2600 1501 2726 1556 loca
2770 1499 3100 1556 circuibant
3146 1498 3522 1567 venerabilia,

107 1581 274 1651 cula,
307 1599 579 1641 secessus
610 1601 840 1658 quoque
867 1588 926 1642 et
958 1585 1268 1642 secretiora
1298 1584 1513 1642 civium
1559 1584 1763 1644 effrin-
1796 1622 1842 1687 B
1873 1586 2264 1658 lacrymarum
2296 1592 2509 1644 cuncta
2558 1588 2844 1660 replentes
2894 1590 3229 1661 aspergine;
3273 1605 3524 1662 quorum

110 1675 334 1747 gebant
364 1673 703 1746 penetralia,
735 1674 962 1747 clypeos
991 1675 1077 1732 vel
1132 1675 1434 1748 quodlibet
1465 1693 1763 1733 armorum

113 1779 304 1834 genus
334 1763 396 1821 ia
426 1763 670 1821 introitu
703 1764 1041 1838 neflgentes,
1075 1770 1139 1822 ut
1168 1771 1320 1823 esset
1349 1767 1585 1839 signum
1617 1783 1769 1823 acce-

113 1853 420 1922 dentibus,
452 1869 524 1910 ne
553 1869 817 1926 gressum
842 1854 924 1910 ibi
952 1854 1228 1925 ἣκει-θοις
1263 1856 1364 1913 sed
1385 1855 1512 1913 loca
1542 1859 1770 1928 prester-

111 1941 293 2013 irent,
327 1942 498 2016 quasi
525 1943 647 2015 jam
678 1945 750 2001 ab
781 1943 912 2001 aliis
942 1949 1243 2017 occupata.

727 2051 958 2110 CAPUT
988 2051 1138 2109 xx1.

125 2141 269 2198 Urbe
298 2140 600 2210 composita
636 2141 862 2198 sedatur
898 2143 1210 2206 tumultus:
1239 2149 1291 2198 et
1318 2142 1488 2198 armis
1515 2140 1775 2213 depositis

196 2215 466 2269 orationis
484 2216 686 2285 qratia,
710 2215 829 2273 loca
847 2217 1185 2271 circumeunt
1214 2214 1579 2284 venerabilia,
1625 2214 1776 2270 diem

198 2295 417 2357 coenus
445 2286 761 2343 solemnem.

199 2393 530 2467 SubJugata
577 2394 759 2467 igitur
787 2395 1020 2466 penitus
1067 2395 1298 2453 civitate
1328 2403 1381 2452 et
1410 2393 1776 2467 interemptis

129 2482 384 2552 civibus,
405 2484 668 2541 tumultu
692 2485 1120 2558 aliquantulum
1146 2487 1361 2554 sedate,
1384 2486 1780 2543 convenerunt

131 2573 430 2647 principes
460 2575 531 2631 ad
559 2574 830 2644 invicem,
862 2578 1176 2647 antequam
1208 2592 1372 2632 arma
1401 2575 1778 2647 deponerent.

129 2662 472 2721 ordinantes
503 2666 565 2719 ut
587 2678 686 2735 per
715 2670 904 2721 turres
934 2662 1199 2736 singulas
1230 2664 1300 2721 ad
1335 2665 1612 2735 majorem
1644 2679 1777 2720 cau·

128 2753 311 2811 telam
346 2753 618 2811 custodes
666 2755 1086 2826 deputarentur
1117 2772 1132 2824 ;
1165 2757 1223 2810 et
1261 2770 1361 2826 per
1391 2757 1586 2826 portas
1617 2754 1781 2811 urhis

126 2843 399 2916 singulas
418 2843 530 2901 viri
549 2842 776 2901 honesti
793 2844 1289 2900 constituerentur
1312 2843 1617 2914 janitores,
1637 2861 1783 2915 quo-

125 2949 320 3008 usque
348 2933 420 2989 de
456 2931 754 2990 communi
792 2932 1160 2988 conniventia
1190 2935 1247 2987 et
1285 2930 1520 3005 publico
1551 2931 1779 2988 decreto
1811 2971 1854 3040 C

126 3023 489 3099 principum,
538 3022 752 3096 aliquis
783 3023 911 3079 urbi
943 3023 1349 3094 praeficeretur,
1384 3022 1484 3094 qui
1515 3022 1644 3091 ejus
1673 3037 1781 3077 cu-

125 3131 260 3172 ram
286 3118 533 3187 gereret,
561 3118 621 3170 et
660 3129 763 3186 pro
793 3112 973 3170 libero
1005 3118 1212 3170 cuncta
1240 3112 1605 3184 dispensaret
1632 3111 1781 3168 arbi·

127 3205 260 3262 trio.
294 3204 559 3261 Hostium
582 3203 738 3260 enim
763 3202 1306 3275 circumpositorum
1344 3203 1551 3259 merito
1579 3217 1782 3274 suspe-

125 3297 257 3351 ctas
285 3293 589 3352 habebant
608 3292 852 3350 insidias
881 3297 940 3349 et
959 3291 1212 3364 impetus
1236 3310 1348 3348 non
1382 3292 1782 3363 imprudenter

129 3384 534 3443 formidabant
553 3382 906 3456 repentinos.
938 3382 1195 3439 Tandem
1217 3398 1350 3439 vero
1372 3381 1514 3438 urbe
1530 3382 1598 3437 ad
1622 3381 1778 3438 hunc

131 3475 380 3532 modum
411 3472 699 3543 ordinata,
718 3471 899 3530 armis
928 3472 1229 3544 depositis,
1262 3472 1322 3528 in
1353 3470 1558 3544 spiritu
1582 3470 1776 3526 humi-

127 3563 319 3622 litatis
346 3568 405 3621 et
431 3563 492 3620 in
521 3562 718 3621 animo
743 3578 877 3620 vere
895 3561 1170 3631 contrito,
1191 3561 1363 3618 nudis
1392 3560 1670 3632 vestigiis,
1691 3559 1780 3618 lo-

128 3657 208 3715 tis
240 3654 514 3712 manibus
544 3662 600 3711 et
642 3653 897 3726 sumptis
945 3651 1352 3710 mundioribus
1398 3650 1776 3716 indumentis,

131 3761 268 3804 cum
298 3744 520 3818 gemitu
550 3746 610 3800 et
638 3743 912 3816 lacrymis
941 3742 1068 3800 loca
1103 3740 1475 3809 venerabilia,
1509 3757 1630 3811 quoe
1659 3738 1780 3797 Sal-

132 3838 300 3892 vator
347 3833 580 3907 propria
609 3832 792 3888 voluit
820 3832 1112 3889 illustrare
1141 3840 1195 3889 et
1232 3830 1594 3888 sanctificare
1625 3846 1778 3902 pras-

132 3924 342 3992 sentia,
388 3926 690 3996 coeperunt
736 3938 871 3980 cum
903 3921 1063 3978 omni
1094 3921 1396 3978 devotione
1425 3918 1692 3987 circuire,
1724 3921 1782 3976 et

134 4030 273 4074 cum
318 4012 544 4070 intimis
589 4011 915 4069 deosculari
955 4010 1265 4083 suspiriis;
1307 4009 1639 4084 specialiter
1675 4024 1780 4064 au-

136 4111 255 4161 tem
276 4102 594 4161 Dominicae
617 4101 906 4174 passionis
927 4104 983 4157 et
995 4100 1438 4157 resurrectionis
1451 4097 1781 4164 ecclesiam,

136 4194 241 4252 ubi
270 4192 462 4251 clerus
490 4196 548 4250 et
578 4190 824 4264 populus
879 4189 1159 4260 fidelium,
1202 4191 1302 4263 qui
1339 4206 1442 4263 per
1483 4192 1567 4246 tot
1595 4204 1782 4245 annos

134 4284 298 4342 duras
328 4281 506 4339 nimis
540 4287 595 4338 et
634 4281 905 4337 indebitae
936 4279 1234 4336 servitutis
1274 4280 1484 4350 jugum
1517 4282 1781 4352 portave-

1880 1691 2007 1733 vere
2030 1693 2217 1734 sermo
2249 1678 2608 1749 dirigebatur
2639 1677 2711 1734 ad
2742 1679 3089 1736 Dominum:
3134 1682 3324 1736 Exitus
3352 1697 3525 1752 aqua-

1879 1783 2003 1823 rum
2034 1767 2389 1823 deduxerunt
2426 1768 2571 1823 oculi
2597 1769 2707 1824 mei
2740 1768 2918 1838 (Psal.
2970 1785 3162 1837 cxvm,
3198 1768 3343 1840 136).
3377 1767 3546 1835 Quid.

1879 1856 2047 1928 plura
2067 1855 2095 1912 2
2124 1855 2372 1912 Difficile
2401 1859 2513 1925 est,
2538 1861 2603 1912 ut
2626 1860 2824 1913 nostro
2855 1855 3388 1926 comprehendatur
3407 1872 3528 1915 ser·

1882 1962 2078 2015 mone,
2110 1950 2331 2018 quanta
2362 1945 2421 2000 in
2463 1944 2627 2016 plebe
2657 1944 2817 2002 fideli
2848 1952 3057 2002 sanctas
3090 1945 3412 2003 devotionis
3442 1961 3532 2002 ee-

1883 2041 1971 2092 set
2001 2035 2393 2093 immensitas.
2438 2034 2713 2091 Certatim
2758 2035 2917 2091 enim
2970 2050 3031 2091 se
3065 2039 3269 2092 mutuo
3297 2033 3531 2093 vincere

1882 2124 2200 2196 cupientes,
2233 2126 2292 2182 in
2324 2125 2599 2197 operibus
2631 2123 2863 2196 pietatis
2894 2123 3252 2180 unanimiter
3280 2123 3532 2181 desuda-

1885 2217 2046 2283 bant,
2089 2215 2337 2272 coelestis
2369 2230 2656 2272 memores
2684 2214 2971 2283 beneficii,
3013 2219 3072 2271 et
3108 2214 3353 2285 gratiam
3383 2229 3535 2285 proe-

1884 2306 2069 2364 oculis
2101 2306 2382 2363 habentes
2403 2306 2684 2376 divinam,
2718 2321 2845 2378 quae
2869 2309 3063 2361 tantos
3084 2321 3283 2362 eorum
3306 2304 3533 2361 labores

1886 2413 2260 2454 remunerare
2300 2397 2536 2469 dignata
2565 2399 2672 2452 est.
2707 2394 2848 2460 Quis
2894 2394 3049 2451 enim
3081 2399 3200 2452 tam
3235 2394 3402 2451 ferrei
3432 2410 3537 2466 pe·
3651 2388 3658 2401 “

1887 2485 2089 2554 cteris,
2123 2484 2222 2558 qui
2244 2489 2364 2541 tam
2390 2483 2606 2541 mentis
2628 2483 3034 2551 adamantinae,
3062 2483 3231 2554 cujus
3261 2483 3539 2539 interiora

1890 2589 2004 2630 non
2038 2571 2437 2644 loqueflerent,
2464 2588 2599 2628 cum
2632 2571 2825 2628 ficeret
2851 2575 3024 2627 tantae
3054 2569 3538 2643 peregrinationis

1888 2664 2143 2719 fructum
2178 2678 2412 2734 carpere
2443 2660 2880 2733 dignissimum,
2913 2663 2977 2716 ut
3008 2659 3276 2717 exhibitae
3317 2659 3538 2717 militias

1889 2767 2199 2809 numerare
2227 2749 2570 2823 stipendia?
2619 2749 2837 2815 Quibus
2871 2756 3062 2807 tamen
3107 2765 3275 2806 mens
3313 2752 3437 2806 erat
3462 2747 3543 2804 al·

1891 2842 2024 2910 tior,
2058 2842 2111 2896 in
2146 2840 2379 2897 arrham
2429 2840 2635 2895 iuturae
2688 2840 3110 2906 retributioniS,
3162 2855 3276 2909 qua
3304 2841 3540 2896 sanctos

1890 2947 2031 2988 suos
2061 2946 2124 2987 se
2154 2933 2663 2987 remuneraturum
2696 2928 2964 3002 promisit
2985 2927 3293 2998 Dominus,
3322 2925 3381 2983 id
3413 2943 3541 2983 mu·

1895 3020 2052 3079 neris
2082 3020 2386 3077 videbatur
2406 3018 2756 3085 exhibitum,
2778 3023 2843 3077 ut
2866 3035 2966 3091 per
2991 3018 3363 3076 collationem
3397 3033 3539 3091 proe-

1889 3110 2142 3168 sentium
2176 3124 2509 3174 munerum,
2560 3108 2730 3166 firma
2760 3109 2837 3165 sit
2867 3108 3218 3177 exspectatio
3254 3108 3536 3177 futurum,

1889 3206 1949 3258 et
1979 3217 2078 3272 per
2118 3216 2242 3257 eam
2294 3215 2416 3271 ques
2457 3199 2552 3256 hic
2600 3198 3002 3274 peregrinatur
3046 3197 3429 3263 Hierusalem,
3462 3198 3536 3254 ad

1887 3306 2016 3347 eam
2061 3287 2452 3363 perveniatur,
2499 3289 2656 3358 cuius
2700 3287 3055 3361 participatio
3084 3292 3163 3345 est
3205 3289 3265 3344 in
3303 3286 3539 3359 idipsum

1890 3378 2061 3451 (Psal.
2094 3395 2246 3449 cxxt,
2278 3377 2357 3451 3).
2390 3378 2566 3434 Porro
2596 3378 2848 3449 episcopi
2877 3382 2935 3433 et
2980 3378 3307 3434 sacerdotes
3349 3375 3409 3432 in
3438 3392 3535 3433 ec·

1888 3468 2086 3526 clesiis
2113 3472 2617 3535 consummantes,
2667 3466 2970 3533 sacrificia,
3021 3469 3265 3521 orabant
3312 3482 3413 3537 pro
3440 3480 3537 3536 po·

1889 3559 2047 3632 pule,
2080 3575 2181 3631 pro
2207 3556 2417 3613 collato
2445 3554 2723 3612 beneficio
2754 3554 2974 3626 gratias
3004 3554 3362 3611 exhibentes.

2483 3661 2717 3720 CAPUT
2745 3662 2928 3719 xxu.

1889 3754 2214 3813 Pondiensis
2258 3756 2551 3825 episcopus,
2589 3759 2641 3809 ιι
2687 3755 2787 3808 atii
2841 3751 3074 3834 quidam
3118 3751 3218 3824 qai
3246 3753 3303 3833 ἰῃ
3334 3752 3538 3835 ‘itinere

1960 3827 2350 3885 dormitionem
2412 3830 2753 3896 acceperant,
2801 3840 2909 3880 υιει
2950 3828 3081 3880 sunt
3128 3827 3187 3881 in
3233 3826 3459 3880 civitate
3482 3828 3536 3880 et

1960 3905 2339 3973 apparuerunt
2366 3895 2573 3953 maltis.

1962 4007 2043 4063 Ea
2070 4006 2164 4063 die
2211 4004 2488 4061 dominus
2516 4004 2862 4073 Ademarus,
2893 4003 2980 4059 vir
3027 4003 3302 4060 virtutum
3333 4007 3391 4061 st
3419 4001 3534 4059 im-

1893 4094 2162 4155 mortalis
2202 4094 2516 4163 memoriae,
2548 4093 2851 4151 podiensis
2871 4094 3199 4168 episcopus,
3235 4093 3336 4165 qui
3382 4094 3537 4165 apud

1891 4188 2286 4253 Antiochiam,
2309 4191 2375 4242 ut
2403 4185 2804 4259 praediximus,
2829 4185 2943 4242 vita
2965 4186 3312 4255 decesserat,
3335 4203 3369 4241 a
3390 4184 3538 4241 mul-

1892 4279 1969 4335 tis
2000 4281 2058 4335 in
2085 4282 2290 4335 sancta
2317 4277 2474 4333 visus
2498 4280 2587 4332 est
2616 4275 2863 4343 civitate,
2897 4277 2980 4332 ita
3011 4282 3075 4334 ut
3106 4276 3276 4333 multi
3308 4275 3415 4331 viri
3441 4290 3537 4332 vc·

135 4376 296 4441 rant,
324 4370 397 4429 de
426 4372 697 4429 restituta
729 4370 1013 4439 libertate,
1051 4370 1425 4441 Redemptori
1450 4369 1664 4441 gratias
1693 4384 1784 4424 ex·
1819 4357 1865 4422 D
1900 4368 2188 4426 nerabiles
2216 4371 2273 4424 et
2304 4367 2416 4423 side
2446 4366 2609 4439 digni
2628 4381 2762 4423 eum
2795 4382 2974 4439 super
2996 4365 3244 4422 civitatis
3276 4380 3535 4432 murum,

135 4462 435 4531 hibentes,
463 4477 596 4517 cum
646 4461 916 4518 crucibus
953 4464 1010 4516 et
1048 4464 1383 4517 sanctorum
1424 4456 1785 4530 patrociniis,

136 4551 510 4627 principibus
539 4556 929 4619 occurrentes,
961 4552 1140 4608 cosin
1165 4549 1498 4622 praedictam
1528 4563 1662 4605 eum
1687 4546 1789 4621 hy·

137 4642 297 4701 mnis
319 4645 380 4698 st
410 4640 656 4697 canticis
685 4641 1089 4714 spiritualibus
1116 4638 1560 4697 introduxerunt
1587 4636 1787 4695 Eccle-

136 4733 314 4789 siam.
347 4729 566 4787 lntueri
594 4738 715 4786 erat
742 4730 1229 4796 amoenissimum,
1261 4734 1319 4786 et
1348 4728 1639 4802 spirituali
1672 4726 1787 4799 ple-

139 4835 289 4878 num
313 4820 704 4891 iucunditate,
738 4824 955 4892 quanta
985 4820 1305 4885 devotione,
1330 4823 1549 4892 quanto
1581 4817 1660 4891 pii
1686 4820 1789 4874 t'er·

133 4926 281 4969 vore
309 4909 604 4979 desiderii,
636 4910 708 4965 ad
742 4911 867 4965 loca
897 4913 1098 4965 sancta
1128 4907 1314 4965 fidelis
1344 4908 1645 4965 accederet
1675 4924 1784 4980 po·

134 5001 321 5076 pulua
346 5017 364 5069 ;
395 5008 603 5070 quanta
626 5000 839 5056 mentis
859 4998 1216 5055 exultatione
1245 5001 1301 5054 et
1328 4996 1616 5070 spirituali
1643 5010 1788 5067 gau·

137 5092 237 5149 dio
265 5089 585 5148 Dominices
636 5088 1093 5162 dispensationis
1141 5085 1633 5144 deosculabantur
1673 5100 1791 5142 me·

138 5179 411 5238 moriam.
459 5178 692 5253 Ubique
739 5178 1027 5253 lacrymas,
1087 5177 1305 5250 ubique
1352 5173 1626 5250 suspiria,
1675 5190 1790 5231 non

135 5268 335 5344 qualia
353 5285 571 5326 moeror
598 5273 657 5326 et
683 5268 944 5326 anxietas
966 5269 1112 5325 solet
1133 5273 1494 5338 extorquere,
1517 5265 1618 5321 sed
1651 5279 1792 5337 qua-

135 5359 220 5417 lia
252 5360 481 5417 fervens
528 5358 755 5416 devotis
784 5361 843 5416 et
889 5356 1184 5415 interioris
1224 5355 1484 5413 hominis
1511 5368 1792 5411 consum-

133 5454 300 5509 mata
328 5448 546 5521 latitia,
577 5448 725 5509 solet
753 5447 1000 5509 Domino
1040 5447 1102 5507 in
1141 5444 1553 5505 holocaustum
1600 5443 1794 5503 incen-

1899 4456 2152 4526 primam
2183 4455 2445 4511 omnium
2496 4454 2832 4510 ascendisse
2861 4458 2918 4509 et
2964 4461 3199 4509 caeteros
3248 4451 3540 4507 animasse

1900 4546 1972 4602 ad
2004 4548 2361 4618 ingressum,
2393 4543 2576 4600 oculis
2605 4542 2897 4613 corporeis
2929 4559 2992 4599 se
3029 4542 3246 4597 vidisse
3275 4546 3544 4596 constan-

1899 4639 1985 4692 ter
2014 4638 2377 4691 assererent:
2410 4640 2465 4689 et
2487 4632 2856 4704 postmodum
2887 4629 3183 4703 plurimis,
3215 4627 3341 4684 loca
3368 4641 3541 4683 vene·-

1900 4724 2112 4783 rabilia
2140 4722 2657 4787 circumeuntibus,
2685 4722 2885 4777 eadem
2921 4720 3012 4777 die
3061 4718 3409 4776 manifestus
3446 4732 3545 4788 ap·

1899 4814 2111 4888 paruit.
2145 4811 2379 4885 Aliique
2411 4827 2587 4883 quam
2620 4809 2838 4882 plures,
2860 4810 2957 4882 qui
2987 4810 3043 4866 in
3075 4812 3195 4865 toto
3228 4806 3433 4863 itinere
3461 4804 3545 4861 di·

1898 4903 2048 4962 vinis
2078 4901 2377 4972 obsequiis
2408 4899 2747 4972 mancipati,
2778 4899 2928 4972 piam
2965 4898 3022 4955 in
3072 4897 3295 4955 Christo
3324 4893 3542 4953 dormi-

1896 4994 2115 5051 tionem
2148 4995 2513 5063 acceperant,
2545 4990 2605 5046 in
2634 4990 2839 5047 eadem
2871 4990 3098 5046 civitate
3146 4988 3547 5060 apparuerunt

1900 5082 2122 5149 multis,
2154 5080 2279 5137 loca
2308 5083 2509 5137 sancta
2556 5096 2689 5136 cum
2721 5080 2851 5137 aliis
2878 5079 3291 5153 ingredientes.
3332 5077 3395 5132 In
3427 5088 3545 5147 quo

1901 5172 2206 5230 manifeste
2235 5170 2483 5228 dabatur
2511 5170 2779 5242 intelligi,
2799 5170 2954 5240 quia.
2982 5168 3093 5224 etsi
3122 5168 3242 5222 vita
3271 5163 3547 5221 decessis-

1902 5265 2036 5318 sent
2081 5260 2409 5333 temporali‚
2460 5260 2533 5316 ad
2563 5265 2834 5317 internam
2886 5256 3068 5314 vocati
3109 5253 3546 5324 beatitudinem,

1903 5368 2018 5409 non
2068 5354 2207 5406 sunt
2247 5349 2501 5406 fraudati
2545 5367 2579 5406 a
2626 5348 2913 5407 desiderio
2944 5364 3090 5417 su03
3130 5346 3233 5404 sed
3266 5343 3421 5417 quod
3451 5341 3548 5417 pio

1904 5440 2265 5515 expetierant
2295 5442 2513 5513 studio,
2563 5441 2735 5515 pleno
2784 5445 2924 5500 sunt
2977 5439 3184 5498 effectu
3232 5433 3548 5503 consecuti,
