3784 6000
277 212 396 275 519

1337 200 1754 264 GUlLLELMl
1804 200 2186 264 TYRENSIS
2227 200 2584 265 ARGHOEP.

3564 208 3688 269 ⁸20

277 347 559 418 lymitano
586 343 927 415 patriarcha,
978 344 1028 395 te
1071 337 1396 394 connivente
1425 338 1667 404 invasas,
1695 352 1934 407 conque·
1960 337 2014 404 Α
2045 352 2200 405 vero,
2230 337 2302 391 ad
2333 337 2555 407 regiam
2599 337 2749 391 unde
2788 335 3084 392 deciderat
3122 346 3415 395 revocaret
3436 338 3689 412 dignita·

271 438 501 500 runtur,
526 433 598 488 de
618 431 816 504 quibus
834 428 1172 499 ambiquitas
1193 427 1352 481 nulla
1371 428 1467 496 sit,
1489 425 1623 497 quin
1644 441 1738 482 eas
1758 425 1929 482 etiam

275 523 573 578 Tui-corum
620 519 700 576 vel
749 520 1185 575 sarracenorum
1231 517 1571 586 temporibus
1627 516 1772 571 sedes
1819 516 1927 570 An·

267 611 526 667 tiochena
555 609 905 683 possederit,·
944 609 1074 680 quia
1095 622 1289 662 earum
1320 605 1578 678 episcopi,
1609 607 1782 663 etiam
1808 609 1934 678 infi-

266 700 477 756 delium
540 697 790 770 oppressi
850 695 1166 767 tyrannide,
1214 694 1547 751 Antiocheno
1600 697 1932 765 patriarchae

268 789 645 845 obedientiam
672 787 1036 843 exhibebant.
1071 788 1242 842 Porro
1270 800 1369 840 nos
1399 784 1602 840 litteris
1629 784 1699 839 ad
1728 802 1931 857 supra-

266 877 485 934 dictum
513 876 899 949 patriarcham
927 874 1131 941 missis,
1165 873 1498 929 Antiocheni
1525 875 1933 945 patriarchatus

267 968 683 1039 praelationem,
720 967 859 1021 sicut
884 966 952 1019 ab
983 966 1229 1035 antiquis
1259 963 1514 1018 Patribus
1541 961 1857 1031 distributa,
1877 970 1929 1020 et

269 1059 572 1131 praeteritis
600 1054 936 1126 temporibus
964 1056 1282 1109 conservata
1310 1057 1409 1112 est.
1441 1053 1521 1106 ita
1550 1050 1714 1107 etiam
1749 1055 1809 1107 in
1835 1054 1927 1121 fu·

278 1153 466 1201 turum
487 1148 760 1216 inteqram
790 1144 1101 1200 conservari
1141 1156 1526 1197 sanxeramus.
1561 1142 1733 1197 Tuam
1763 1143 1933 1213 iyitur

265 1236 653 1290 strenuitatem
681 1248 985 1301 monemus,
1018 1235 1070 1287 et
1098 1235 1384 1287 monentes
1399 1231 1773 1302 praecipimus,
1805 1247 1873 1287 ne
1896 1249 1930 1287 a

269 1333 320 1380 te
346 1323 658 1380 invasiones
681 1321 996 1392 hujusmodi
1012 1320 1139 1390 fieri
1154 1320 1593 1390 (ubimanisesta
1613 1325 1689 1377 est
1704 1320 1931 1391 veritas)

266 1414 698 1485 permittantur;
742 1411 833 1467 sed
883 1426 1224 1482 unaquaeque
1274 1411 1514 1466 Ecclesia
1547 1411 1787 1480 justitiae
1815 1426 1930 1465 suae

282 1501 556 1558 limitibus
601 1501 948 1572 perfruatur.
984 1499 1087 1554 Nec
1124 1500 1274 1555 enim
1319 1514 1605 1570 possumus
1635 1499 1930 1569 manifeste

275 1592 484 1647 sanctis
524 1597 746 1662 patrum
793 1596 1111 1645 nostrorum
1154 1588 1638 1644 constitutionibus
1668 1590 1925 1644 obviare:

266 1696 366 1737 nec
393 1682 618 1737 omnino
647 1682 918 1743 volumus,
950 1682 1042 1733 aut
1071 1694 1169 1749 pro
1199 1679 1521 1749 principum
1559 1680 1813 1749 potentia
1843 1693 1926 1733 ec·

269 1771 636 1826 ctesiasticam
681 1770 861 1823 minui
916 1767 1260 1838 diqnitatem,
1303 1777 1397 1823 aut
1438 1784 1535 1838 pro
1565 1767 1934 1823 ecclesiastica

283 1856 559 1925 dionitate
582 1856 896 1929 principum
926 1859 1226 1928 potentiam
1258 1857 1510 1911 mutilari
1531 1876 1550 1920 ;
1581 1874 1649 1913 ne
1669 1857 1815 1927 apud
1845 1872 1933 1913 vos

279 1949 561 2004 occasione
583 1948 865 2003 alterutra
882 1964 1017 2018 pua,
1036 1947 1176 2018 quod
1191 1949 1366 2003 absit!
1385 1948 1641 2003 turbetur
1663 1948 1932 2003 Ecclesiae.

275 2037 502 2094 Clericis
533 2053 744 2109 quoque
800 2038 1314 2108 Hierosolymitanis
1343 2053 1439 2108 per
1471 2040 1769 2109 praesentia
1801 2038 1934 2092 scri-

265 2136 361 2199 pta
386 2128 774 2199 praecipimus,
815 2127 1257 2198 quandoquidem
1289 2137 1545 2198 paternas
1580 2129 1933 2198 possessiones

278 2220 333 2273 et
357 2218 600 2285 patriam
631 2230 734 2285 pro
771 2216 1047 2279 Ecclesiae,
1080 2221 1139 2268 ut
1159 2215 1426 2281 creditur,
1450 2216 1800 2283 exaltatione,
1830 2231 1933 2282 pro

266 2304 555 2376 reliyionis
570 2303 836 2360 observavi
862 2306 941 2358 tia
964 2304 1324 2374 reliquerunt,
1350 2314 1407 2361 ut
1429 2305 1934 2375 Hierosolymitanae

283 2393 540 2450 Ecclesiae
564 2394 675 2448 sint
687 2393 815 2464 jure
838 2395 1085 2448 contenti
1105 2411 1125 2455 ;
1149 2408 1247 2448 nec
1268 2394 1470 2459 iniuste
1500 2400 1597 2449 aut
1635 2394 1936 2465 procaciter

286 2498 560 2553 usurpare
597 2498 663 2538 ea
718 2482 1064 2551 contendant,
1111 2498 1235 2553 quoe
1282 2489 1426 2540 certo
1456 2488 1708 2539 sciuntur
1748 2482 1819 2537 ad
1848 2482 1936 2552 jus

284 2570 634 2627 Antiochense
664 2570 912 2627 Ecclesiae
941 2574 1238 2639 pertinere.
1273 2572 1614 2642 Omnipotens
1647 2573 1934 2642 Dominus,

291 2676 396 2716 sua
432 2664 485 2717 te
528 2663 588 2714 in
629 2659 882 2715 omnibus
909 2658 1132 2716 dextera
1173 2664 1427 2730 proteqat
1475 2669 1527 2716 et
1587 2661 1651 2716 de
1698 2660 1936 2716 hostibus

291 2749 542 2806 Ecclesiae
563 2748 903 2821 triumphare
929 2749 1205 2805 concedat.

361 2840 505 2893 Data
534 2837 814 2906 Laterani,
836 2854 908 2893 xv
937 2839 1065 2893 Kal.
1096 2838 1319 2902 Aprilis.

878 2978 1105 3038 CAPUT
1141 2979 1326 3037 XXIX.

291 3089 405 3144 Rex
424 3087 493 3143 ad
512 3104 665 3144 mare
697 3088 942 3145 Rubrum
968 3089 1274 3155 descendit,
1297 3091 1564 3159 reqionenz
1596 3091 1929 3158 perlustrat:
1971 3099 2013 3167 C

359 3162 753 3215 commitissam
782 3161 1007 3229 Siciliae,
1040 3177 1205 3232 quam
1227 3176 1458 3215 uxorem
1487 3162 1812 3233 deduxerat,
1838 3178 1933 3219 rc-

360 3231 534 3285 mittit
560 3234 629 3285 ad
660 3230 906 3303 propria,
932 3231 1255 3302 aqriturtine
1283 3233 1575 3302 latiqatus.

361 3374 523 3429 Anno
577 3377 875 3444 sequente.
926 3380 984 3427 ut
1033 3372 1430 3441 adjacentium
1479 3375 1784 3444 regionum
1835 3392 1934 3432 rex

289 3461 608 3534 pleniorem
641 3460 853 3517 habere
890 3459 1324 3532 experientiam,
1358 3467 1412 3517 et
1441 3461 1513 3518 de
1546 3462 1659 3519 situ
1694 3466 1934 3536 provin-

290 3553 509 3610 ciarum
530 3550 717 3625 magis
739 3552 1098 3620 edoceretur,
1119 3552 1434 3623 assumptis
1454 3569 1647 3609 secum
1672 3555 1932 3611 locorum

291 3640 518 3714 peritis,
549 3649 605 3697 et
649 3640 952 3712 comitatu,
984 3640 1086 3713 qui
1133 3639 1244 3696 sibi
1273 3641 1340 3696 ad
1373 3642 1734 3713 propositum
1765 3645 1933 3700 sulti-

290 3746 418 3789 cere
447 3729 770 3799 videbatur,
805 3730 1101 3787 transiens
1128 3730 1465 3798 Iordanem,
1503 3736 1563 3787 et
1595 3736 1935 3791 transcursa

291 3821 455 3894 Syria
477 3820 673 3888 Sobal,
692 3836 797 3892 per
817 3819 1146 3876 vastitatem
1171 3819 1507 3877 solitudinis
1529 3821 1601 3877 ad
1634 3838 1794 3879 mare
1815 3822 1932 3880 Ru-

285 3910 458 3966 brum
508 3908 830 3979 deseendit,
861 3908 1165 3981 ingressus
1211 3908 1401 3966 Helim
1439 3910 1731 3968 civitatem
1772 3913 1933 3970 anti-

285 3999 656 4069 quissimam,
692 3996 903 4070 populo
952 3999 1273 4056 Israelitico
1313 3998 1630 4072 aliquando
1679 4002 1934 4060 familia-

287 4104 432 4157 rem,
469 4087 566 4143 ubi
601 4088 878 4159 leguntur
905 4088 1090 4145 fontes
1113 4088 1419 4146 duodecim
1437 4089 1712 4159 fuisse,et
1728 4092 1931 4165 palmae

288 4177 679 4249 septuaginta.
713 4176 797 4232 Ad
830 4192 1005 4248 quam
1045 4193 1179 4233 cum
1219 4179 1599 4251 pervenisset,
1621 4180 1731 4237 loci
1770 4182 1931 4241 illius

286 4264 490 4320 incolas
508 4264 734 4320 domini
767 4265 920 4335 regis
943 4265 1197 4322 adventu
1240 4268 1611 4340 praecognito,
1633 4270 1931 4330 naviculae

288 4353 701 4423 ingredientes,
725 4352 784 4408 in
808 4368 968 4410 mare
986 4354 1269 4425 vicinum,
1291 4362 1534 4414 mortem
1565 4359 1819 4433 effugere
1837 4380 1928 4419 cu·

2040 431 2175 492 tem,
2203 427 2490 497 acquievit
2514 441 2528 480 τ
2551 428 2610 480 et
2638 424 2791 496 quod
2819 425 2899 480 ita
2923 425 3187 483 facturus
3205 430 3382 499 esset,
3405 427 3456 484 si
3485 429 3610 486 vita
3637 433 3690 488 ei

2040 516 2450 572 concederetur
2500 512 2858 587 productior,
2902 519 3036 571 voto
3083 531 3147 571 se
3193 515 3498 590 obligavit.
3532 517 3693 577 Unde

2041 604 2258 660 sactum
2289 609 2376 660 est
2425 612 2505 670 ut,
2541 607 2769 659 evocata
2817 603 2888 659 ad
2939 619 3001 659 se
3051 605 3273 676 regina,
3315 604 3526 664 ordine
3572 624 3690 666 rein

2040 694 2331 766 aperuerit
2355 713 2368 759 ;
2401 710 2551 764 quie,
2585 692 2721 749 lieet
2750 708 2929 765 super
2958 694 3161 750 eodem
3183 694 3338 751 facto
3361 695 3691 767 aliquantu·

2041 781 2161 836 lum
2186 787 2343 837 esset
2364 782 2670 850 instructa,
2691 780 2901 837 numid
2937 781 3133 853 ipsum
3151 782 3473 855 aliquando
3508 785 3691 858 aplu-

2041 870 2203 926 ribus
2227 872 2490 927 audierat
2513 889 2529 940 3
2555 875 2749 927 tamen
2790 871 2915 926 visa
2952 875 3040 926 est
3072 887 3219 941 ingre
3241 873 3389 928 serre
3420 876 3578 946 quod
3609 875 3691 932 ita

2042 964 2258 1016 temere
2290 962 2459 1016 tuerit
2478 964 2811 1028 evocata,et
2833 961 3035 1016 [raude
3057 961 3393 1033 principum
3417 962 3687 1035 regionis,

2042 1049 2139 1119 qui
2177 1050 2248 1104 ad
2282 1066 2406 1105 eam
2450 1050 2746 1106 citandam
2781 1049 2947 1105 missi
2989 1052 3237 1118 fuerunt,
3269 1053 3686 1109 circumventa.

2042 1137 2255 1194 Dolens
2283 1138 2460 1209 igitur
2504 1143 2561 1194 et
2604 1139 2792 1195 tristis
2827 1143 2945 1195 tam
2996 1139 3068 1196 de
3116 1139 3277 1197 illata
3306 1140 3683 1227 contumelia²

2042 1242 2211 1298 quam
2241 1228 2311 1282 de
2342 1228 2549 1299 opibus
2581 1227 2871 1284 inutiliter
2899 1229 3289 1300 consumptis,
3322 1231 3395 1286 ad
3429 1229 3688 1288 reditum

2041 1333 2104 1371 se
2135 1322 2454 1389 praeparat3
2480 1322 2610 1387 post
2632 1318 2864 1374 tertium
2886 1334 3129 1385 annum,
3147 1334 3262 1391 quo
3283 1320 3355 1376 ad
3380 1320 3687 1379 dominum

2042 1421 2234 1478 regem
2258 1412 2509 1473 venerat,
2543 1407 2599 1461 in
2635 1406 2880 1477 patriam
2916 1423 3243 1465 reversura.
3266 1411 3391 1473 Qua
3412 1410 3690 1467 redeunte

2039 1495 2111 1549 ad
2164 1494 2417 1567 propria,
2451 1497 2722 1551 turbatus
2773 1503 2861 1551 est
2909 1511 3091 1567 supra
3123 1497 3364 1553 modum
3397 1496 3596 1567 tilius;
3634 1506 3690 1555 et

2041 1585 2191 1656 apud
2221 1600 2283 1640 se
2315 1585 2515 1640 odium
2558 1588 2824 1658 concepit
2868 1586 3144 1643 adversus
3173 1602 3418 1659 regnum
3463 1592 3522 1644 et
3559 1590 3689 1659 ejus

2042 1673 2422 1741 habitatores,
2445 1674 2795 1732 immortale.
2818 1677 2964 1731 Nam
2987 1692 3122 1732 cum
3155 1677 3359 1746 reliqui
3384 1677 3582 1733 fideles
3603 1679 3688 1733 di·

2041 1761 2191 1816 versi
2221 1761 2380 1816 orbis
2413 1763 2721 1834 principes,
2757 1768 2855 1818 aut
2886 1764 2944 1819 in
2978 1764 3228 1835 propriis
3263 1765 3552 1836 personis,
3591 1771 3689 1821 aut

2041 1851 2341 1906 immensis
2399 1850 2843 1908 liberalitatibus
2893 1868 3133 1924 regnum
3182 1858 3482 1922 nostrum,
3525 1856 3690 1926 quasi

2042 1941 2298 2012 plantam
2320 1946 2602 1997 recentem
2630 1957 2963 2011 promovere
2977 1943 3328 2016 etampliare
3347 1945 3691 2015 sategerint,

2039 2028 2133 2083 hic
2163 2033 2221 2084 et
2249 2030 2374 2098 ejus
2409 2029 2668 2085 haeredes
2698 2047 2886 2102 usque
2917 2030 2975 2086 in
3019 2035 3365 2102 praesentem
3384 2031 3563 2096 diem,
3587 2049 3688 2088 nec

2039 2119 2214 2173 etiam
2264 2120 2436 2173 verbo
2469 2119 2647 2173 amico
2699 2135 2803 2174 nos
2854 2120 2965 2175 sibi
3017 2121 3518 2190 conciliaverunt3
3559 2139 3687 2177 cum

2041 2213 2232 2263 tamen
2261 2210 2461 2279 quovis
2492 2206 2603 2263 alio
2638 2209 2897 2281 principe
2946 2211 3110 2279 louge
3150 2212 3517 2266 commodius
3548 2212 3683 2265 iaci-

2042 2297 2272 2368 liusque
2317 2300 2529 2354 nestris
2577 2299 3026 2355 necessitutibus
3076 2299 3324 2356 consilia
3367 2306 3608 2371 possent
3637 2305 3691 2356 et

2041 2388 2256 2443 auxilia
2291 2387 2638 2444 ministrare.
2663 2388 2947 2445 Videntur
2977 2405 3112 2459 ergo
3146 2390 3374 2459 injuriae
3411 2393 3689 2462 perpetuo

2044 2491 2361 2544 memores;
2392 2484 2444 2531 et
2474 2475 2746 2532 delictum
2772 2494 3051 2548 personne,
3071 2477 3290 2548 iniuste
3321 2479 3381 2534 in
3407 2480 3687 2550 populum

2043 2566 2363 2620 refundunt
2396 2566 2753 2623 uuiversum.

2643 2690 2878 2748 CAPUT
2918 2692 3083 2748 XXX.

2042 2797 2177 2851 Ante
2227 2796 2418 2852 urbem
2471 2799 2764 2869 Tyrensem
2813 2802 3054 2853 castrum
3094 2796 3520 2867 Alexandriam,
3550 2801 3685 2871 quod

2116 2868 2334 2939 culpari
2381 2871 2745 2941 appellatione
2792 2869 3149 2925 Scandalium
3190 2869 3420 2940 dicitur,
3448 2872 3684 2942 acdifica-

2115 2947 2230 2995 tur.

2116 3047 2319 3104 Eodem
2345 3065 2495 3104 anno
2521 3053 2832 3122 postquam
2859 3066 2955 3105 rex
2992 3050 3063 3107 de
3089 3049 3366 3123 praedicta
3392 3050 3687 3107 convaluit

2042 3137 2402 3209 aegritudine,
2420 3140 2623 3193 anxius
2637 3140 2927 3209 quomodo
2954 3141 3155 3195 urbem
3177 3141 3547 3213 Tyr-ensium,
3565 3157 3686 3212 quae

2043 3226 2165 3281 sola
2187 3226 2256 3280 de
2282 3226 2520 3282 urbibus
2555 3227 2859 3283 maritimis
2892 3228 2962 3284 ab
2988 3227 3258 3286 hostibus
3289 3230 3683 3295 detinebatur,

2042 3331 2150 3370 suo
2194 3316 2526 3387 mancipare
2551 3320 2740 3386 posset
2771 3315 3038 3388 imperio,
3072 3318 3224 3374 inter
3261 3318 3682 3377 Ptolemaidem

2041 3409 2097 3460 et
2125 3404 2462 3475 praedictam
2486 3409 2731 3476 Tyrum,
2772 3413 3025 3462 castrum
3060 3407 3348 3477 aedit'icat3
3381 3408 3441 3465 in
3481 3410 3681 3466 eodem

2044 3494 2167 3551 loco
2198 3495 2296 3550 ubi
2322 3494 2649 3551 Alexander
2669 3496 2925 3566 Macedo,
2948 3497 3019 3551 ad
3042 3498 3492 3570 expugnandam
3523 3515 3682 3556 eam-

2042 3585 2172 3641 dem
2208 3585 2435 3653 urbem,
2458 3583 2595 3642 olim
2617 3586 2833 3642 dicitur
2853 3586 3130 3643 fundasse
3149 3588 3300 3644 idem
3317 3589 3681 3662 praesidium,

2041 3679 2097 3731 et
2136 3675 2206 3730 de
2226 3691 2331 3731 suo
2355 3675 2588 3731 nomine
2619 3674 3033 3732 Alexandrium
3064 3693 3323 3735 vocasse.
3361 3678 3465 3735 Est
3490 3686 3680 3736 autem

2042 3763 2203 3819 loeus
2237 3763 2493 3820 fontibus
2526 3764 2803 3836 irriguuS,
2833 3765 2927 3821 vix
2974 3767 3232 3839 quinque
3271 3766 3624 3826 milliaribus
3649 3785 3682 3825 a

2039 3854 2188 3923 Tyro
2218 3850 2460 3920 distans,
2495 3852 2552 3907 in
2603 3850 2791 3909 littore
2821 3854 2988 3910 maris
3031 3855 3399 3914 constitutus.
3436 3857 3552 3914 Hoc
3581 3875 3682 3914 au·

2042 3946 2155 3997 tem
2188 3956 2251 3997 ea
2286 3940 2649 3999 reaedificavit
2671 3942 3014 4013 intentione,
3050 3948 3114 4000 ut
3140 3945 3501 4018 Tyrensibus
3530 3953 3684 4005 esset

2042 4048 2146 4105 pro
2178 4031 2431 4101 stimulo,
2451 4040 2505 4089 et
2526 4033 2682 4089 unde
2710 4033 2793 4090 eis
2829 4035 3157 4107 frequentes
3178 4038 3568 4110 irrogarentur
3592 4040 3681 4095 in·

2038 4122 2224 4193 juriae.
2259 4122 2424 4179 Hunc
2452 4122 2645 4179 locum
2679 4123 2852 4181 hodie
2883 4124 3269 4197 appellatione
3290 4134 3570 4201 corrupta
3591 4146 3684 4201 po·

2042 4211 2272 4284 pulares
2295 4211 2587 4284 appellant
2608 4213 3248 4272 scandalium.ArabIce
3265 4216 3423 4273 enim
3440 4217 3685 4276 Alexan·

2042 4300 2145 4357 der
2201 4302 2457 4357 Scandar
2512 4300 2745 4371 dicitur,
2795 4307 2853 4358 et
2920 4302 3354 4374 Alexandriam,
3416 4306 3683 4364 Scande-

2038 4387 2189 4444 rium
2216 4403 2229 4454 ;
2261 4389 2528 4461 vulgares
2555 4406 2689 4446 vero
2716 4407 2745 4444 r
2779 4392 2837 4447 in
2870 4391 2889 4446 l
2919 4409 3216 4463 conversa,
3249 4394 3461 4452 dicunt
3500 4397 3683 4453 Scan-

285 4443 533 4516 pientes‚
557 4458 620 4498 se
644 4443 1155 4500 contulerunt.Ubi
1175 4445 1448 4504 dominus
1461 4465 1579 4518 rex,
1602 4449 1746 4508 locis
1768 4457 1931 4510 nota·
1961 4447 2008 4514 D
2038 4477 2280 4534 danum·

287 4533 361 4590 tis
385 4537 441 4590 et
470 4534 850 4591 consideratis
879 4534 1236 4608 diligentius,
1255 4538 1522 4595 eamdem
1555 4556 1672 4613 qua
1689 4547 1925 4601 venerat

287 4639 594 4681 remensus
612 4624 789 4691 viam,
804 4625 876 4680 ad
903 4629 1159 4682 montem
1179 4626 1472 4700 Regulam,
1493 4633 1751 4686 castrum
1773 4633 1929 4690 vide-

286 4714 600 4786 licet,quod
622 4716 690 4770 de
704 4731 851 4771 novo
871 4714 1227 4785 fundaverat,
1245 4719 1770 4776 reversusest.1nde
1789 4721 1929 4779 Hie-

285 4803 642 4876 rosolymam
667 4804 1092 4877 rediens,gravi
1113 4821 1182 4861 ex
1206 4805 1499 4876 insperato
1517 4814 1816 4880 correptus
1838 4817 1929 4869 est

287 4892 651 4965 aegritudine,
685 4910 804 4966 qua
841 4909 976 4950 cum
1008 4909 1186 4965 supra
1214 4894 1364 4950 vires
1398 4895 1738 4969 fatigaretur
1765 4906 1821 4957 ct
1851 4902 1923 4958 ti·

289 4986 473 5037 meret
501 4983 765 5053 deficere,
803 4983 998 5039 laesam
1038 4982 1258 5040 habens
1287 4984 1719 5058 conscientiam,
1749 5007 1929 5065 super

287 5087 355 5127 eo
386 5071 539 5143 quod
588 5072 849 5143 legitima
880 5089 1055 5130 uxore
1086 5072 1306 5144 injuste
1339 5074 1585 5147 abjecta,
1618 5078 1788 5136 aliam
1820 5098 1928 5139 su-

289 5160 670 5233 perduxerat3
704 5163 877 5218 corde
926 5168 1316 5234 compunctus
1347 5168 1406 5220 et
1433 5165 1569 5221 facti
1616 5170 1926 5240 paenitens,

284 5249 424 5306 viris
468 5249 754 5323 religiosis
802 5255 860 5308 et
892 5254 1071 5307 Deum
1104 5252 1448 5309 timentibus
1487 5255 1754 5326 aperiens
1783 5275 1924 5316 con·

287 5341 616 5409 scientiam,
665 5346 886 5398 reatum
938 5342 1246 5399 consessus
1314 5347 1422 5410 est,
1473 5344 1924 5408 satisfactionem

289 5430 632 5501 promittens
657 5449 671 5499 ;
706 5432 798 5487 cui
832 5447 964 5486 cum
993 5448 1095 5503 pro
1125 5430 1367 5488 consilio
1396 5432 1656 5502 daretur,
1689 5443 1752 5494 ut
1781 5443 1929 5514 regi-

290 5533 425 5574 nam
449 5534 624 5588 quam
650 5522 1091 5591 superduxerat,
1115 5537 1148 5576 a
1169 5536 1231 5577 se
1252 5521 1580 5580 demitteret
1603 5543 1617 5593 ;
1641 5528 1927 5599 abjectam

2644 4588 2875 4646 CAPUT
2912 4589 3109 4647 XXXI.

2036 4677 2149 4733 Rex
2196 4678 2255 4731 in
2313 4677 2611 4745 AEyyptum
2642 4676 2915 4734 descendit
2948 4699 2970 4745 ,·
3020 4682 3375 4738 Pharamiam
3434 4687 3681 4757 occupat,

2107 4751 2166 4802 in
2192 4746 2581 4816 aeqritudinem
2612 4751 2823 4815 incidit,
2858 4768 2964 4823 qua
2990 4753 3256 4824 satiqatus
3283 4757 3344 4810 in
3372 4756 3560 4811 eodem
3590 4758 3684 4811 iti·

2105 4821 2383 4944 nel-{uam
2433 4819 2677 4883 decedit,-
2724 4824 3111 4896 Hierosolymis
3133 4825 3299 4897 juxta
3327 4828 3565 4898 fratrem
3590 4843 3681 4884 se-

2103 4907 2171 4962 pe
2199 4907 2218 4945 ι
2321 4930 2336 4945 .

2104 4998 2270 5053 Anno
2288 5002 2663 5070 sequente,ut
2687 5000 2965 5074 AEgyptiis
2996 5004 3178 5060 vicem
3210 5003 3545 5063 retunderet
3575 5022 3677 5079 pro

2037 5086 2108 5144 iis
2146 5102 2274 5160 quae
2297 5087 2355 5142 in
2389 5104 2565 5160 regno
2606 5092 2822 5161 saepius
2843 5093 3275 5162 commiserant,
3305 5109 3443 5150 cum
3475 5094 3681 5168 ingen·

2034 5177 2194 5233 tibus
2224 5176 2410 5248 copiis
2438 5178 2741 5235 descendit
2770 5197 2867 5237 rex
2914 5184 2970 5237 in
3009 5183 3341 5256 AEgyptum,
3372 5187 3434 5238 et
3478 5185 3681 5242 urbem

2037 5266 2540 5337 antiquissimam,
2571 5266 2942 5328 pharamiam
2972 5273 3229 5342 nomine,
3262 5272 3680 5344 confregitvio-

2034 5355 2242 5422 lenter;
2262 5359 2320 5411 et
2336 5355 2648 5412 confractae
2664 5360 2859 5430 copias
2873 5359 2995 5417 suis
3008 5359 3513 5417 commilitonibus
3525 5361 3685 5419 dedit

2035 5444 2098 5500 in
2142 5445 2413 5515 praedam.
2441 5443 2540 5500 Est
2576 5455 2763 5504 autem
2802 5449 3107 5507 Pharamia
3147 5449 3287 5504 urbs
3326 5449 3591 5522 antiqua,
3627 5464 3682 5510 ut

2037 5532 2315 5598 diximus,
2354 5533 2413 5588 in
2464 5532 2659 5591 littore
2689 5539 2868 5594 maris
2917 5540 3049 5608 sita,
3081 5555 3197 5595 non
3229 5538 3400 5611 longe
3428 5540 3506 5596 ab
3533 5545 3681 5606 ostio
