3784 6000
103 270 219 333 341

1027 273 1250 356 fflIST.
1296 273 1570 337 RERUM
1617 273 2145 338 TRANSMARIN.
2189 306 2269 320 -—
2310 275 2457 339 Lm.
2501 274 2575 338 V.

3394 273 3511 338 342

104 407 518 477 referentibus,
569 406 739 484 qnasi
788 425 891 485 pro
939 415 1095 468 certo
1143 410 1457 468 habetatur
1499 410 1656 483 quod
1696 410 1756 466 in
1787 411 1842 479 Α
1873 413 2026 467 varia
2053 411 2441 473 sensissenetl
2486 417 2674 469 tamen
2704 418 2968 469 neutram
3008 411 3269 487 partium
3294 411 3431 468 illuc
3457 425 3515 467 se

104 499 300 557 vicino
331 508 531 556 essent
560 500 879 557 constituti.
911 501 1096 572 Super
1124 516 1240 574 quo
1270 501 1562 573 prinpres
1591 499 1755 556 valde

105 587 363 657 solliciti,
396 589 551 644 viros
581 588 1138 662 experientissimos,
1169 591 1239 646 de
1278 604 1527 661 quorum
1561 587 1672 645 lide
1700 595 1756 644 et

105 676 408 735 industria
436 677 650 734 merito
679 681 920 750 possent
951 693 1322 750 praesumere,
1355 679 1423 734 ad
1460 677 1583 733 loca
1612 676 1756 732 diri-

106 770 252 841 gunt
279 764 535 832 diversa,
557 771 646 835 nt,
668 774 884 839 quanta
903 769 1127 838 possint
1150 766 1470 840 diligentia,
1497 781 1598 838 per
1616 781 1756 822 suos

105 855 170 914 de
197 855 433 930 quibus
460 854 731 912 dubitare
762 870 876 912 non
906 859 1031 913 erat
1075 856 1317 922 licitum,
1349 860 1757 927 percontaren-

109 950 199 1002 tur
227 950 291 1002 et
322 944 529 1002 tierent
554 944 981 1016 prudentiores,
1003 960 1077 1001 an
1104 946 1183 1001 ita
1212 947 1355 1001 toret
1383 944 1557 1001 sicuti
1586 943 1756 1016 vulgo

104 1034 440 1092 dicebatur.
474 1031 781 1106 Eliguntur
798 1048 936 1106 ergo
969 1034 1041 1090 ad
1073 1034 1130 1090 id
1160 1034 1421 1090 muneris
1452 1033 1555 1090 viri
1590 1033 1758 1090 nobi-

107 1124 184 1181 les
212 1126 277 1181 et
308 1122 373 1179 in
403 1123 585 1179 armis
610 1123 857 1190 strenui,
880 1123 1069 1195 Drogo
1091 1124 1162 1179 de
1191 1122 1406 1194 Neella,
1431 1120 1760 1178 Clarenhal-

106 1213 209 1269 dus
247 1211 328 1268 de
356 1209 626 1281 vendoil,
656 1211 940 1268 Girardus
973 1213 1042 1267 de
1089 1211 1397 1280 GerisiacO,
1430 1209 1760 1266 Rainardus

106 1314 309 1360 eomes
338 1298 655 1369 Tullensis,
687 1303 744 1356 et
775 1298 874 1356 alii
904 1299 1194 1368 nonnulli,
1226 1315 1473 1370 quorum
1523 1297 1762 1355 nomina

105 1405 219 1448 non
248 1392 533 1446 tenemus
565 1387 705 1461 :qui
751 1389 824 1444 ad
854 1388 1044 1444 varias
1095 1393 1288 1461 partes
1336 1387 1586 1459 dispersi
1626 1400 1757 1442 cum

107 1479 236 1537 suis
254 1476 664 1545 comitatibus,
684 1474 994 1534 sedulitate
1014 1494 1089 1549 qu
1099 1481 1236 1534 anta
1253 1480 1498 1549 possunt
1517 1475 1764 1550 diligen·

108 1575 192 1626 ter
217 1567 583 1638 investigant
608 1584 623 1636 ;
654 1572 733 1635 et,
764 1566 962 1624 missis
992 1566 1201 1622 iterum
1234 1567 1356 1623 suis
1380 1565 1761 1638 exploratori-

111 1660 220 1716 bus
246 1657 329 1714 ad
360 1655 491 1713 loca
522 1654 823 1724 ulteriora,
855 1670 925 1712 ex
954 1655 1113 1711 omni
1152 1660 1317 1727 parte
1364 1654 1761 1727 expeditiones

1858 500 2118 571 diripere,
2151 503 2248 557 ubi
2279 502 2443 558 totius
2471 504 2681 573 nepotii
2702 518 2918 559 summa
2948 503 3214 562 consistit.
3235 502 3379 559 Nam
3404 503 3514 558 sive

1858 604 2046 646 omnes
2086 592 2455 662 eqrediamur,
2486 595 2547 647 ut
2575 592 2768 649 volunt
2812 608 2883 648 ex
2930 592 3080 649 vobis
3124 590 3374 665 quidam,
3400 592 3512 647 sive

1857 694 1991 751 pars
2023 681 2082 735 in
2102 679 2296 736 castris
2325 684 2604 736 remaneat
2626 700 2647 748 ,·
2676 679 2930 736 videmur
2951 697 3171 752 operam
3190 685 3242 738 et
3261 679 3511 736 studium

1860 775 1916 824 et
1946 770 2219 841 impensas
2247 785 2345 841 per
2372 774 2488 826 tam
2518 770 2685 840 tonna
2716 779 2961 842 tempora
3002 769 3291 825 inutiliter
3315 783 3512 840 experi-

1861 857 2050 922 disse:
2080 874 2210 915 nam
2254 857 2660 930 eqredientibus
2704 861 2970 915 universis
3018 859 3258 916 solvetur
3300 856 3513 915 obsidio

1862 952 1917 1003 et
1946 953 2191 1002 nostrum
2214 948 2573 1003 evacuabitur
2616 946 2984 1019 propositum,
3016 946 3227 1003 civibus
3255 948 3319 1002 in
3355 961 3514 1001 suam

1863 1051 1924 1092 se
1951 1035 2260 1092 libertatem
2291 1036 2704 1108 recipientibus,
2734 1044 2834 1092 aut
2861 1036 2991 1092 dum
3021 1035 3267 1092 hostibus
3297 1048 3514 1106 eor-essu

1866 1125 2037 1181 libero
2063 1140 2123 1182 se
2150 1125 2471 1196 adjunqent,
2495 1132 2599 1181 aut
2625 1126 2758 1181 dum
2789 1127 2914 1181 urbi
2934 1125 3235 1182 auxiliares
3264 1123 3516 1180 introdu-

1864 1219 1994 1270 cunt
2037 1212 2301 1269 cohortes.
2334 1212 2396 1270 Si
2433 1228 2556 1269 vero
2600 1228 2729 1285 pars
2777 1212 3050 1285 liqionum
3093 1215 3150 1268 in
3200 1214 3398 1269 castris
3425 1227 3515 1268 re-

1868 1303 2158 1371 manserit,
2205 1301 2263 1356 id
2310 1302 2490 1371 ipsum
2537 1302 2698 1358 video
2734 1301 2802 1357 de
2846 1304 3176 1358 necessitate
3209 1302 3513 1373 contiqere.

1867 1391 2009 1447 Nam
2055 1391 2321 1464 quomodo
2366 1394 2573 1462 poterit
2620 1407 2749 1462 pars
2812 1408 2949 1462 una,
2989 1395 3257 1463 praesante
3321 1405 3518 1447 eorum

1864 1479 2128 1549 subsidio,
2158 1482 2302 1537 cives
2334 1479 2485 1552 infra
2515 1479 2700 1538 urbem
2738 1480 3013 1548 cohibere,
3041 1496 3167 1537 cum
3190 1495 3289 1537 nos
3310 1495 3517 1547 omnes,

1869 1572 2080 1626 viribus
2107 1568 2486 1626 communibus
2515 1577 2568 1625 et
2599 1569 2877 1638 indivisis,
2897 1570 3100 1643 absque
3121 1569 3248 1625 ulla
3276 1583 3369 1642 spo
3395 1568 3519 1625 snb·

1868 1659 1998 1717 sidii
2045 1658 2300 1729 deiectos,
2350 1658 2451 1715 vin
2494 1665 2812 1731 poteramus
2859 1658 3141 1730 conibere?
3168 1657 3518 1714 Alterutrum

109 1745 411 1806 confluere
460 1750 518 1801 et
561 1743 868 1802 convenire
919 1745 980 1801 in
1030 1760 1209 1802 unum
1258 1745 1564 1814 exercitus,
1611 1744 1765 1802 sicut
1793 1786 1840 1850 B
1869 1750 2067 1806 norum
2109 1746 2252 1804 mihi
2289 1747 2478 1804 videor
2505 1748 2687 1806 videre
2728 1752 2979 1820 profecto
3026 1749 3287 1819 futurum
3323 1749 3404 1816 ut,
3433 1746 3520 1803 vel

108 1835 305 1894 solent
334 1832 583 1890 flumina
623 1833 684 1891 in
713 1848 871 1890 mare
900 1833 1228 1901 decurrere,
1261 1850 1364 1907 pro
1404 1838 1557 1890 certa
1595 1832 1763 1890 colli-

109 1927 257 1998 gunt
280 1940 299 1979 ε
324 1923 678 1995 tandemque
705 1926 932 1980 mature
961 1923 1196 1989 reversi,
1220 1923 1507 1994 principes
1538 1922 1628 1995 qui
1660 1938 1759 1979 eos

110 2014 424 2082 miserant,
454 2028 634 2084 super
677 2028 744 2068 eo
774 2011 1002 2084 plenius
1046 2013 1364 2082 instruunt,
1390 2013 1513 2081 jam
1545 2028 1660 2068 non
1691 2013 1762 2068 de

108 2108 327 2162 eutero
391 2102 741 2159 dubitantes.
792 2103 1021 2174 Septem
1069 2102 1263 2174 itaque
1319 2101 1548 2171 diebus,
1595 2106 1762 2158 ante-

113 2209 291 2266 quam
326 2191 635 2264 prodictus
664 2191 935 2264 princeps
960 2207 1095 2249 cum
1127 2193 1250 2249 suis
1273 2192 1562 2248 adveniret
1595 2191 1765 2264 legio·

114 2282 317 2349 nibus.
351 2280 683 2354 praemoniti
728 2285 870 2339 suut
918 2281 1108 2338 nostri
1158 2280 1406 2353 majores
1453 2280 1762 2353 exercitus,

113 2368 586 2444 exploratoribus
635 2369 1026 2443 injungentes,
1076 2385 1148 2427 ne
1194 2370 1251 2425 id
1295 2369 1508 2441 populo
1558 2377 1762 2426 notum

111 2460 309 2530 lleret;
343 2473 423 2516 ne
449 2458 596 2516 torte
625 2458 788 2531 plebs
814 2459 986 2517 lamis
1014 2458 1284 2532 angustia
1312 2463 1372 2515 et
1399 2457 1609 2515 laboris
1639 2457 1765 2514 diu-

114 2549 392 2608 turnitate
422 2548 683 2622 fatigata,
712 2548 924 2606 timore
964 2553 1368 2606 concuteretur
1395 2548 1577 2606 nimio
1607 2552 1668 2604 et
1696 2548 1767 2605 de

115 2639 247 2712 lega
265 2637 585 2712 cogitarem
608 2638 760 2709 quod
782 2637 1136 2710 quibusdam
1153 2639 1326 2694 etiam
1348 2638 1421 2694 de
1442 2636 1766 2709 majoribus

118 2741 308 2801 nuper
326 2726 644 2784 acciderat.

728 2814 964 2873 CAPUT
1010 2815 1164 2873 XVI.

122 2907 519 2966 cnvenientes
564 2905 874 2963 adinvicem
921 2905 1249 2963 deliberant.
1282 2905 1632 2963 Boamundus
1676 2921 1774 2962 se-

294 2987 517 3038 cretum
544 2980 716 3051 refert
744 2979 887 3053 quod
910 2979 965 3038 ei
991 2978 1335 3038 commiserat
1361 2980 1591 3036 amicus.

184 3086 617 3146 Convenientee
639 3086 812 3160 igitur
838 3087 1165 3144 adinvicem
1187 3102 1363 3159 super
1393 3086 1543 3143 lacto
1565 3085 1625 3143 in
1657 3102 1774 3158 quo

1866 1841 1986 1896 suis
2014 1840 2295 1910 conjuncti
2324 1839 2574 1907 auxiliis,
2606 1839 2788 1896 mistis
2829 1840 3033 1894 viribus
3060 1839 3121 1893 in
3150 1853 3249 1893 nos
3291 1839 3521 1893 irruant

1867 1932 2135 1999 fortiores
2158 1947 2179 1993 ,·
2204 1936 2311 1985 aut
2355 1930 2557 1986 saltem
2603 1928 2933 1985 introductis
2963 1926 3284 1984 auxiliariis
3311 1925 3518 1997 cappis.

1868 2018 2061 2076 urbem
2088 2020 2235 2075 victu
2262 2022 2315 2076 et
2346 2018 2522 2075 armis
2550 2017 2846 2089 diliqenter
2888 2018 3268 2074 communiant
3298 2031 3317 2070 .·
3347 2014 3432 2071 ita
3458 2018 3522 2070 ut

1870 2108 2112 2180 etiamsi,
2161 2113 2379 2166 auctore
2439 2109 2687 2176 Domino,
2734 2107 3036 2164 exteriores
3094 2106 3406 2172 viterimus,
3455 2103 3522 2160 de

1870 2197 2171 2255 obtinenda
2202 2205 2389 2254 tamen
2417 2214 2476 2253 ur
2492 2198 2552 2254 be
2580 2197 2746 2253 nulla
2775 2196 2929 2253 nobis·
2953 2196 3166 2266 fiducia
3185 2199 3515 2252 reservetur.

1876 2286 2023 2346 Unde
2051 2286 2191 2343 mibi
2221 2288 2468 2355 videtur,
2502 2291 2697 2343 Patres
2726 2284 3188 2346 reverandissimi,
3210 2282 3356 2356 quod
3382 2281 3523 2338 illuc

1872 2377 2052 2432 omnis
2098 2383 2286 2431 nostra
2331 2373 2544 2430 deberet
2590 2374 2859 2446 festinare
2906 2373 3136 2427 intentio
3180 2377 3236 2427 et
3276 2373 3424 2426 circa
3465 2366 3524 2423 id

1871 2463 2189 2522 sollicitudo
2217 2465 2447 2529 versari,
2480 2466 2539 2518 ut
2584 2468 2714 2519 ante
2763 2462 2925 2532 hujus
2954 2459 3101 2517 tanti
3126 2459 3398 2532 principis
3423 2455 3525 2513 ad-

1874 2558 2099 2610 ventum
2114 2553 2312 2610 civitas
2329 2551 2391 2609 in
2410 2560 2651 2608 nostram
2678 2553 2834 2622 prius
2852 2550 3206 2608 descenderet
3226 2546 3519 2604 ditionere.

1877 2640 2028 2714 Quod
2054 2643 2105 2697 si
2131 2640 2353 2697 modum
2398 2639 2650 2713 quaeritis
2677 2654 2781 2711 quo
2819 2639 2919 2695 hoc
2954 2643 3211 2693 nostrum
3238 2634 3349 2692 tale
3390 2647 3525 2690 con-

1874 2731 2068 2788 silium
2092 2730 2312 2803 effectui
2338 2729 2521 2785 valeat
2565 2729 2895 2800 mancipari,
2925 2741 2995 2783 ne
3042 2721 3401 2796 impossibilia
3426 2718 3522 2778 vi·

1877 2820 2120 2877 deamssr
2144 2833 2453 2892 suqqerere,
2484 2819 2544 2873 in
2571 2821 2827 2890 promptu
2846 2824 2927 2873 est
2954 2815 3112 2872 nobis
3139 2815 3286 2870 viam
3312 2810 3531 2883 aperire

1878 2908 2315 2981 compendiosam
2339 2915 2392 2963 et
2419 2923 2528 2980 qua
2555 2907 2722 2977 tacite
2758 2906 2827 2961 ad
2853 2907 3018 2976 finem
3046 2900 3403 2973 perveniatur
3430 2914 3529 2970 op·

1882 3002 2079 3055 tatum.
2111 2995 2372 3054 Amicum
2419 2994 2589 3052 babeo
2619 2994 2680 3051 in
2720 2993 2947 3051 civitate
2993 2991 3227 3063 fidelem,
3260 2993 3530 3061 quantum

1884 3085 2161 3143 humanus
2204 3083 2515 3153 diiudicare
2559 3082 2704 3138 valet
2729 3082 2941 3149 oculus,
2970 3087 3023 3138 et
3068 3078 3301 3152 prudens
3345 3075 3529 3147 pluri·

125 3177 302 3234 totius
331 3176 554 3249 negotii
592 3176 898 3234 videbatur
925 3192 1159 3233 summa
1199 3175 1533 3243 consistere,
1564 3174 1622 3230 in
1655 3175 1767 3248 spi·
1800 3160 1846 3230 C
1885 3191 2037 3231 mum
2067 3191 2087 3230 :
2118 3172 2227 3243 hic,
2256 3171 2551 3230 secundum
2596 3170 2741 3243 quod
2779 3169 3062 3243 aliquibus
3106 3182 3179 3224 ex
3222 3165 3372 3222 vobis
3406 3163 3531 3235 Jam

126 3265 237 3323 ritu
260 3262 622 3323 humilitatis
644 3272 700 3322 et.
728 3265 789 3321 in
827 3264 1024 3323 animo
1070 3263 1320 3321 contrito
1349 3266 1650 3337 coeperunt
1678 3263 1778 3320 ad-

127 3356 377 3415 invicem
427 3354 745 3413 deliberare
792 3356 932 3428 quid
978 3356 1235 3411 intanta
1280 3354 1622 3411 necessitate
1653 3352 1775 3409 fieri

128 3448 425 3520 oporteret
446 3464 464 3516 ;
488 3446 846 3519 tandemque
868 3444 1087 3517 placuit
1105 3443 1454 3517 quibusdam
1480 3447 1544 3499 ut
1573 3458 1776 3499 omnes

128 3539 420 3608 quotquot
466 3540 632 3592 eraut
673 3536 732 3591 in
779 3534 1105 3603 obsidione,
1150 3534 1405 3590 exterius
1449 3531 1776 3588 advenienti

125 3623 498 3682 multitudini
529 3624 673 3682 urbe
710 3623 907 3681 relicta
938 3623 1253 3696 procedant
1298 3620 1527 3679 obviam
1559 3620 1634 3677 ad
1662 3621 1777 3677 duo

122 3712 209 3771 vel
239 3713 356 3770 tria
386 3711 665 3771 milliaria
696 3729 710 3768 ε
741 3713 941 3785 ibique
970 3728 1103 3769 cum
1151 3711 1400 3783 superbo
1433 3710 1692 3784 principe
1720 3712 1777 3766 et

124 3805 194 3861 de
221 3801 454 3861 viribus
500 3802 626 3860 suis
664 3802 914 3860 nimium
964 3806 1376 3876 praesumente,
1408 3801 1672 3858 invocato
1704 3799 1775 3857 ds

122 3890 291 3950 eoelis
318 3890 562 3960 auxilio,
592 3891 728 3949 belli
760 3891 1052 3948 fortunam
1079 3891 1464 3964 experiantur.
1499 3890 1642 3946 Aliis
1672 3906 1778 3947 au-

124 3986 243 4039 tem
274 3980 586 4039 videbatur
614 3980 1012 4054 expedientius
1042 3985 1110 4038 ut
1130 3985 1352 4053 partem
1374 3980 1663 4038 exercitus
1691 3980 1779 4035 in·

122 4070 339 4129 eastris
367 4071 657 4139 deserant,
707 4071 809 4144 qui
856 4071 1010 4128 cives
1038 4071 1236 4144 egredi
1265 4074 1322 4126 et
1371 4070 1635 4126 hostibus
1665 4068 1778 4124 ad-

124 4160 363 4221 misceri
385 4160 667 4233 volentes,
689 4161 844 4219 intra
873 4163 1081 4218 maenia
1109 4161 1416 4220 cohibeant
1441 4178 1455 4231 ;
1488 4176 1624 4233 pars
1645 4175 1776 4217 vero

125 4251 323 4325 potior
366 4254 428 4307 et
468 4251 649 4307 armis
688 4252 874 4324 magis
920 4250 1417 4322 instructa,juxta
1463 4249 1776 4307 consilium

124 4340 419 4414 priorum,
449 4339 896 4398 advenientibus
928 4340 1196 4397 hostibus
1225 4340 1285 4397 in
1331 4341 1540 4397 virtute
1569 4338 1778 4396 Omni-

127 4429 390 4503 potentis
433 4432 738 4485 occurrant
783 4430 855 4486 ad
899 4430 1013 4485 tria
1044 4429 1346 4496 milliaria;
1379 4428 1576 4499 ibique
1620 4428 1674 4484 si
1700 4428 1780 4486 ita

1882 3279 1971 3321 me
1998 3263 2259 3321 retulisse
2305 3261 2559 3329 memini,
2591 3262 2790 3316 turrim
2840 3259 3001 3316 habet
3026 3260 3083 3313 in
3123 3273 3225 3314 sua
3268 3260 3533 3327 potestate

1883 3354 2335 3422 munitissimum,
2366 3367 2534 3424 quam
2575 3349 2674 3407 sub
2719 3351 2880 3407 certis
2926 3345 3355 3411 conditionibus,
3388 3356 3533 3415 quo-

1885 3446 1985 3501 ties
2013 3443 2068 3498 id
2092 3442 2159 3498 ab
2203 3457 2263 3498 eo
2291 3456 2543 3511 exeqero,
2574 3439 2682 3511 fide
2721 3437 2906 3495 media
2950 3435 3245 3507 obliqatus,
3271 3432 3413 3489 milti
3439 3445 3533 3488 re·

1882 3536 2105 3604 siqnare
2124 3538 2359 3589 tenetur.
2383 3532 2489 3588 Pro
2519 3544 2624 3601 quo
2644 3529 2793 3600 sacto
2811 3527 3053 3581 multam
3083 3524 3173 3579 illi
3189 3526 3381 3594 pactus
3406 3536 3534 3577 sum

1883 3621 2019 3678 dare
2061 3622 2393 3693 pecuniam:
2422 3620 2640 3689 sibique
2684 3622 2737 3672 et
2780 3613 3018 3670 haeribus
3063 3612 3183 3683 ejus
3231 3611 3290 3664 in
3333 3623 3533 3680 perpe-

1883 3716 2043 3767 tuum
2072 3726 2180 3767 non
2223 3707 2433 3763 modica
2460 3706 2662 3778 predia
2706 3713 2758 3761 et
2788 3702 3093 3759 libertatem
3137 3694 3532 3765 omnimodam,

1884 3802 2045 3873 qussi
2077 3815 2179 3872 pro
2210 3798 2394 3853 labore
2430 3795 2719 3862 salarium,
2749 3809 2800 3850 st
2827 3808 2916 3849 res
2942 3795 3190 3863 optatum
3216 3785 3410 3844 sortiri
3434 3799 3533 3857 po·

1886 3892 2020 3947 terit
2058 3891 2329 3954 eventum,
2377 3884 2486 3956 fide
2526 3884 2873 3955 interposita,
2901 3876 3275 3951 compromisi.
3316 3874 3379 3932 Si
3404 3888 3533 3945 erqo

1882 3988 2073 4037 vestras
2102 3976 2317 4034 videtur
2361 3970 2725 4046 amplitudini
2754 3976 2814 4026 ut
2850 3978 3037 4026 nostra
3083 3962 3452 4024 sollicitudine
3476 3969 3533 4022 et

1883 4070 2057 4128 studio
2094 4073 2257 4140 eapta
2284 4065 2481 4122 civitas
2525 4067 2584 4120 in
2614 4065 2860 4119 nostram
2879 4062 3011 4133 jure
3039 4055 3388 4114 haereditario
3411 4069 3537 4127 pos·

1881 4160 2111 4218 sitienda
2157 4159 2398 4214 transeat
2443 4153 2918 4227 jurisdictionem,
2962 4154 3195 4222 paratus
3240 4162 3365 4203 sum
3404 4160 3534 4206 cum

1883 4251 2141 4324 praedicto
2190 4244 2474 4319 familiari
2516 4259 2634 4300 meo
2659 4245 2823 4315 pacto
2862 4238 3152 4312 complere.
3186 4238 3283 4293 Sin
3324 4237 3530 4303 autem,

1882 4340 2123 4397 elaboret
2149 4343 2390 4393 vestrum
2432 4332 2665 4407 quilibet
2693 4340 2743 4387 et
2784 4342 3105 4402 quocunque
3129 4324 3314 4383 studio
3343 4322 3535 4380 urbem

1882 4428 2084 4504 poterit
2111 4426 2374 4492 obtinere,
2413 4422 2616 4479 habeat
2655 4436 2780 4479 eam
2804 4418 2912 4475 sibi
2956 4419 3018 4474 in
3044 4417 3200 4474 omni
3219 4428 3355 4489 pace
3379 4413 3535 4485 quie-

126 4521 227 4575 est
253 4533 291 4574 a
317 4516 566 4575 Domino
597 4517 914 4590 provisum,
946 4518 1396 4590 congredantur.
1429 4516 1693 4589 Dumque
1722 4518 1782 4573 in
1813 4531 1860 4597 1)
1887 4524 2003 4576 tam
2022 4536 2048 4587 ,·
2074 4533 2178 4593 eqo
2207 4516 2297 4573 illi
2322 4515 2384 4572 in
2403 4514 2829 4587 praesentiarum
2872 4524 3023 4566 meas
3048 4508 3178 4565 cedo
3206 4504 3452 4562 actiones
3478 4501 3533 4557 et

126 4606 246 4665 bac
268 4605 679 4664 deliberatione
692 4607 1015 4664 studiosius
1043 4606 1431 4679 disceptarent
1452 4605 1773 4664 adinvicem

127 4702 191 4755 et
235 4696 490 4770 quisque
547 4710 713 4753 suam
762 4713 866 4769 pro
915 4696 1151 4753 arbitrio
1197 4696 1360 4754 daret
1405 4696 1773 4762 sententiam,

128 4786 411 4844 dominus
447 4787 826 4844 Boamundus
874 4788 1125 4858 maiores
1171 4785 1441 4859 pricipes,
1473 4784 1776 4843 dominum

131 4880 347 4935 ducem
378 4876 782 4946 Godel'ridum,
805 4880 862 4932 et
890 4876 1191 4933 dominum
1215 4875 1661 4932 Flandrensium
1692 4892 1777 4933 co·

128 4969 342 5026 mitem
372 4967 708 5037 Robertum,
737 4966 1042 5023 dominum
1073 4966 1210 5022 item
1258 4964 1572 5022 Robertum
1601 4965 1778 5021 comi-

124 5065 249 5117 tem
282 5058 749 5115 Normannorum
772 5055 1078 5113 dominum
1110 5071 1342 5128 quoque
1371 5053 1776 5126 Raymundum

123 5148 410 5208 comitem
463 5147 845 5214 Tolosanum,
894 5161 1157 5203 seorsum
1206 5162 1242 5201 a
1287 5146 1455 5202 turba
1500 5145 1780 5202 secretins

123 5240 432 5305 convocat,
463 5241 523 5293 et
564 5235 624 5293 in
654 5234 782 5293 loco
829 5235 1103 5293 familiari
1145 5233 1492 5291 constitutos
1521 5231 1779 5306 alloqui-

122 5334 251 5395 tur,
285 5327 482 5386 dicens
511 5342 526 5382 z
566 5325 726 5383 Video
752 5341 863 5396 vos,
884 5327 1098 5397 fratres
1125 5322 1474 5382 dilectissimi
1500 5325 1552 5380 et
1577 5321 1779 5380 divinae

123 5416 418 5476 servitulis
460 5422 756 5483 consortes,
787 5414 863 5471 de
903 5416 1144 5472 adventu
1187 5412 1350 5469 istius
1391 5409 1658 5484 principis
1687 5414 1782 5484 qui

125 5514 407 5568 sensurus
449 5518 564 5563 esse
588 5503 820 5574 dicitur,
848 5504 1030 5564 multa
1068 5500 1445 5560 sollicitudine
1469 5502 1742 5558 macerari
1756 5521 1779 5572 ,-

128 5606 182 5661 et
210 5599 278 5658 in
296 5594 693 5658 deliberatione
713 5595 1007 5669 proemissn
1036 5594 1209 5651 variis
1234 5592 1460 5663 effectos
1474 5589 1779 5660 desideriis,

1873 4611 2002 4686 juri
2027 4622 2147 4665 meo
2177 4607 2453 4663 renuntio.

2484 4690 2717 4751 CAPUT
2755 4686 2923 4745 XVII.

1887 4791 2076 4847 Gavisi
2117 4784 2405 4862 principes
2434 4779 2753 4840 Boamundo
2793 4777 2983 4833 urbem
3026 4769 3326 4853 concedunt
3347 4787 3366 4832 ,·
3413 4769 3532 4839 ipse

2006 4877 2129 4917 cum
2159 4860 2334 4916 amico
2364 4856 2428 4914 de
2456 4857 2592 4911 urbe
2612 4849 2876 4910 tradenda
2912 4849 3110 4904 tractat
3131 4845 3408 4900 secretius.

1959 4968 2058 5025 His
2083 4966 2278 5033 dictis,
2312 4963 2607 5036 principes
2636 4958 2819 5033 gavisi
2858 4961 2997 5012 sunt
3036 4950 3249 5027 gaudio
3275 4963 3528 5023 magun

1886 5062 1945 5115 et
1974 5055 2239 5131 petitioni
2268 5053 2473 5111 oblatae
2504 5055 2667 5124 grato
2697 5048 3107 5105 concurrentes
3135 5056 3377 5100 useusu
3403 5040 3532 5111 (ex-

1885 5151 2052 5220 cepto
2081 5144 2294 5203 comite
2334 5141 2642 5209 Tolosano,
2674 5137 2776 5211 qui
2806 5140 3000 5210 partes
3043 5148 3185 5191 suas
3214 5147 3276 5189 se
3307 5128 3528 5187 nemini

1887 5236 2391 5307 cedere,proterve
2410 5228 2592 5288 nimis
2611 5224 3004 5296 asseverabat)
3024 5221 3227 5280 urbem
3247 5233 3385 5276 cum
3405 5215 3530 5274 suis

1887 5323 2251 5397 pertinentiis
2290 5323 2426 5395 jure
2465 5315 2830 5376 hoemditario
2876 5309 3286 5386 possidendam
3314 5319 3526 5365 conoe·
3639 5343 3644 5348 -

1888 5415 2037 5470 dunt
2055 5412 2115 5470 in
2147 5417 2493 5485 perpetuum
2518 5426 2533 5477 ;
2564 5413 2623 5465 et
2642 5402 3184 5478 compromittentes
3202 5395 3527 5455 adinvicem

1888 5506 1946 5560 et
1991 5502 2143 5559 datis
2170 5500 2387 5559 dextris
2416 5516 2479 5557 se
2511 5498 2859 5570 albigantes,
2890 5490 3048 5566 quod
3086 5489 3203 5547 sibi
3238 5486 3526 5545 creditum

1887 5591 2109 5653 nemini
2128 5590 2449 5651 revelarent
2467 5602 2772 5657 arcanuntu
2798 5583 3219 5654 dominumque
3240 5577 3527 5638 Bosmun·
