3784 6000
1723 214 1917 275 LUClI
1950 213 2028 274 111
2066 216 2278 278 PAPAE

298 220 441 281 1307
3595 222 3712 282 lm

296 344 612 405 descendit
655 360 759 418 per
792 360 1003 418 rupem
1042 344 1286 402 Herardi
1321 359 1511 419 usque
1549 343 1629 401 ad
1675 341 1945 407 olusam;
1979 342 2028 397 A
2081 360 2241 401 mne
2277 343 2566 404 ccclesias
2589 346 2815 406 ditione
2838 346 2930 405 vel
2959 347 3145 407 tutela
3167 350 3474 421 perpetuo
3501 362 3712 421 perma-

296 436 471 494 vobis
500 441 556 492 et
585 434 1033 491 successoribus
1066 434 1275 491 vestris
1305 434 1762 491 confirmamus.
1795 430 1950 498 Quia
2066 451 2201 492 ncre
2243 435 2647 493 decernimus.
2686 435 2774 493 Ad
2814 435 3105 494 indicium
3143 441 3374 505 autem,
3413 442 3534 495 eto.
3579 437 3712 499 Utis

298 532 528 583 vestros
538 525 860 581 donatores
876 524 1142 596 ipsarum
1156 523 1500 597 possession
1509 539 1604 578 um
1620 521 1952 594 piscatione
2061 523 2374 595 prt‘mleqio
2388 525 2721 583 Innocentis·
2732 526 3344 598 papas,suprascripaeo
3357 527 3712 599 (tin-bocum

299 619 359 671 et
384 613 699 671 venatione
724 617 779 668 et
809 612 1013 670 avium
1051 613 1347 684 captione,
1382 612 1585 668 ovium
1623 609 1714 666 vel
1743 623 1953 681 capra-

298 719 437 760 rum
458 706 636 775 atque
658 700 932 758 omnium
953 701 1419 758 domesticorum
1439 699 1793 757 animalium
1814 713 1957 770 pas-

300 806 415 848 cua
443 796 501 846 et
528 790 838 847 transitum
855 789 1010 847 intra
1033 790 1417 863 praescriptos
1445 788 1732 845 terminos
1758 785 1957 859 prohi-

300 878 596 949 buerunt3
630 896 739 937 nos
764 880 1042 937 eamdem
1071 879 1535 952 prohibitionem
1562 876 1956 934 nihilominus

297 969 647 1026 auctoritate
676 968 1007 1041 apostolica
1035 968 1418 1026 roboramus.

371 1058 756 1115 Decernimus
768 1075 911 1129 ergo
931 1062 993 1116 ut
1012 1058 1157 1115 nulli
1171 1058 1422 1115 omnino
1436 1055 1752 1113 hominum
1772 1053 1864 1111 fas
1882 1054 1958 1110 sit

300 1146 552 1204 domum
583 1153 843 1204 vestram
864 1152 1084 1205 temere
1105 1147 1453 1220 perturbare
1474 1146 1725 1217 ejusque
1747 1157 1959 1215 supra·

300 1235 493 1293 dictas
542 1237 953 1310 possessiones
986 1236 1218 1294 auterre
1262 1236 1354 1292 vel
1400 1234 1634 1291 ablatas
1684 1230 1955 1297 retinere,

302 1324 595 1393 minuere,
610 1341 717 1382 seu
731 1325 1104 1399 quibuslibet
1126 1324 1542 1381 vexationibus
1557 1323 1826 1394 fatigare,
1851 1318 1960 1375 sed

300 1414 512 1473 omnia
539 1415 771 1485 integra
798 1418 1250 1480 conserventur,
1285 1429 1517 1478 eorum,
1560 1427 1668 1484 pro
1698 1424 1961 1485 quorum

303 1503 741 1575 gubernatione
761 1509 819 1560 et
838 1504 1269 1560 sustentatione
1286 1517 1577 1559 concessa
1595 1504 1734 1556 sunt
1756 1497 1963 1555 usibus

299 1591 668 1649 omnimodis
720 1592 1050 1664 profutura.
1100 1590 1275 1648 Salva
1311 1591 1371 1648 in
1407 1589 1692 1646 omnibus
1730 1592 1962 1660 aposto·

2065 612 2284 686 ipsum,
2318 614 2494 686 juxta
2536 618 2800 671 castrum
2843 615 3046 673 Sancti
3090 615 3457 681 Audomari,
3505 616 3571 673 in
3613 630 3714 691 quo

2063 702 2381 775 praefatum
2422 702 2854 760 monasterium
2886 704 3070 761 situm
3107 707 3214 771 est,
3254 719 3404 761 cum
3445 704 3714 763 omnibns

2066 791 2432 864 pertinentiis
2452 792 2595 848 suis.
2637 793 2702 848 ln
2730 792 3046 850 Morinensi
3068 792 3386 866 parochia,
3420 797 3542 851 ete.
3575 794 3714 853 Utis

2065 879 2265 938 eodem
2288 880 2600 953 privileqio
2630 880 2979 938 Innocentii.
3019 882 3082 938 ln
3111 881 3540 940 cantuariensi
3565 896 3718 955 paro-

2065 968 2221 1034 chia,
2251 968 2563 1025 ecclesiam
2594 967 2670 1026 de
2692 967 2963 1040 Trulega,
3003 966 3319 1026 ecclesiam
3359 968 3448 1028 de
3487 968 3720 1037 cilliam,

2067 1072 2206 1113 cum
2233 1072 2441 1114 earum
2463 1055 2708 1130 capellis
2736 1061 2794 1114 et
2822 1055 2953 1114 aliis
2982 1056 3356 1130 pertinentiis
3383 1056 3542 1115 suis.

2140 1146 2649 1219 compositionem
2663 1151 2951 1219 praeterea
2965 1146 3119 1204 inter
3139 1161 3253 1202 vos
3280 1150 3341 1203 et
3353 1145 3724 1206 abbatissam

2069 1234 2144 1291 de
2158 1234 2308 1292 Brob
2316 1249 2425 1305 urg
2439 1250 2678 1306 semper
2689 1235 2976 1292 terminos
2985 1232 3295 1307 parochiae
3306 1240 3555 1301 vestra,
3569 1234 3728 1293 deas-

2070 1340 2252 1382 sensu
2281 1322 2545 1396 partium
2577 1323 2818 1390 factam,
2846 1322 2999 1380 sicut
3023 1322 3329 1380 hincinde
3357 1326 3610 1396 recepta
3635 1326 3726 1389 est,

2070 1420 2127 1472 et
2163 1414 2224 1470 in
2263 1414 2482 1486 scripto
2520 1412 2864 1470 authentico
2899 1410 3264 1470 venerabilis
3301 1410 3520 1469 fratris
3557 1412 3730 1470 nostri
3783 1454 3784 1469 ,

2073 1504 2434 1560 Morinorum
2449 1502 2714 1575 episcopi
2729 1499 3085 1567 continetur,
3111 1504 3312 1557 ratam
3336 1499 3670 1567 habemns,
3685 1506 3730 1559 et

2073 1607 2207 1649 eam
2235 1591 2582 1648 auctoritate
2604 1588 2935 1663 apostolica
2949 1588 3416 1647 confirmamus.
3447 1589 3628 1658 Quod
3645 1604 3730 1647 an·

304 1680 434 1737 licae
467 1680 624 1737 sedis
656 1680 1024 1738 auctoritate.
1059 1681 1114 1738 Si
1157 1679 1334 1752 igitur
1377 1680 1437 1737 in
1477 1678 1745 1735 futurum
1783 1677 1964 1733 eccle·
1998 1704 2043 1760 B
2075 1685 2191 1738 tem
2205 1679 2523 1752 decapella
2538 1684 2596 1736 et
2613 1677 2954 1736 coemeterio
2968 1677 3353 1752 leprosorum
3367 1678 3454 1735 de
3483 1678 3732 1751 Brohurss

303 1768 546 1826 siastica
572 1769 951 1826 soecularisve
978 1784 1257 1842 persona,
1285 1771 1397 1825 etc.

375 1861 591 1914 Datum
623 1860 884 1924 Veronae,
912 1873 1020 1931 per
1043 1874 1293 1915 manum
1320 1856 1562 1920 Alberti,
1594 1857 1650 1912 S.
1676 1858 1960 1912 Romanas

305 1945 580 2004 Ecclesiae
601 1946 1127 2020 presbyteriJcard.
1158 1952 1217 2004 et
1245 1945 1605 2010 cancellarii,
1639 1960 1720 2001 ιιι
1751 1943 1957 2001 Kalen.

297 2036 584 2102 Januarii,
631 2036 952 2094 indictione
999 2052 1078 2104 m,
1126 2034 1560 2093 incarnationis
1610 2034 1955 2100 Dominicae,

303 2139 465 2181 anno
496 2125 651 2195 ¹184,
667 2125 1052 2198 pontificatus
1079 2140 1221 2182 vero
1251 2124 1481 2182 domini
1514 2123 1672 2181 Lucii
1694 2138 1867 2196 papas
1889 2122 1956 2177 ΙΙΙ

304 2228 468 2271 anno
499 2229 577 2271 iv.

996 2303 1256 2361 CLXXlX.

374 2391 735 2465 Pivileqium
747 2407 862 2463 pro
882 2395 1240 2451 monasterio
1254 2391 1313 2448 S.
1334 2389 1568 2449 Bertim'
1575 2388 1881 2448 sithiensi.

828 2483 1115 2555 (Veronoe,
1152 2484 1288 2538 Dec.
1315 2480 1431 2553 22.)

513 2570 867 2645 [Colles-tion
905 2572 1005 2628 des
1037 2570 1435 2635 Cat-tulaires,
1464 2570 1557 2636 ΙΙΙ,
1591 2570 1741 2642 363]

378 2660 575 2717 Lucius
607 2661 949 2733 episcopus,
980 2676 1191 2716 servus
1224 2675 1539 2716 servorum
1583 2659 1701 2724 Dei,
1725 2657 1955 2714 dilectis

304 2746 438 2804 filiis
469 2750 685 2818 Sinoni,
711 2748 918 2806 abbati
945 2749 1291 2806 monasterii
1315 2748 1510 2805 Sancti
1539 2747 1774 2813 Bertini,
1801 2746 1956 2817 ejus-

302 2853 423 2911 que
446 2836 746 2907 fratribus,
774 2843 899 2896 tam
930 2838 1325 2911 praesentibus
1354 2853 1541 2910 quam
1571 2835 1806 2907 futuris,
1832 2849 1953 2891 mo-

301 2927 598 2984 nasticam
621 2927 803 2984 vitam
831 2927 1131 3000 professis,
1161 2926 1218 2982 in
1253 2931 1628 2997 perpetuum.

371 3017 435 3073 In
465 3017 1109 3089 eminentiapostolicae
1129 3017 1290 3072 sedis
1312 3015 1581 3088 specula,
1598 3014 1955 3086 disponente
1993 3058 2034 3113 C

296 3106 575 3171 Domino,
603 3107 930 3173 constituti,
953 3104 1337 3162 sicutimitari
1366 3103 1957 3176 praedecessoresno-

299 3194 524 3252 strosin
538 3193 716 3251 bonis
728 3195 1021 3251 debemus
1036 3192 1340 3267 operibus,
1359 3193 1443 3249 sic
1455 3193 1637 3249 etiam
1651 3207 1956 3249 summam

298 3297 506 3339 curam
536 3282 823 3339 adhibere
835 3298 944 3338 nos
961 3281 1263 3349 convenit,
1287 3281 1541 3355 nequod
1569 3279 1648 3336 ab
1680 3280 1827 3351 ipsis
1857 3281 1959 3352 pia

298 3370 473 3429 fuerit
492 3371 834 3444 provisione
848 3375 1163 3441 statutum,
1186 3370 1386 3435 nobis,
1405 3370 1571 3444 quod
1593 3373 1823 3426 avertat
1850 3371 1954 3427 Do·

298 3459 525 3527 nimus,
553 3459 1016 3532 negligentibus,
1055 3459 1466 3533 quorumlibet
1505 3458 1705 3516 valeat
1741 3457 1961 3531 impul·

296 3548 465 3606 sione
493 3549 737 3607 turbari.
754 3547 1312 3622 Eapropter,dilecti
1340 3548 1403 3604 in
1435 3547 1687 3604 Domino
1701 3546 1827 3610 tilii,
1857 3545 1960 3602 de-

294 3635 583 3696 cisionem
609 3638 1051 3703 controversias,
1069 3654 1205 3710 quoe
1228 3637 1381 3694 inter
1404 3634 1835 3692 monasterium
1863 3650 1958 3692 ve·

298 3730 487 3784 strum
500 3732 557 3784 et
585 3726 762 3784 bonoe
775 3726 1083 3784 memoriae
1098 3728 1355 3796 Petrum,
1385 3724 1701 3798 quondam
1728 3723 1956 3781 Clunia·

296 3830 539 3872 oensem
590 3815 897 3881 abbatem,
952 3831 1060 3886 pro
1108 3813 1499 3886 subjectione,
1557 3827 1744 3886 quam
1795 3812 1955 3869 idem

300 3903 494 3962 abbas
519 3904 632 3961 sibi
653 3906 716 3962 ln
744 3908 939 3962 vestro
960 3903 1328 3961 monasterio
1359 3901 1723 3966 vindicabat,
1750 3916 1961 3974 quem-

297 3992 632 4052 admodum
661 4009 697 4051 a
726 3993 1168 4066 praedecessore
1198 3997 1406 4049 nostro
1438 3990 1621 4047 felicis
1651 3989 1956 4047 memorias

299 4097 459 4155 papa
495 4081 865 4149 Innocentio,
907 4081 1195 4139 tratribus
1236 4081 1359 4136 suis
1398 4077 1859 4153 praesidentibus
1896 4084 1959 4136 et

296 4170 799 4234 collaudantibus,
831 4170 989 4227 facta
1016 4175 1128 4234 est,
1167 4175 1224 4226 et
1250 4168 1454 4241 scripti
1494 4169 1589 4225 sui
1622 4168 1955 4225 munimine

296 4262 601 4325 roborata,
633 4260 934 4316 imitantes
961 4260 1076 4331 pite
1108 4259 1538 4316 recordationis
1557 4257 1957 4331 proedecesso-

297 4363 431 4404 rum
448 4353 787 4404 nostrorum
804 4348 1049 4418 Eugenii
1061 4347 1831 4420 etAlexandri,pontiticum
1846 4350 1956 4404 Ro-

301 4450 619 4492 manorum
639 4435 904 4508 vestigia,
919 4437 1267 4494 auctoritate
1289 4435 1624 4508 apostolica
1635 4436 1956 4494 confirma·
1987 4410 2035 4466 D

298 4539 456 4590 mus,
490 4528 549 4581 et
599 4531 792 4583 ratam
847 4540 1200 4598 permanere
1239 4540 1577 4582 censemus.
1629 4524 1955 4596 privilegiis

295 4612 519 4687 itaque,
548 4614 964 4671 Cluniacenses
1002 4630 1139 4687 quoe
1169 4630 1351 4686 super
1377 4614 1495 4671 hoc
1524 4630 1585 4670 se
1615 4613 1836 4671 habere
1874 4617 1956 4672 ab

299 4702 630 4775 apostolica
652 4702 794 4759 sede
818 4703 1122 4768 dicebant,
1139 4703 1217 4760 ab
1238 4701 1451 4759 eodem
1474 4702 1842 4770 innocentio,
1862 4703 1957 4775 ju-

298 4792 455 4847 stitia
474 4790 757 4858 dictante,
784 4792 1057 4862 cassatis,
1088 4791 1168 4848 ad
1196 4790 1503 4861 exemplar
1532 4789 1955 4864 praedictorum

299 4879 818 4954 praedecessorum
830 4885 1162 4937 nostrorum
1175 4882 1574 4937 Romanorum
1587 4880 1952 4952 pontificum,

297 4972 425 5027 tam
436 4985 543 5026 vos
563 4984 748 5042 quam
768 4984 1145 5026 successores
1161 4974 1411 5036 vestros,
1438 4984 1670 5026 necnon
1683 4975 1738 5025 et
1753 4968 1956 5041 ipsum

298 5058 732 5115 monasterium
770 5058 966 5115 Sancti
1008 5057 1221 5114 Bertini
1258 5057 1339 5115 ab
1374 5057 1730 5128 hujusmodi
1760 5058 1861 5115 lite
1899 5062 1955 5115 et

300 5145 783 5205 cluniacensium
814 5146 1190 5219 subjectione
1228 5146 1631 5212 absolvimus;
1670 5146 1955 5220 idemque

301 5235 648 5294 coenobium
676 5234 932 5293 libertati
959 5237 1215 5310 proprioe
1240 5235 1605 5302 restitutum,
1627 5235 1796 5293 salvo
1823 5237 1954 5308 jure

298 5325 699 5384 ‘tarvanensis
726 5324 1105 5384 ecclesiaeve!
1142 5325 1434 5398 episcopi,
1466 5324 1581 5382 sub
1621 5324 1807 5383 solius
1844 5328 1953 5384 Ro-

375 5516 493 5594 (³4)
518 5518 891 5592 Patroloqiae
910 5523 955 5580 t.
985 5521 1247 5590 cmxix.
1274 5521 1389 5581 sub
1412 5535 1589 5582 num·
1610 5523 1739 5580 ³08.

2073 1785 2106 1828 a
2141 1770 2313 1826 bonae
2344 1768 2651 1826 memorias
2671 1767 2901 1834 Milone,
2929 1767 3216 1840 episcopo
3241 1767 3606 1835 Mutinensi,
3635 1772 3735 1826 sta·

2069 1863 2264 1917 tutum
2292 1862 2399 1924 est,
2430 1861 2487 1915 et
2513 1857 2735 1930 scripto
2763 1871 2874 1913 suo
2899 1854 3234 1921 firmatum,
3261 1859 3482 1913 ratum
3507 1870 3732 1915 manere

2069 1947 2496 2013 censemus‚ita
2512 1945 2781 2004 videlicet
2805 1943 2950 2002 utin
2975 1944 3190 2002 eadem
3216 1943 3471 2018 capella
3497 1943 3726 2019 leprosis
3783 1994 3784 1999 ,

2068 2042 2306 2095 tantum
2334 2041 2392 2093 et
2419 2035 2531 2092 sibi
2563 2032 2961 2091 servientibus
2980 2032 3260 2091 divinum
3287 2032 3640 2092 celebretur
3657 2033 3728 2092 ol-
3783 2036 3784 2069 ¹

2069 2126 2272 2182 licium
2290 2141 2306 2192 ;
2337 2129 2518 2198 atque
2535 2124 2594 2180 in
2605 2138 2817 2180 eorum
2829 2122 3172 2180 coemeterio
3187 2121 3374 2191 nulli,
3389 2123 3510 2182 nisi
3524 2122 3727 2197 leprosi

2066 2219 2125 2272 et
2135 2229 2344 2272 eorum
2361 2212 2597 2270 familiae
2614 2212 2999 2269 tumulentur.
3016 2210 3083 2268 ln
3095 2212 3486 2271 monasterio
3499 2226 3726 2287 quoque

2068 2303 2266 2363 Sancti
2293 2301 2511 2368 Silvini,
2538 2300 2703 2374 apud
2741 2299 3109 2372 Alchiacum,
3136 2299 3346 2359 abbas
3375 2306 3602 2369 vester,
3635 2300 3724 2375 qui

2064 2408 2176 2465 pro
2207 2397 2473 2465 tempore
2511 2390 2702 2457 fuerit,
2744 2394 3038 2463 tanquam
3073 2388 3136 2446 in
3177 2390 3442 2464 speciali
3469 2390 3614 2457 fllia,
3649 2405 3726 2447 se·

2067 2481 2334 2539 cundum
2363 2478 2462 2537 Dei
2495 2480 2793 2544 timorem,
2824 2484 2881 2536 et
2896 2476 3054 2536 beati
3082 2478 3399 2538 Benedicti
3427 2479 3718 2553 Regulam,

2066 2569 2404 2643 corrigendi
2422 2585 2560 2643 quae
2581 2567 2939 2641 corrigenda
2953 2572 3110 2640 sunt,
3140 2584 3290 2626 cum
3313 2568 3714 2641 religiosorum

2065 2660 2330 2716 virorum
2361 2657 2940 2732 consiliogplenam,
2972 2657 3124 2715 sicut
3157 2655 3492 2725 hactenus,
3523 2658 3716 2715 babeat

2066 2753 2441 2820 potestatem.

2140 2837 2468 2894 statuimus
2490 2835 2670 2893 etiam
2699 2840 2782 2903 ut,
2813 2835 2966 2893 infra
2984 2834 3281 2892 terminos
3307 2835 3713 2909 parochiarum

2065 2929 2421 2991 vestrarum,
2452 2923 2654 2981 nullus
2679 2923 2992 2981 ecclesiam
3017 2922 3107 2980 vel
3136 2923 3486 2981 oratorium
3511 2924 3714 2997 absque

2068 3021 2263 3072 vestro
2290 3029 2548 3080 assensu⁴
2588 3013 2885 3071 aediflcare
2921 3019 3278 3087 praesumat,
3322 3013 3517 3072 salvis
3541 3019 3714 3072 unsa

2064 3104 2391 3178 privilegiis
2401 3106 2809 3161 Romanorum
2828 3102 3203 3175 pontificum.
3219 3104 3710 3163 Stationesautem

2065 3194 2342 3269 publicas
2362 3191 2441 3250 ab
2457 3192 2743 3265 episcopo
2760 3193 2818 3249 in
2841 3197 3036 3250 vestro
3057 3193 3462 3260 monasterio,
3485 3207 3594 3250 seu
3613 3191 3714 3264 epi-

2065 3299 2319 3356 scopum
2372 3281 2513 3339 illuc
2560 3283 2784 3347 venire,
2822 3280 2938 3338 nisi
2977 3281 3057 3338 ab
3096 3281 3330 3339 abbate
3363 3287 3429 3339 et
3465 3281 3714 3340 fratribus

2065 3372 2240 3429 fuerit
2269 3375 2575 3438 evocatus,
2601 3369 2959 3427 omnimodo
2986 3369 3116 3427 lieri
3143 3368 3580 3443 prohibemus.
3609 3372 3718 3428 1²oe-

2067 3462 2360 3518 sessiones
2391 3464 2678 3533 praeterea
2700 3464 2757 3516 et
2783 3458 3069 3529 decimas,
3097 3473 3261 3533 quas
3293 3459 3716 3518 monasterinm

2064 3555 2331 3609 vestrum
2357 3565 2393 3608 a
2421 3547 2827 3622 quadraginta
2847 3547 3412 3606 annisinconcusse
3443 3548 3712 3623 possedit,

2065 3644 2124 3696 et
2141 3639 2668 3711 inproesentiarum
2691 3640 2820 3694 sine
2851 3637 3264 3694 controversia
3293 3638 3642 3710 possidetis,
3670 3638 3716 3694 in
3779 3669 3784 3748 ἐ

2065 3727 2352 3785 omnibus
2380 3732 2438 3784 et
2467 3742 2574 3800 per
2601 3742 2711 3783 vos
2740 3724 2937 3783 eidem
2976 3726 3352 3784 monasterio
3383 3728 3716 3786 anctos-itan
3783 3781 3784 3788 ,

2064 3816 2396 3890 apostolica
2412 3815 3027 3872 confirmamus.Sane
3037 3813 3362 3872 novalium
3380 3822 3718 3881 vestrorum,
3782 3865 3784 3870 ⁴

2064 3921 2201 3979 quae
2230 3903 2486 3978 propriis
2511 3902 2796 3960 manibus
2834 3907 2940 3960 aut
2970 3903 3319 3976 sumptibus
3361 3904 3594 3972 colitis,
3623 3905 3718 3960 sive
3777 3877 3784 3970 ἶ

2065 3994 2139 4051 de
2166 3992 2542 4050 nutrimentis
2567 3991 2924 4049 animalium
2949 3997 3314 4066 vestrorum,
3339 3994 3560 4052 nullus
3586 4010 3623 4052 a
3643 4010 3722 4050 vo-
3781 4003 3784 4030 1

2063 4083 2158 4140 bis
2182 4082 2450 4140 decimas
2473 4082 2710 4154 exigere
2736 4080 2833 4138 vel
2861 4085 3220 4155 extorquere
3260 4089 3629 4155 prasumat.
3655 4083 3722 4139 Li·
3781 4105 3784 4110 ·

2064 4177 2195 4229 ceat
2212 4186 2456 4246 quoque
2484 4170 2655 4227 vobis
2675 4169 2922 4227 clericos
2948 4169 3038 4228 vel
3063 4169 3278 4238 laicos,
3307 4186 3348 4228 e
3391 4173 3622 4232 amento
3647 4172 3720 4230 iu-

2064 4262 2311 4334 gientes,
2337 4260 2558 4318 liberos
2581 4264 2638 4316 et
2654 4258 2966 4317 absolutos
2989 4257 3070 4318 ad
3089 4261 3578 4321 conversionem
3603 4263 3724 4320 reci·

2063 4367 2224 4424 pere,
2248 4355 2305 4409 et
2333 4365 2435 4408 eos
2465 4348 2697 4422 absque
2725 4347 3197 4406 contradictione
3223 4348 3452 4424 aliqua
3475 4353 3720 4410 retinere.

2066 4442 2213 4498 Cum
2236 4442 2437 4496 autem
2460 4436 2734 4509 generale
2757 4436 3138 4494 interdictum
3154 4440 3336 4496 terrae
3353 4437 3564 4508 fuerit,
3577 4440 3722 4498 liceat

2064 4526 2255 4592 vobis,
2278 4525 2483 4598 januis
2513 4525 2754 4592 clausis,
2795 4523 3051 4582 exclusis
3079 4529 3648 4588 excommunicatis
3677 4533 3720 4584 et

2064 4615 2410 4680 interdictis,
2438 4630 2557 4671 non
2590 4615 2840 4687 pulsatis
2859 4613 3206 4687 campanis,
3221 4631 3583 4692 suppressa
3601 4631 3718 4677 voe·

2063 4706 2267 4764 divina
2288 4704 2488 4762 officia
2510 4702 2829 4762 celebrare.
2857 4705 2922 4761 ln
2948 4702 3421 4776 parochialibus
3444 4708 3718 4784 siquiden

2063 4794 2348 4860 ecclesiis,
2405 4809 2562 4867 quas
2619 4792 2876 4861 habetis,
2929 4792 3104 4850 liceat
3150 4792 3338 4852 vobis
3399 4797 3716 4856 sacerdote·

2063 4883 2298 4954 eligere,
2325 4886 2386 4940 et
2412 4881 2756 4939 dioecesano
2777 4880 3048 4938 Ecclesioe
3069 4887 3474 4956 praesentare,
3503 4886 3716 4964 quibu.

2063 4972 2111 5028 si
2140 4972 2341 5029 idonei
2362 4970 2597 5042 tuerint,
2626 4971 2946 5070 episcopus
2973 4970 3334 5029 animarum
3355 4977 3716 5034 committat:

2063 5059 2145 5118 ita
2174 5059 2421 5134 quidem
2449 5058 2616 5133 quod
2641 5058 2694 5115 ei
2722 5057 2799 5116 de
2812 5057 3204 5132 spiritalibus,
3217 5059 3415 5120 vobis
3441 5061 3716 5123 autemd·

2061 5149 2518 5222 temporalibus,
2547 5148 2810 5206 debeant
2831 5146 3222 5219 respondere.
3256 5149 3561 5212 Chrisma
3585 5167 3714 5216 vero.

2061 5238 2264 5296 oleum
2275 5242 2572 5303 sanctum
2599 5235 3078 5294 consecrationes
3092 5233 3394 5298 altarium
3419 5239 3718 5301 seubasili-

2062 5343 2295 5392 oarum,
2317 5326 2728 5385 ordinationes
2756 5340 2895 5384 vero
2925 5325 3388 5389 monachorum
3411 5333 3528 5405 qui
3555 5332 3714 5392 adsa-
