3784 6000
273 240 392 305 615

1340 233 1765 302 GmLLELul
1806 232 2204 299 TYRENSIS
2244 232 2612 299 AttcmEP.

3559 210 3684 300 eie

278 374 585 449 fugientes,
608 375 827 432 strictis
856 372 1063 448 gladiis
1096 373 1500 446 insequentur.
1535 370 1654 427 Hoc
1673 370 1923 443 strepitu
1953 372 2009 441 Α
2108 369 2175 425 Et
2203 367 2366 427 ittuaet.

277 463 513 530 civium,
552 468 611 521 et
663 479 905 520 suorum
966 461 1457 520 conclamantium
1512 459 1923 518 vociferatione

275 558 597 616 vehementi
623 562 817 615 motus
837 556 1177 629 imperator,
1195 550 1519 626 principem
1542 555 1599 608 et
1622 554 1924 622 magnates

277 646 759 718 accercirijubet‚
784 650 840 702 et
872 644 1135 718 mitigata
1182 660 1285 716 pro
1339 647 1601 714 tempore
1657 641 1919 711 indigna-

277 737 450 803 tione,
483 734 697 791 timens
720 751 792 792 ne
821 738 1022 793 contra
1050 750 1114 791 se
1161 732 1362 790 durius
1395 730 1615 804 aliquid
1648 730 1919 799 oriretur,

275 841 627 891 sermonem,
661 841 838 897 quem
870 826 1073 883 eodem
1105 823 1198 881 die
1229 839 1424 880 coram
1455 820 1783 878 hominibus
1813 819 1923 876 ali-

274 913 622 987 quantulum
652 912 895 972 liberius
927 914 1172 983 dixerat,
1224 920 1471 984 tangens
1520 910 1646 967 ait:
1699 907 1926 966 Memini

274 1019 360 1061 me
389 1005 669 1060 vobiscum
700 1003 860 1060 hodie
886 1019 1052 1076 snper
1079 1018 1186 1060 ano
1227 1001 1383 1058 verbo
1431 1001 1687 1057 habuisse
1715 1003 1923 1056 wacta-

275 1100 419 1165 tam,
446 1094 592 1151 ande
617 1095 853 1164 sortasse
880 1093 1203 1151 scandalum
1246 1091 1344 1149 hoc
1384 1093 1444 1147 in
1489 1090 1688 1163 populo
1716 1088 1928 1147 dieitur

276 1184 554 1244 obortum.
612 1189 773 1242 Nunc
822 1187 1006 1240 autem
1040 1181 1256 1240 noverit
1309 1190 1424 1237 tam
1488 1182 1710 1253 patrum
1758 1194 1925 1251 quam

273 1272 452 1346 plebis
475 1274 833 1340 universitas,
854 1273 1001 1345 quod
1031 1288 1103 1329 ex
1130 1287 1235 1345 quo
1265 1271 1346 1328 ita
1372 1269 1573 1327 darum
1601 1274 1650 1327 et
1689 1268 1926 1342 difficile

276 1361 426 1420 vobis
457 1362 670 1420 videtur
697 1362 843 1436 qaod
871 1362 1014 1432 dixi,
1046 1377 1234 1419 revoco
1290 1362 1640 1429 sententiam,
1687 1363 1924 1416 retracto

276 1452 419 1524 quoti
470 1454 750 1525 proposui.
809 1452 1066 1509 Ilubetote
1112 1453 1261 1508 vobis
1311 1461 1426 1507 tam
1485 1449 1676 1506 urbem
1733 1451 1924 1515 totam,

280 1558 442 1613 qaam
471 1542 794 1614 praesidium
812 1557 835 1606 ,·
862 1542 1069 1612 sufficit
1112 1540 1342 1613 imperio
1372 1554 1509 1608 mcc,
1553 1541 1758 1595 statam
1787 1546 1925 1594 tem-

278 1647 475 1704 poram
501 1631 760 1688 hactenus
814 1630 1157 1687 observatum
1220 1631 1562 1686 continuare.
1622 1629 1757 1684 Νουί
1778 1627 1924 1699 qaod

278 1740 404 1781 vere
429 1724 614 1795 fideles
643 1725 754 1780 mei
801 1724 944 1793 sitis,
987 1739 1089 1780 nec
1142 1740 1177 1779 a
1233 1722 1500 1793 fidelitate
1543 1720 1813 1792 promissa
1875 1727 1927 1777 et
1958 1750 2003 1817 B

278 1816 531 1887 praestita
586 1812 706 1869 ulta
749 1813 863 1869 dies
918 1829 1165 1886 anquam
1236 1827 1328 1868 cos
1375 1810 1678 1868 convellere
1706 1812 1924 1876 poterit.

279 1901 632 1974 Eqredimini
661 1902 839 1973 initur
874 1909 928 1959 et
946 1900 1216 1975 populum
1258 1905 1528 1972 [arentem
1585 1902 1925 1973 compescite.

280 1991 431 2062 Quod
458 1993 508 2048 si
533 2007 690 2048 mora
737 1993 792 2048 in
841 1993 1060 2049 civitate
1112 2007 1236 2048 mea
1284 1993 1364 2046 eis
1410 1991 1760 2063 atiquatenus
1826 2006 1923 2045 su-

278 2085 458 2154 specta
506 2088 609 2151 est,
668 2097 738 2138 ne
790 2097 954 2153 saper
1008 2081 1128 2140 ltaec
1182 2085 1528 2152 moueantur,
1592 2096 1711 2136 cras
1752 2078 1924 2146 enim,

280 2178 499 2227 auctore
528 2172 783 2240 Domino,
816 2171 1179 2241 eorediemar.

353 2260 455 2316 His
487 2259 678 2327 dictis,
728 2259 974 2316 laudant
1020 2275 1224 2316 omnes
1280 2258 1501 2315 domini
1561 2255 1929 2329 imperatoris

282 2349 682 2422 propositum3
718 2353 775 2404 et
800 2348 1085 2405 extollunt
1115 2364 1299 2419 usque
1330 2348 1397 2403 ad
1431 2348 1625 2405 sidera
1676 2350 1925 2404 mentem

284 2439 609 2511 providam,
651 2436 876 2494 consilii
926 2436 1314 2504 altitudinem,
1368 2437 1616 2493 consulti
1675 2437 1925 2510 pectoris

275 2525 593 2600 judicium.
623 2526 691 2581 Et
720 2526 1078 2598 egredientes
1112 2527 1381 2599 princeps
1403 2532 1462 2582 et
1489 2543 1708 2593 comes,
1738 2530 1796 2582 et
1826 2523 1927 2581 alii

284 2630 593 2687 procerum
624 2613 925 2686 primores,
957 2632 1113 2683 vocc,
1148 2631 1346 2682 manu,
1380 2616 1623 2671 nutibus
1653 2620 1709 2670 et
1738 2613 1926 2686 signis

281 2706 600 2764 tumultum
632 2706 837 2762 sedare
867 2710 1093 2762 tentant
1126 2723 1140 2775 ;
1169 2706 1523 2778 tandemque
1578 2705 1795 2761 indicto
1839 2705 1925 2761 si·

284 2796 462 2853 lentio
491 2800 548 2851 et
579 2793 745 2866 plebe
773 2793 962 2852 verbis
983 2796 1187 2852 amicis
1217 2796 1287 2851 ad
1320 2795 1578 2869 aliquam
1594 2792 1929 2867 tranquilli-

283 2891 461 2943 tatem
494 2885 746 2955 redacta,
778 2886 1016 2943 domum
1045 2903 1143 2943 ecs
1175 2886 1384 2955 redire,
1434 2894 1487 2944 et
1536 2884 1717 2943 armis
1747 2885 1928 2956 depo-

283 2976 412 3035 sitis
460 2974 656 3051 quiete
709 2976 918 3049 degere
970 2980 1176 3049 rogant
1252 2975 1626 3050 propensius.
1678 2974 1840 3043 Quod
1871 2976 1930 3032 et

2102 460 2254 526 Quot
2282 457 2573 527 homines,
2603 461 2690 515 tot
2712 456 3040 515 sententiis.

2030 547 2144 605 Sed
2170 546 2233 605 in
2262 548 2367 604 bac
2395 554 2549 604 tanta
2577 548 2845 605 varietate
2874 563 3095 606 moram
3131 546 3523 619 dissimilium,
3552 565 3692 623 pra·

2029 636 2209 693 dentis
2264 643 2345 695 est
2373 638 2699 710 qualitatem
2726 636 3071 710 distinquere
3097 638 3448 710 meritorum,
3476 645 3532 698 et
3558 655 3689 698 con-

2030 743 2172 799 qrua
2200 726 2418 785 meritis
2446 726 2682 800 praemia
2711 727 2999 801 deputare.
3029 729 3201 787 Juxta
3218 728 3361 787 Itane
3405 720 3679 788 rationem

2029 814 2210 889 plebis
2242 816 2548 875 indiscreta:
2575 817 2727 875 calor
2774 819 3134 890 inconsultus,
3189 820 3252 879 in
3274 816 3546 878 damnum
3575 836 3690 879 non

2033 905 2192 963 debet
2225 905 2534 964 redundare
2560 907 2757 965 melias
2785 908 3129 981 affectorum.
3194 908 3303 968 Usa
3356 910 3511 967 enim
3536 900 3688 968 inter

2033 996 2280 1054 homines
2333 997 2470 1054 solet
2524 999 2763 1066 evenire,
2850 1007 2909 1056 at
2960 997 3112 1071 plebs
3164 1000 3415 1072 contusa,
3461 999 3686 1069 modum

2034 1089 2301 1157 nesciens,
2351 1089 2507 1145 rixas
2562 1093 2614 1145 et
2661 1089 2933 1146 tumultus
3004 1090 3353 1149 consueverit
3409 1093 3694 1150 incautius

2032 1178 2303 1234 suscitare
2324 1195 2344 1234 .-
2373 1176 2537 1250 idque
2566 1179 2625 1233 in
2656 1176 2908 1235 omnibus
2955 1179 3088 1237 bene
3143 1182 3372 1238 moratis
3429 1172 3693 1259 urbibus,

2035 1275 2300 1325 vetustam
2326 1271 2379 1325 et
2408 1283 2512 1324 usn
2541 1269 2907 1341 approbatam
2936 1269 3181 1341 lonqaetv
3238 1268 3694 1329 consuetudinem

2035 1357 2331 1414 obtinuisse
2357 1367 2566 1414 certam
2593 1366 2691 1424 est,
2717 1360 2774 1414 at
2818 1362 3044 1432 patrum
3096 1358 3360 1417 modestia
3394 1360 3696 1433 populares

2033 1448 2467 1519 comprimantur
2487 1448 2745 1519 impetus,
2789 1456 2841 1505 et
2894 1449 3097 1520 iqaara
3146 1446 3302 1506 modi
3355 1436 3673 1529 refrenetur

2035 1536 2297 1592 audacia.
2330 1535 2527 1606 Aliter,
2575 1537 2730 1617 valqi
2769 1537 2948 1595 mutto
3003 1539 3288 1597 meliorem
3327 1555 3492 1612 quam
3521 1538 3692 1598 nobi-

2034 1626 2175 1681 tium
2200 1641 2315 1682 esse
2334 1625 2710 1683 conditionem
2738 1642 2761 1690 ,·
2790 1627 2961 1683 turbae
2992 1627 3359 1702 imprudentis
3410 1630 3697 1701 conlusio·

2033 1732 2158 1772 nem
2185 1731 2353 1787 qnam
2379 1715 2737 1773 discretorum
2779 1718 3203 1790 experientiam,
3233 1718 3349 1776 nisi
3381 1718 3698 1793 majoribus

2031 1806 2290 1877 colliqere
2319 1805 2483 1887 liceat
2509 1814 2729 1879 peccata
2753 1805 2930 1879 plebis
2985 1808 3335 1866 inconsultae.
3393 1810 3692 1884 Ignorante

2034 1911 2166 1952 sane
2190 1895 2412 1952 domino
2438 1895 2705 1968 principe,
2764 1897 3129 1955 nescientibus
3185 1897 3257 1955 iis
3311 1897 3383 1957 ad
3447 1914 3692 1977 quornm

2031 1990 2234 2040 natam
2260 1986 2474 2058 majora
2502 1990 2812 2042 tractantur
2839 1985 3084 2057 necocia,
3114 1986 3352 2059 deliquit
3401 1986 3564 2061 plebs
3597 1989 3692 2046 in-

2034 2074 2289 2133 discreta.
2340 2080 2534 2132 Paenas
2582 2091 2711 2146 erqo
2759 2076 2954 2134 toleret
3002 2092 3138 2149 quas
3181 2077 3409 2149 meruit,
3466 2077 3693 2137 domino

2034 2163 2287 2237 principe
2312 2180 2435 2221 cum
2463 2165 2770 2233 maioribus
2797 2156 3147 2224 indemnibus
3174 2168 3519 2226 conservatis
3549 2185 3571 2225 .·
3593 2185 3696 2245 pa·

2035 2259 2190 2312 ratus
2211 2261 2292 2312 est
2319 2255 2556 2328 denique
2582 2258 2642 2311 in
2672 2265 3057 2328 arqumentam
3081 2273 3197 2314 ωε
3255 2255 3599 2331 innocentie
3630 2258 3694 2315 in

2036 2344 2237 2416 finibus
2283 2353 2432 2402 stare
2482 2351 2819 2418 pactoram;
2872 2355 2944 2415 et,
2973 2349 3025 2403 si
3077 2346 3263 2417 liceat,
3317 2346 3509 2405 arbem
3567 2360 3695 2405 cusa

2029 2434 2291 2507 proesidio
2321 2435 2382 2490 in
2404 2452 2603 2491 manus
2634 2435 2861 2509 imperii
2885 2438 3213 2507 transferre.

2107 2524 2209 2581 His
2239 2529 2296 2580 et
2353 2524 2647 2582 similibus
2706 2540 3018 2597 persuasus
3070 2526 3409 2598 imperator,
3457 2530 3692 2585 motum

2033 2612 2454 2685 indignationis
2514 2614 2726 2685 nimiae,
2788 2631 2966 2688 quam
3026 2615 3097 2673 de
3156 2615 3281 2674 sola
3350 2615 3692 2690 suspicione

2037 2716 2403 2779 conceperat,
2453 2704 2799 2764 humaniore
2855 2709 3147 2766 sententia
3201 2710 3535 2777 revocavit3
3590 2725 3698 2785 ac·-

2037 2795 2367 2867 cersitoque
2396 2795 2629 2853 dominc
2680 2796 2962 2870 principe,
3025 2813 3129 2855 nec
3186 2814 3302 2856 non
3359 2802 3418 2856 et
3471 2799 3692 2857 comite

2038 2900 2175 2941 cum
2196 2885 2555 2956 proceribus,
2574 2885 2643 2942 ad
2665 2900 2728 2942 se
2752 2885 3116 2944 familiariter
3139 2887 3397 2961 proecipit
3418 2887 3688 2965 introiref,

2035 2979 2095 3031 et
2123 2974 2350 3031 detersa
2379 2974 2540 3032 omni
2561 2975 2848 3048 interjecti
2881 2976 3139 3034 rancoris
3191 2976 3427 3046 nebula,
3471 2982 3694 3036 mutua

285 3069 634 3125 factumest.
658 3066 942 3124 Dominus
959 3072 1153 3122 autem
1177 3067 1512 3139 imperator,
1537 3067 1928 3139 diesequente
2039 3063 2412 3122 salutationis
2441 3065 2686 3137 benigne
2734 3065 2983 3140 suscipit
3020 3072 3079 3124 et
3126 3067 3414 3140 impendit
3443 3068 3688 3138 affatum

283 3156 569 3212 cumssliis
589 3158 646 3210 et
665 3153 1112 3223 consanguineis
1133 3158 1190 3209 et
1212 3152 1599 3210 familiaribus
1634 3168 1928 3224 egressus,
1961 3118 2011 3187 C
2039 3154 2297 3211 Tandem
2330 3155 2413 3211 eis
2444 3154 2817 3212 innotescens
2846 3156 2998 3228 quod
3030 3172 3237 3214 causas
3293 3156 3534 3216 haberet
3591 3175 3692 3216 ur·

282 3247 418 3301 ante
448 3244 650 3300 urbem
681 3246 872 3299 castra
902 3240 1080 3298 locari
1111 3241 1389 3314 praecipit.

946 3347 1179 3406 CAPUT
1210 3352 1277 3404 V.

282 3442 580 3499 tutantur
608 3439 796 3509 levati,
829 3438 927 3509 qui
955 3437 1388 3510 indiqnationem
1423 3440 1771 3511 imperatoris
1823 3438 1935 3494 mi·

355 3513 544 3585 tiqent,
573 3517 628 3569 et
656 3509 944 3577 obtinent,·
969 3511 1267 3583 imperator
1283 3508 1354 3565 ad
1396 3512 1627 3583 propria
1658 3510 1823 3566 redit.

350 3601 611 3659 Scientes
640 3615 777 3673 ergo
808 3598 869 3655 hi
900 3599 1114 3671 quibus
1148 3614 1314 3656 mens
1345 3607 1470 3656 erat
1501 3599 1720 3668 sanior,
1740 3599 1932 3655 domi-

283 3707 424 3748 num
454 3692 884 3763 imperatorem,
919 3688 1053 3746 licet
1084 3705 1244 3747 more
1273 3689 1578 3762 prudentis
1609 3688 1936 3747 dissimula·

289 3781 452 3852 verit,
502 3796 798 3838 rancorem
849 3779 1130 3835 adversus
1177 3778 1501 3852 principem
1559 3782 1617 3837 et
1653 3778 1935 3836 nobilium

291 3870 576 3943 primores
623 3876 816 3926 mente
872 3869 1232 3941 concepisse,
1285 3873 1564 3941 tanquam
1593 3885 1792 3925 eorum
1836 3869 1937 3925 in-

292 3961 514 4018 stinctu
543 3962 600 4015 et
624 3957 853 4017 occulta
908 3973 1083 4030 opera
1142 3957 1511 4030 popularium
1561 3958 1850 4014 tumultus
1880 3962 1940 4013 et

293 4049 480 4123 plebis
502 4047 844 4106 scandalum
876 4054 1026 4104 esset
1055 4046 1406 4117 excitatum3
1445 4046 1705 4119 dirigunt
1759 4046 1940 4104 reior-

295 4139 522 4196 mandoe
553 4136 711 4211 pacis
742 4136 930 4209 gratia
960 4135 1204 4193 idoneos
1227 4137 1297 4193 ad
1348 4136 1475 4206 hoc,
1507 4141 1565 4195 et
1594 4153 1805 4195 sensus
1835 4137 1940 4194 ha-

291 4229 497 4285 bentes
551 4227 916 4293 exercitatos,
992 4225 1063 4280 ad
1124 4225 1485 4297 imperialem
1536 4226 1938 4284 excellentiam

293 4317 554 4387 nuntios,
585 4315 688 4389 qui
715 4314 1019 4373 dominum
1049 4314 1370 4387 principem
1413 4320 1472 4374 et
1526 4322 1827 4391 magnates
1847 4334 1938 4376 re-

293 4404 485 4479 gionis
506 4405 660 4478 apud
691 4402 994 4462 dominum
1025 4404 1435 4478 imperatorem
1464 4412 1727 4480 satagant
1764 4423 1941 4464 excu-

2043 3243 2442 3316 gentissimas‚
2477 3244 2685 3317 quibus
2705 3244 3139 3317 impellentibus
3170 3261 3302 3303 eum
3333 3247 3578 3304 domum
3609 3263 3690 3305 re·

2048 3335 2171 3391 dire
2205 3339 2534 3407 oporteret3
2566 3339 2803 3407 sumpta
2850 3335 3106 3406 licentia,
3139 3338 3551 3413 promissoque
3595 3339 3696 3396 lir-

2042 3422 2325 3492 missime,
2358 3421 2744 3496 quoditerum
2774 3428 3009 3484 auctore
3043 3426 3313 3498 Domine,
3360 3433 3532 3501 pacta
3559 3444 3693 3487 com

2042 3512 2330 3585 pleturus,
2366 3513 2423 3569 in
2445 3528 2622 3570 manu
2644 3512 2831 3570 valida
2847 3520 3000 3571 esset
3014 3515 3328 3585 rediturus,
3349 3516 3407 3573 in
3425 3515 3690 3576 Ciliciam

2046 3602 2349 3659 universos
2379 3601 2580 3674 dirigit
2608 3603 2913 3661 exercitus.
2948 3601 3130 3673 Unde,
3182 3606 3489 3680 completis
3520 3621 3697 3682 nego,-

2044 3692 2139 3747 tiis
2168 3692 2323 3747 circa
2353 3690 2611 3748 Ciliciam
2641 3697 2699 3748 et
2727 3693 2976 3762 Syriam,
2998 3694 3460 3769 preparatisque
3489 3696 3699 3757 aditet·

2045 3780 2405 3851 agminibus,
2443 3782 2515 3836 ad
2537 3781 2774 3853 propria
2824 3799 3090 3842 reversus
3120 3790 3231 3843 est.

2686 3900 2917 3958 CAPUT
2959 3901 3053 3959 vt.

2047 3988 2541 4058 Hierosolymorum
2563 4004 2662 4046 reae
2691 3990 2838 4045 ultra
2866 3991 3158 4048 Iordanem

2118 4059 2255 4117 sidet
2275 4066 2329 4116 et
2370 4065 2599 4132 occupat
2663 4061 2953 4120 violenter.
3001 4064 3160 4136 Apud

2117 4131 2518 4190 miserabiliter
2544 4135 2967 4206 prostenuntur.

2120 4239 2344 4298 Interea
2363 4240 2503 4297 dum
2538 4239 2662 4298 haic
2685 4239 2838 4299 circa
2864 4239 3235 4301 Antiochiam
3264 4246 3704 4317 geruntur,sub·

3257 3993 3546 4052 residium
3598 3996 3703 4053 ob-

3239 4064 3471 4125 beenam
3521 4069 3705 4124 nostri

2048 4338 2324 4401 sequente
2353 4334 2573 4399 astate,
2607 4347 2723 4389 non
2756 4335 2887 4405 post
2916 4332 3169 4389 multum
3199 4333 3483 4406 temporis
3527 4335 3701 4394 inter·

2049 4418 2287 4488 vallum,
2320 4419 2405 4479 vir
2434 4419 2683 4494 inclytus
2709 4428 2766 4479 et
2797 4437 3050 4494 magnus
3076 4422 3252 4496 {apud
3309 4423 3700 4484 occidentales

297 4500 456 4555 satos
484 4495 736 4568 habere;
768 4499 825 4554 et
855 4511 1030 4571 super
1058 4513 1126 4555 ec
1171 4497 1270 4570 qui
1328 4498 1387 4555 in
1443 4498 1658 4571 populo
1701 4498 1953 4556 excrevit
1979 4493 2029 4560 D
2059 4509 2369 4583 principes,
2398 4510 2676 4569 dominus
2704 4511 3103 4571 Theodericus
3134 4513 3590 4574 Blandi-ensium
3619 4533 3703 4577 co-

296 4585 580 4647 tumultu.
640 4601 876 4659 prorsus
934 4595 1201 4645 asserant
1249 4587 1613 4646 innocentes.
1666 4587 1773 4653 Qui
1805 4603 1944 4661 ergo

297 4676 465 4737 missi
484 4677 740 4744 ruerant,
763 4676 821 4732 in
841 4676 1205 4735 auditorium
1227 4676 1598 4749 imperatoris
1618 4677 1942 4737 intromissi

298 4785 402 4843 pro
434 4767 700 4839 iniuncto
730 4767 960 4839 negotio
1000 4768 1174 4825 verba
1202 4766 1501 4829 facientes.
1550 4764 1796 4839 allegare
1825 4775 1948 4824 stu·

299 4860 438 4917 dent
462 4862 519 4915 et
548 4858 897 4930 persuadere
926 4857 1202 4930 principis
1252 4855 1669 4928 innocentiam,
1698 4858 1758 4915 in
1785 4858 1944 4918 hunc

302 4949 541 5007 modum
575 4962 590 5004 t
619 4949 781 5005 Novit
813 4948 1126 5020 Auyastatis
1147 4962 1311 5019 apex,
1369 4957 1425 5005 et
1464 4947 1769 5021 imperialis
1797 4951 1941 5007 emi-

300 5038 489 5096 nentia
517 5036 668 5094 nobis
697 5037 873 5094 multo
901 5037 1122 5107 melias,
1153 5035 1293 5108 quod
1322 5038 1383 5093 in
1410 5038 1649 5111 quotibet
1695 5039 1939 5111 cotteyio,

300 5127 505 5186 nedum
533 5128 592 5182 in
621 5124 940 5182 civitatibus
983 5134 1034 5182 et
1089 5127 1303 5198 maqnis
1356 5125 1643 5184 hominum
1696 5129 1940 5196 cetibus,

301 5234 411 5275 non
440 5231 625 5274 omnes
649 5214 782 5288 pari
836 5214 1117 5288 splendent
1169 5214 1486 5287 prudentia,
1516 5235 1620 5274 nee
1661 5220 1789 5289 pari
1813 5227 1942 5275 sunt

299 5307 522 5382 praediti
545 5305 887 5374 disciptina;
913 5304 1008 5361 sed
1037 5307 1207 5363 aliter
1235 5314 1287 5362 et
1312 5306 1482 5363 aliter
1508 5308 1718 5380 affectis
1735 5308 1942 5367 civibus

302 5400 549 5472 dispares
578 5412 779 5465 mores,
809 5396 1057 5470 disparia
1110 5400 1416 5469 sequamur
1468 5398 1686 5465 stadia,
1744 5401 1830 5456 ita
1856 5409 1941 5471 at,

296 5491 470 5560 juxta
496 5486 781 5560 prudentis
831 5487 1055 5545 verbam
1085 5503 1277 5545 verum
1301 5489 1377 5544 sit
1416 5487 1559 5561 qaod
1585 5487 1832 5549 dicitur:

374 5575 518 5632 Tres
548 5575 693 5631 mihi
720 5576 977 5634 convivas
1001 5590 1178 5650 prope
1194 5573 1508 5635 dissentire
1542 5577 1831 5638 videntur.

2052 4614 2200 4671 mes,
2232 4601 2455 4659 domini
2487 4600 2638 4673 regis
2666 4615 2865 4673 gener,
2889 4601 3170 4660 orationis
3199 4606 3261 4662 et
3284 4604 3504 4662 devoto
3535 4620 3702 4679 pere·

2049 4690 2401 4765 grinationis
2429 4690 2618 4764 gratia
2645 4705 2773 4749 cum
2807 4689 3053 4750 honesto
3096 4691 3388 4751 nobilium
3437 4692 3702 4752 virorum

2047 4780 2314 4838 comitatu
2347 4779 2805 4852 Hierosolymam
2841 4781 3025 4853 venit,
3065 4783 3238 4854 cujus
3273 4783 3706 4843 adventumrex

2049 4874 2107 4927 et
2135 4868 2388 4942 populus
2420 4870 2729 4928 universus
2757 4872 2940 4928 multa
2993 4887 3130 4929 cum
3190 4871 3486 4931 hilaritate
3511 4874 3704 4933 susci·

2049 4958 2293 5033 pientes,
2324 4958 2617 5016 conflslde
2639 4958 2858 5033 insigni
2884 4964 2941 5018 et
2969 4958 3232 5033 robusta,
3262 4976 3444 5034 quam
3504 4977 3708 5020 usum

2047 5048 2365 5106 adduxerat
2392 5047 2612 5117 militia,
2643 5053 2949 5121 apponunt
2969 5050 3328 5108 unanimiter
3362 5065 3499 5108 cum
3523 5050 3712 5110 domi·

2048 5138 2108 5195 ni
2140 5138 2475 5210 patriarcha
2506 5143 2566 5196 et
2595 5138 2841 5195 aliorum
2872 5139 3036 5212 regni
3067 5139 3397 5213 principum
3428 5140 3708 5209 consilio,

2047 5226 2610 5286 transJordanemin
2633 5227 3332 5287 fluibusAmmcnitarum
3345 5229 3519 5301 Juxta
3541 5246 3712 5288 mon-

2047 5320 2168 5374 tem
2201 5315 2413 5375 Galaad
2444 5319 2720 5375 obsidere
2749 5318 3089 5389 praesidium
3123 5334 3330 5387 unum,
3361 5318 3586 5377 nostris
3615 5335 3713 5377 re-

2048 5406 2328 5480 gionibus
2349 5408 2738 5479 perniciosum
2759 5406 2952 5465 valde.
2979 5405 3113 5464 Erat
3130 5416 3326 5466 autem
3357 5408 3708 5482 prodictam

2049 5497 2440 5572 municipium
2471 5497 2752 5573 spelunca
2779 5497 3122 5572 quodamin
3140 5497 3322 5558 latere
3342 5497 3564 5558 montis
3577 5497 3714 5558 emi·

2050 5584 2244 5644 nentis
2258 5587 2509 5646 maxime
2523 5585 2745 5645 declivo
2758 5585 2894 5657 sita,
2912 5587 3141 5646 aditum
3175 5587 3410 5648 habens
3439 5603 3594 5663 pene
3621 5587 3710 5647 in·
