3784 6000
169 240 287 303 759

1232 242 1659 305 GUILLELMI
1703 241 2090 307 TYRENSIS
2131 241 2502 304 ARCHIEP.

3465 234 3585 298 “160

167 375 474 432 videbatur
501 373 622 432 viro
653 374 918 443 discreto,
939 377 997 433 et
1014 376 1437 449 circumspecto
1471 376 1810 448 plurimum,
1843 380 1895 447 Α
1926 376 2254 450 tem,longa
2275 376 2467 449 quiete
2480 372 2864 441 dissolutum
2891 370 3172 445 adjiciens
3194 374 3253 428 et
3271 369 3585 428 inculcans

170 467 327 540 quod
353 465 468 533 bic,
491 466 560 522 de
581 482 697 538 quo
730 481 841 521 non
865 463 1116 522 multum
1139 467 1285 523 bene
1308 467 1676 536 sperabatur,
1698 469 1820 525 An-

169 555 450 614 tiocbenae
482 558 757 626 praeesset
806 552 1132 624 provincias,
1185 571 1363 626 quam
1396 555 1533 617 jvice
1562 557 1691 630 ejus
1715 556 1820 613 ali-

170 647 304 723 quis
321 645 663 721 prudentior
680 645 1086 717 robustiorque
1099 646 1364 704 eamdem
1381 647 1450 702 ad
1462 648 1822 705 ministraret

169 736 488 809 regionem,
552 749 688 789 cum
747 749 858 804 quo
925 733 1307 806 periculosius
1370 741 1522 792 esset
1589 738 1822 809 negotia

167 821 394 896 partiri.
424 821 556 877 Haec
585 818 753 877 nobis
783 820 1014 877 videtur
1042 823 1149 877 viri
1178 822 1611 896 vigilantissimi
1654 841 1820 882 mens

167 911 377 969 fuisse.

238 1001 446 1057 Eadem
468 1003 833 1073 tempestate,
866 1000 1197 1069 Siraconus,
1234 1002 1390 1058 unde
1424 1003 1640 1074 saepius
1683 1003 1821 1060 seci-

168 1107 302 1151 mus
334 1090 713 1157 mentionem,
739 1091 828 1146 vir
848 1091 906 1146 in
926 1096 1185 1148 nostram
1211 1099 1660 1164 argument-osus
1691 1110 1821 1165 per-

169 1183 402 1254 niciem,
422 1180 640 1238 manici
649 1181 809 1252 pium
827 1181 1120 1253 quoddam
1138 1188 1400 1240 nostrum
1422 1184 1479 1239 in
1521 1184 1814 1241 territorio

169 1271 485 1331 sidoniensi
517 1270 718 1338 situm,
737 1270 1079 1343 speluncam
1102 1272 1367 1329 videlicet
1391 1273 1818 1346 inexpugnabi-

171 1360 285 1418 lem
318 1376 443 1432 quae
473 1358 647 1431 vulgo
679 1358 894 1415 dicitur
922 1360 1107 1417 Cavea
1131 1360 1202 1416 de
1234 1362 1478 1433 Tyrum,
1503 1363 1818 1433 corrupti5‚

172 1454 239 1506 ut
265 1447 503 1516 dicitur,
530 1447 714 1519 pretio
745 1449 1107 1516 custodibus,
1150 1450 1364 1506 subitis
1395 1456 1452 1507 et
1480 1451 1819 1523 improvisis

171 1540 416 1609 occupat
464 1536 1016 1594 machinationibus.
1056 1540 1482 1611 Argumentum
1517 1544 1628 1606 est,
1660 1541 1816 1613 quod

170 1643 277 1702 per
320 1641 666 1685 consensum
717 1625 947 1683 illorum
999 1628 1216 1699 quibus
1262 1629 1644 1686 custodienda
1702 1634 1818 1685 tra-

171 1717 295 1775 dita
340 1716 544 1783 fuerat,
595 1713 654 1770 in
703 1731 915 1770 manus
966 1714 1226 1772 bostium
1273 1718 1628 1789 devenisset,
1676 1718 1816 1789 quia

173 1804 376 1862 statim
423 1802 637 1860 tradito
687 1802 1030 1875 municipio,
1084 1805 1185 1877 qui
1249 1806 1409 1863 intus
1455 1812 1641 1876 erant,
1688 1823 1815 1863 om·

173 1909 279 1951 nes
326 1893 399 1950 ad
448 1891 706 1949 bostium
742 1892 884 1948 fines
934 1892 1390 1960 declinaverunt,
1450 1901 1688 1968 excepto
1719 1912 1818 1952 eo-

175 1996 308 2037 rum
355 1980 615 2045 domino,
665 1980 767 2052 qui
834 1996 975 2037 casu
1041 1981 1280 2039 fortuito
1339 1985 1819 2057 comprehensus,

174 2069 496 2142 suspendio
525 2069 679 2141 apud
713 2068 1008 2139 Sidonem,
1059 2071 1238 2127 vitam
1291 2073 1579 2130 inselicem
1618 2074 1819 2129 [inivit.

246 2159 463 2217 Eodem
493 2174 668 2227 anno,
703 2159 977 2217 dominus
1011 2160 1344 2218 Willelmus
1372 2163 1605 2236 inclytae
1638 2180 1825 2220 recor-

176 2246 448 2316 dationis,
480 2248 690 2305 Siciliae
715 2265 833 2321 rex,
858 2250 1081 2306 domini
1106 2251 1314 2322 Rogeri
1338 2254 1488 2322 regis
1512 2253 1691 2322 filius,
1721 2270 1826 2310 ex-

178 2341 431 2396 tremum
470 2336 676 2393 clausit
706 2337 884 2406 diem,
920 2344 1104 2396 morte
1136 2346 1482 2412 praeventus.

252 2426 357 2483 Per
374 2425 531 2482 idem
552 2441 784 2497 quoque
803 2430 1051 2498 tempus,
1075 2429 1340 2500 ejusdem
1359 2432 1603 2503 'generis
1636 2434 1828 2505 prissi-

179 2515 366 2581 dium,
391 2515 670 2586 spelunca
689 2514 898 2571 iterum
924 2517 1416 2590 inexpugnabilis,
1457 2521 1609 2577 ultra
1630 2522 1829 2579 Jorda-

181 2619 313 2661 nem
342 2603 403 2658 in
421 2602 633 2660 tinibus
646 2603 868 2660 Arabiae
881 2605 1084 2673 situm,
1103 2608 1349 2664 fratrum
1364 2610 1586 2666 militiae
1601 2610 1829 2683 Templi

183 2690 494 2766 diligentia!
527 2692 894 2764 deputatum,
919 2693 1107 2751 eidem
1131 2696 1407 2753 Siracono
1438 2699 1728 2769 traditur3
1755 2701 1827 2756 ad

183 2797 361 2859 quarn
375 2780 737 2855 eripiendam
753 2782 1027 2841 dominus
1050 2801 1148 2841 rex
1166 2803 1267 2858 pro
1275 2802 1629 2857 peranscum
1650 2788 1831 2846 multa

184 2869 408 2938 militia,
442 2870 583 2927 dum
625 2886 809 2943 supra
833 2872 1148 2930 Jordanem
1183 2880 1629 2934 castrametatus
1659 2881 1829 2947 esset,

182 2959 706 3033 recepitnuntium,
729 2962 883 3033 quod
908 2963 1245 3034 praesidium
1271 2964 1331 3021 in
1351 2982 1558 3023 manus
1579 2967 1705 3040 jam
1733 2968 1831 3025 de·

180 3054 416 3106 venerat
443 3048 816 3107 inimicorum
840 3071 855 3119 3
890 3067 999 3122 quo
1021 3053 1246 3121 audito,
1270 3055 1544 3112 dominus
1568 3073 1667 3113 rex
1689 3074 1832 3114 con·

1927 472 1985 525 et
2013 468 2086 525 ad
2117 465 2455 523 memoriam
2480 464 2810 536 frequenter
2832 477 3130 532 revocans,
3147 461 3443 534 quomodo
3462 464 3586 519 tam

1928 559 2048 630 bic,
2078 558 2175 632 qui
2210 557 2383 614 modo
2411 570 2585 627 regno
2614 552 2699 609 illi
2733 557 2997 627 praeerat,
3022 566 3198 625 quam
3218 552 3353 624 ejus
3375 566 3590 624 proge-

1935 649 2175 712 nitores,
2217 648 2421 703 contra
2449 660 2581 701 eum
2614 656 2870 715 suosque
2901 641 3358 712 praedecessores
3385 639 3588 695 sedem

1929 737 2041 794 sibi
2070 739 2372 794 erexerant
2399 732 2696 804 aemulam,
2743 729 3031 802 singulari
3060 745 3265 787 eorum
3295 727 3590 786 excellen-

1929 826 2025 883 tiae
2055 826 2453 898 imprudenter
2477 839 2537 879 se
2560 820 2968 893 parificantes3
3001 819 3156 892 quod
3188 817 3367 876 etiam
3397 819 3587 889 legem

1928 913 2126 981 aliam,
2157 911 2756 982 contradictoriasque
2800 908 3143 965 traditiones
3188 908 3397 964 docere
3431 923 3586 978 prae-

1932 1007 2327 1075 sumpserant.
2358 1004 2463 1057 His
2494 1004 2550 1057 et
2581 998 2712 1056 aliis
2761 998 3003 1071 caliphae
3053 997 3267 1053 animae
3305 996 3584 1054 reverbe-

1934 1110 2090 1161 rans,
2126 1110 2252 1166 quae
2286 1089 2628 1147 intendebat
2660 1087 2969 1160 persuasit.
3003 1086 3251 1158 Scripsit
3279 1101 3422 1158 ergo
3456 1085 3589 1141 uni-

1931 1182 2113 1238 versis
2142 1181 2361 1238 erroris
2391 1179 2481 1236 sui
2507 1176 2896 1252 principibus,
2921 1174 3185 1232 districte
3215 1174 3588 1248 praecipiens,

1934 1277 1999 1328 ut
2024 1271 2175 1328 vires
2222 1271 2544 1338 conserant,
2595 1268 2936 1340 impendant
2971 1265 3279 1333 auxilium,
3328 1280 3590 1337 eumque

1930 1364 2269 1432 sequantur.
2295 1358 2551 1415 Audiens
2571 1355 2695 1412 base
2712 1354 2987 1411 dominus
3010 1352 3367 1421 Amalricus,
3389 1351 3592 1410 volens

1929 1449 2087 1505 illius
2132 1447 2432 1505 molimina
2462 1445 2794 1518 praevenire,
2838 1443 3062 1500 curiam
3093 1443 3247 1515 apud
3281 1441 3588 1515 Neapolim

1928 1543 2205 1595 convocat
2233 1534 2561 1610 generalem
2586 1554 2602 1604 3
2629 1533 2728 1589 ubi
2779 1531 3161 1604 praesentibus
3210 1531 3451 1587 domino
3485 1547 3587 1603 pa·

1928 1627 2205 1696 triarcba,
2230 1622 2707 1697 archiepiscopis,
2741 1621 3031 1694 episcopis
3061 1624 3118 1677 et
3146 1620 3278 1677 aliis
3308 1620 3585 1677 ecclesia-

1846 1738 1895 1804 Β
1927 1732 2057 1772 rum
2107 1714 2384 1787 praelatis,
2442 1711 2805 1784 principibus
2837 1714 2893 1766 et
2922 1708 3158 1782 populo,
3208 1709 3591 1766 necessitates

1928 1805 2089 1877 regni
2108 1805 2273 1861 docet
2288 1819 2356 1859 ex
2373 1802 2598 1867 ordine,
2618 1800 2886 1856 omnium
2905 1798 3589 1871 suppliciterimplorans

1929 1893 2231 1951 auxilium.
2290 1891 2597 1948 Decretum
2659 1892 2750 1944 est
2796 1904 2950 1957 ergo,
2999 1891 3057 1944 et
3098 1887 3401 1944 communi
3458 1892 3589 1943 voto

1931 1989 2298 2055 susceptum,
2340 1985 2402 2037 ut
2424 1996 2629 2037 omnes
2651 1976 3023 2051 generaliter,
3046 1977 3281 2034 nemine
3323 1986 3585 2049 excepto,

1932 2074 2004 2128 ad
2048 2072 2207 2144 regni
2241 2069 2591 2138 subsidium,
2625 2069 3025 2124 universarum
3051 2081 3242 2122 rerum
3276 2065 3586 2122 mobilium

1933 2161 2188 2218 decimas
2208 2160 2414 2217 darent
2435 2176 2448 2228 ;
2473 2158 2632 2231 quod
2655 2165 2710 2213 et
2730 2157 2946 2213 factum
2968 2160 3076 2211 est.
3102 2155 3329 2212 Rumor
3349 2155 3586 2212 interim

1933 2255 2059 2309 erat
2090 2267 2204 2307 non
2241 2249 2562 2315 remissior,
2595 2246 2751 2319 quod
2795 2244 2995 2317 procul
3025 2244 3203 2301 dubio
3245 2244 3588 2314 Siraconus,

1937 2338 2180 2412 sumptis
2213 2335 2564 2393 necessariis
2596 2335 2671 2391 ad
2719 2335 2844 2390 dies
2884 2333 3098 2389 multos
3127 2332 3455 2402 alimoniis,
3479 2333 3589 2389 utri

1936 2431 2167 2501 busque
2197 2443 2412 2500 aquam
2444 2426 2731 2492 deferens,
2764 2439 2866 2495 per
2894 2422 3293 2493 solitudinem,
3336 2439 3459 2495 qua
3489 2439 3586 2495 go·

1939 2518 2113 2590 pulus
2145 2516 2324 2574 lsrael
2355 2516 2427 2571 ad
2473 2520 2686 2570 terram
2733 2519 2967 2569 venerat
2999 2510 3434 2584 promissionis,
3488 2512 3590 2567 iter

1939 2609 2285 2680 arripuerat.
2320 2605 2437 2661 Rex
2469 2613 2659 2660 autem
2691 2601 2969 2669 collectis,
3003 2616 3153 2674 quos
3182 2601 3399 2658 habere
3435 2607 3591 2674 pote·

1941 2701 2049 2765 rat,
2074 2695 2382 2761 militibus,
2407 2694 2637 2750 obviam
2658 2690 2877 2760 exiens»,
2901 2706 3088 2762 usque
3104 2691 3176 2746 ad
3205 2690 3591 2759 cadesbarne,

1941 2803 2071 2858 quae
2102 2789 2190 2842 est
2221 2784 2279 2840 in
2320 2782 2642 2840 solitudine
2662 2821 2677 2848 ,
2708 2797 2842 2836 cum
2873 2779 3031 2837 omni
3062 2779 3353 2836 celeritate
3383 2797 3589 2852 prope·

1942 2884 2052 2942 rat,
2080 2879 2145 2930 ut
2172 2878 2406 2931 euntem
2434 2871 2780 2943 impediret3
2813 2885 2997 2943 eoque
3022 2886 3137 2926 non
3168 2869 3432 2938 invento,
3453 2868 3591 2929 cele·

1943 2965 2067 3023 rius
2097 2966 2422 3022 revertitur.

2557 3051 2792 3109 CAPUT
2831 3050 2978 3108 xm.

184 3139 357 3196 fusus
387 3137 563 3195 stira
601 3154 941 3211 succensus,
992 3141 1062 3198 de
1114 3141 1390 3202 fratribus
1438 3146 1687 3215 Templi,
1733 3147 1830 3219 qui
1863 3108 1907 3175 C
1940 3149 2056 3204 Rex
2094 3145 2421 3201 siraconum
2464 3143 2815 3213 subsequens,
2873 3139 3141 3197 similiter
3198 3140 3490 3198 descendit
3540 3144 3595 3198 in

187 3225 460 3283 hostibus
509 3230 763 3283 castrum
814 3230 1186 3302 tradiderant,
1237 3232 1496 3303 patibulo
1555 3235 1688 3292 fecit
1733 3252 1837 3292 su-

186 3315 390 3388 spendi
441 3314 597 3372 circa
643 3316 968 3374 duodecim.
1019 3319 1230 3391 Sicque
1273 3324 1447 3380 rebus
1497 3324 1711 3380 nostris
1768 3341 1832 3381 eo

189 3420 364 3471 anne,
395 3404 640 3476 quierat
669 3406 832 3477 regni
878 3407 1100 3464 domini
1132 3411 1406 3467 Amalrici
1437 3412 1668 3485 tertius,
1700 3429 1833 3484 pec-

190 3493 337 3551 catis
366 3493 580 3550 nostris
609 3494 995 3567 exigentibus,
1028 3498 1346 3569 plurimum
1377 3503 1617 3558 accessit
1655 3503 1838 3559 detri-

192 3582 368 3639 menti
391 3596 406 3649 ;
437 3582 520 3637 ita
539 3587 604 3638 ut
625 3598 868 3656 regnum
887 3585 1223 3645 universum
1243 3588 1301 3644 in
1321 3594 1481 3648 arcto
1501 3591 1676 3648 nimis
1688 3597 1839 3649 esset

188 3671 599 3730 constitutum.

813 3781 1044 3839 CAPUT
1082 3784 1206 3841 ΧΠ.

190 3885 521 3943 Describitur
556 3888 928 3960 compositoris
982 3892 1146 3959 huius
1196 3892 1446 3950 historiae
1493 3896 1555 3949 in
1595 3896 1841 3964 patriam

260 3956 472 4014 reditus
490 3974 514 4024 ,·
542 3966 594 4015 et
621 3959 687 4015 de
724 3959 847 4030 ejus
871 3977 1131 4031 processa
1173 3967 1504 4035 aperiuntur
1544 3968 1836 4022 nonnulla.

261 4030 555 4086 Sir-aconas
576 4032 637 4085 in
664 4033 965 4103 AEqyptum
1020 4034 1317 4106 descendit,
1366 4041 1604 4093 multam
1660 4054 1842 4095 secum

262 4100 486 4156 trahens
517 4102 810 4157 militiam.

265 4207 417 4263 Dum
447 4207 572 4263 haec
601 4209 753 4264 circa
776 4225 883 4265 nos
914 4216 1398 4280 aguntur-,rumor
1420 4216 1691 4288 frequens
1710 4234 1842 4289 per·

193 4295 417 4359 sonuit,
449 4304 502 4349 et
530 4296 683 4353 fama
712 4297 922 4354 celebri
949 4299 1378 4372 divulgabatur,
1412 4305 1561 4376 quod
1590 4323 1739 4378 saepe
1759 4307 1842 4362 di-

194 4388 325 4442 ctus
368 4383 681 4441 Siraconus
730 4402 864 4442 cum
915 4390 1230 4461 magnifico
1276 4399 1579 4465 apparatu,
1630 4412 1841 4453 convo·

2016 3221 2345 3290 AEqyptum,
2378 3213 2651 3288 AE'yyptiis
2670 3213 2954 3269 auxilium
2974 3211 3421 3269 ministraturus.

2014 3324 2349 3379 Convocatis
2398 3338 2530 3392 ergo
2566 3337 2636 3377 ex
2666 3319 2912 3377 urbibus
2942 3318 3194 3392 singulis
3241 3336 3343 3392 per
3394 3335 3595 3378 vocem

1947 3413 2319 3488 praeconiam,
2359 3415 2478 3467 tam
2509 3410 2762 3481 equiturn
2824 3426 3003 3482 quam
3064 3410 3326 3482 peditum
3376 3410 3600 3468 viribus

1949 3504 2262 3571 universis,
2303 3506 2362 3558 et
2392 3501 2543 3573 apud
2573 3499 2922 3556 Ascalonem
2967 3500 3326 3557 unanimiter
3356 3517 3599 3573 congre·

1949 3593 2115 3667 gatis,
2147 3609 2210 3648 ιιι
2241 3590 2360 3648 Kal.
2397 3589 2716 3658 Februarii,
2752 3593 3008 3660 coeptum
3040 3589 3448 3663 aggredientes
3471 3592 3599 3653 iter,

1951 3682 2269 3754 assumptis
2301 3681 2413 3737 sibi
2443 3681 2515 3736 ad
2547 3679 2669 3736 dies
2701 3678 3047 3735 constitutos
3094 3680 3443 3737 necessariis
3496 3679 3603 3737 ali-

1952 3770 2189 3836 mentis,
2223 3769 2548 3825 vastitatem
2598 3765 2960 3833 solitudinis,
3002 3783 3130 3839 quis
3171 3767 3478 3840 interjecta
3517 3776 3602 3826 est

1954 3859 2145 3916 media
2169 3858 2321 3914 inter
2340 3858 2575 3925 Gazam,
2600 3856 2863 3913 ultimam
2889 3857 3053 3929 regni
3076 3856 3261 3914 nostri
3283 3857 3600 3929 civitatem3

1953 3954 2011 4006 et
2042 3946 2433 4021 AEgyptiacam
2464 3945 2779 4015 dioecesim,
2804 3945 3091 4002 recensito
3113 3962 3354 4003 suorum
3387 3963 3601 4003 nume-

1952 4054 2039 4104 re,
2073 4041 2132 4093 et
2164 4034 2500 4093 novissimis
2529 4034 2899 4107 exspectatis,
2924 4034 3078 4107 apud
3104 4033 3287 4103 Laris,
3313 4034 3600 4108 antiquis·

1952 4126 2171 4183 simum
2217 4124 2480 4197 ejusdem
2536 4120 2879 4180 solitudinis
2945 4124 3245 4194 oppidum,
3299 4123 3598 4179 maturatis

1952 4219 2261 4272 transeunt
2289 4212 2635 4281 itineribus;
2667 4211 2899 4268 tandem
2932 4213 3087 4283 apud
3118 4228 3242 4267 eam
3276 4228 3406 4282 quae
3426 4211 3599 4269 hodie

1951 4313 2170 4368 dicitur
2198 4310 2424 4368 Belbeis
2442 4310 2763 4379 civitatem,
2784 4310 2939 4366 unde
2959 4310 3315 4381 frequentem
3351 4310 3598 4368 fecimus

1953 4402 2327 4469 mentionem,
2376 4417 2504 4472 qum
2542 4398 2684 4457 olim
2724 4401 2880 4456 dicta
2922 4407 3008 4456 est
3054 4398 3379 4471 Pelusium,
3429 4401 3599 4471 cujus

195 4473 600 4532 eatisinilnitis
622 4476 930 4547 militibus,
954 4480 1026 4536 ab
1048 4481 1385 4540 orientaliet
1402 4486 1835 4556 septentrionali
1868 4469 1915 4533 D
1948 4492 2219 4563 frequens
2253 4488 2594 4546 memoriam
2625 4488 2793 4546 estin
2817 4489 3138 4563 prophetis,
3161 4489 3475 4547 universus
3501 4508 3601 4562 ap—

193 4566 402 4625 tractu,
436 4563 496 4620 in
516 4569 825 4640 AEgyptum
853 4568 1044 4625 denuo
1068 4572 1304 4642 parabat
1324 4575 1705 4644 descensum;
1730 4591 1837 4633 nec

193 4658 316 4711 erat
344 4669 493 4710 vana
520 4655 736 4726 opinio.
768 4656 1002 4715 Adierat
1025 4660 1181 4716 enim
1204 4661 1367 4718 illum
1402 4664 1717 4719 maximum
1748 4665 1838 4720 Sa-

188 4757 533 4799 racenorum
566 4743 906 4817 principem,
932 4748 1029 4819 qui
1053 4749 1216 4819 quasi
1247 4750 1565 4823 singularis
1596 4767 1838 4808 monar-

192 4830 321 4900 cha,
351 4833 582 4890 cunetis
614 4833 1000 4906 excellentior,
1034 4841 1307 4897 omnibus
1339 4858 1583 4913 praeesse
1633 4842 1839 4899 intelli-

192 4921 374 4994 gitur,
405 4922 702 4994 calipham,
727 4925 991 4985 videlicet
1011 4932 1081 4986 de
1112 4929 1359 5001 Baldac;
1396 4934 1465 4989 ad
1500 4950 1671 5007 quem
1705 4950 1836 5007 per-

194 5011 451 5078 veniens,
487 5012 741 5071 exbibita
771 5016 943 5074 solita
973 5023 1313 5084 reverentia,
1347 5024 1522 5096 eoepit
1551 5040 1836 5095 exponere

194 5099 527 5173 diligenter,
550 5102 1010 5165 innumerabiles
1030 5110 1255 5183 AEgypti
1279 5112 1530 5180 divitias,
1559 5114 1838 5170 bonorum

194 5189 484 5259 omnium,
506 5196 563 5248 et
584 5192 976 5266 singularium
1000 5199 1484 5258 commoditatum
1517 5203 1711 5275 copias
1734 5201 1841 5258 ad-

193 5278 497 5337 mirabiles
521 5298 537 5350 ;
569 5282 844 5356 principis
868 5284 1025 5343 illius
1046 5289 1484 5349 inaestimabiles
1505 5293 1837 5363 thesauros,

194 5383 429 5438 census,
459 5372 781 5445 vectigalia,
815 5376 884 5431 de
917 5380 1282 5437 terrestribus
1313 5385 1370 5438 et
1398 5382 1709 5440 maritimis
1744 5401 1839 5441 ur-

196 5453 393 5523 bibus,
424 5474 649 5518 annuas
678 5462 1053 5525 obventiones
1082 5470 1425 5541 quantitatis
1457 5471 1733 5542 infinit‘s3
1764 5474 1838 5531 ad

197 5541 321 5602 bisc
348 5546 633 5618 populum
662 5550 887 5613 deliciis
913 5554 1196 5625 deditum,
1224 5559 1308 5615 rei
1337 5559 1606 5620 militaris
1631 5577 1835 5637 exper-

1948 4581 2126 4653 plicat
2154 4579 2457 4636 exercitus.
2490 4579 2729 4651 Cognito
2750 4596 2881 4653 ergo
2900 4579 3118 4636 domini
3149 4579 3299 4652 regis
3319 4580 3594 4649 adventu,

1948 4671 2121 4726 Savar
2150 4669 2450 4738 soldanus,
2501 4671 2572 4727 de
2613 4668 2807 4726 subito
2856 4673 3186 4726 nostrorum
3232 4668 3597 4741 stupefactus

1946 4775 2210 4824 occursu,
2242 4758 2456 4814 timens
2485 4776 2555 4816 ne
2581 4758 2861 4815 adversus
2885 4775 3018 4817 cum
3045 4762 3369 4815 strueretur
3400 4758 3596 4815 omnis

1948 4857 2263 4919 apparatus
2292 4852 2349 4903 et
2376 4847 2447 4902 de
2472 4849 2588 4905 fide
2618 4854 2951 4907 nostrorum
2975 4847 3597 4912 dubitans,t'ormidine

1948 4933 2133 4989 nimia
2156 4933 2466 5005 corripitur
2488 4952 2504 5002 ς
2539 4950 2699 5001 nam,
2727 4934 2862 4992 licet
2883 4934 3029 4991 alias
3049 4933 3134 4989 vir
3155 4933 3422 5006 prudens
3443 4938 3500 4991 et
3516 4936 3599 4991 in·

1948 5022 2232 5090 dustrius,
2265 5024 2656 5096 providusque
2687 5023 3004 5097 plurimum
3050 5024 3389 5093 haberetur,
3444 5025 3504 5081 in
3533 5040 3600 5081 ea

1950 5119 2142 5167 tamen
2174 5116 2333 5183 parte
2363 5117 2481 5167 tam
2515 5113 2789 5187 supinus,
2821 5119 3059 5187 tamque
3089 5128 3289 5170 crassa
3322 5112 3599 5169 laborans

1948 5201 2279 5274 ignorantia
2307 5206 2576 5274 repertus
2604 5211 2712 5272 est,
2748 5208 2811 5260 ut
2840 5204 2943 5260 viis
2985 5219 3222 5260 causam
3264 5211 3596 5260 nostrorum

1949 5291 2213 5360 edoctus,
2238 5290 2328 5346 vix
2348 5291 2639 5361 crederet;
2673 5309 2936 5366 peneque
2957 5309 3109 5361 sero,
3140 5291 3455 5366 lentusque
3484 5292 3594 5349 mi-

1950 5380 2093 5436 serit
2121 5380 2512 5452 exploratores
2558 5399 2661 5454 per
2690 5382 3091 5452 solitudinem,
3123 5383 3226 5455 qui
3256 5382 3310 5439 ei
3340 5387 3499 5440 certa
3528 5382 3598 5439 dc

1950 5472 2205 5528 bostium
2236 5472 2486 5530 exercitu
2518 5474 2873 5534 nuntiarent.
2912 5475 3239 5533 Redeuntes
3266 5478 3468 5532 autem
3495 5475 3596 5550 qui

1950 5560 2119 5622 missi
2147 5560 2404 5637 fuerant,
2428 5566 2744 5632 Turcornm
2778 5564 3198 5640 expeditiones,
3241 5564 3317 5626 ad
3347 5579 3484 5626 eum
3507 5565 3596 5660 lo·
