3784 6000
108 193 253 252 1197

1105 180 1481 250 EPISTOLAE
1518 190 1608 250 ET
1646 190 2080 253 PRIVILEGIA.
2124 226 2194 240 —
2230 194 2348 255 AN.

2395 194 2552 255 1183.
3382 192 3522 261 lias

112 335 251 386 nus,
276 317 591 377 mutabilia
609 317 796 377 corda
821 332 944 376 non
970 317 1286 391 approbat,
1313 318 1422 375 sed
1452 318 1651 391 potius
1670 335 1762 377 sa-
1788 322 1835 377 A
1869 321 2159 392 exigerint
2185 328 2241 380 et
2279 320 2360 380 ad
2383 326 2650 379 vestrum
2683 318 2991 381 servitium
3034 321 3257 383 inventi
3281 324 3519 396 fuerint,

110 425 279 467 crum
307 410 682 482 propositum
730 409 914 466 semel
966 409 1297 482 incoeptum
1339 410 1583 481 perduci
1636 410 1764 468 vult

112 514 305 571 usque
324 499 385 555 in
417 498 600 554 finem
613 498 829 555 debitoe
855 499 1125 555 actionis.
1151 501 1306 564 Quot
1324 502 1384 554 et
1414 499 1627 569 quanti
1655 498 1762 554 sub

113 587 352 644 militari
378 586 619 658 cingulo
636 591 692 643 et
707 586 1025 659 chlamyde
1039 587 1252 643 terreni
1266 586 1498 660 imperii
1512 588 1764 646 Domino

113 677 488 751 placuerunt,
503 676 736 750 sibique
754 675 1100 733 memoriale
1131 681 1489 749 perpetuum
1513 677 1766 751 relique-

113 765 304 823 runt?
334 768 489 833 Quot
516 772 572 822 et
596 766 806 839 quanti
838 766 899 823 in
945 766 1131 822 armis
1161 765 1394 823 bellicis
1438 766 1762 833 constituti,

114 870 225 928 pro
248 859 604 912 testamento
631 854 731 911 Dei
760 858 817 912 et
853 859 1242 927 paternarum
1300 852 1506 926 legum
1563 854 1767 912 defen·

118 944 286 1001 sione
317 943 440 999 suis
474 942 851 1016 temporibus
914 941 1142 1001 fortiter
1164 942 1545 1011 dimicarunt,
1586 950 1767 1018 atque

118 1048 337 1090 manus
353 1049 497 1090 suas
523 1032 583 1088 in
607 1033 967 1105 sanguinem
999 1031 1331 1088 infidelium
1352 1032 1608 1090 Domino
1629 1048 1770 1090 con·

115 1126 439 1191 secrantes,
471 1126 612 1194 post
640 1120 887 1179 bellicos
911 1120 1187 1189 sudores,
1220 1128 1456 1178 oeternae
1473 1122 1608 1179 vitoe
1628 1122 1768 1179 bra-

113 1212 282 1268 vium
308 1218 447 1267 sunt
471 1210 669 1284 adepti
704 1209 734 1267 ‘f
765 1211 966 1268 Videte
1018 1211 1222 1283 itaque
1270 1211 1645 1268 vocationem
1673 1226 1770 1269 ve-

117 1305 321 1367 stram,
347 1299 556 1356 fratres
589 1304 713 1356 tam
747 1299 963 1356 milites
991 1314 1182 1372 quam
1206 1299 1545 1368 servientes,
1590 1305 1774 1373 atque

113 1389 286 1462 juxta
312 1388 686 1460 Apostolum,
716 1388 1130 1461 unusquisque
1157 1395 1443 1456 vestrum,
1465 1390 1656 1462 inqua
1677 1403 1773 1445 vo-

116 1478 349 1534 catione
376 1482 624 1534 vocatus
655 1482 759 1543 est,
795 1477 853 1532 in
878 1492 950 1533 ea
979 1480 1357 1549 permaneat.
1389 1476 1649 1550 Ideoque
1665 1477 1780 1534 fra.

117 1570 240 1625 tres
268 1572 492 1623 vestros
518 1566 702 1623 semel
729 1567 978 1623 devotos
1019 1572 1201 1639 atque
1225 1567 1287 1622 in
1328 1581 1503 1624 sacro
1530 1566 1781 1638 collegio

1868 415 2010 467 tunc
2031 411 2279 468 demum
2312 409 2742 483 professionem
2774 408 2995 469 facient
3059 414 3409 484 regulariter
3442 416 3523 474 vi-

1869 500 2048 555 vendi
2077 501 2435 571 etmagistro
2458 515 2567 556 suo
2591 498 2931 563 obediendi,
2949 501 3033 557 ita
3051 505 3255 560 tamen
3282 509 3524 564 uteum-

1869 587 2010 644 dem
2035 588 2258 646 victum
2285 593 2338 645 et
2354 589 2633 646 vestitum
2660 587 2971 646 vobiscum
2999 590 3264 650 babeant
3291 609 3523 653 necnon

1869 678 2256 744 lectisternia,
2296 681 2544 751 excepto
2587 692 2660 734 eo
2707 678 2871 751 quod
2927 679 3281 740 vestimenta
3317 683 3526 743 clausa

1871 765 2224 839 portabunt.
2294 767 2412 823 Sed
2475 782 2585 823 nee
2664 766 2812 838 ipsis
2859 766 3036 826 liceat
3092 769 3169 826 de
3237 772 3524 845 capitulo,

1870 854 1964 911 vel
1988 855 2362 912 curadomus
2382 860 2594 912 vestrae
2624 870 2687 912 se
2711 859 2933 913 temere
2963 857 3370 931 intromittere,
3395 861 3513 919 nisi

1872 948 2172 1017 quantum
2232 945 2317 1000 eis
2358 960 2394 1001 a
2441 944 2614 1001 vobis
2666 943 2839 1001 fuerit
2892 946 3252 1017 injunctum.
3307 948 3526 1008 Curam

1873 1047 2118 1105 quoque
2131 1034 2472 1090 animarum
2497 1038 2726 1090 tantum
2757 1033 3020 1092 habeant
3046 1041 3345 1109 quantum
3369 1054 3521 1098 avo·

1876 1120 1970 1177 bis
2003 1121 2217 1178 fuerint
2264 1122 2548 1195 requisiti.
2584 1126 2873 1181 Praeterea
2896 1124 3040 1181 nulli
3053 1141 3329 1198 persona?³
3361 1132 3531 1187 extra

1877 1215 2142 1267 vestrum
2155 1210 2487 1284 capitulum
2510 1212 2626 1268 sint
2655 1212 2900 1284 subjecti
2923 1233 2940 1279 ς
2972 1214 3216 1287 tibique,
3235 1216 3447 1275 dilecte
3466 1217 3530 1274 in

1882 1299 2137 1356 Domino
2151 1300 2236 1356 fili
2252 1299 2770 1374 arnalde,tuisque
2784 1304 3232 1360 successoribus
3250 1310 3533 1380 tanquam

1885 1388 2173 1460 magistro
2194 1394 2250 1444 et
2289 1390 2537 1461 praelato
2564 1405 2693 1451 suo.
2735 1390 3067 1448 secuudum
3117 1398 3337 1451 statuta
3374 1395 3532 1452 ordi·

1884 1476 1983 1534 nis
2016 1479 2193 1535 vestri
2223 1477 2627 1536 obebientiam
2653 1478 2944 1536 deferant.

1962 1566 2454 1624 consecrationes
2479 1583 2619 1624 vero
2644 1567 2922 1626 altarium
2988 1586 3093 1627 seu
3124 1570 3536 1643 basilicarum,

117 1660 318 1713 vestro
349 1660 643 1728 receptos,
674 1660 811 1729 post
839 1655 1064 1713 factam
1097 1655 1158 1711 in
1174 1661 1381 1713 vestra
1411 1656 1622 1713 militia
1645 1670 1785 1729 pro·
1816 1685 1856 1740 Β
1891 1655 2300 1714 ordinationes
2323 1656 2674 1714 clericorum
2711 1658 2814 1730 qui
2836 1660 2912 1714 ad
2936 1674 3137 1717 sacros
3159 1661 3402 1719 ordines
3417 1661 3541 1721 fue-

121 1744 447 1803 fessionem
465 1745 807 1802 ethabitum
823 1744 1126 1816 religionis
1151 1749 1566 1817 assumptum,
1597 1760 1784 1802 rever·

122 1833 286 1891 tendi
318 1835 393 1891 ad
426 1833 711 1891 saeculum
750 1832 983 1890 nullam
1017 1833 1238 1890 habere
1266 1834 1654 1908 praecipimus
1704 1833 1785 1890 fa·

126 1924 433 1980 cultatem.
476 1927 592 1980 Nec
620 1922 799 1980 alicui
854 1938 1065 1980 eorum
1092 1923 1184 1979 fas
1243 1922 1339 1991 sit,
1397 1928 1536 1995 post
1565 1922 1784 1979 factam

123 2011 587 2085 professionem,
615 2011 801 2068 semel
825 2014 1205 2083 assumptam
1237 2027 1477 2068 crucem
1519 2010 1786 2069 Domini-

123 2117 285 2169 cam,
307 2107 363 2159 et
378 2101 657 2159 habitum
673 2106 880 2158 vestroe
895 2101 1283 2174 professionis
1295 2101 1576 2172 abjicere,
1592 2100 1685 2158 vel
1704 2098 1785 2157 ad

122 2191 312 2250 alium
341 2191 568 2259 locum,
619 2207 729 2248 seu
779 2191 961 2248 etiam
1031 2191 1484 2261 monasterium,
1536 2189 1785 2261 majoris

124 2281 251 2337 sive
284 2280 537 2338 minoris
566 2279 874 2351 religionis
899 2279 1169 2349 obtentu,
1201 2279 1403 2335 invitis
1434 2279 1553 2336 sive
1581 2278 1786 2335 incon·

124 2370 300 2427 sultis
331 2369 639 2433 fratribus,
682 2375 783 2426 aut
841 2385 914 2426 eo
966 2369 1070 2442 qui
1131 2368 1417 2439 magister
1477 2368 1780 2434 exstiterit,

117 2461 297 2518 liceat
337 2460 792 2531 transmigrare.
828 2458 1095 2530 Nulliqae
1144 2457 1569 2515 ecclesiasticas
1600 2474 1785 2513 saecu-

112 2551 303 2609 larive
356 2566 631 2624 personae
685 2550 850 2624 ipsos
913 2548 1281 2622 suscipiendi
1331 2553 1438 2606 aut
1485 2546 1785 2607 retinendi

121 2640 363 2699 licentia
395 2645 616 2713 pateat.

200 2731 351 2787 Sane
376 2728 659 2786 laborum
690 2732 1019 2785 vestrorum
1048 2742 1202 2799 quos
1231 2727 1468 2800 propris
1497 2727 1786 2784 manibus

123 2824 233 2877 aut
263 2819 605 2892 sumptibus
635 2817 850 2884 colitis,
883 2816 1007 2873 sive
1027 2816 1102 2872 de
1132 2816 1509 2873 nutrimentis
1550 2816 1781 2873 anima·

120 2907 274 2966 lium
308 2912 668 2977 vestrorum,
699 2906 901 2963 nullus
928 2921 968 2963 a
999 2905 1171 2963 vobis
1223 2906 1492 2964 decimas
1525 2904 1783 2976 exigere,

1891 1744 2414 1817 rintpromovendi
2434 1752 2490 1802 et
2503 1751 2718 1803 caetera
2739 1746 3143 1805 ecclesiastica
3162 1756 3542 1809 sacramenta

1893 1850 1929 1890 a
1947 1833 2305 1891 dioeeesanis
2354 1834 2695 1908 suscipiatis
2738 1836 3060 1909 episcopis,
3118 1839 3415 1911 siquidem
3445 1857 3543 1899 ca·

1895 1922 2095 1980 tholici
2141 1923 2380 1989 fuerint,
2426 1929 2482 1980 et
2507 1926 2763 2002 gratiam
2816 1929 2998 1998 atque
3050 1930 3543 1988 communionem

1895 2011 2057 2069 sedis
2085 2012 2430 2085 apostolicas
2461 2013 2799 2085 habuerint,
2822 2019 2878 2071 et
2906 2029 2977 2072 ea
3001 2017 3184 2086 gratis
3213 2021 3270 2074 et
3312 2019 3543 2092 absque

1893 2103 2180 2175 pravitate
2209 2101 2411 2175 aliqua
2429 2102 2603 2159 vobis
2620 2102 2918 2160 noluerint
2945 2104 3246 2165 exhibere.
3267 2107 3543 2181 Alioquin

1893 2191 2067 2248 liceat
2088 2191 2258 2248 vobis
2278 2191 2605 2249 catholicos
2621 2208 3014 2266 quoscunque
3037 2194 3363 2252 malueritis
3379 2196 3547 2255 adire

1893 2281 2205 2347 antistites,
2236 2281 2363 2354 qui,
2405 2280 2691 2337 nimirum
2750 2288 2955 2339 nostra
2997 2282 3127 2339 fulti
3171 2286 3544 2353 auctoritate,

1892 2384 2029 2442 quae
2041 2368 2420 2439 postulantur
2439 2370 2809 2441 indulgeant.
2824 2370 3080 2429 Clericos
3099 2378 3296 2429 autem
3313 2389 3422 2446 pro
3447 2388 3547 2447 pe-

1893 2459 2072 2514 cunia
2100 2458 2427 2531 proedicare
2453 2464 2558 2515 aut
2586 2458 2773 2529 lucro,
2793 2476 3024 2533 vosque
3053 2476 3166 2533 pro
3192 2461 3548 2534 hujusmodi

1893 2563 2081 2605 causa
2105 2563 2208 2604 eos
2232 2548 2312 2605 ad
2340 2548 2795 2621 proedicandum
2842 2552 3095 2616 mittere,
3130 2551 3543 2623 probibemus,

1892 2637 2008 2692 nisi
2035 2635 2184 2694 forte
2211 2638 2499 2708 magister
2524 2637 2751 2710 Templi
2782 2640 2885 2710 qui
2918 2653 3026 2711 pro
3057 2644 3326 2712 tempore
3348 2639 3546 2712 fuerit,

1892 2727 2068 2783 certis
2088 2741 2160 2782 ex
2199 2726 2397 2782 causis
2434 2726 2494 2782 id
2523 2725 2866 2783 faciendum
2906 2742 3034 2784 esse
3087 2728 3432 2785 decreverit.
3483 2729 3544 2787 Si

1893 2814 2144 2888 quaudo
2160 2830 2300 2871 vero
2313 2815 2445 2872 loca
2461 2815 2696 2872 deserta
2721 2814 2963 2888 fuerint,
2991 2816 3188 2874 eidem
3211 2818 3545 2877 venerabili

1893 2903 2124 2972 domui,
2141 2904 2220 2960 ab
2244 2903 2447 2976 aliquo
2469 2904 2899 2976 piadevotione
2920 2904 3157 2974 collata,
3185 2906 3358 2964 liceat
3371 2907 3540 2965 vobis

121 2997 224 3056 vel
247 3002 598 3072 extorquere
627 2998 976 3069 praesumat.
1008 2996 1299 3054 Coeterum
1327 2994 1595 3051 decimas
1623 3010 1783 3067 quas
1892 2992 2114 3050 ibidem
2147 2992 2316 3050 villas
2346 2993 2667 3064 aediticare,
2708 2993 2988 3052 ecclesias
3011 3000 3067 3051 et
3096 2996 3434 3054 caemeteria
3466 2996 3541 3055 ad

124 3087 380 3146 consilio
399 3093 455 3143 et
479 3101 776 3143 consensu
807 3084 1225 3156 episcoporum
1263 3084 1341 3141 de
1388 3099 1575 3140 manu
1615 3084 1786 3141 cleri·
1891 3098 2048 3157 opus
2075 3082 2391 3140 hominum
2419 3083 2642 3140 ibidem
2688 3085 3062 3141 manentium
3117 3086 3428 3154 fabricare,
3460 3086 3544 3146 ita

126 3193 341 3240 eorum
355 3176 446 3233 vel
472 3175 763 3233 laicorum
798 3173 1023 3230 habere
1074 3174 1363 3243 poteritis,
1411 3172 1545 3231 illas
1600 3173 1785 3230 etiam

122 3284 285 3342 ques
311 3263 822 3324 consentientibus
851 3262 1150 3335 episcopis
1189 3269 1247 3319 et
1284 3277 1493 3319 eorum
1548 3262 1780 3320 clericis

126 3356 467 3430 acquiretis,
491 3353 666 3411 vobis
693 3352 1045 3410 auctoritate
1073 3351 1405 3425 apostolica
1453 3350 1785 3409 confirma-

127 3463 288 3505 mus.

200 3537 268 3593 Ut
298 3538 503 3593 autem
522 3533 602 3594 ad
627 3530 1056 3608 plenitudinem
1089 3529 1298 3588 salutis
1335 3534 1394 3587 et
1421 3545 1631 3587 curam
1656 3528 1780 3587 ani-

127 3641 370 3683 marum
396 3630 735 3684 vestrarum
763 3619 911 3678 nihil
929 3620 1103 3677 vobis
1121 3620 1274 3677 desit
1301 3625 1359 3677 et
1383 3619 1785 3678 ecclesiastica

129 3719 511 3771 sacramenta
537 3718 593 3769 et
622 3711 829 3769 divina
847 3709 1048 3769 officia
1094 3714 1294 3765 vestro
1326 3724 1499 3767 sacro
1528 3708 1782 3780 collegio

131 3803 525 3861 exhibeantur
552 3799 960 3866 commodius,
992 3797 1170 3857 simili
1185 3797 1374 3856 modo
1396 3799 1699 3855 sancimus
1722 3801 1787 3857 ut

128 3891 302 3950 liceat
349 3890 524 3948 vobis
553 3891 841 3948 honestos
896 3888 1141 3946 clericos
1181 3892 1236 3944 et
1287 3887 1649 3957 sacerdotes,
1697 3902 1786 3945 se·

133 3981 400 4038 cundum
430 3982 615 4036 Deum
636 3983 935 4054 quantum
971 3976 1055 4036 ad
1084 3981 1346 4036 vestram
1368 3976 1678 4034 scientiam
1694 3991 1787 4034 or-

130 4072 388 4136 dinatos,
419 4069 821 4142 undecunque
846 4066 924 4124 ad
957 4068 1382 4124 vosvenientes
1397 4066 1789 4139 suscipere‚et

130 4164 255 4217 tam
281 4160 340 4215 in
401 4156 714 4229 principali
765 4157 950 4213 domo
1002 4161 1201 4212 vestra
1244 4169 1433 4228 quam
1484 4154 1667 4212 etiam
1725 4155 1784 4212 in

131 4245 487 4305 obedientiis
498 4249 558 4302 et
575 4245 724 4302 locis
749 4244 861 4300 sibi
881 4243 1161 4308 subditis,
1192 4242 1509 4300 vobiscum
1521 4243 1783 4312 habere;

1892 3177 2093 3229 tamen
2125 3172 2266 3229 utin
2295 3172 2509 3230 vicinia
2529 3163 2626 3229 illa
2643 3173 2887 3231 abbatia
2901 3174 2988 3231 vel
3010 3174 3545 3245 religiosorumho·

1891 3261 2126 3318 minum
2156 3261 2469 3331 collegium
2511 3278 2630 3318 non
2653 3262 2888 3329 existat,
2916 3280 3051 3337 quae
3072 3264 3152 3320 ob
3199 3264 3314 3322 hoc
3348 3265 3546 3323 valeat

1892 3350 2246 3423 perturbari.
2278 3350 2427 3406 Cum
2459 3354 2662 3406 autem
2685 3355 2853 3408 terrae
2880 3351 3053 3408 cultoe
3088 3352 3258 3408 vobis
3278 3353 3547 3426 quolibet

1884 3439 2048 3511 justo
2073 3437 2240 3494 titulo
2269 3438 2669 3504 conferantur,
2730 3438 3070 3496 facultatem
3125 3445 3182 3496 et
3239 3440 3543 3500 licentiam

1889 3526 2167 3584 habeatis
2192 3526 2414 3583 ibidem
2436 3527 2698 3583 oratoria
2715 3529 3121 3598 construendi,
3139 3533 3193 3584 et
3208 3530 3545 3589 coemeteria

1891 3616 2147 3674 faciendi
2162 3614 2238 3672 ad
2250 3630 2408 3688 opus
2422 3616 2856 3673 transeuntium
2871 3621 3148 3675 eteorum
3177 3617 3544 3677 solummodo

1890 3706 1997 3779 qui
2035 3704 2111 3761 de
2143 3709 2337 3762 vestra
2362 3704 2581 3761 fuerint
2613 3720 2839 3762 mensa.
2864 3705 3154 3763 ludecens
3173 3707 3335 3764 enim
3361 3711 3453 3764 est
3488 3711 3547 3766 et

1892 3796 2236 3853 animarum
2269 3793 2531 3866 periculo
2564 3794 2926 3866 proximum,
2976 3795 3286 3869 religiosos
3332 3795 3545 3853 fratres

1891 3884 2208 3942 occasione
2239 3881 2533 3940 adeundas
2563 3883 2849 3950 ecclesiae,
2883 3900 2945 3940 se
2970 3885 3235 3942 virorum
3267 3884 3455 3942 turbis
3473 3886 3549 3958 :et

1893 3973 2214 4030 mulierum
2236 3971 2579 4046 frequentiae
2621 3972 2982 4029 immiscere.
3015 3973 3369 4046 Quicunque
3404 3988 3548 4032 sane

1893 4062 1956 4119 in
1985 4065 2181 4119 vestro
2202 4060 2448 4132 collegio
2502 4061 2922 4133 suscipientur,
2973 4061 3360 4119 stabilitatem
3410 4062 3546 4130 loci,

1893 4151 2349 4210 conversionem
2392 4165 2649 4216 morum,
2678 4166 2861 4223 seque
2886 4150 3240 4208 militaturos
3291 4152 3550 4210 Domino
3601 4150 3606 4154 ’

1893 4240 2109 4298 diebus
2143 4241 2273 4296 vitae
2303 4256 2427 4296 suae
2449 4240 2564 4296 sub
2592 4239 2936 4297 obedientia
2992 4240 3262 4311 magistri
3300 4241 3549 4315 Templi,

132 4335 535 4393 dummodosi
563 4332 807 4390 evicino
838 4336 992 4399 sunt,
1020 4332 1457 4404 eosapropriis
1485 4333 1785 4407 episcopis
1897 4330 2091 4404 posito
2120 4329 2335 4401 scripto
2375 4344 2559 4402 super
2609 4328 2794 4386 altare
2842 4330 2904 4385 in
2956 4344 3081 4402 quo
3136 4330 3555 4388 contineantur

130 4425 442 4498 expetatis,
466 4422 765 4497 iidemque
816 4422 960 4478 nulli
1007 4421 1108 4479 alii
1159 4421 1519 4494 professioni
1574 4421 1669 4480 vel
1692 4437 1787 4479 or
1818 4400 1863 4457 D
1897 4420 2028 4485 ista,
2059 4419 2422 4492 promittent.
2457 4419 2840 4476 Decernimus
2900 4433 3045 4491 ergo
3079 4424 3141 4475 ut
3210 4426 3552 4492 receptores

133 4514 262 4571 dini
301 4516 616 4570 teneantur
642 4510 916 4568 obnoxii.
946 4510 1117 4578 Quod
1147 4511 1196 4567 si
1225 4510 1491 4583 episcopi
1540 4510 1788 4570 eosdem

134 4604 309 4662 vobis
340 4600 667 4660 concedere
695 4599 845 4657 forte
900 4600 1218 4667 noluerint,
1264 4599 1655 4657 nihilominus
1707 4604 1790 4659 ta-

137 4709 277 4752 men
294 4708 396 4750 eos
428 4689 793 4763 suscipiendi
814 4693 872 4747 et
892 4688 1176 4746 retinendi
1192 4690 1539 4746 auctoritate
1565 4693 1789 4748 sanctae

133 4786 414 4842 Romanae
436 4779 706 4838 Ecclesiae
736 4779 1034 4835 licentiam
1061 4777 1356 4836 habeatis.
1407 4778 1464 4836 si
1510 4794 1656 4836 vero
1685 4778 1789 4836 ali·

133 4873 241 4947 qui
264 4873 503 4936 horum,
536 4873 673 4942 post
699 4867 922 4925 factam
953 4866 1417 4941 professionem,
1453 4868 1789 4926 turbatores

134 4961 439 5031 religionis
476 4963 690 5016 vestroe
743 4961 849 5015 aut
901 4956 1140 5024 domus,
1193 4956 1289 5014 vel
1331 4957 1511 5014 etiam
1547 4955 1787 5014 inutiles

139 5048 552 5123 apparuerint,
575 5047 752 5105 liceat
777 5046 949 5103 vobis
975 5061 1079 5102 eos
1103 5061 1242 5102 cum
1260 5047 1481 5104 saniori
1505 5051 1672 5119 parte
1693 5061 1790 5103 ca-

137 5137 313 5214 pituli
329 5152 628 5203 amovere,
640 5136 851 5209 eisque
862 5133 1212 5193 transeundi
1227 5134 1302 5193 ad
1315 5134 1433 5192 aliu
1443 5151 1501 5193 m
1514 5135 1789 5193 ordinem

138 5228 243 5287 ubi
267 5227 602 5284 secundum
653 5229 838 5284 Deum
875 5225 1075 5282 vivere
1120 5225 1434 5290 voluerint,
1487 5224 1790 5282 licentiam

138 5317 308 5384 dare,
360 5319 419 5373 et
483 5314 619 5372 loco
671 5315 945 5387 ipsorum
1032 5312 1185 5372 alios
1265 5314 1520 5371 idoneos
1581 5311 1789 5371 substi-

141 5413 329 5477 tuere,
366 5403 472 5479 qui
501 5404 681 5462 etiam
709 5403 888 5462 unius
908 5403 1053 5462 anni
1082 5402 1281 5477 spatio
1331 5403 1393 5460 in
1454 5406 1649 5461 vestra
1698 5417 1792 5461 sc·

139 5496 356 5556 cietate
382 5492 733 5570 probentur.
764 5493 895 5561 ouo
914 5497 1114 5568 pacto,
1146 5492 1197 5550 si
1215 5507 1416 5552 mores
1443 5490 1791 5553 eorumhoc

1897 4513 2226 4565 vestrarum
2243 4506 2699 4576 fraternitatum,
2730 4509 2854 4564 sive
2918 4507 3328 4577 collectarum,
3389 4508 3555 4566 salvo

1891 4597 2025 4670 jure
2043 4596 2430 4654 dominorum
2464 4613 2715 4654 suorum
2744 4596 2806 4652 in
2854 4595 3013 4652 beati
3068 4597 3217 4652 Petri
3263 4601 3318 4653 et
3348 4600 3559 4654 nostra

1896 4688 2263 4761 protectione
2286 4687 2641 4756 consistant,
2656 4691 2710 4742 et
2754 4702 2861 4759 per
2891 4691 3078 4743 terras
3109 4686 3168 4742 in
3197 4686 3413 4760 quibus
3437 4685 3558 4743 fue-

1897 4778 2013 4835 rint
2035 4793 2247 4850 pacem
2273 4776 2562 4833 habeant.
2586 4774 2776 4831 Simili
2816 4774 2997 4831 modo
3015 4775 3323 4831 sancimus
3347 4779 3410 4832 ut
3428 4776 3559 4848 qui-

1898 4881 2135 4939 cunque
2166 4866 2229 4920 in
2275 4870 2472 4920 vestra
2512 4863 2879 4920 fraternitate
2935 4861 3106 4920 fuerit
3159 4870 3454 4937 receptus,
3505 4864 3556 4921 si

1896 4955 2050 5014 forte
2062 4953 2311 5012 ecclesia
2334 4954 2611 5026 adquam
2626 4953 2926 5026 pertineta
2947 4952 3166 5009 divinis
3192 4952 3408 5010 officiis
3445 4954 3556 5010 erit

1897 5042 2217 5117 prohibita,
2231 5057 2491 5115 eumque
2514 5041 2664 5098 mori
2682 5042 3016 5114 contigerit,
3032 5041 3224 5098 eidem
3242 5043 3554 5115 sepultura

1898 5132 2299 5191 ecclesiastica
2325 5146 2447 5188 non
2503 5135 2770 5202 negetur,
2826 5130 2941 5186 nisi
2967 5132 3546 5200 excommunicatus,

1898 5222 1994 5281 vel
2019 5221 2376 5280 nominatim
2393 5219 2568 5277 fuerit
2590 5218 2963 5277 interdictus.
2998 5220 3283 5277 Praeterea
3334 5221 3382 5276 si
3410 5222 3547 5295 quis

1899 5311 2149 5369 fratrum
2162 5315 2519 5378 vestrorum,
2540 5309 2643 5383 qui
2671 5308 2751 5366 ad
2762 5309 3137 5382 recipiendas
3162 5309 3407 5368 easdem
3423 5310 3548 5370 fra-·

1900 5400 2204 5460 ternitates
2228 5399 2326 5457 vel
2372 5397 2651 5458 collectas
2702 5415 2740 5457 a
2766 5398 2943 5456 vobis
2993 5397 3216 5456 fuerint
3254 5399 3425 5457 missi
3486 5399 3550 5460 in

1901 5488 2236 5566 quamlibet
2259 5488 2584 5557 civitatem,
2614 5487 2923 5547 castellum
2952 5488 3048 5546 vel
3075 5487 3276 5547 vicum
3295 5489 3556 5556 advene·-
