3784 6000
87 210 233 272 1161
1068 205 1440 270 EPISTOLAE
1476 208 1568 270 ET
1606 201 2046 270 PRIVILEGIA.
2084 241 2156 254 —
2192 209 2311 271 AN.
2348 208 2513 271 1182.
3368 210 3511 274 ties

89 339 267 397 mino
291 341 428 395 sunt
446 337 803 411 disponente
824 338 1153 395 commissi.
1178 340 1532 411 Eapropter,
1545 351 1749 396 vener.
1787 339 1837 394 Α
1932 336 2284 394 Audivimus
2303 341 2359 395 et
2383 336 2693 395 audientes
2713 338 2910 396 mirati
2930 356 3141 399 sumus
3158 342 3346 416 quod,
3372 360 3513 403 cum

91 431 158 486 in
190 429 418 485 Christo
432 426 616 484 frater
639 429 901 483 loannes
931 428 1270 501 espiscope,
1298 429 1415 484 tuis
1438 428 1618 501 justis
1651 442 1754 500 po-
1861 425 2141 483 fratribus
2177 426 2463 483 omnibus
2492 427 2891 485 cisterciensis
2919 429 3147 489 ordinis
3172 448 3210 490 a
3241 432 3514 491 Patribus

92 517 523 575 stulationibus
543 515 864 572 clementer
887 517 1238 584 annuimus,
1263 523 1319 574 et
1344 516 1754 574 Ravellensem
1863 521 1920 572 et
1949 515 2498 588 praedecessoribus
2522 517 2740 574 nostris
2769 534 3129 578 concessum
3161 522 3237 579 sit
3258 527 3318 580 et
3345 540 3382 582 a
3407 540 3515 583 no-

94 608 434 672 ecclesiam,
458 607 551 662 cui
579 609 694 662 Deo
716 613 957 662 auctore
982 621 1241 678 praeesse
1257 605 1652 680 dignosceris,
1675 605 1753 662 ad
1862 604 1959 661 bis
1974 606 2119 677 ipsis
2141 621 2218 678 po
2235 605 2527 662 smodum
2548 607 2999 675 confirmatum,
3025 615 3090 667 ut
3110 611 3186 668 de
3200 611 3513 674 laboribus

97 697 410 769 exemplar
453 695 964 767 praedecessorum
1016 700 1357 751 nostrorum
1415 698 1470 754 S.
1521 695 1755 752 record.

102 786 347 842 Adriani
387 791 442 841 et
496 784 819 841 Alexandri
867 782 973 839 PP.
1019 785 1134 840 sub
1165 785 1228 840 B.
1263 785 1412 841 Petri
1443 791 1501 842 et
1548 790 1757 841 nostra

105 875 471 947 protectione
490 871 877 944 suscipimus,
896 877 953 928 et
975 874 1286 945 praesentis
1307 873 1511 945 scripti
1530 871 1760 947 privile-

106 966 207 1034 gio
236 962 723 1028 communimus3
755 966 1096 1034 statuentes,
1129 967 1191 1018 ut
1215 978 1613 1036 quascunque
1630 977 1761 1034 pos-

107 1054 426 1117 sessiones,
443 1065 823 1123 quoecunque
843 1050 1007 1106 bona
1019 1049 1231 1107 eadem
1254 1050 1518 1109 Ecclesia
1538 1052 1599 1107 in
1611 1065 1762 1117 prae-

109 1144 435 1199 sentiarum
463 1142 619 1213 Juste
654 1148 709 1195 et
747 1141 1034 1196 canonice
1065 1141 1352 1212 possidet,
1378 1148 1481 1198 aut
1512 1142 1572 1197 in
1609 1140 1762 1195 futu·

106 1248 243 1289 rum
273 1230 660 1287 concessione
689 1229 1061 1300 pontificum,
1082 1229 1398 1301 largitione
1429 1244 1639 1300 regum
1672 1227 1765 1284 vel

109 1321 476 1395 principum,
500 1317 796 1374 oblatione
823 1317 1116 1382 fidelium,
1143 1334 1248 1374 seu
1273 1317 1404 1375 aliis
1426 1319 1606 1391 Justis
1637 1332 1764 1373 mo·

111 1411 230 1476 dis,
260 1413 580 1481 praestante
612 1407 884 1470 Domino,
913 1406 1128 1477 poterit
1152 1407 1423 1480 adipisci,
1455 1407 1631 1465 firma
1658 1405 1764 1462 tibi

110 1502 348 1571 tuisque
397 1495 838 1551 suecessoribus
880 1502 937 1550 et
979 1495 1204 1551 illibata
1251 1501 1664 1568 permaneant.
1700 1496 1763 1548 ln

112 1588 336 1661 quibus
351 1586 479 1641 baec
496 1583 747 1657 propriis
760 1583 1029 1638 duximus
1041 1585 1421 1656 exprimenda
1436 1585 1761 1644 vocabulis:

1863 708 2019 766 quos
2046 694 2302 766 propriis
2325 694 2600 751 manibus
2621 701 2725 753 aut
2740 698 3075 770 sumptibus
3096 702 3393 769 excolunt.
3411 721 3516 762 ne-

1868 782 2014 838 mini
2043 783 2308 839 decimas
2328 782 2523 840 solver
2577 788 2906 842 teneantur.
2937 788 3194 854 Quidam
3222 790 3301 848 ab
3322 793 3410 849 eis
3432 794 3522 850 ni·

1867 870 2195 928 hilominus
2225 876 2432 928 contra
2458 872 2691 930 indulta
2705 874 2863 931 sedis
2888 877 3230 948 apostolicae
3247 880 3517 940 decimas

1868 959 2097 1031 exigere
2125 965 2181 1017 et
2205 966 2557 1033 extorquere
2587 971 2982 1034 praesumunt,
3008 971 3067 1024 et
3085 968 3325 1027 sinistra
3343 970 3521 1030 inter-

1869 1049 2198 1122 pretatione
2241 1049 2704 1123 apostolicorum
2762 1053 3208 1126 privilegiorum
3254 1060 3520 1133 capitula

1872 1143 2292 1212 pervertentes,
2306 1143 2586 1195 asserunt
2604 1139 2679 1196 de
2695 1141 3011 1199 novalibus
3021 1145 3240 1204 debere
3252 1147 3519 1221 intelligi,

1874 1227 1978 1283 ubi
2006 1226 2082 1282 de
2104 1225 2417 1283 laboribus
2433 1231 2524 1284 est
2547 1227 2921 1302 inscriptum.
2950 1235 3238 1291 Caeterum
3268 1237 3526 1295 manife-

1873 1320 2033 1371 stum
2052 1320 2137 1371 est
2152 1314 2436 1372 omnibus
2457 1317 2557 1389 qui
2576 1323 2732 1374 recte
2753 1319 2998 1393 sapiunt
3023 1338 3369 1395 perversam
3392 1342 3524 1386 esse

1872 1404 2418 1476 interpretationem
2439 1403 2786 1477 hujusmodi
2808 1413 2865 1465 et
2887 1410 3198 1469 intellectui
3214 1429 3365 1473 sano
3386 1431 3529 1473 con·

1873 1493 2142 1560 trariam,
2160 1508 2319 1559 cum,
2342 1493 2518 1564 juxta
2541 1495 2874 1568 capitulum
2888 1497 3050 1566 illud,
3077 1517 3114 1557 a
3144 1503 3527 1574 praestatione

1873 1581 2263 1646 decimarum.
2294 1587 2415 1638 tam
2450 1583 2524 1639 de
2557 1584 2723 1639 terris
2747 1600 2899 1658 quas
2922 1586 3296 1648 deduxerunt
3309 1593 3400 1650 vel
3427 1595 3530 1651 de-

186 1674 604 1731 Monasterium
647 1673 701 1729 S.
734 1672 1067 1744 TripboniS,
1101 1673 1534 1730 monasterium
1559 1676 1615 1731 S.
1643 1675 1767 1731 Tri·
1796 1689 1841 1744 B
1872 1670 2103 1726 ducunt
2152 1668 2225 1726 ad
2269 1669 2515 1737 cultum,
2559 1687 2745 1744 quam
2798 1675 2979 1731 etiam
3020 1676 3095 1734 de
3145 1681 3312 1737 terris
3351 1682 3530 1739 cultis

113 1764 336 1829 nitatis,
365 1767 422 1818 et
460 1760 891 1817 monasterium
938 1760 993 1816 S.
1035 1763 1227 1817 Mariae
1271 1766 1346 1817 de
1385 1762 1763 1834 castiglione.

115 1856 370 1912 Omnem
393 1866 533 1906 vero
555 1848 851 1905 ambitum
879 1848 1236 1906 Ravellensis
1264 1851 1590 1922 parochiae,
1618 1853 1770 1909 sicut

117 1959 153 1999 a
184 1938 718 2013 praedecessoribus
740 1938 877 2003 tuis,
906 1943 963 1993 et
984 1953 1020 1992 a
1043 1944 1097 1993 te
1127 1939 1259 2010 ipso
1276 1937 1568 1995 hactenus
1594 1941 1770 1996 ratio-

119 2031 394 2088 nabiliter
427 2042 742 2100 possessus
773 2033 880 2093 est,
905 2025 1033 2091 tibi,
1062 2027 1297 2099 tuisque
1326 2028 1772 2085 successoribus

116 2121 177 2176 in
207 2123 561 2192 perpetuum
589 2114 1044 2171 confirmamus.

195 2206 500 2264 Decernim
511 2222 578 2260 us
603 2220 744 2275 ergo
757 2209 821 2258 ut
838 2203 983 2259 nulli
997 2205 1248 2261 omnino
1261 2204 1580 2262 bominum
1602 2205 1776 2263 liceat

120 2295 432 2371 praefatam
481 2292 791 2348 ecclesiam
843 2297 1062 2348 temere
1093 2294 1468 2364 perturbare.
1499 2298 1603 2349 aut
1643 2295 1774 2365 ejus

122 2386 542 2459 possessiones
565 2382 814 2446 auferre,
838 2382 931 2437 vel
957 2381 1188 2439 ablatas
1207 2383 1479 2450 retinere,
1503 2383 1773 2440 minuere

123 2493 232 2533 seu
259 2472 617 2547 quibuslibet
651 2470 1072 2526 vcxationibus
1104 2471 1355 2541 fatigare
1386 2490 1401 2540 ;
1432 2473 1535 2528 sed
1566 2473 1776 2529 omnia

118 2567 348 2635 integra
365 2566 791 2618 conserventur
817 2575 1046 2622 eorum.
1068 2575 1177 2632 pro
1197 2575 1459 2633 quorum
1480 2566 1772 2618 sustenta·

121 2657 278 2711 tione
303 2665 594 2709 concessa
624 2654 765 2705 sunt
802 2648 1012 2704 usibus
1043 2649 1410 2705 omnimodis
1441 2648 1772 2720 profutura,

126 2743 296 2799 salva
325 2740 484 2796 sedis
510 2737 850 2812 apostolicae
879 2739 1253 2795 auctoritate.

191 2833 246 2886 Si
269 2846 391 2902 qua
411 2828 585 2899 igitur
606 2829 667 2884 in
693 2827 957 2883 futurum
971 2828 1373 2884 ecclesiastica
1393 2827 1772 2885 soecularisve

121 2934 398 2994 persona,
432 2924 542 2974 etc.

198 3013 315 3080 Ego
339 3008 555 3064 Lucius
583 3005 886 3062 catholicoe
915 3006 1187 3062 Ecclesiae
1215 3007 1559 3079 episcopus.

197 3102 318 3169 Ego
369 3095 708 3154 Theodinus
747 3096 1089 3152 Portuensis
1133 3099 1193 3150 et
1222 3096 1280 3152 S.
1334 3095 1562 3151 Rufinae
1610 3095 1771 3151 sedis

121 3190 460 3263 episcopus.

200 3281 319 3349 Ego
350 3276 636 3331 Henricus
663 3274 1016 3331 Albanensis
1046 3273 1386 3346 episcopus.

202 3370 322 3438 Ego
358 3366 639 3421 vivianus
680 3364 767 3420 tit.
815 3364 873 3421 S.
916 3362 1200 3434 Stephani
1245 3361 1305 3417 in
1352 3361 1533 3419 Coelio
1585 3363 1776 3419 Monte

132 3453 326 3529 presb.
354 3454 495 3510 card
513 3496 528 3509 .

206 3548 324 3617 Ego
353 3543 600 3599 Albinus
626 3540 833 3614 presb.
865 3539 1031 3596 card.
1069 3539 1156 3597 tit.
1188 3540 1246 3594 S.
1280 3538 1479 3597 Crucis
1517 3536 1577 3594 in
1613 3538 1786 3594 Jeru-

135 3635 651 3794 segg-mmmm
670 3717 980 3792 presbyter
1003 3717 1179 3773 card.
1200 3718 1257 3773 S.
1290 3716 1486 3773 Μαι-ἕω
1508 3722 1670 3774 trans
1689 3714 1790 3772 Ti-

133 3814 348 3879 berim,
388 3813 468 3866 tit.
504 3807 751 3865 Callixti.

209 3903 329 3972 Ego
360 3897 709 3970 Rodulpbus
738 3895 892 3953 diac.
926 3893 1091 3951 card.
1117 3895 1173 3953 S.
1207 3894 1439 3967 Georgii
1471 3893 1549 3952 ad
1580 3893 1789 3952 Velum

136 3992 677 4146 Augggzliratianus
714 4074 812 4131 SS.
844 4073 1069 4129 cosmae
1102 4078 1160 4129 et
1197 4072 1471 4130 Damiani
1499 4071 1793 4128 diaconus

142 4166 426 4310 calxi-tum
459 4249 707 4318 velletri,
728 4265 834 4321 per
851 4264 1071 4307 manus
1093 4248 1313 4306 Alberti
1337 4249 1398 4307 S.
1414 4252 1480 4306 R.
1505 4251 1568 4305 E.
1590 4248 1794 4320 presb.

143 4344 304 4432 card.
339 4346 396 4398 et
446 4337 784 4405 cancelarii,
831 4354 871 4394 ιι
900 4342 1101 4396 Nonas
1143 4338 1446 4404 Decemb„
1480 4337 1796 4404 ind.1,ln-

143 4432 506 4491 carn.’l)om.
541 4443 703 4484 anno
745 4428 906 4494 1182,
944 4428 1327 4501 pontificatus
1363 4442 1502 4483 vero
1536 4425 1601 4481 D.
1642 4424 1799 4482 Lucii

145 4537 321 4596 papie
351 4522 419 4574 lll
451 4532 614 4575 anno
642 4533 702 4572 ιι.

883 4621 1064 4677 LXIX.

143 4729 498 4812 [Stephano]
525 4729 1029 4801 Auqustodunensi
1039 4732 1098 4785 et
1116 4725 1421 4802 [Manum]
1449 4725 1807 4808 Linqonemi

218 4804 501 4876 episcopis
532 4802 803 4866 mandat,
819 4799 1086 4865 videant,
1102 4815 1176 4856 ne
1191 4806 1402 4856 contra
1414 4799 1804 4870 privilemum

224 4874 527 4934 monachis
559 4872 1037 4930 cisterciensibus
1062 4886 1422 4942 concessum,
1453 4874 1702 4942 noctur.

686 4960 964 5033 (Velletri,
997 4959 1134 5017 Dec.
1165 4961 1281 5032 21.)

400 5052 743 5127 [Libinonem
772 5050 1096 5120 Diplomat.
1123 5048 1324 5116 Sacc„
1347 5051 1389 5116 l,
1418 5047 1568 5121 116.]

234 5145 435 5199 Lucius
474 5143 813 5213 episcopus,
849 5156 1056 5195 servus
1088 5154 1400 5195 servorum
1430 5137 1557 5203 Dei,
1580 5149 1819 5193 venera·

164 5233 385 5291 bilibus
408 5229 692 5286 fratribus
715 5228 997 5284 AEduensi
1029 5234 1085 5283 et
1113 5226 1474 5297 Lingonensi
1501 5223 1816 5298 episcopis,

168 5331 225 5383 et
274 5322 501 5379 dilectis
541 5320 696 5388 filiis,
726 5320 1073 5385 abbatibus,
1112 5319 1409 5391 prioribus
1459 5321 1517 5373 et
1553 5315 1688 5372 aliis
1714 5316 1820 5370 Ec-

165 5413 481 5473 clesiarum
512 5408 772 5481 proelatis
794 5411 852 5464 in
881 5424 1093 5467 earum
1114 5404 1574 5480 episcopatibus
1601 5402 1823 5462 consti·

160 5504 321 5576 tutis,
353 5499 610 5557 salutem
645 5502 703 5556 et
724 5497 1118 5571 apostolicam
1142 5494 1643 5554 benedictionem.

459 5622 708 5680 Parnoi..
755 5618 869 5677 CCI
881 5657 899 5678 .

1874 1774 2031 1832 quas
2048 1757 2303 1830 propriis
2318 1757 2599 1815 manibus
2616 1762 2704 1817 vel
2718 1763 3060 1835 sumptibus
3083 1768 3386 1836 excolunt,
3408 1771 3532 1828 sint

1878 1846 2115 1919 penitus
2145 1844 2420 1901 absoluti.
2450 1849 2599 1903 Nam
2631 1849 2677 1903 si
2707 1848 2783 1904 de
2805 1850 3122 1909 novalibus
3152 1859 3384 1913 tantum
3416 1860 3530 1915 Ro-

1880 1950 2063 1992 mana
2109 1934 2369 1991 Ecclesia
2393 1934 2637 2006 intelligi
2669 1935 2976 2005 voluisset,
3011 1942 3111 1998 ubi
3140 1946 3422 2015 ponimus
3455 1945 3531 2004 de

1882 2024 2207 2090 laboribus,
2220 2023 2288 2080 de
2302 2024 2615 2082 novalibus
2637 2041 3017 2098 poneremus,
3033 2030 3186 2087 sicut
3206 2032 3267 2088 in
3291 2033 3531 2107 privile·

1881 2114 1991 2186 giis
2004 2113 2409 2186 quorumdam
2424 2114 2745 2186 apponitur
2760 2115 3532 2195 aliorum.Unde,quoniam

1883 2202 1961 2258 ad
1974 2216 2297 2257 commune
2308 2200 2731 2258 detrimentum
2747 2205 3018 2262 Ecclesiae
3036 2223 3157 2265 non
3170 2215 3261 2266 est
3275 2210 3532 2270 dubium

1881 2289 2241 2361 redundare,
2272 2290 2318 2345 si
2352 2294 2562 2346 contra
2606 2291 2767 2348 sedis
2796 2295 3135 2366 apostolicas
3177 2303 3397 2358 statuta
3424 2301 3533 2358 im-

1882 2394 2044 2453 pune
2058 2394 2121 2434 se
2144 2394 2322 2451 posse
2338 2379 2477 2451 quis
2497 2379 2700 2437 credat
2717 2397 2854 2454 quoe
2876 2382 3144 2442 obtinere
3166 2388 3386 2445 debent
3406 2405 3533 2463 per·

1882 2473 2129 2542 petuam
2160 2467 2525 2535 firmitatem,
2555 2485 2628 2526 ne
2684 2477 2893 2529 contra
2927 2474 3059 2546 jam
3089 2475 3283 2533 dictos
3320 2478 3533 2536 fratres

1884 2556 2260 2630 malignandi
2292 2559 2606 2614 materiam
2635 2574 2709 2616 ex
2736 2558 2851 2617 hoc
2876 2564 3200 2636 quisquam
3232 2570 3531 2627 assumat.

1883 2651 1940 2704 et
1962 2645 2418 2719 quomodolibet
2431 2647 2598 2719 ipsos
2619 2651 2853 2722 contraj
2866 2652 3126 2709 ustitiam
3141 2654 3530 2724 molestandi,

1883 2751 1990 2809 per
2017 2734 2352 2808 apostolica
2368 2735 2542 2791 vobis
2560 2739 2782 2809 scripta
2804 2740 3361 2818 mandamusatque
3384 2761 3533 2818 prae-

1881 2825 2159 2897 cipimus,
2188 2829 2484 2896 quatenus
2521 2826 2807 2882 omnibus
2836 2829 2940 2900 qui
2980 2830 3097 2887 sub
3136 2838 3335 2890 vestra
3368 2840 3534 2906 pote·

1881 2919 2030 2970 state
2058 2913 2392 2969 subsistunt
2418 2914 2765 2972 auctoritate
2794 2923 3002 2974 nostra
3038 2919 3359 2978 districtius
3389 2938 3531 2997 pro-

1880 3003 2087 3060 hibere
2130 3002 2366 3070 curetis,
2408 3017 2482 3059 ne
2532 3003 2815 3061 fratribus
2866 3006 3368 3079 Fontanensibus,
3406 3013 3531 3070 sive

1880 3091 2012 3149 aliis
2035 3090 2323 3148 omnibus
2351 3091 2620 3163 eiusdem
2641 3093 2870 3151 ordinis
2896 3096 2959 3152 in
2983 3100 3193 3155 vestris
3215 3102 3533 3175 episcopa·
3637 3103 3648 3118 ⁶

1882 3182 2041 3237 tibus
2062 3181 2605 3250 commorantibus,
2622 3182 2697 3238 de
2722 3185 3041 3242 novalibus
3070 3202 3178 3245 seu
3206 3188 3335 3247 aliis
3363 3191 3532 3249 terris

1883 3270 2300 3343 quaspropriis
2320 3272 2603 3327 manibus
2628 3277 2733 3328 aut
2753 3274 3096 3347 sumptibus
3122 3279 3422 3346 excolunt,
3444 3278 3539 3338 vel

1884 3358 1961 3415 de
1973 3356 2328 3414 animalium
2347 3358 2752 3430 nutrimentis,
2763 3360 3029 3420 decimas
3051 3373 3422 3437 proesumant
3434 3368 3538 3426 ali·

1887 3450 2187 3521 quatenus
2214 3450 2588 3520 extorquere.

1966 3536 2022 3592 Si
2064 3535 2169 3607 qui
2200 3549 2341 3591 vero
2373 3535 2667 3604 canonici,
2700 3536 2917 3605 clerici,
2953 3543 3234 3599 monachi
3282 3543 3376 3600 vel
3402 3543 3542 3602 laici

1892 3629 2103 3683 contra
2120 3621 2433 3696 privilegia
2451 3623 2609 3679 sedis
2634 3626 2977 3695 apostolicae
2998 3630 3307 3702 praedictos
3327 3631 3543 3690 fratres

1895 3712 2268 3770 decimarum
2280 3711 2590 3770 exactione
2610 3718 3011 3786 gravaverint,
3035 3718 3437 3792 appellatione
3454 3737 3547 3779 re·

1900 3808 2085 3868 mota,
2117 3801 2302 3858 laicos
2334 3805 2458 3858 tam
2487 3805 3127 3862 excommunicationis
3156 3824 3347 3882 quam
3370 3812 3553 3869 inter·

1901 3892 2127 3950 terdicti
2157 3891 2453 3947 sententia
2468 3890 2821 3964 percellatis,
2846 3892 3093 3952 clericos
3121 3903 3323 3954 autem
3352 3900 3432 3957 ab
3456 3898 3553 3957 of-

1900 3980 2038 4037 ficio
2059 3978 2463 4051 suspendatis,
2484 3986 2542 4035 et
2563 3984 2683 4036 tam
2701 3985 3335 4043 excommunicationis
3358 4003 3549 4063 quam

1901 4068 2194 4127 interdicti
2224 4069 2580 4125 sententiam
2605 4069 2835 4127 faciatis
2866 4088 3055 4145 usque
3082 4074 3161 4131 ad
3190 4076 3441 4149 dignam
3456 4094 3558 4137 sar-

1906 4157 2297 4216 tisiactionem
2326 4156 2747 4215 inviolabiliter
2773 4159 3101 4221 observari.
3128 4164 3218 4221 Ad
3244 4167 3373 4224 baso
3395 4182 3557 4239 proe-

1904 4247 2162 4304 sentium
2182 4245 2530 4302 auctoritate
2548 4248 2951 4320 praecipiendo
2970 4252 3337 4310 mandamus
3352 4260 3562 4329 quate-

1902 4352 2044 4403 nus,
2092 4336 2141 4391 si
2174 4335 2279 4407 qui
2309 4334 2369 4390 in
2403 4334 2610 4392 fratres
2642 4340 3131 4411 praescriptorum
3163 4345 3562 4403 monasterio-

1910 4442 2043 4482 rum
2075 4438 2294 4480 manus
2312 4422 2603 4483 violentas
2632 4425 2961 4497 injecerint,
2988 4444 3093 4485 eos
3121 4434 3393 4489 accensis
3420 4449 3566 4490 can-

1911 4513 2061 4570 delis
2078 4512 2632 4569 excommunicatos
2650 4515 2888 4586 publice
2915 4516 3220 4585 nuntietis,
3241 4526 3299 4577 et
3321 4518 3561 4578 faciatis

1905 4602 1996 4659 ab
2017 4601 2304 4660 omnibus
2331 4601 2491 4657 siout
2517 4604 3073 4661 excommunicatos
3101 4606 3425 4666 districtius
3443 4607 3570 4665 evi·

1918 4692 2052 4757 tari,
2067 4690 2262 4747 donec
2281 4704 2544 4760 congrue
2566 4690 2938 4749 satisfaciant
2958 4694 3257 4764 proedictis
3277 4695 3569 4753 iratribus

1920 4786 1978 4837 et
2024 4795 2162 4836 cum
2209 4779 2412 4835 litteris
2451 4777 2774 4835 dioecesani
2818 4780 3083 4853 episcopi
3131 4783 3215 4838 rei
3265 4784 3570 4844 veritatem

1922 4866 2364 4926 continentibus
2406 4866 2740 4938 apostolico
2772 4883 2834 4924 se
2865 4871 3212 4941 conspectui
3243 4887 3574 4946 repraesen·
3683 4910 3692 4918 -

1924 4963 2067 5014 tent.
2110 4954 2401 5013 Noveritis
2432 4961 2717 5027 proeterea
2762 4958 2846 5013 eis
2883 4957 3181 5016 indultum
3218 4965 3281 5016 ut
3325 4962 3387 5018 in
3435 4979 3579 5021 cau·

1927 5048 2006 5103 sis
2035 5044 2182 5110 suis,
2212 5060 2366 5117 quas
2409 5042 2497 5100 vel
2529 5042 2641 5115 ipsi
2687 5045 2976 5102 adversus
3006 5045 3178 5116 alios,
3210 5050 3301 5107 vel
3336 5050 3435 5108 alii
3466 5053 3576 5110 ad-

1929 5150 2131 5191 versus
2170 5149 2273 5190 eos
2301 5133 2641 5200 habuerint,
2672 5133 2845 5190 liceat
2884 5133 2971 5190 eis
3011 5134 3221 5193 iratres
3254 5155 3399 5196 suos
3444 5141 3580 5198 ido·

1929 5239 2077 5280 neos
2096 5222 2175 5279 ad
2197 5221 2636 5278 testificandum
2662 5221 2981 5290 adducere,
3000 5228 3180 5297 atque
3204 5228 3474 5300 ipsorum
3505 5237 3583 5289 te-

1933 5310 2216 5369 stimonio
2233 5316 2291 5367 et
2319 5310 2669 5384 propulsare
2690 5311 3034 5371 violentiam
3052 5323 3109 5372 et
3122 5316 3142 5386 j
3156 5316 3415 5375 ustitiam
3445 5320 3583 5377 vin·

1934 5402 2159 5458 dicare.

2004 5490 2222 5551 Datum
2249 5486 2501 5557 velletri.
2531 5504 2612 5545 ιιι
2640 5488 2889 5550 Kalend.
2917 5492 3182 5553 Ianuarii
3216 5494 3374 5556 lt82.

3239 5620 3310 5680 37
