3784 6000
1143 215 1341 280 ntS‘t'.
1392 215 1667 278 RERUM
1713 213 2257 278 TRANSMAMN.
2303 250 2381 267 -·-
2425 219 2572 283 [ΑΒ.
2623 222 2701 283 V.

3633 188 3640 197 ι

3509 310 3516 317 ·
3597 306 3608 321 Ι

186 347 339 405 tales
384 351 443 405 et
464 342 771 421 AEgyptios
800 361 868 402 ex
900 343 1386 404 dissimilitudine
1417 345 1847 419 superstitionis
1877 350 1930 416 Α
1960 362 2099 417 ergo
2128 365 2200 403 no
2245 350 2424 406 nostri
2457 351 2530 408 ab
2577 351 2808 425 incepto
2855 352 3165 413 deficerent
3195 356 3487 415 etlaboris
3517 376 3618 416 st.-

199 454 433 506 eorum,
464 447 522 493 et
569 437 883 494 contrariis
911 438 1286 510 dogmatibus
1336 443 1472 492 ortas
1515 437 1765 505 fuerant,
1796 442 1855 493 et
1961 440 2137 511 perati
2165 440 2550 498 diuturnitate
2594 444 2994 516 fatigarentur,
3019 451 3255 505 nuntios
3286 450 3489 523 dirigit
3530 452 3616 504 fa-

188 542 377 600 naque
408 527 470 583 in
514 543 792 600 praesens,
840 531 1025 583 tractu
1077 528 1372 595 continuo,
1418 525 1851 584 inexorabiliter

186 618 457 674 deducto
489 618 568 672 ita
594 623 658 674 ut
681 617 949 690 prodicta
974 633 1150 690 regna
1180 619 1402 675 mutuis
1432 615 1852 688 congressioni·

184 705 297 766 ba·
329 707 684 780 plerumque
731 705 960 777 collisa,
992 707 1137 763 fines
1166 723 1307 764 suos
1334 710 1536 763 contra
1564 720 1629 763 aa
1659 705 1848 777 porri-

182 812 343 873 gere,
376 803 442 857 et
468 798 756 856 terminos
771 797 1098 856 alternatim
1122 800 1413 873 protelare
1425 799 1688 856 certatim
1703 814 1847 854 con-

180 889 525 958 tenderent,
551 888 776 946 elcutin
809 889 995 960 primo
1018 888 1195 959 hujus
1218 888 1411 960 operis
1443 889 1590 944 ltbro
1620 888 1841 945 dictum

181 979 270 1035 est
296 975 671 1049 diligentius.
701 975 897 1034 Factis
916 993 1050 1034 vero
1080 993 1235 1034 nunc
1255 977 1371 1048 his,
1399 992 1555 1033 nunc
1575 977 1714 1045 illis,
1739 993 1842 1050 pro

179 1073 521 1139 temporum
552 1066 883 1124 differentia
904 1073 962 1124 et
990 1083 1336 1124 sucessuum
1359 1068 1636 1124 varietate
1663 1084 1842 1138 supe-

179 1156 462 1226 rioribus,
515 1172 695 1230 regna
740 1170 977 1231 qnoque
1022 1157 1423 1227 suscipiebant
1451 1156 1839 1226 incrementa,

176 1246 259 1303 ita
277 1250 349 1303 ut
364 1248 657 1320 quidquid
677 1248 775 1302 uni
792 1247 1101 1315 accideret,
1126 1247 1229 1303 toti
1248 1247 1495 1303 alterum
1521 1250 1840 1304 decessisse

174 1336 499 1395 videretur.
536 1337 871 1394 possidebat
892 1344 1084 1394 autem
1113 1354 1211 1409 per
1240 1338 1390 1392 idem
1414 1342 1647 1410 tempus
1679 1339 1840 1407 prin·

173 1442 312 1500 ceps
338 1425 673 1501 AEaryptius,
702 1447 733 1482 a
767 1427 980 1484 tinibus
1028 1426 1252 1500 AEsypti
1287 1443 1469 1498 usque
1503 1426 1834 1484 Laodiciam

171 1519 349 1592 Syri·
374 1518 900 1575 universasitinere
914 1519 1135 1573 dierum
1162 1517 1396 1589 triginta
1410 1520 1688 1580 regiones.
1713 1520 1838 1574 Per-

171 1622 375 1665 sarum
391 1605 740 1662 verosoldan
751 1623 836 1677 us,
855 1607 1244 1672 Antiochiam,
1268 1607 1426 1676 regni
1444 1605 1833 1679 AEzyptiorum

173 1689 401 1748 finibus
428 1692 874 1761 conterminam,
918 1692 1145 1747 modico
1192 1698 1326 1747 ante
1369 1702 1696 1747 nostrorum
1728 1691 1836 1746 atl-

171 1786 416 1838 ventnm
446 1780 559 1837 sibi
582 1780 971 1837 vindicaverat
991 1787 1290 1850 tempore;
1323 1787 1379 1836 et
1403 1781 1699 1836 universas
1733 1797 1830 1836 us·

173 1886 283 1944 que
312 1871 391 1926 ad
427 1871 890 1942 uettaspontum,
925 1874 987 1926 ut
1029 1868 1422 1942 prediximus,
1454 1874 1834 1943 occupaverat

172 1962 471 2033 regiones.
495 1966 838 2033 Suspectum
863 1963 1037 2035 igitur
1057 1962 1276 2017 habens
1299 1961 1604 2034 AEgyptius
1622 1961 1830 2017 Persa-

173 2067 300 2109 rum
333 2049 431 2109 vel
470 2053 798 2109 Turcorum
857 2053 1309 2115 incrementum.
1337 2070 1512 2123 super
1550 2069 1618 2109 eo
1653 2053 1831 2120 pluri-

174 2155 338 2197 mum
353 2143 1066 2215 congratulabatur,quod
1085 2143 1298 2199 amissa
1320 2142 1830 2213 Nicaea,Soliman·

174 2246 440 2288 nuscum
455 2233 585 2288 suia
618 2231 1062 2289 maletractatus
1083 2232 1396 2305 diceretur,
1424 2239 1482 2288 et
1509 2234 1658 2302 quod
1683 2236 1835 2288 circa

170 2322 550 2379 Antiochiam
566 2323 749 2378 nostri
766 2324 1053 2379 locassent
1072 2323 1432 2379 obsidionem
1466 2340 1480 2391 ;
1511 2323 1832 2380 Turcorum

171 2411 467 2469 damnum
498 2413 609 2469 sibi
643 2428 747 2484 pro
788 2413 949 2471 lucro
978 2421 1295 2486 reputans;
1328 2418 1389 2469 et
1424 2429 1624 2470 eorum
1659 2414 1834 2470 mole·

171 2503 338 2573 stiae,
367 2518 478 2575 pro
496 2518 726 2560 summa
756 2502 867 2559 sibi
894 2509 954 2561 et
972 2505 1097 2560 suis
1117 2503 1558 2576 tranquillitate.
1593 2503 1636 2560 Τ
1645 2505 1833 2560 imens

1959 529 2240 596 miliares,
2291 540 2624 601 assumptos
2670 552 2740 592 ex
2796 538 3148 608 domesticis,
3209 541 3312 613 qui
3371 546 3605 597 nostros

1957 621 2247 692 principes
2276 625 2346 678 ad
2379 624 2834 683 continuandam
2862 629 3219 686 obsidionem
3253 629 3608 698 sollicitent:

1952 717 2007 765 et
2036 711 2167 781 ejus
2205 727 2373 782 opem
2404 719 2462 769 et
2500 715 2779 772 auxilium
2827 719 3250 787 promittentes,
3276 719 3610 792 principum

1954 798 2262 855 sibicorda
2291 801 2601 859 concilient
2644 809 2703 859 et
2747 805 3013 872 gratiam,
3047 807 3325 864 traderent
3351 822 3487 864 cum
3518 806 3606 864 eis

1954 894 2123 963 pacta
2150 896 2211 947 et
2237 892 2578 949 amicitiam.
2602 894 2709 960 Qui
2735 897 3071 952 mandatum
3101 896 3324 953 domini
3357 896 3605 956 fideliter

1951 990 2354 1054 exsequentes,
2415 984 2642 1058 navigio
2687 987 2856 1055 vecti,
2915 986 2975 1043 in
3025 993 3355 1044 nostrorum
3412 993 3602 1048 castra

1949 1078 2357 1143 pervenerunt,
2374 1090 2477 1146 pro
2498 1074 2592 1130 his
2617 1076 2891 1132 omnibus
2908 1092 3037 1149 quae
3058 1076 3322 1147 injuncta
3349 1078 3604 1151 fuerant,

1948 1159 2114 1215 valde
2141 1159 2395 1217 solliciti.
2447 1161 2535 1230 Hi,
2586 1161 2715 1219 licet
2747 1179 2780 1218 a
2813 1165 3030 1220 nostris
3062 1164 3425 1236 principibus
3455 1165 3605 1222 satis

1950 1246 2643 1315 hospitaliteretboneste
2666 1253 2920 1324 suscepti
2946 1254 3194 1308 fuissent
3222 1255 3358 1308 etad
3393 1267 3598 1310 eorum

1948 1337 2323 1408 colloquium,
2356 1347 2419 1394 ut
2449 1340 2716 1409 injuncta
2748 1341 3105 1409 nuntiarent,
3142 1344 3473 1414 frequenter
3503 1342 3604 1399 ad·

1949 1427 2154 1496 missi;
2198 1436 2528 1485 nostrorum
2580 1435 2771 1485 tamen
2822 1431 3213 1499 tolerantiam,
3240 1434 3386 1486 vires
3414 1437 3471 1487 et
3501 1446 3602 1488 ar-

1947 1531 2176 1571 morum
2208 1533 2394 1589 genus
2431 1519 2808 1584 admirantes,
2859 1526 2917 1575 et
2966 1518 3181 1576 laboris
3232 1520 3593 1591 patientiam,

1943 1618 2239 1674 suspectas
2260 1606 2553 1663 habebant
2574 1615 2743 1663 tantae
2770 1610 3162 1665 multitudinis
3185 1610 3406 1681 copias,
3436 1609 3596 1682 quod

1866 1724 1912 1790 Β
1948 1694 2211 1749 futurum
2252 1708 2394 1763 erat,
2427 1697 2622 1751 animo
2674 1696 3116 1769 praesagientes3
3152 1715 3283 1753 nam
3317 1699 3468 1769 quod
3503 1697 3602 1755 ille

1940 1781 2327 1838 fraudulenter
2358 1786 2416 1839 in
2448 1785 2695 1841 aliorum
2718 1785 3252 1857 supplantationem
3287 1788 3594 1857 tractabat,

1942 1871 1998 1926 id
2033 1873 2090 1926 in
2112 1888 2173 1926 se
2216 1875 2580 1942 postmodum
2600 1881 2838 1931 coactus
2885 1884 2969 1931 est
2999 1876 3265 1947 experiri.
3301 1875 3444 1931 Nam
3470 1878 3593 1932 An·

1936 1962 2208 2017 tiochena
2236 1963 2376 2017 urbe
2408 1964 2632 2018 devicta
2662 1971 2720 2020 et
2775 1964 3121 2020 Christianae
3149 1965 3415 2020 restituta
3455 1965 3587 2022 fidoi

1939 2055 1997 2106 et
2035 2052 2289 2121 pristinoe
2339 2052 2610 2122 libertati,
2662 2055 2944 2126 quidquid
2985 2056 3057 2109 ab
3090 2055 3290 2109 eadem
3337 2053 3591 2123 civitate,

1942 2155 2128 2212 usque
2159 2141 2227 2195 ad
2264 2141 2445 2196 rivum
2468 2140 2715 2213 AEgypti,
2740 2145 2837 2213 qui
2862 2142 3026 2198 Gaze
3046 2143 3447 2198 conterminus
3473 2149 3588 2213 est,

1939 2228 2145 2285 itinere
2174 2230 2398 2285 dierum
2425 2230 2780 2302 quindecim,
2822 2231 3012 2286 [idelis
3038 2230 3206 2287 hodie
3236 2231 3457 2287 detinet
3488 2246 3591 2304 po·

1942 2322 2138 2391 putus,
2172 2325 2355 2375 totum
2388 2321 2460 2374 ab
2488 2325 2615 2390 ejus
2636 2320 2885 2376 violenta
2907 2320 3306 2376 dominatione
3339 2337 3439 2392 per
3466 2336 3594 2378 om·

1945 2408 2261 2481 nipotentis
2274 2409 2819 2481 Deigratiam,abeo
2840 2411 2947 2466 sibi
2973 2414 3239 2482 potenter
3252 2406 3593 2466 vindicavit.

1184 2800 1592 2887 INCIPIT
1664 2799 1983 2889 LIBER
2047 2799 2596 2913 QUINTUS.

727 3119 955 3179 CAPUT
987 3118 1291 3178 PRIMUM.

182 3226 333 3287 cim
374 3225 705 3285 Antiocheno·
729 3244 764 3283 a
810 3226 1083 3354 finitimis
1122 3227 1366 3284 sabxidia
1395 3231 1590 3282 vocant
1617 3232 1668 3282 et
1695 3224 1835 3282 obti-

242 3306 386 3356 nent
405 3315 426 3356 .·
447 3314 640 3357 eorem
667 3304 808 3356 ccxi
833 3303 894 3357 ία
924 3301 1070 3356 circa
1098 3306 1341 3356 castrum
1361 3299 1573 3356 Harena·
1599 3301 1837 3355 tentoria

246 3372 459 3429 locant.

242 3479 481 3537 Interea
511 3480 668 3536 cives
697 3479 1064 3547 Antiocheni,
1116 3480 1294 3536 simul
1326 3485 1382 3536 et
1410 3495 1607 3536 eorum
1640 3478 1838 3535 domi-

176 3585 307 3638 nns,
344 3585 455 3642 pro
487 3574 640 3625 statu
665 3585 769 3626 suo
796 3568 964 3626 valde
1011 3569 1268 3631 solliciti,
1298 3571 1557 3625 videntes
1606 3577 1836 3625 nostro·

175 3676 302 3716 rum
344 3658 851 3726 longanimitatem
896 3667 952 3715 et
998 3659 1057 3714 in
1109 3659 1407 3714 laboribus
1466 3674 1834 3730 perseveran.

173 3749 338 3815 tiam,
377 3750 654 3820 quodque
676 3764 781 3807 nec
813 3750 1085 3805 tamense
1109 3749 1340 3820 frigoris
1369 3750 1740 3805 inclementia
1761 3749 1834 3804 ab

173 3839 410 3909 incepto
443 3844 713 3910 poterant
754 3839 1001 3895 revocari
1023 3856 1045 3901 ,·
1093 3839 1191 3895 sed
1230 3838 1381 3895 iuter
1424 3845 1512 3896 tot
1541 3839 1835 3895 molestias

173 3933 544 4001 propositum
574 3930 913 3985 continuare
954 3930 1315 4000 satagebant.
1350 3929 1544 3984 missis
1569 3929 1833 4000 epistolia

170 4024 225 4074 et
259 4019 499 4075 crebris
549 4017 968 4090 legationibus,
1018 4018 1310 4091 principes
1340 4018 1619 4073 finitimos
1651 4019 1706 4073 in
1740 4017 1832 4073 sui

173 4110 509 4165 subsidium
538 4125 776 4167 evocare
823 4111 1201 4173 contendunt,
1249 4114 1482 4165 orantes
1511 4114 1568 4163 et
1595 4125 1831 4179 persua·

174 4198 308 4255 dere
340 4198 601 4254 nitentes
620 4199 921 4259 attentius.
972 4205 1263 4271 quatenus
1289 4200 1532 4254 fratrum
1558 4214 1833 4269 compas-

175 4286 334 4344 sione
382 4288 552 4351 moti,
594 4288 679 4344 eis
703 4304 867 4358 opem
904 4300 1192 4345 maturare
1233 4306 1344 4344 non
1390 4288 1680 4345 differant.
1713 4289 1833 4345 Mo-

174 4376 312 4435 dum
357 4379 564 4439 etiam,
598 4393 712 4449 quo
752 4377 862 4433 sibi
894 4378 1205 4435 subvenire
1238 4381 1417 4448 possit
1439 4379 1829 4443 commodius,

1863 3120 1909 3189 (ξ,
1947 3131 2152 3172 nomen
2178 3112 2419 3182 Hirenc,
2453 3113 2606 3187 quod
2631 3112 2703 3171 ab
2728 3113 3025 3170 Antiochia
3058 3107 3603 3185 vixquatuordecim

1942 3207 2122 3262 distat
2146 3203 2514 3272 milliaribus,
2561 3213 2748 3260 castra
2789 3204 2945 3260 taciti
2982 3204 3347 3260 locaverant:
3391 3213 3603 3273 propo-

1940 3297 2117 3352 situm
2146 3294 2448 3365 habentes,
2480 3294 2637 3351 sicut
2666 3296 2737 3350 ab
2766 3293 3139 3350 Antiochenis
3170 3293 3414 3348 formam
3448 3301 3604 3346 rece·

1945 3393 2171 3460 perant,
2209 3383 2418 3442 nostris
2470 3385 2624 3442 circa
2651 3386 2815 3442 urbis
2859 3383 3147 3442 assultum
3196 3388 3512 3459 occupatis,
3534 3411 3606 3455 ex

1944 3477 2260 3550 improviso
2290 3476 2526 3538 irruere.
2564 3476 2766 3533 Verum
2789 3474 3060 3532 fidelibus
3080 3476 3336 3535 locorum
3369 3481 3601 3556 incolis,

1942 3568 2043 3654 qui
2097 3567 2313 3624 nostris
2364 3567 2548 3623 multo
2598 3566 2729 3622 usui
2772 3568 2987 3637 sepius
3028 3568 3205 3623 ruisse
3255 3579 3602 3633 noscuntur.

1943 3664 2158 3714 statum
2189 3675 2390 3713 eorum
2425 3662 2478 3712 et
2511 3658 2823 3712 adventum
2860 3656 3345 3728 significantibus,
3391 3662 3606 3733 princi-

1943 3763 2045 3820 pes
2068 3746 2392 3816 praemoniti
2431 3743 2783 3801 conveniunt
2806 3746 2874 3799 ad
2907 3744 3174 3813 invicem,
3204 3761 3469 3819 supereo
3500 3767 3597 3808 ne·

1939 3838 2099 3908 gotio
2129 3836 2522 3893 deliberaturi.
2551 3834 2988 3907 Placuititaque
3006 3837 3267 3906 demum,
3302 3844 3365 3893 ut
3395 3855 3597 3900 omnes

1941 3934 2228 3999 quotquot
2258 3927 2318 3981 in
2355 3928 2609 3982 exercitu
2657 3931 2823 3981 erant
2869 3923 3116 3996 equites,
3167 3943 3351 3998 equos
3383 3930 3598 4000 quibus

1943 4015 2023 4071 uti
2084 4024 2312 4086 possent
2362 4017 2659 4085 habentes,
2709 4014 2865 4070 circa
2924 4030 3174 4084 primum
3229 4016 3417 4074 noctis
3465 4035 3599 4076 cre-

1942 4106 2255 4177 pusculum
2278 4107 2457 4161 armis
2489 4103 2944 4175 instructi‚clam
2968 4111 3025 4160 et
3051 4107 3180 4162 sine
3211 4108 3465 4165 tumultu
3502 4124 3599 4165 ve·

1938 4193 2082 4249 xilla
2135 4210 2377 4250 suorum
2446 4202 2757 4266 sequentes
2820 4193 3175 4266 principum,
3244 4195 3302 4251 in
3361 4197 3597 4254 silentio

1940 4284 2145 4341 castris
2205 4286 2613 4357 egrediantur;
2658 4282 2878 4357 pedites
2915 4291 3102 4341 autem
3160 4286 3219 4342 in
3276 4287 3487 4345 castris
3513 4304 3601 4347 re-

1941 4382 2241 4445 maneant,
2274 4393 2373 4447 pro
2398 4377 2639 4433 tuitione
2660 4384 2979 4433 castrorum
3004 4378 3256 4448 solliciti,
3290 4392 3596 4453 quousque

174 4465 488 4526 insinuant
514 4468 732 4537 talem3
766 4473 829 4524 ut
870 4467 942 4525 ab
976 4470 1172 4525 urbem
1223 4470 1583 4537 accedentes,
1613 4468 1834 4525 occulte
1865 4502 1911 4569 D
1943 4467 2189 4537 majores
2254 4471 2703 4541 pro:iciscentes,
2780 4476 3017 4525 auctore
3084 4468 3332 4526 Domino
3401 4485 3595 4529 rever·

176 4556 229 4614 in
257 4557 509 4616 insidiis
531 4558 769 4628 lateant,
791 4566 1194 4633 exspectantes
1227 4564 1290 4614 ut
1310 4561 1463 4616 cives
1486 4575 1646 4616 more
1665 4559 1837 4615 solito
1948 4562 2167 4614 tantur.

174 4661 303 4705 cnm
338 4648 639 4718 hostibus,
669 4665 840 4707 secus
858 4656 1095 4723 pontem
1113 4648 1586 4723 congrediantur,
1609 4653 1667 4705 et
1685 4648 1838 4705 circa

172 4751 267 4794 sos
285 4737 669 4794 detineantur
694 4740 993 4810 occupati;
1025 4740 1281 4812 dumque
1310 4740 1463 4795 circa
1493 4740 1548 4794 id
1579 4743 1699 4794 tam
1731 4740 1828 4795 in-

173 4829 413 4886 teriores
459 4841 639 4900 quam
687 4829 999 4886 exteriores
1044 4829 1363 4902 plurimum
1416 4830 1623 4886 suerint
1652 4843 1829 4900 nego·

174 4916 325 4984 tiosi,
362 4922 508 4974 tunc
553 4917 774 4977 irruant
821 4920 1013 4976 subito
1057 4924 1114 4976 et
1159 4919 1424 4977 incautos
1461 4921 1829 4994 opprimantg

173 5006 562 5080 futurumque
593 5025 745 5073 esse,
769 5015 833 5065 ut
861 5015 919 5064 et
948 5016 1081 5065 ante
1111 5016 1166 5067 et
1190 5017 1340 5066 retro
1367 5012 1452 5066 eis
1481 5009 1832 5066 occurrenti·

172 5095 296 5165 bns,
330 5114 445 5155 nec
475 5097 578 5153 uni
606 5114 677 5155 ex
704 5099 787 5155 eis
832 5099 994 5155 liceat
1020 5107 1264 5156 mortem
1295 5101 1553 5155 evadere.
1587 5098 1828 5155 Factum

173 5193 258 5242 est
303 5187 492 5260 igitur
534 5202 636 5259 per
678 5204 877 5244 eorum
919 5188 1123 5259 ,iucem
1173 5190 1535 5252 instantiam,
1569 5191 1721 5261 quod
1756 5188 1829 5244 ab

177 5270 440 5349 llalapia,
466 5276 749 5347 Cesarea,
772 5278 975 5348 Hama,
997 5278 1243 5346 Emissa,
1274 5278 1582 5348 Hierapoli,
1616 5285 1675 5333 et
1703 5278 1833 5335 aliis

174 5366 558 5424 conterminis
586 5368 921 5427 civitatibus
946 5372 1013 5425 ad
1048 5372 1342 5441 ingentem
1368 5382 1674 5424 numerum
1704 5384 1829 5425 con·

174 5461 409 5528 gregata
463 5457 695 5528 militia,
743 5456 892 5515 clam
924 5463 984 5515 et
1040 5458 1167 5514 sinn
1229 5459 1504 5527 tumultu,
1561 5456 1711 5516 sicut
1766 5459 1827 5516 in

154 5545 471 5608 -nandatis
496 5551 863 5623 acceperant,
886 5548 1249 5622 accedentes,
1279 5549 1436 5609 circa
1455 5557 1713 5609 castrum
1735 5549 1829 5610 cui

2608 4666 2841 4724 CAPUT
2867 4669 2938 4723 11.

1938 4755 2119 4813 Noun·
2163 4756 2463 4826 principes,
2513 4757 2785 4826 peditibus
2828 4758 2908 4812 cd
2942 4759 3250 4812 castrorum
3296 4754 3593 4812 tuitionem

2009 4827 2233 4891 relictis,
2263 4845 2385 4884 cum
2416 4832 2659 4901 equeetrt‘
2686 4845 2859 4884 manu
2891 4828 3133 4883 hostibus
3158 4826 3475 4899 praecedunt
3502 4826 3593 4885 ob-

2007 4904 2178 4966 viam,
2211 4899 2438 4957 victores
2462 4902 2524 4956 in
2551 4905 2738 4956 castra
2768 4900 3072 4956 redeuntes.

2009 5007 2125 5060 Sub
2159 5007 2347 5078 primo
2388 5008 2566 5080 igitur
2614 5008 2798 5063 noctis
2852 5005 3217 5077 crepusculo,
3248 5006 3418 5065 sicuti
3450 5025 3594 5066 con-

1938 5097 2159 5154 dictum
2182 5100 2433 5168 fuerat,a
2454 5100 2661 5156 castris
2678 5101 2895 5173 egressi
2929 5118 3029 5172 per
3062 5112 3292 5173 pontem
3328 5103 3590 5172 navium,

1939 5189 2034 5244 vix
2062 5189 2466 5262 septingentos
2494 5206 2695 5247 secum
2727 5192 3321 5262 eduxeruntequites,
3351 5191 3419 5245 ad
3454 5207 3587 5247 eum

1939 5280 2372 5352 proficiscentes
2419 5281 2634 5348 locum,
2669 5282 2768 5354 qui
2814 5282 3041 5338 medius
3089 5282 3242 5336 inter
3272 5282 3486 5349 lacum,
3516 5279 3588 5338 de

1937 5370 2008 5424 de
2039 5386 2154 5441 quo
2173 5372 2442 5440 superius
2475 5371 2721 5427 fecimus
2751 5375 3124 5437 mentionem,
3150 5372 3291 5426 dum
3324 5371 3395 5426 de
3427 5372 3589 5427 urbis

1936 5460 2054 5515 situ
2074 5459 2464 5533 loqueremur,
2494 5466 2553 5518 et
2573 5464 2848 5519 Orontem
2865 5461 3126 5532 fluvium,
3154 5460 3251 5530 qui
3281 5476 3394 5518 ase
3414 5460 3586 5535 quasi

1936 5550 2115 5609 unlus
2137 5550 2393 5612 milliarii
2423 5553 2643 5642 distant
2688 5552 2915 5630 spatio:
2965 5551 3050 5612 ibi
3072 5568 3141 5613 aa
3167 5562 3335 5614 nocte
3362 5551 3590 5626 quisve·
