3784 6000
285 208 425 269 1803

1735 215 1929 275 LUCII
1969 214 2044 272 111
2083 213 2291 273 PAPAE

351 336 476 409 Ego
503 335 779 406 Uberius,
805 336 891 394 tit.
925 338 983 395 S.
1014 338 1310 398 Laurentii
1341 341 1402 399 in
1430 342 1698 401 Damaso
1726 342 1931 416 presb.
1965 343 2014 398 A
2043 338 2234 397 mines
2253 343 2488 396 ¹vesti-os
2515 339 2709 408 talliis,
2736 341 2834 399 vel
2848 341 3256 400 exactionibus
3277 342 3552 402 indebite
3569 360 3698 417 gra-

280 424 443 482 card.
477 427 679 483 subsc.

355 517 479 588 Ego
518 515 936 590 pandulphus,
963 518 1164 591 presb.
1198 519 1364 577 card.
1396 521 1478 578 tit.
1530 520 1797 579 Basilicas
1838 520 1932 577 ΧΗ

282 604 727 676 Apostolorum.

362 696 486 765 Ego
509 695 795 763 Albanus,
827 695 884 752 S.
913 696 1111 752 Marias
1140 700 1321 754 Novae
1353 698 1506 755 diac.
1535 701 1696 756 card.
1728 699 1931 756 subsc.

356 791 479 858 Ego
509 784 766 850 Ardicio‚
806 786 863 841 S.
894 786 1180 842 Theodori
1203 787 1356 844 diac.
1386 789 1553 845 card.
1580 791 1777 847 subsc.

358 879 484 946 Ego
511 872 815 940 sofredus,
858 875 914 930 S.
940 875 1131 931 Marisa
1159 876 1221 932 in
1253 878 1356 932 Via
1384 878 1530 934 Lata
1572 877 1730 934 diac.
1763 878 1932 935 card.

284 965 488 1024 subsc.

352 1055 478 1125 Ego
489 1051 857 1118 Theodinus,
882 1053 939 1110 S.
964 1052 1379 1126 RufinaeJSedis
1398 1054 1752 1128 Apostolicae
1766 1055 1932 1113 card.

283 1145 626 1218 episcopus.

354 1236 478 1304 Ego
507 1230 815 1296 Henricus,
845 1230 1117 1287 Albanus
1145 1232 1467 1305 episcopus
1496 1249 1576 1289 ss.

353 1323 477 1393 Ego
495 1319 894 1388 Theobaldus,
926 1320 1216 1378 Ostiensis
1248 1322 1564 1394 episcopus
1591 1340 1672 1382 ss.

353 1414 478 1482 Ego
530 1408 913 1475 Octavianus,
949 1410 1044 1466 SS.
1081 1412 1310 1467 Cosmae
1340 1415 1399 1468 et
1452 1411 1725 1468 Damiani
1775 1413 1931 1470 diac.

285 1499 450 1557 card.
486 1499 692 1555 subsc.

355 1591 570 1646 Datum
623 1586 897 1655 Veronae,
937 1602 1044 1659 per
1100 1604 1352 1646 manum
1380 1590 1623 1663 ugonis,
1660 1593 1714 1648 S.
1765 1594 1831 1647 R.
1871 1593 1932 1647 E.

2042 444 2180 485 vare
2210 436 2559 503 praesumat,
2600 430 2716 487 sub
2773 430 3254 489 interminatione
3290 433 3698 492 anathematis

2043 518 2451 590 prohibemus.
2480 519 2678 575 Liceat
2698 536 2937 593 quoque
2967 520 3139 577 vobis
3167 521 3412 578 clericos
3467 523 3568 581 vel
3597 523 3700 581 lai-

2041 624 2137 663 cos
2166 623 2199 664 e
2228 608 2449 664 soeculo
2470 607 3014 678 fugientes,liberos
3027 613 3083 666 et
3101 610 3430 677 absolutos,
3455 613 3542 669 ad
3563 628 3699 670 con-

2041 697 2376 752 versionem
2409 696 2672 768 recipere
2727 701 2786 752 et
2831 712 2935 753 ecs
2959 698 3193 771 absque
3223 700 3698 758 contradictione

2042 783 2245 857 aliqua
2256 784 2928 857 rotinere.!Pr‹›hibemus
2942 786 3267 859 insuperut
3279 788 3423 845 nulli
3441 789 3698 849 fratrum

2043 878 2546 946 vestrorum,post
2558 875 2778 931 factam
2793 875 2849 931 in
2861 875 3074 932 eodem
3088 876 3222 933 loeo
3232 877 3674 950 professionem
3684 924 3698 948 ,

2044 961 2134 1019 ras
2156 962 2233 1018 sit
2259 963 2388 1019 sine
2420 962 2637 1033 prioris
2667 963 2758 1019 sui
2790 963 3027 1021 licentia
3064 964 3139 1021 de
3170 965 3386 1023 eodem
3408 967 3570 1037 loco,
3591 969 3701 1026 nisi

2045 1051 2314 1109 arctioris
2343 1050 2646 1122 religionis
2674 1050 2920 1110 obtentu
2933 1053 3262 1122 discedere,
3283 1055 3701 1115 discedentem

2043 1155 2182 1197 vero
2212 1140 2443 1214 absque
2467 1141 2883 1198 communium
2906 1141 3239 1200 litterarum
3264 1145 3562 1203 cautione
3578 1147 3704 1203 nul·

2041 1230 2137 1288 lus
2165 1231 2385 1289 audeat
2412 1233 2682 1288 retinere.
2709 1232 2773 1288 ln
2806 1233 3065 1290 ecclesiis
3099 1239 3302 1292 autem
3331 1252 3496 1308 quas
3521 1237 3704 1296 babe-

2046 1321 2139 1390 tis,
2172 1321 2342 1377 liceat
2363 1321 2534 1377 vobis
2566 1326 2678 1378 tres
2692 1321 2783 1378 vel
2802 1328 3063 1395 quatuor
3083 1322 3160 1381 de
3178 1323 3469 1382 fratribus
3490 1328 3702 1384 vestris

2041 1425 2266 1483 ponere
2276 1426 2540 1483 quorum
2564 1426 2755 1467 unum
2767 1410 3112 1470 dioecesanc
3125 1413 3416 1488 episcopo
3430 1431 3704 1488 prosen-

2044 1497 2173 1553 tetis
2197 1498 2303 1570 qui
2319 1499 2372 1555 ei
2389 1498 2464 1555 de
2482 1499 2916 1571 spiritualibus,
2946 1501 3118 1557 vobis
3143 1517 3286 1558 vero
3305 1502 3384 1559 de
3404 1508 3707 1577 tempora-

2040 1585 2198 1643 libus
2248 1592 2305 1644 et
2346 1588 2571 1643 ordinis
2622 1588 3007 1645 observantia
3048 1589 3262 1647 debeat
3306 1594 3705 1666 respondere.

284 1676 522 1745 notarii,
551 1692 589 1732 x
620 1674 747 1731 Kal.
784 1676 1140 1744 Decembris,
1172 1677 1496 1735 indictione
1526 1696 1605 1746 m,
1659 1683 1936 1737 incarna—
1966 1703 2012 1759 Β
2044 1675 2422 1747 Sepulturam
2448 1681 2739 1748 praeterea
2755 1678 3024 1734 ecclesiae
3046 1683 3260 1736 vestrm
3283 1679 3550 1737 liberam
3580 1699 3706 1741 esse

281 1765 461 1824 tionis
509 1764 833 1821 Dominicae
873 1780 1036 1822 anno
1071 1770 1223 1837 ¹¹84,
1259 1768 1648 1840 pontificatus
1695 1785 1830 1826 vero
1860 1769 1931 1825 D.

283 1853 442 1911 Lucii
474 1869 651 1926 papas
677 1853 749 1908 111
774 1868 936 1911 anno
962 1858 1199 1927 quarto.

978 1945 1245 2002 CLXXVI.

352 2033 740 2105 Privileqt'um
779 2048 893 2102 pro
918 2033 1167 2091 ecclesia
1204 2034 1263 2090 S.
1297 2034 1437 2092 Ursi
1464 2036 1539 2093 de
1566 2036 1857 2108 Auqusta.

808 2122 1096 2194 (Veronae,
1129 2124 1271 2180 Nov.
1305 2125 1416 2197 29.)

476 2210 660 2285 [Hist.
685 2213 900 2282 patriae
924 2213 1216 2279 Monam„
1249 2214 1499 2283 Chartoe,
1523 2215 1568 2282 I,
1588 2218 1740 2286 ⁹333

353 2302 558 2359 Lucius
587 2301 933 2374 episcopus,
963 2318 1169 2359 servus
1208 2319 1518 2361 servorum
1552 2306 1673 2372 Dei,
1702 2305 1933 2363 dilectis

280 2390 417 2449 filiis
456 2393 713 2448 Goarano
743 2391 921 2464 priori
960 2396 1014 2446 et
1062 2392 1370 2448 canonicis
1421 2393 1686 2451 Ecclesiae
1734 2395 1932 2453 Sancti

282 2480 412 2538 Ursi
443 2480 519 2535 de
547 2481 840 2551 Augusta,
881 2485 1001 2536 tam
1031 2482 1428 2553 praesentibus
1458 2499 1645 2556 quam
1695 2484 1931 2551 futuriS,

281 2568 615 2639 regularem
656 2569 841 2625 vitam
873 2569 1179 2642 protessis.
1210 2571 1269 2627 in
1302 2576 1681 2645 perpetuum.

351 2656 641 2714 Effectum
662 2657 825 2728 justa
857 2658 1296 2730 postulantibus
1326 2660 1638 2731 indulgere
1667 2667 1724 2719 et
1761 2662 1934 2733 vigor

279 2745 543 2820 postulat
565 2746 866 2820 aequitatis
896 2751 953 2803 et
981 2747 1131 2804 ordo
1168 2748 1348 2820 exigit
1393 2750 1654 2816 rationis,
1689 2766 1936 2823 praeser-

278 2835 388 2894 tim
400 2837 653 2909 quando
675 2837 1004 2909 petentium
1019 2837 1200 2893 volun
1211 2842 1379 2894 tatem
1393 2845 1449 2895 et
1460 2839 1652 2912 pietas
1666 2840 1761 2911 adj
1772 2846 1930 2907 uvat,

279 2928 338 2981 et
377 2925 595 2982 veritas
641 2940 764 2981 non
796 2925 1094 2998 relinquit.
1132 2928 1475 2999 Eapropter,
1509 2928 1704 2985 dilecti
1729 2929 1791 2985 in
1824 2929 1934 2984 Do-

281 3015 447 3071 mino
477 3015 603 3084 filii,
633 3015 845 3071 vestris
868 3016 1045 3087 justis
1084 3015 1585 3088 postulationibus
1611 3018 1934 3075 clementer

280 3102 629 3171 annuimus,
661 3107 721 3160 ct
746 3104 1052 3176 praefatam
1083 3105 1278 3161 Sancti
1307 3106 1432 3162 Ursi
1457 3107 1532 3162 de
1558 3109 1821 3178 Augusta
1840 3124 1929 3165 ec·

281 3192 520 3249 clesiam
565 3192 629 3247 in
678 3207 804 3265 qua
831 3191 1034 3249 divino
1065 3194 1199 3249 estis
1234 3194 1532 3268 obsequio
1583 3197 1929 3270 mancipati,

281 3280 394 3338 sub
424 3280 581 3338 beati
608 3281 754 3337 Petri
776 3285 832 3337 et
858 3286 1064 3338 nostra
1098 3285 1466 3354 protectione
1495 3286 1857 3358 suscipimus
1878 3291 1936 3342 et

280 3370 594 3444 praesentis
625 3371 822 3443 scripti
854 3371 1160 3444 privilegio
1185 3374 1634 3431 communimus
1663 3392 1677 3442 3
1722 3376 1933 3449 impri-

280 3460 396 3516 mis
415 3458 716 3532 siquidem
741 3464 1068 3516 statuentes
1091 3466 1153 3517 ut
1174 3462 1324 3519 crdo
1349 3463 1691 3531 canonicus,
1717 3466 1820 3537 qui
1844 3481 1936 3521 se-

280 3547 553 3607 cundum
586 3549 773 3606 Deum
799 3555 855 3606 et
877 3549 1031 3606 beati
1060 3552 1377 3621 Augustini
1412 3553 1699 3623 Regulam
1734 3555 1793 3609 in
1834 3569 1934 3610 ea·

280 3638 421 3696 dem
447 3638 705 3696 ecclesia
726 3637 1037 3696 institutus
1065 3656 1194 3696 esse
1220 3640 1613 3711 dignoscitur,
1630 3644 1936 3716 perpetuis

280 3726 507 3785 ibidem
531 3727 901 3800 temporibus
928 3728 1350 3787 inviolabiliter
1379 3731 1748 3789 observetur.
1782 3731 1935 3790 Prae·

280 3820 444 3875 terea
478 3832 879 3890 quascunque
903 3819 1339 3891 possessiones,
1372 3836 1747 3895 quoscunque
1773 3821 1938 3880 bona

282 3905 347 3964 in
383 3906 838 3978 praesentiarum
857 3906 1020 3978 juste
1050 3909 1406 3965 etcanonice
1431 3909 1719 3984 possidet,
1752 3912 1934 3968 autin

281 3993 550 4051 futurum
578 3996 968 4052 concessione
994 3996 1364 4068 pontificum,
1387 3997 1695 4068 largitione
1725 4015 1936 4071 regum

281 4082 375 4138 vel
401 4083 766 4157 principum,
797 4084 1100 4142 oblatione
1130 4085 1419 4156 fidelium,
1444 4103 1549 4142 seu
1600 4087 1732 4143 aliis
1757 4089 1937 4158 iustis

280 4172 497 4241 modis,
552 4179 875 4245 proestante
907 4176 1158 4231 Domino
1209 4176 1426 4248 poterit
1454 4175 1719 4248 adipisci,
1761 4177 1936 4235 firma

283 4259 457 4317 vobis
485 4262 816 4335 vestrisque
844 4263 1287 4320 successoribus
1325 4268 1384 4321 et
1419 4264 1648 4321 illibata
1690 4271 1935 4338 perma-

281 4353 467 4405 neant
489 4349 578 4417 ;in
595 4350 815 4421 quibus
828 4349 960 4407 baec
972 4352 1228 4424 propriis
1239 4352 1523 4410 duximus
1545 4355 1938 4427 exprimenda

283 4436 591 4495 vocabulis
622 4453 637 4493 :

356 4526 582 4585 Locum
629 4529 832 4600 ipsum
883 4527 944 4584 in
977 4543 1100 4602 quo
1133 4529 1378 4602 praefata
1407 4532 1662 4589 ecclesia
1690 4534 1804 4591 sita
1850 4540 1939 4592 est

284 4631 425 4674 cum
445 4617 731 4674 omnibus
752 4618 1118 4690 pertinentiis
1136 4619 1259 4676 suis
1281 4635 1297 4687 ;
1322 4623 1540 4677 terram
1561 4637 1751 4694 quam
1775 4622 1941 4679 dedit

283 4704 461 4763 vobis
486 4705 834 4764 Vuillelmus
856 4707 932 4764 de
956 4707 1181 4765 Palatio
1204 4725 1218 4775 ;
1248 4712 1468 4766 terram
1498 4725 1684 4783 quam
1710 4711 1939 4768 vuilen-

283 4811 388 4852 cus
419 4796 669 4853 Moranti
695 4796 869 4854 vobis
895 4797 1085 4865 dedit;
1110 4802 1327 4854 terram
1358 4813 1544 4871 quam
1578 4799 1743 4857 dedit
1766 4801 1939 4860 vobis

284 4883 466 4941 Albor
492 4889 550 4941 et
575 4886 752 4942 Maria
783 4890 973 4942 mater
998 4887 1148 4958 eius,
1179 4892 1237 4943 et
1267 4887 1465 4961 alpem
1496 4888 1571 4946 de
1601 4889 1844 4947 Gerzola
1882 4895 1942 4949 et

284 4972 361 5030 de
389 4972 856 5040 Terre,decimas
884 4975 959 5031 de
988 4975 1251 5042 Tbaone,
1273 4977 1429 5034 etde
1460 4976 1626 5045 Ouri,
1650 4979 1797 5035 etde
1828 4979 1941 5036 Va-

284 5063 434 5134 raia‚
456 5067 514 5119 et
535 5062 833 5120 decimam
887 5064 1078 5121 vineoe
1101 5065 1359 5136 jacentis
1380 5067 1528 5123 inter
1561 5067 1855 5140 hospitale
1881 5071 1941 5125 et

284 5152 483 5209 vicum
502 5152 843 5224 Clementis,
857 5158 914 5211 et
930 5153 1085 5210 illius
1100 5170 1235 5227 quae
1245 5155 1399 5227 jacet
1413 5155 1566 5212 iuter
1582 5157 1937 5215 viridarium

284 5246 343 5299 et
368 5248 610 5308 Arcum,
641 5246 698 5299 et
727 5242 1031 5300 decimam
1062 5242 1137 5300 de
1168 5245 1348 5316 Horgi
1373 5250 1430 5301 et
1459 5244 1533 5302 de
1549 5246 1855 5319 Liverogni
1883 5251 1942 5304 et

283 5330 362 5389 de
389 5335 594 5401 Aruer,
626 5337 683 5390 et
706 5331 853 5391 alias
904 5350 1059 5408 quas
1106 5333 1247 5392 alibi
1277 5334 1532 5391 habetis.
1567 5335 1659 5392 Ad
1704 5336 1834 5393 haec
1864 5352 1939 5394 ne

286 5419 501 5492 aliquis
527 5422 717 5479 laicus
741 5440 834 5481 res
864 5431 1095 5481 vestras
1126 5439 1335 5497 rapere
1364 5423 1457 5480 vel
1496 5423 1797 5493 invadere,
1831 5442 1936 5483 seu

282 5505 553 5566 homines
575 5513 840 5571 ecclesioe
872 5519 1083 5573 vestrm
1113 5528 1349 5588 capere,
1382 5518 1488 5573 aut
1516 5513 1608 5572 vel
1640 5515 1810 5588 ipsos
1830 5515 1935 5575 bo·

2042 1763 2439 1834 decernimus,
2473 1772 2539 1821 ut
2576 1781 2786 1822 eorum
2816 1767 3710 1829 devotionietextremasvolun·

2042 1852 2168 1920 tati,
2196 1855 2299 1926 qui
2351 1869 2416 1910 se
2452 1853 2569 1911 illic
2622 1855 2860 1927 sepeliri
2885 1854 3372 1927 deliberaverint,
3406 1860 3532 1916 nisi
3561 1859 3708 1919 forte

2041 1943 2543 2000 excommunicati
2570 1943 2661 2000 vel
2688 1943 2983 2001 interdicti
3025 1945 3165 2014 sint,
3181 1945 3386 2003 nullus
3422 1947 3701 2017 obsistat.

2042 2030 2209 2088 salva
2232 2035 2436 2087 tamen
2460 2030 2691 2102 Justitia
2720 2031 3110 2090 ecclesiarum
3140 2032 3380 2091 illarum
3409 2051 3450 2093 a
3479 2037 3702 2109 quibus

2043 2135 2298 2193 corpora
2316 2126 2693 2178 mortuorum
2709 2127 3124 2179 assumuntur.
3149 2123 3428 2181 obeunte
3455 2140 3603 2183 vero
3627 2131 3699 2193 te,

2043 2224 2204 2265 nunc
2225 2209 2497 2281 ejusdem
2527 2209 2990 2281 lociabbate,vel
3015 2217 3260 2268 tuorum
3277 2213 3556 2285 quolibet
3577 2231 3701 2272 suc-

2042 2313 2370 2365 cessorum,
2400 2298 2601 2356 nullus
2629 2299 2856 2356 ibidem
2880 2298 3149 2372 qualibet
3177 2302 3593 2375 subreptionis
3611 2322 3698 2362 as-

2044 2387 2190 2444 tutia
2219 2403 2324 2444 seu
2367 2387 2650 2445 violentia
2682 2394 3087 2461 proeponatur,
3125 2389 3239 2445 nisi
3267 2407 3462 2464 quem
3496 2392 3698 2449 fratres

2044 2477 2350 2533 communi
2363 2493 2682 2540 consensu,
2696 2482 2800 2534 aut
2815 2477 3066 2534 fratrum
3081 2493 3222 2551 pars
3235 2481 3482 2537 consilii
3509 2484 3699 2539 sanio-

2041 2566 2144 2632 ris,
2174 2567 2915 2638 providet-inteligendum,
2950 2569 3286 2625 secundum
3304 2569 3409 2626 Dei
3425 2570 3694 2628 timorem

2042 2660 2100 2712 ct
2140 2659 2198 2711 Β.
2233 2656 2542 2725 Augustini
2568 2656 2876 2727 Regulam.
2909 2656 2998 2712 Ad
3017 2657 3148 2714 hoec
3177 2661 3541 2718 auctoritate
3563 2676 3698 2733 apc-

2043 2744 2251 2800 stolica
2277 2745 2667 2817 prohibemus
2681 2761 2755 2802 ne
2776 2745 2994 2819 aliquis
3007 2746 3332 2820 episcopus
3357 2755 3575 2806 contra
3589 2754 3698 2806 sta·

2045 2836 2169 2889 tuta
2197 2832 2610 2889 Lateranensis
2639 2831 2874 2890 concilii
2922 2832 3100 2890 talliis
3147 2834 3240 2889 vel
3285 2837 3698 2893 exactionibus

2043 2936 2149 2977 vos
2174 2921 2266 2977 vel
2289 2920 2571 2978 ecclesias
2602 2926 2831 2978 vestras
2859 2921 2934 2978 de
2956 2928 3171 2979 coetero
3194 2937 3458 2994 gravare
3488 2940 3701 2997 prosn-

2041 3015 2186 3078 mat,
2220 3027 2328 3068 nec
2358 3012 2670 3068 interdicto
2684 3011 3562 3078 velexcotnmunicationi,sine
3580 3031 3702 3072 ms·

2041 3100 2261 3157 nifesta
2282 3105 2340 3158 et
2359 3100 2703 3157 rationabili
2731 3117 2918 3158 causa
2948 3107 3274 3174 supponat.
3307 3101 3698 3160 Decernimns

2042 3206 2183 3262 ergo
2211 3196 2274 3248 ut
2303 3191 2447 3247 nulli
2478 3192 2750 3257 omnino,
2784 3195 2894 3248 etc.
2953 3192 3162 3264 Siqua
3212 3192 3398 3263 igitur
3444 3194 3504 3249 in
3550 3193 3701 3250 futa-

2041 3295 2199 3346 rum,
2231 3284 2343 3337 etc.
2371 3280 2610 3337 Cunctis
2631 3284 2832 3338 autem
2862 3278 3058 3337 eidem
3086 3280 3220 3337 loco
3244 3280 3392 3352 jura
3420 3282 3701 3340 servanti·

2042 3369 2181 3437 bus,
2212 3375 2327 3425 etc.

2119 3462 2270 3515 Bene
2301 3458 2512 3515 valete.

2116 3550 2239 3618 Ego
2267 3547 2502 3616 Lucius,
2530 3546 2836 3604 catholica?
2865 3547 3142 3604 Ecclesiae
3171 3548 3533 3622 episcopus,
3567 3548 3705 3607 sub·

2044 3652 2278 3709 scripsi.

2115 3727 2238 3797 Ego
2264 3726 2546 3791 Joannes‚
2568 3725 2718 3782 tituli
2750 3726 2947 3784 Sancti
2974 3726 3170 3796 Marci,
3202 3726 3570 3801 subscripsi.

2117 3815 2240 3886 Ego
2254 3814 2580 3881 Laborem,
2601 3815 2916 3888 presbyter
2931 3814 3252 3872 cardinalis
3266 3817 3505 3874 Sanctae
3519 3819 3708 3876 Mariae

2043 3905 2495 3978 Transtyberim
2528 3904 2675 3962 tituli
2703 3904 2932 3973 Calixti,
2965 3904 3319 3977 subscripsi.

2119 3997 2239 4069 Ego
2270 3994 2656 4062 Humbertus,
2707 3993 2858 4051 tituli
2916 3995 2976 4052 S.
3006 3994 3305 4052 Laurentii
3331 3995 3395 4053 in
3449 3998 3711 4054 Damaso

2045 4087 2358 4158 presbyter
2386 4082 2709 4140 cardinalis
2741 4083 3091 4156 subscripsi.

2118 4176 2241 4243 Ego
2268 4172 2678 4243 pandulphus,
2711 4171 3030 4245 presbyter
3054 4171 3387 4229 cardinalis
3399 4172 3491 4230 tit.
3511 4175 3708 4233 Basili·

2046 4279 2130 4320 cae
2162 4263 2255 4319 xil
2281 4261 2710 4334 Apostolorum
2743 4261 3098 4332 subscripsi.

2117 4357 2240 4425 Ego
2264 4350 2629 4416 Theotimus,
2685 4350 3027 4409 portuensis
3055 4354 3113 4407 et
3160 4351 3220 4408 S.
3256 4351 3502 4409 Rufinus
3557 4355 3711 4412 sedis

2046 4442 2368 4516 episcopus
2399 4440 2746 4513 subscripsi.

2119 4534 2241 4602 Ego
2272 4529 2577 4595 immicus,
2611 4528 2967 4586 albanensis
2996 4527 3320 4601 episcopus
3349 4529 3710 4605 subscripsi.

2120 4623 2241 4691 Ego
2270 4617 2671 4684 Theobaldus,
2687 4617 2969 4675 Ostiensis
2994 4622 3052 4673 et
3071 4615 3468 4675 velletrensis
3489 4620 3717 4694 episco-

2046 4726 2163 4783 pus
2197 4708 2544 4779 subscripsi.

2121 4800 2242 4870 Ego
2261 4797 2512 4864 ardicio,
2539 4795 2838 4853 diaconus
2856 4794 3178 4852 cardinalis
3200 4793 3408 4852 Sancti
3419 4797 3714 4856 Theodori

2049 4887 2402 4959 subscripsi.

2119 4980 2241 5047 Ego
2272 4976 2607 5040 Gratianus,
2650 4977 3006 5032 Sanctorum
3052 4975 3282 5031 Cosmas
3326 4979 3389 5032 et
3439 4976 3715 5035 Damiani

2047 5065 2335 5124 diaconus
2365 5063 2684 5122 cardinalis
2716 5064 3062 5137 subscripsi.

2120 5159 2242 5226 Ego
2280 5155 2546 5223 Albinus,
2580 5156 2808 5211 Sanctae
2831 5155 3024 5211 Marias
3045 5156 3226 5210 Nova
3253 5153 3575 5214 diaconus
3593 5171 3717 5215 car-

2046 5244 2269 5302 dinalis
2299 5243 2648 5316 subscripsi.

2119 5335 2266 5393 Data
2315 5334 2579 5401 Veronae,
2611 5347 2720 5404 per
2749 5346 2999 5388 manum
3033 5330 3304 5402 nugonis
3341 5340 3584 5393 uncto
3613 5337 3718 5393 Rc-

2048 5440 2244 5481 manas
2298 5422 2574 5480 Ecclesiae
2603 5421 2841 5483 natorii,
2897 5438 2954 5477 ιιι
3002 5422 3306 5480 Kalendas
3339 5423 3714 5486 Decembris.

2044 5513 2372 5573 indictione
2423 5515 2614 5582 tertia,
2667 5512 3106 5571 incarnationis
3157 5512 3500 5574 Dominum
3558 5529 3715 5575 anno
