3784 6000
140 360 147 371 Ι
262 264 384 331 443

1334 257 1769 324 confflem
1815 260 2197 328 TYRENsls
2243 222 2609 329 annates.

3553 258 3673 319 ΕΗ

262 399 383 458 lum
418 415 591 457 suum
615 397 936 456 clementer
958 396 1030 453 ab
1053 394 1796 454 imminentibusliberaret
1816 412 1914 470 pe·
1946 401 2002 468 Α
2031 399 2142 456 sito
2185 399 2419 473 penitus
2459 398 2670 465 edocti,
2719 397 3115 469 cognoverunt
3157 394 3314 468 quod
3363 392 3676 468 prodictus

265 490 491 558 riculis,
515 505 691 562 quem
724 502 913 560 usquc
942 486 1000 541 in
1035 501 1292 559 praesens
1324 485 1772 542 misericorditer
1798 486 1919 548 sibi

267 585 702 637 conservaverat
732 578 1050 643 victorem;
1109 583 1161 632 et
1203 575 1304 648 qui
1355 575 1546 632 locum
1590 575 1923 632 sanctifica-

265 667 447 726 tionis
476 682 596 725 suae
645 664 917 721 mundari
947 664 1230 734 voluerat,
1273 681 1407 721 eum
1443 663 1691 721 ulterius
1721 667 1921 720 conta—

266 757 477 815 minari
513 761 747 829 propter
777 753 1015 827 gloriam
1050 754 1305 810 nominis
1337 754 1425 810 sui
1452 770 1568 810 non
1600 759 1917 826 pateretur.

269 847 410 904 Inde
440 845 618 901 etiarn
652 845 831 900 nudis
864 843 1134 916 pedibus,
1160 859 1289 900 curn
1325 844 1559 918 hymnis
1589 848 1646 899 et
1675 843 1921 900 canticis

267 934 700 1010 spiritualibus,
716 933 790 989 ad
815 932 1100 1005 templum
1122 934 1350 991 Domini
1372 935 1574 990 eodem
1597 931 1922 990 devotionis

267 1026 493 1083 fervore
521 1027 878 1091 accedentes,
920 1023 1120 1078 ellusis
1153 1038 1346 1078 coram
1396 1021 1645 1078 Domino
1675 1037 1920 1092 proecor·

268 1112 407 1172 diis.
441 1112 707 1180 orabant,
739 1110 1043 1167 dicentes:
1094 1112 1285 1180 Parce,
1326 1112 1573 1178 Domine,
1620 1125 1783 1182 parce
1823 1122 1922 1179 po-

265 1203 398 1273 pulo
429 1205 544 1268 tue,
577 1204 628 1256 et
657 1216 725 1256 ne
780 1200 872 1256 des
912 1199 1287 1258 haeredicalem
1344 1207 1500 1255 tuam
1565 1199 1814 1271 pentibus
1860 1201 1918 1253 in

264 1289 641 1364 perditionem
671 1290 824 1362 (1οεί.
883 1305 946 1360 ιι,
987 1291 1098 1362 17).
1146 1289 1369 1355 Quibus
1414 1290 1485 1345 de
1543 1305 1700 1345 more
1756 1303 1919 1344 com-

267 1380 458 1454 pletis,
483 1385 756 1454 percepta
786 1381 859 1436 ab
880 1379 1170 1453 episcopis
1210 1369 1633 1447 benedictione,
1675 1388 1731 1436 et
1760 1379 1916 1435 ordi-

266 1470 422 1529 natis
451 1470 550 1543 qui
581 1469 772 1526 medio
792 1473 1049 1542 tempore
1080 1471 1211 1527 urbi
1243 1474 1560 1544 praeessent
1608 1471 1681 1527 ad
1727 1474 1922 1526 custo-

269 1559 426 1631 diam
456 1558 595 1616 viris
620 1558 1028 1632 prudentibus,
1059 1559 1177 1615 dux
1193 1576 1324 1616 cum
1357 1561 1570 1616 comite
1601 1559 1922 1617 Flandren·

267 1647 425 1706 sium
456 1663 526 1705 ex
557 1648 697 1704 urbe
754 1649 1070 1720 proiectus,
1102 1648 1163 1704 in
1221 1648 1568 1722 campestria
1617 1647 1920 1705 descendit

268 1737 668 1806 Romulensia,
701 1737 922 1797 caeteris
968 1738 1334 1812 principibus
1386 1740 1445 1795 in
1486 1739 1630 1796 urbe
1677 1737 1916 1795 relictis.

268 1830 444 1887 Porro
474 1828 582 1886 viri
641 1828 923 1897 illustres,
983 1828 1259 1885 dominus
1317 1827 1689 1897 Eustachius,
1752 1828 1919 1885 ducis

266 1921 463 1990 frater,
495 1922 554 1976 et
583 1919 856 1975 dominus
915 1919 1269 1986 Tancredus,
1339 1919 1558 1976 evocati
1604 1935 1638 1974 a
1693 1917 1920 1974 civibus

267 2007 688 2080 Neapolitanis,
725 2017 784 2063 ut
815 2008 1019 2064 urbem
1067 2008 1195 2065 sine
1245 2007 1514 2065 molestia
1572 2007 1916 2080 reciperent,

267 2096 408 2154 illuc
439 2097 511 2153 de
543 2097 816 2153 mandato
838 2098 1006 2154 ducis
1036 2103 1206 2155 erant
1237 2098 1477 2171 proiecti
1507 2114 1520 2152 ε
1555 2096 1654 2153 ubi
1695 2112 1920 2153 moram

269 2186 568 2254 facientes,
600 2190 724 2243 tum
761 2192 995 2258 propter
1053 2185 1161 2242 loci
1221 2187 1605 2260 opulentiam,
1668 2193 1790 2242 tum
1863 2193 1921 2242 ut

270 2276 405 2332 urbi
457 2275 847 2333 sufficientem
906 2275 1281 2348 designarent
1339 2278 1679 2345 custodiam,
1712 2277 1921 2332 horum

271 2381 399 2438 quae
431 2365 518 2420 sic
537 2363 882 2420 dicebantur
910 2368 1079 2419 erant
1109 2364 1326 2434 ignari;
1372 2366 1472 2421 sed
1496 2365 1717 2421 evocati
1755 2381 1789 2420 a
1820 2365 1920 2420 do-

271 2455 433 2511 mino
463 2457 631 2524 duce,
672 2453 799 2510 sine
838 2453 1119 2509 dilatione
1149 2454 1464 2525 redierunt,
1495 2455 1737 2527 reliquis
1767 2453 1921 2527 prin-

273 2542 507 2615 cipibus
530 2542 824 2600 associati.
850 2543 976 2599 Dux
998 2558 1129 2600 vero
1151 2548 1210 2599 et
1229 2543 1675 2601 Flandrensium
1700 2560 1917 2611 comes,

274 2630 676 2705 pervenientes
723 2631 1057 2698 Ramulam,
1109 2631 1209 2687 ubi
1234 2632 1306 2688 de
1337 2632 1487 2689 facto
1517 2632 1748 2704 plenius
1778 2634 1921 2687 sunt

273 2719 482 2791 edocti,
513 2724 735 2778 certum
767 2720 1048 2777 habentes
1093 2720 1249 2792 quod
1303 2721 1619 2794 praedictus
1649 2720 1920 2778 Emireus

272 2824 404 2866 cum
436 2810 560 2866 suis
591 2809 774 2882 copiis
795 2812 932 2867 ante
950 2808 1295 2866 Ascalonam
1344 2810 1717 2876 consedisset,
1738 2812 1919 2866 misso

271 2898 382 2956 sub
411 2898 572 2957 omni
604 2899 893 2958 celeritate
934 2899 1163 2968 nuntio,
1197 2900 1445 2974 reliquos
1475 2900 1789 2974 principes,
1817 2900 1919 2973 qui

271 2988 354 3046 rei
385 2992 789 3062 exspectantes
810 2989 1216 3049 certitudinem
1242 2991 1304 3050 in
1328 2992 1468 3050 urbe
1492 2994 1916 3059 remanserant,

270 3078 532 3152 praecipit
558 3080 805 3138 evocari.

890 3170 1125 3228 CAPUT
1173 3171 1290 3229 x11.

275 3257 630 3315 commititur
655 3259 934 3331 praelium,
966 3268 1019 3316 et
1073 3263 1276 3317 uostris
1321 3261 1589 3317 divinitus
1634 3262 1916 3332 confertur

432 3329 684 3398 victoria,
725 3331 955 3403 receptis
992 3331 1203 3388 divitiis
1230 3333 1755 3390 innumerabilibus.

347 3438 421 3495 At
464 3454 598 3495 vero
655 3454 851 3496 comes
934 3438 1281 3507 Tolosanus,
1339 3444 1399 3498 et
1462 3439 1561 3497 alii
1636 3446 1748 3500 Deo
1814 3442 1918 3498 de-

274 3526 393 3584 voti
423 3527 737 3599 principes,
770 3527 1024 3602 cognito,
1057 3544 1158 3601 per
1201 3530 1371 3586 ducis
1419 3530 1716 3600 nuntium,
1762 3531 1918 3603 quod

274 3615 336 3673 in
362 3620 482 3673 tam
506 3615 665 3690 gravi
698 3616 1076 3673 multitudine
1107 3617 1311 3675 hostes
1340 3618 1713 3688 advenerant,
1736 3619 1919 3691 quod·

280 3720 396 3778 que
450 3711 567 3761 tam
612 3705 671 3761 in
726 3705 917 3761 vicino
976 3711 1164 3763 castra
1220 3706 1572 3777 locaverant,
1655 3708 1921 3765 invocato

276 3794 351 3850 de
379 3793 650 3867 supernis
681 3792 915 3862 auxilio,
968 3794 1229 3853 collectis
1276 3812 1419 3868 quas
1452 3812 1554 3869 pro
1585 3804 1836 3870 tempore
1867 3800 1925 3853 et

277 3881 405 3939 looo
434 3883 647 3940 habere
687 3888 959 3955 poterant
993 3884 1237 3955 viribus,
1270 3886 1328 3941 in
1359 3886 1710 3959 campestria
1741 3886 1924 3942 Phill-

282 3970 481 4028 sthiim
511 3971 585 4028 ad
619 3987 753 4028 eum
781 3972 972 4030 locum
1004 3975 1106 4047 qui
1128 3975 1298 4033 hodie
1328 3976 1541 4033 dicitur
1564 3975 1790 4043 ibelim,
1823 3974 1923 4032 ubi

283 4060 585 4118 dominum
617 4062 826 4119 ducem
879 4081 1005 4121 esse
1035 4077 1443 4140 cognoverant,
1476 4069 1923 4125 descenderunt.

281 4149 462 4206 Erant
489 4154 683 4208 autem
715 4151 798 4207 eis
844 4155 1110 4226 equitum
1163 4156 1324 4213 mille
1371 4156 1628 4225 ducenti,
1661 4158 1923 4230 peditum

278 4252 414 4293 vero
442 4237 598 4294 circa
629 4254 835 4294 novem
869 4241 1069 4298 millia.
1106 4247 1363 4315 Cumque
1395 4245 1472 4301 ibi
1508 4263 1609 4319 per
1637 4247 1793 4303 diem
1826 4262 1923 4301 no·

282 4327 406 4380 ster
435 4324 747 4398 quievisset
777 4329 1087 4401 exercitus,
1120 4334 1274 4389 eirca
1301 4332 1506 4390 horam
1548 4336 1921 4392 undecimam

280 4416 556 4491 apparuit
575 4419 661 4474 eis
684 4418 740 4474 in
757 4435 884 4476 cam
894 4423 1203 4493 pestribus,
1219 4426 1388 4495 quasi
1412 4427 1481 4481 de
1498 4431 1740 4494 remoto,
1764 4425 1923 4481 mul-

2026 487 2295 562 prinoeps
2316 489 2486 562 juxta
2515 503 2638 556 eos,
2690 486 2856 559 quasi
2903 487 2970 543 ad
3007 483 3281 540 milliaria
3327 486 3549 554 septem
3581 498 3677 539 ca-

2026 580 2146 632 stra
2192 575 2499 646 locaverat,
2547 575 2911 648 propositum
2968 571 3192 629 habens
3248 580 3378 643 post
3424 569 3674 627 biduum

2026 666 2300 722 accedere
2326 669 2382 721 et
2406 670 2674 721 nostrum
2696 663 2887 720 delere
2911 660 3252 718 exercitum.
3277 662 3351 718 At
3373 675 3505 717 vero
3538 674 3674 715 nos·

2027 753 2099 810 tri
2131 754 2269 811 certi
2292 753 2595 828 depraelio,
2618 753 2773 810 acies
2805 751 3105 827 instruunt
3135 764 3340 808 novem
3368 766 3384 819 ;
3425 764 3674 822 quarum

2026 847 2145 900 tres
2176 847 2539 918 praeponunt,
2571 847 2689 900 tres
2747 842 2940 899 locant
2968 840 3028 896 in
3078 838 3291 910 medio,
3321 842 3443 896 tres
3471 839 3672 911 prisci·

2028 932 2198 1005 piunt
2227 932 2529 1005 subsequi,
2563 936 2625 987 ut
2656 931 3039 1004 undecunque
3068 928 3138 984 ad
3169 944 3267 985 eos
3290 927 3553 984 hostium
3575 926 3675 983 flat

2029 1038 2320 1090 accessus,
2360 1022 2645 1094 triplicem
2686 1021 2762 1077 ibi
2798 1020 3090 1093 reperiant
3127 1017 3380 1075 acierum
3408 1015 3674 1075 ordinem

2026 1111 2137 1168 sibi
2167 1112 2483 1183 objectum.
2530 1112 2605 1167 De
2660 1110 2918 1167 hostium
2975 1124 3111 1165 vero
3167 1123 3415 1164 numero
3474 1104 3674 1163 nullus

2029 1205 2255 1274 poterat
2284 1200 2499 1258 habere
2529 1199 2941 1257 certitudinem
2966 1215 2981 1267 ;
3026 1214 3162 1254 nam
3195 1201 3252 1253 et
3289 1194 3524 1252 infinita
3553 1199 3676 1253 erat

2027 1306 2224 1348 eorum
2253 1289 2567 1347 multitudo
2596 1295 2653 1346 et
2682 1287 2932 1363 singulis
2957 1286 3163 1343 diebus
3194 1285 3543 1344 inerementi
3561 1283 3676 1342 ali-

2027 1379 2164 1452 quid
2206 1395 2408 1436 eorum
2440 1380 2745 1436 accedebat
2789 1377 3034 1435 viribus.
3082 1376 3174 1433 Sic
3230 1376 3409 1450 igitur
3437 1375 3677 1433 obtenta

2028 1470 2157 1529 sine
2185 1469 2605 1528 contradictore
2633 1471 2846 1542 praeda,
2880 1485 3006 1542 quae
3038 1484 3154 1542 prae
3186 1467 3373 1524 nimia
3401 1464 3675 1523 multitu-

2028 1559 2164 1616 dine
2192 1576 2495 1617 numerum
2530 1559 2860 1629 excedebat,
2901 1563 3129 1616 noctem
3156 1556 3315 1613 illam
3374 1555 3456 1613 ibi
3484 1559 3675 1613 trans-

2028 1654 2270 1724 egerunt
2290 1651 2610 1724 gaudentes
2634 1666 2648 1718 3
2679 1666 2837 1706 more
2858 1658 3050 1705 tamen
3075 1647 3452 1721 prudentum,
3474 1650 3533 1702 et
3553 1644 3678 1718 qui-

2030 1741 2140 1797 bus
2170 1740 2493 1813 disciplinoe
2539 1740 2810 1797 militaris
2851 1738 3077 1812 plenior
3115 1741 3242 1795 erat
3294 1734 3673 1811 experientia,

2029 1845 2233 1887 euram
2277 1829 2429 1886 circa
2477 1845 2537 1887 se
2568 1829 2907 1902 pervigilem
2939 1834 2996 1885 et
3024 1828 3251 1884 debitas
3296 1828 3677 1884 observantes

2029 1920 2324 1976 excubias.
2362 1919 2533 1976 Mane
2554 1922 2742 1975 autem
2776 1919 2948 1986 facto,
2970 1933 3107 1975 voce
3138 1916 3424 1990 praeconia
3455 1915 3675 1971 bellum

2029 2007 2325 2076 indicitur,
2348 2014 2405 2065 et
2435 2011 2733 2064 instructis
2763 2008 3086 2076 ordinibus,
3118 2006 3366 2062 Domino
3396 2004 3479 2061 rei
3516 2019 3676 2060 com-

2026 2097 2366 2155 mendantes
2391 2097 2635 2162 exitum,
2656 2097 2716 2152 in
2743 2097 2940 2154 hostes
2963 2095 3315 2153 unanimiter
3335 2099 3673 2167 properant,

2029 2189 2279 2244 victoriae
2312 2204 2476 2258 spem
2509 2191 2566 2242 in
2599 2203 2665 2244 eo
2695 2186 3072 2250 collocantes,
3095 2186 3189 2242 cui
3223 2182 3391 2241 faeile
3418 2192 3507 2240 est
3537 2199 3674 2239 cum

2030 2278 2233 2351 paucis
2265 2277 2482 2335 multos
2516 2292 2808 2348 superare.
2843 2277 3017 2332 Porro
3067 2273 3340 2348 AEgyptii,
3372 2278 3429 2330 et
3459 2272 3559 2345 qui
3591 2274 3675 2329 eis

2030 2368 2399 2425 adhaeserant
2427 2374 2498 2426 de
2520 2367 2783 2440 partibus
2814 2366 3016 2436 Syriae,
3047 2372 3379 2423 nostrorum
3410 2363 3677 2420 videntes

2030 2455 2372 2512 instantiam
2417 2460 2473 2512 et
2529 2454 2963 2512 animositatem
3025 2451 3443 2523 importunam,
3507 2449 3677 2521 longe

2032 2544 2203 2602 aliter
2244 2545 2533 2615 sapientes
2564 2560 2740 2616 quam
2783 2544 2969 2616 prius,
3002 2548 3300 2614 coeperunt
3356 2541 3428 2596 de
3455 2537 3678 2596 viribus

2030 2634 2322 2702 dil'lider03
2347 2632 2476 2689 etin
2499 2634 3035 2690 suanumerositate
3049 2631 3171 2705 spei
3191 2630 3385 2687 minus
3397 2632 3457 2685 et
3476 2627 3675 2684 minus

2029 2723 2242 2781 habere
2264 2722 2872 2791 fiduciae,arbitrantes
2899 2736 3134 2777 omnem
3152 2718 3309 2775 illam
3332 2734 3463 2791 quas
3480 2731 3680 2774 occur-

2030 2811 2195 2867 rebat
2217 2810 2672 2878 multitudinem,
2688 2809 2993 2865 hominum
3006 2825 3136 2864 esse
3148 2803 3678 2865 cohortes.Nostro·

2031 2916 2161 2958 rum
2184 2916 2346 2969 sane,
2379 2904 2444 2956 ut
2488 2900 2712 2956 dictum
2746 2904 2855 2966 est,
2900 2897 3158 2954 modicas
3187 2901 3312 2952 erat
3341 2909 3630 2952 numerus
3657 2908 3672 2963 ;

2027 2991 2129 3048 sed
2159 2990 2373 3064 praeda,
2407 2991 2477 3047 de
2524 3007 2641 3063 qua
2688 2988 2961 3063 superius
3008 2987 3254 3043 fecimus
3295 2983 3673 3052 mentionem,

2030 3096 2188 3150 casu,
2221 3081 2454 3138 nemine
2483 3081 2750 3148 ducente,
2783 3078 2993 3135 nostris
3042 3077 3366 3149 legionibus
3396 3090 3459 3131 se
3486 3072 3674 3147 appli-

1941 3152 1985 3220 (ἶ
2026 3176 2277 3238 caverat,
2311 3171 2391 3227 ita
2414 3174 2481 3226 ut
2512 3170 2727 3227 nostris
2758 3170 2869 3225 iter
2900 3167 3213 3242 figentibus
3255 3181 3372 3223 non
3404 3164 3676 3238 procede-

2023 3266 2111 3319 ret
2137 3276 2150 3328 ;
2184 3265 2241 3316 et
2268 3261 2488 3317 eisdem
2513 3258 3018 3333 proficiscentibus
3050 3256 3326 3313 continuo
3357 3253 3488 3311 sine
3524 3254 3672 3310 duce

2025 3356 2384 3422 sequeretur.
2408 3349 2688 3407 Arbitrati
2705 3365 2842 3422 ergo
2864 3351 3193 3406 nostrorum
3220 3344 3515 3402 infinitum
3537 3358 3670 3401 esse

2026 3457 2360 3509 numerum,
2393 3440 2660 3512 viresque
2708 3437 3221 3513 incomparabiles,
3262 3438 3540 3507 fugerunt
3570 3450 3671 3491 ne-

2027 3531 2184 3587 mine
2214 3536 2623 3603 persequente,
2644 3530 2741 3586 vix
2771 3530 2944 3585 etiam
2966 3528 3106 3599 fuga
3133 3525 3384 3583 salutem
3409 3523 3675 3581 invenire

2027 3636 2200 3692 posse
2229 3627 2549 3692 sperantes.
2580 3620 2845 3676 Amissus
2867 3622 2955 3674 est
2983 3632 3120 3689 ergo
3151 3613 3252 3672 illa
3280 3615 3394 3683 die,
3417 3630 3560 3671 casu
3583 3613 3678 3670 in-

2030 3710 2280 3781 cognito,
2314 3709 2721 3766 scandalorum
2780 3708 2988 3775 fomes,
3035 3713 3232 3762 auctor
3291 3703 3674 3771 seditionum,

2029 3798 2494 3856 Marturanensis
2523 3799 2851 3871 episcopus,
2869 3795 3275 3869 ignorantibus
3299 3791 3531 3850 cunctis
3549 3791 3677 3863 ejus

2031 3889 2248 3946 exitum
2277 3912 2292 3956 ς
2324 3904 2675 3960 quocunque
2697 3892 2895 3943 tamen
2927 3901 3069 3942 casu
3089 3885 3145 3941 id
3178 3882 3476 3950 acciderit,
3499 3880 3679 3937 rebus

2031 3978 2308 4036 humanis
2331 3983 2655 4051 exemptae,
2674 3978 2846 4033 desiit
2862 3990 3218 4049 comparere.
3241 3973 3675 4031 Diciturtamen

2034 4069 2189 4142 quod
2216 4085 2250 4124 a
2280 4068 2517 4125 domino
2546 4069 2693 4123 duce
2724 4067 2793 4122 ad
2827 4068 3114 4122 vocandos
3152 4064 3449 4137 principes
3480 4061 3584 4135 qui
3614 4059 3677 4117 in

2034 4160 2175 4216 urbe
2194 4163 2596 4215 remanserant
2627 4157 2865 4229 missus,
2912 4156 3049 4212 dum
3085 4155 3320 4223 rediret,
3359 4158 3573 4226 eaptus
3601 4149 3680 4208 sit

2033 4249 2105 4305 ab
2137 4248 2405 4304 hostibus
2429 4253 2485 4303 et
2506 4246 2768 4317 occisus;
2792 4250 2894 4301 aut
2919 4245 3132 4302 carceri
3156 4251 3431 4316 perpetuo
3451 4239 3682 4299 manci-

2034 4342 2225 4411 patus.
2258 4336 2479 4393 collata
2524 4336 2700 4406 igitur
2752 4336 2821 4391 de
2868 4332 3137 4405 supernis
3168 4332 3425 4401 victoria,
3475 4330 3538 4387 in
3569 4331 3676 4387 ho·

2034 4426 2210 4485 stium
2241 4433 2432 4484 castra
2461 4432 2658 4484 noster
2687 4423 2948 4498 pervenit
2975 4422 3282 4479 exercitus.
3312 4420 3423 4478 Ubi
3454 4424 3676 4477 tantam

279 4507 464 4564 titudo
493 4506 742 4581 ingens;
774 4524 950 4581 quam
985 4513 1088 4569 rati
1120 4511 1388 4569 hostilem
1420 4531 1550 4571 esse
1579 4514 1920 4585 exercitum,
1953 4527 1999 4594 ῃ
2029 4517 2196 4574 variis
2230 4515 2610 4589 supellectilis
2637 4521 2694 4571 et
2724 4512 3154 4587 peregrinarum
3192 4513 3423 4584 copiam
3455 4508 3682 4566 invenit

277 4598 594 4674 praemissis
642 4599 905 4657 ducentis
956 4602 1189 4662 levioris
1236 4614 1538 4663 armaturae
1596 4605 1918 4678 equitibus,

280 4688 379 4760 qui
410 4687 480 4744 de
506 4703 708 4745 eorum
739 4694 897 4747 statu
915 4696 974 4748 et
997 4709 1237 4751 numero
1261 4697 1517 4768 reliquos
1540 4695 1919 4763 instruerent,

281 4777 393 4850 ipsi
438 4778 510 4834 ad
560 4794 724 4835 arma
772 4796 836 4837 se
879 4786 1246 4855 praeparant3
1292 4799 1547 4859 cumque
1581 4786 1925 4843 accederent

281 4866 522 4938 propius
543 4868 644 4940 qui
669 4871 1221 4944 praemissii'uerant,
1245 4880 1641 4948 cognoverunt
1661 4880 1925 4933 armenta

281 4968 409 5010 esse
446 4954 639 5025 boum,
698 4974 1005 5032 equorum,
1053 4963 1527 5037 camelorumque
1583 4964 1919 5039 phalanges.

281 5041 458 5098 Erant
489 5049 682 5101 tamen
706 5047 784 5103 ibi
808 5050 1164 5109 animalibus
1186 5069 1379 5111 curam
1406 5059 1740 5127 praestantes
1769 5055 1925 5127 equi·

280 5135 391 5202 tes,
425 5139 720 5205 pastorum
748 5136 867 5195 vice
886 5141 1168 5198 armentis
1188 5143 1510 5201 custodiam
1531 5143 1922 5201 intendentes.

280 5222 369 5278 Ad
404 5238 553 5295 quos
582 5239 718 5280 cum
753 5228 1115 5298 pervenisset
1145 5237 1337 5289 noster
1364 5232 1673 5301 exercitus,
1709 5248 1823 5289 non
1840 5249 1927 5289 ex-

280 5316 541 5382 spectato
581 5329 918 5386 congressu,
960 5318 1234 5392 fugerunt
1279 5326 1399 5379 tam
1434 5326 1718 5394 pastores,
1748 5338 1926 5393 quam

281 5400 384 5472 qui
406 5403 743 5472 pastoribus
765 5414 1053 5478 praeerant
1071 5410 1318 5484 equites,
1334 5412 1677 5486 gregibuset
1701 5428 1929 5470 armen-

280 5487 360 5544 tis
390 5488 520 5547 sine
548 5493 790 5551 custode
813 5494 1048 5554 relictis.
1082 5500 1247 5572 Capti
1278 5505 1472 5559 tamen
1520 5508 1658 5559 sunt
1686 5502 1927 5577 quidam

276 5591 349 5635 ex
374 5576 484 5649 eis,
515 5595 764 5652 qnorum
789 5582 1068 5644 relatione
1089 5588 1163 5647 de
1192 5587 1454 5648 hostium
1476 5596 1632 5649 statu
1652 5596 1711 5651 et
1726 5607 1932 5667 propo-

2031 4595 2388 4674 di'vitiarum,
2419 4608 2484 4659 ut
2513 4618 2695 4673 usque
2726 4602 2798 4659 ad
2830 4616 3107 4658 nauseam
3141 4599 3354 4664 satiati,
3386 4594 3566 4654 mella
3603 4596 3683 4652 Ia·

2029 4696 2322 4764 8tidirent,
2353 4701 2410 4751 et
2440 4695 2734 4766 placentas
2767 4709 2781 4750 ε
2814 4697 2874 4750 et
2906 4691 3160 4766 pusillus
3187 4695 3244 4748 et
3275 4689 3562 4761 abiectior
3587 4686 3683 4744 di-

2032 4802 2159 4843 cere
2192 4790 2387 4856 posset
2422 4800 2436 4841 ε

2495 4876 2717 4945 Inopem
2744 4888 2829 4931 me
2868 4872 3031 4946 copia
3059 4872 3211 4944 [ecit.

3224 4959 3391 5017 Ovrn.

2031 5055 2127 5114 Sic
2161 5053 2342 5128 igitur
2360 5052 2719 5126 fugientibus
2735 5050 3103 5118 adversariis,
3124 5049 3324 5124 palma
3346 5044 3519 5104 nobis
3551 5045 3684 5103 sine

2033 5146 2232 5203 labore
2261 5160 2556 5211 concessa,
2591 5159 2724 5199 curn
2759 5141 3095 5214 ingentibus
3134 5138 3459 5213 gratiarnm
3489 5135 3682 5193 actio-

2034 5238 2211 5293 nibus
2250 5234 2468 5292 reversi
2516 5238 2657 5289 sunt
2713 5230 3191 5304 Hierosolymam,
3231 5233 3350 5285 tam
3388 5225 3686 5299 principes

2037 5342 2212 5399 quam
2242 5323 2551 5382 universus
2580 5320 2951 5379 Christianus
2981 5319 3269 5378 exercitus
3297 5315 3525 5375 onerati
3557 5329 3686 5371 ma·

2040 5414 2256 5482 nubiis,
2298 5418 2358 5471 et
2409 5413 2665 5488 praedam
2720 5409 3044 5467 inauditam
3102 5422 3304 5465 secum
3362 5404 3686 5473 trahentes,

2038 5504 2360 5580 gaudentes
2404 5507 2463 5560 et
2491 5500 2848 5559 exsultantes
2893 5499 2954 5557 in
2983 5497 3256 5566 Domino,
3283 5500 3568 5569 tanquam
3595 5493 3692 5552 vi-

2039 5599 2252 5668 ctores,
2280 5597 2455 5668 capta
2482 5591 2679 5666 prada
2706 5590 2939 5663 quando
2969 5588 3238 5649 dividunt
3265 5584 3476 5659 spolia.
