3784 6000
223 267 341 329 1⁸3

1277 254 1620 316 Annum
1664 228 2165 314 Lexovmusls
2211 250 2561 314 EPISGOPI

3499 256 3619 316 1⁴4

213 399 412 457 munio
433 392 1083 462 „ontufliggffigustinere
1121 403 1183 446 se
1215 387 1360 446 velle
1398 388 1552 461 quod
1586 387 1853 453 feceram,
1885 385 1941 453 Α
1973 383 2212 456 videret,
2244 386 2345 442 sed
2394 401 2495 442 vos
2533 401 2601 440 ex
2650 383 2869 455 privata
2912 399 3109 452 causa,
3151 383 3304 440 sicut
3345 387 3619 458 conjicio,

212 489 352 562 qaia
382 487 440 544 in
489 503 560 543 ea
586 487 748 559 parte
795 480 1024 538 nolebat
1071 477 1348 536 voluntati
1399 492 1537 534 meae
1566 475 1628 533 in
1657 474 1853 548 aliquo

211 576 518 635 contraire.
554 571 896 630 Meminisse
925 567 1098 624 debet
1125 566 1438 640 prudentia
1464 570 1675 635 vestra,
1694 579 1796 619 vos
1823 579 1857 618 a

213 665 531 740 longinquo
551 668 705 719 retro
731 664 993 732 tempore
1018 672 1250 728 rogasse
1280 671 1394 724 me,
1415 671 1486 711 ne
1513 656 1852 727 proventum

212 762 469 812 vestrum
493 749 822 823 impediret,
844 746 893 803 si
924 746 1094 802 modo
1115 743 1372 817 quolibet
1401 743 1709 814 impetrare
1731 755 1858 810 pos-

215 844 358 901 setis
379 859 416 898 a
444 854 599 911 rege,
619 838 782 894 salvo
804 835 948 891 mihi
972 835 1191 892 scilicet
1223 848 1321 905 per
1341 846 1581 888 manum
1601 832 1855 885 vestram

214 933 374 991 omni
397 928 728 1004 capellanias
757 927 972 984 reditu.
995 925 1137 980 dum
1167 923 1380 987 vixero,
1402 926 1459 978 et
1489 936 1593 993 ego
1616 920 1852 991 quidem

212 1022 326 1080 sub
347 1020 455 1076 hac
482 1032 752 1090 expressa
771 1012 1103 1072 conditione
1135 1011 1240 1066 feei
1263 1010 1426 1066 vohis
1447 1007 1732 1081 quidquid
1757 1021 1857 1061 vo-

212 1110 430 1177 luistis,
451 1107 608 1163 sicut
634 1121 735 1162 rex
761 1104 884 1177 ipse
914 1101 1141 1173 publice
1171 1099 1492 1173 profitetur.
1524 1097 1719 1167 Neque
1750 1111 1853 1168 ego

210 1200 439 1271 aliquas
467 1214 501 1253 a
531 1195 697 1253 vobis
729 1193 1018 1266 requirere
1035 1189 1191 1247 volui
1221 1189 1539 1254 cautiones,
1563 1187 1702 1259 quia
1730 1186 1854 1241 sul'-

96 1312 103 1321 ·
210 1290 381 1346 licere
410 1286 556 1344 mihi
585 1284 890 1342 videbatur
917 1282 988 1338 ad
1030 1281 1202 1337 fldem
1254 1278 1491 1335 verbum
1534 1276 1854 1334 sacerdotis

205 1383 265 1436 et
288 1375 570 1450 episcopi,
593 1373 752 1447 quod
779 1387 911 1427 cum
939 1368 1362 1427 asseveratione
1385 1365 1639 1439 plurima
1659 1380 1856 1438 proce-

206 1467 404 1524 debat.
433 1462 751 1522 committo
781 1476 901 1517 rem
932 1463 1116 1516 totam
1163 1455 1532 1514 conscientia
1563 1459 1759 1512 vestra!
1791 1464 1854 1514 ut

202 1555 335 1625 ipsa
352 1552 507 1608 inter
525 1565 621 1607 me
639 1553 695 1606 et
715 1564 815 1605 vos
833 1547 990 1618 iusto
1007 1543 1228 1616 iudicio
1250 1543 1492 1615 judicet,
1519 1546 1577 1599 et
1606 1558 1705 1599 vos
1727 1543 1853 1615 ipse

203 1650 444 1701 eausam
474 1644 532 1697 et
559 1638 842 1711 judicium
876 1635 1123 1693 faciatis.

935 1723 1124 1780 cxxi.

341 1837 416 1878 an
445 1834 765 1876 οιιοοιιτυκ
796 1829 1180 1872 naxovtaxssm
1209 1827 1695 1869 aacmntxconuat.

274 1909 522 1967 Litteras
552 1906 774 1964 domini
802 1903 960 1975 regis
991 1907 1049 1958 et
1077 1900 1298 1957 domini
1333 1899 1760 1956 wintoniensis
1793 1902 1851 1954 et

198 2002 420 2056 vestras
450 1995 666 2067 accepi,
701 1993 917 2065 quihus
970 1989 1114 2047 nihil
1143 1989 1286 2045 certi
1338 1988 1543 2055 haheo,
1578 1988 1731 2060 quod
1775 1989 1847 2044 ad

198 2101 453 2162 prasens
468 2084 687 2142 valeam
718 2082 1087 2154 respondere.
1109 2081 1226 2135 Vos
1249 2077 1480 2148 quidem
1507 2076 1850 2138 liberalitate

201 2192 325 2234 mea
352 2173 701 2247 aliquandiu
733 2187 874 2229 usus
921 2169 1083 2235 estis,
1117 2183 1244 2240 quie
1276 2183 1418 2224 sane
1462 2166 1626 2223 vobis
1655 2167 1845 2224 intru-

197 2273 399 2323 ctuosa
427 2279 546 2321 non
577 2261 817 2326 exstitit,
854 2274 960 2316 nec
991 2272 1189 2330 preces
1220 2256 1446 2337 aliquas
1474 2255 1638 2312 vohis
1668 2272 1845 2328 opor-

198 2356 314 2412 tuit
339 2353 656 2426 aliquando
685 2350 1001 2422 porrigere,
1027 2362 1129 2402 nec
1157 2345 1489 2402 violentiam
1518 2346 1847 2417 quamlibet

200 2447 499 2502 attentare.
532 2440 660 2497 Feci
689 2440 852 2496 vobis
880 2437 954 2494 de
983 2452 1144 2492 mera
1173 2433 1518 2491 liberalitate
1546 2436 1699 2506 quod
1739 2435 1845 2492 l'eci

195 2536 400 2591 centra
429 2531 747 2587 multorum
779 2526 1057 2583 invidiam
1086 2542 1101 2592 3
1132 2539 1321 2595 neque
1371 2522 1621 2595 gratiam
1653 2539 1842 2582 meam

199 2617 389 2688 aliqua
407 2617 693 2674 dissuasio
727 2618 950 2687 poterat
975 2610 1526 2683 impedire.Utinam
1555 2611 1693 2668 mihi
1716 2628 1844 2685 pro·

196 2706 386 2765 veniat
416 2706 646 2762 fructus
675 2704 811 2759 inde
836 2717 1009 2773 quem
1045 2699 1252 2768 merui,
1278 2715 1466 2772 neque
1491 2701 1590 2773 qui
1620 2701 1842 2759 invide-

195 2801 333 2852 runt
365 2795 438 2852 ab
459 2795 629 2851 initio
659 2793 886 2849 rideant
910 2797 966 2847 et
1001 2789 1319 2846 insultent!
1352 2789 1580 2846 Utinam
1605 2791 1698 2847 via
1729 2791 1842 2864 pri·

193 2885 351 2941 stine
401 2882 716 2957 placuisset
764 2880 929 2938 vohis
982 2880 1290 2946 incedere;
1322 2878 1462 2951 quia
1510 2879 1841 2952 ubicunque

193 2983 384 3046 partes
415 2989 554 3030 suas
576 2970 831 3045 potentia
856 2971 1047 3042 major
1070 2970 1328 3042 apponit,
1353 2974 1510 3027 metu
1534 2971 1838 3044 potestatis

1965 487 2178 528 munus
2223 472 2631 528 absconditum
2678 470 2912 527 mittere
2951 468 3238 540 voluistis,
3282 489 3621 545 quanquam

1964 578 2071 619 sua
2095 567 2293 634 posset
2320 563 2612 636 elegantia
2641 562 2940 619 declarari.
2966 563 3035 619 Et
3058 578 3165 635 ego
3187 563 3425 636 quidem
3450 567 3621 639 quid-

1966 652 2103 722 quid
2130 650 2272 708 illud
2307 653 2499 719 fuerit,
2524 667 2657 709 cum
2685 652 3008 724 gratiarum
3032 651 3259 709 actione
3290 654 3535 721 retineo,
3558 659 3619 712 et

1964 739 2234 812 quamvis
2265 757 2544 813 magnum
2576 740 2860 796 exstiterit
2891 758 2904 797 ε
2939 757 3045 813 ego
3079 746 3274 797 tamen
3308 743 3380 799 de
3404 743 3616 800 affectu

1963 836 2018 884 et
2065 827 2451 899 amplitudine
2497 829 2673 884 animi
2725 831 2899 886 vestri
2947 830 3338 901 reputandum
3385 830 3613 888 aestimo

1964 916 2222 974 liberalis
2253 917 2521 974 beneficii
2552 918 2954 990 quantitatem.
2988 918 3119 974 Scio
3162 921 3607 993 prosperitatem

1965 1010 2217 1063 vestram
2248 1005 2448 1062 multis
2491 1023 2644 1079 saepe
2683 1006 3083 1064 vexationibus
3110 1007 3394 1075 infestari,
3428 1010 3612 1067 meis-

1964 1111 2078 1166 que
2125 1095 2502 1168 passionibus
2551 1097 2838 1166 compati3
2873 1100 3075 1153 vestrae
3123 1113 3225 1154 vos
3258 1097 3470 1156 docent
3496 1098 3608 1155 ali-

1963 1185 2199 1256 quando
2232 1184 2535 1256 passiones
2560 1202 2577 1255 ;
2607 1184 2813 1242 liberat
2842 1190 3036 1242 autem
3070 1187 3423 1259 quaudoque
3454 1205 3612 1261 pau-

1965 1290 2158 1346 perem
2191 1272 2472 1330 Dominus
2502 1290 2537 1330 a
2568 1278 2821 1346 potente,
2853 1279 2910 1330 et
2939 1275 2989 1331 is
3019 1275 3112 1332 cui
3157 1294 3272 1334 non
3314 1287 3611 1352 comparet

1963 1362 2215 1435 adjutor,
2247 1362 2442 1419 divino
2475 1361 2926 1420 misericorditer
2973 1364 3262 1435 adjutorio
3303 1363 3608 1427 relevatur.

2665 1444 2905 1510 cxxu'l.

2199 1558 2273 1597 An
2312 1557 2596 1598 utconamu
2636 1557 2978 1599 mannasse-u
3018 1559 3363 1602 episcorum.

2033 1631 2130 1687 Est
2157 1632 2309 1703 apud
2360 1647 2462 1687 vos
2494 1629 2773 1688 Henricus
2819 1631 3081 1704 quidam,
3115 1632 3216 1704 qui
3245 1635 3318 1691 de
3367 1638 3520 1692 terra
3549 1640 3611 1694 et

1959 1719 2296 1793 episcopatu
2322 1734 2450 1776 meo
2473 1723 2659 1785 ortus,
2679 1719 2753 1776 ah
2778 1719 2964 1777 alieno
2985 1721 3255 1795 episcopo
3275 1722 3609 1784 inordinate

1961 1809 2033 1863 ad
2066 1809 2318 1877 ordines,
2343 1824 2489 1880 quos
2519 1807 2742 1878 hahuit,
2766 1816 3067 1881 promotus
3093 1814 3202 1867 est.
3225 1810 3605 1871 Postmodum

1961 1905 2153 1953 autem
2185 1897 2528 1968 procedente
2553 1901 2835 1969 tempore,
2868 1897 3069 1955 multis
3098 1898 3335 1972 flagitiis
3374 1900 3611 1959 involu-

1960 1991 2084 2056 tus,
2116 1985 2185 2040 tle
2209 1986 2357 2041 falsa
2388 1984 2621 2058 publice
2661 1991 2898 2044 moneta
2926 1988 3225 2045 convictus
3254 1993 3347 2045 est
3376 1995 3434 2047 et
3463 2007 3606 2048 con-

1958 2073 2174 2142 sessus,
2207 2091 2384 2148 quam
2420 2091 2519 2147 per
2549 2077 2731 2130 totam
2761 2075 3053 2132 civitatem
3088 2076 3463 2137 Baiocensem
3499 2097 3610 2154 pu-

1957 2164 2105 2221 blice
2137 2181 2249 2221 non
2284 2165 2525 2221 timebat
2542 2166 2880 2238 expendere,
2901 2175 2954 2223 et
2982 2167 3246 2225 incautos
3267 2168 3605 2229 detestabili

1959 2254 2183 2311 malitia
2210 2253 2576 2310 defraudare.
2609 2255 2823 2324 Captus
2854 2263 2938 2312 est
2966 2263 3019 2311 et
3049 2275 3080 2312 a
3110 2257 3281 2329 regiis
3311 2263 3605 2333 apparite-

1955 2344 2118 2400 ribus
2140 2348 2404 2400 retrusus
2429 2344 2489 2399 in
2512 2352 2823 2413 carcerem,
2845 2349 2900 2400 et
2922 2344 3121 2402 l'erreis
3143 2347 3422 2405 nimirum
3443 2366 3604 2408 com-

1955 2432 2203 2505 pedibus
2251 2432 2543 2506 alligalus.
2576 2432 2835 2491 Tandem
2886 2451 3019 2491 vero
3070 2451 3279 2507 magno
3320 2438 3512 2496 studio
3543 2445 3603 2498 et

1953 2522 2150 2579 labore
2182 2538 2283 2596 per
2312 2521 2656 2596 episcopum
2688 2522 2939 2580 civitatis
2970 2524 3256 2582 liberatus
3283 2537 3393 2595 est,
3416 2529 3598 2601 abju-

1955 2614 2075 2667 rata
2097 2611 2379 2667 nimirum
2401 2611 2415 2666 i
2425 2627 2458 2666 n
2481 2615 2830 2684 perpetuum
2852 2615 2973 2668 tota
3002 2613 3298 2685 provincia
3320 2616 3603 2675 Norman·

1953 2715 2184 2768 norum,
2215 2704 2392 2771 atque
2422 2699 2494 2755 a‘d
2526 2697 3026 2774 archiepiscopum
3061 2704 3376 2774 perductus
3406 2710 3516 2763 est.
3547 2709 3597 2764 A

1950 2804 2066 2860 quo
2097 2792 2266 2862 rupto
2296 2802 2518 2845 coronis
2549 2787 2791 2856 circuio,
2815 2788 3091 2847 revolutis
3121 2808 3156 2848 a
3185 2793 3372 2865 eapite
3402 2810 3598 2852 sacer-

1948 2877 2239 2934 dotalibus
2288 2876 2666 2943 indumentis,
2698 2878 3071 2936 exordinatus
3118 2885 3229 2942 est.
3262 2889 3314 2937 et
3366 2882 3438 2939 de
3473 2888 3596 2941 tota

1948 2970 2102 3024 terra
2143 2967 2573 3025 incontinenter
2601 2967 2841 3039 ejectus,
2874 2966 3064 3025 Habet
3096 2968 3328 3029 fratrem
3359 2973 3594 3031 Amrre-

196 3062 544 3134 pradicatur
571 3064 882 3117 extortum.
917 3057 983 3113 Et
1021 3073 1126 3129 ego
1148 3057 1382 3129 quidem
1422 3057 1481 3114 in
1514 3057 1836 3130 Burgundia
1945 3058 2088 3113 dum
2139 3058 2391 3127 nomine,
2425 3056 2526 3130 qui
2568 3073 2671 3113 nec
2720 3057 3047 3115 minoribus
3079 3076 3184 3115 nec
3231 3064 3596 3133 parcioribus

196 3150 434 3206 nuntios
463 3148 850 3206 excusationis
883 3163 1025 3203 meae
1055 3162 1201 3219 quos
1231 3147 1303 3203 ad
1335 3146 1650 3204 concilium
1682 3146 1839 3215 misi,
1868 3131 1914 3199 G
1952 3146 2187 3219 flagitiis
2210 3148 2485 3215 irretitus,
2508 3146 2792 3219 quidquid
2816 3155 2962 3203 ame
2982 3147 3071 3204 vel
3092 3148 3163 3205 ab
3184 3149 3314 3207 aliis
3337 3153 3594 3211 dominis

196 3238 494 3310 Hngonem
518 3236 738 3294 scilicet
756 3246 1019 3308 nepotem
1045 3252 1237 3293 meum
1255 3240 1311 3292 et
1331 3236 1498 3305 alios,
1512 3252 1835 3310 suspensus

192 3332 500 3400 exspecto:
526 3342 777 3398 cumque
807 3326 1088 3393 venerint,
1111 3325 1167 3381 in
1202 3324 1621 3383 Normanniam
1647 3325 1837 3383 redire

194 3416 477 3489 disposui,
505 3416 603 3473 ubi
630 3415 795 3472 vobis
827 3418 882 3470 et
911 3412 1041 3470 aliis
1070 3415 1289 3486 majore
1318 3416 1563 3472 consilio
1594 3432 1837 3487 respon-

193 3507 327 3564 dere
357 3513 574 3577 potero,
607 3504 758 3562 sicut
787 3503 994 3560 honori
1042 3509 1100 3560 et
1147 3503 1377 3559 utilitati
1412 3503 1672 3561 ecclesiae
1700 3521 1835 3563 [ηοω

193 3594 526 3669 apparuerit
555 3592 844 3665 expedire.
871 3592 1107 3649 Interim
1157 3591 1358 3649 sciatis
1393 3592 1531 3648 mihi
1563 3610 1677 3650 non
1709 3610 1837 3653 esse

189 3684 436 3742 liberum
484 3685 672 3742 facere
716 3682 869 3756 quod
902 3682 1134 3753 rogatis,
1183 3681 1461 3753 quoniam
1512 3682 1620 3739 hoc
1665 3684 1837 3742 aliter

190 3773 572 3832 constitutum
603 3777 714 3843 est,
745 3777 803 3828 et
833 3777 951 3828 tam
982 3787 1268 3829 consensu
1301 3771 1541 3843 capituli
1576 3773 1747 3830 vestri
1779 3778 1838 3832 et

190 3862 632 3936 archiepiscopi,
655 3878 832 3935 quam
869 3860 1115 3917 Romani
1149 3859 1438 3934 pontilicis
1470 3863 1831 3936 auctoritaie,

193 3951 559 4008 anathemate
585 3951 764 4007 simul
813 3951 1230 4007 interveniente
1276 3950 1593 4023 firmatum,
1624 3954 1834 4012 rescri-

195 4042 477 4111 ptumque
504 4038 892 4112 apostolicum
922 4055 1096 4112 super
1141 4040 1251 4096 hoo
1280 4040 1340 4096 in
1384 4042 1604 4114 synodo
1637 4052 1835 4102 nostra

189 4127 536 4199 generaliter
565 4126 870 4184 recitatum
910 4133 1015 4196 est,
1048 4132 1104 4183 et
1151 4128 1415 4186 omnium
1462 4133 1832 4190 sacerdotum

190 4215 418 4287 publice
447 4214 811 4275 conniventia
855 4217 1210 4273 roboratum.
1241 4217 1488 4274 Venient
1524 4235 1657 4293 ergo
1682 4227 1829 4279 tem·

189 4319 327 4375 pora
356 4306 414 4360 et
444 4320 636 4361 rerum
656 4308 899 4361 eventus
931 4303 1300 4377 multiplices,
1333 4305 1389 4362 in
1414 4308 1631 4377 quibus
1661 4312 1830 4369 nohis

187 4392 400 4464 poterit
418 4392 606 4465 gratia
627 4392 824 4450 divina
846 4398 1120 4464 praestare
1140 4394 1474 4464 consilium,
1498 4399 1655 4468 quia,
1679 4400 1831 4457 sicut

1946 3234 2067 3292 suis
2086 3235 2384 3292 obtinebat
2404 3237 2789 3304 a‘misso,cum
2816 3235 3035 3292 diutius
3057 3236 3293 3295 latitans
3315 3257 3428 3296 non
3453 3259 3594 3315 pras·

1944 3330 2201 3382 sumeret
2229 3340 2527 3398 apparere,
2548 3325 2863 3383 novissime
2894 3330 3023 3397 post
3044 3326 3379 3399 quindecim
3403 3348 3593 3390 annos

1945 3432 1979 3471 a
2010 3414 2272 3487 principe
2298 3420 2497 3471 nostro
2519 3412 2743 3471 litteras
2773 3415 3134 3472 remissionis
3156 3414 3348 3474 dictus
3378 3424 3468 3477 est
3488 3422 3591 3478 ob-

1945 3501 2153 3571 tinere,
2184 3504 2244 3559 in
2277 3503 2493 3576 quihus
2521 3502 2571 3559 ei
2605 3519 2715 3576 pax
2744 3502 2974 3575 publica
3004 3512 3275 3563 concessa
3306 3510 3415 3577 est,
3440 3518 3495 3566 et
3527 3514 3591 3567 ut

1944 3611 1977 3648 a
2006 3591 2271 3667 pristinis
2302 3591 2555 3649 dominis
2585 3591 2709 3648 suis
2749 3592 3025 3663 pristinas
3051 3592 3418 3654 haereditates
3450 3614 3588 3658 suas

1944 3683 2244 3754 reciperet,
2259 3681 2307 3738 si
2329 3697 2429 3738 eas
2450 3685 2646 3754 posset
2663 3681 2851 3737 modis
2874 3681 3230 3755 quibuslibet
3249 3684 3585 3759 impetrare.

1943 3772 2257 3844 Susceptus
2278 3770 2455 3843 igitur
2483 3770 2553 3825 ab
2577 3769 2727 3837 aliis,
2751 3789 2782 3826 a
2812 3785 2902 3827 me
2922 3771 3239 3830 novissime
3269 3773 3364 3831 vix
3385 3777 3588 3837 multis

1942 3862 2430 3919 intercessoribus
2459 3862 2632 3936 recipi
2669 3863 2879 3935 potuit,
2910 3862 3138 3937 ipsique
3186 3865 3586 3928 hereditatem

1943 3968 2120 4026 quam
2150 3953 2223 4008 ab
2251 3951 2492 4009 ecclesia
2523 3958 2718 4009 nostra
2746 3952 3073 4025 antiquitus
3102 3953 3409 4030 habuerat,
3441 3960 3586 4017 red-

1942 4046 2081 4113 didi,
2109 4049 2277 4120 pacta
2322 4044 2602 4101 nimirum
2650 4045 2723 4101 ob
2768 4046 3199 4106 restitutionem
3244 4051 3480 4109 amissas
3521 4052 3589 4113 in

1943 4139 2287 4210 perpetuum
2318 4134 2669 4191 haereditatis
2693 4150 2925 4193 summa
2956 4138 3237 4211 pecuniae,
3256 4157 3437 4213 quam
3457 4142 3587 4216 ipse

1935 4224 2151 4296 juravit
2172 4240 2235 4281 se
2254 4228 2410 4281 certo
2433 4226 2693 4296 tempore
2709 4223 3055 4296 soluturum,
3072 4230 3127 4283 et
3150 4227 3217 4285 H.
3243 4228 3418 4287 frater
3433 4232 3584 4304 ejus,

1941 4314 2039 4386 qui
2074 4313 2232 4369 omni
2263 4313 2455 4370 studio
2486 4316 2543 4369 et
2571 4316 2689 4369 tota
2718 4312 2832 4369 fide
2866 4316 3209 4386 procurabat
3237 4319 3366 4391 ejus
3398 4335 3584 4393 nego-

1939 4402 2110 4472 tium,
2134 4401 2265 4474 fldej
2276 4400 2423 4457 ussit
2444 4404 2500 4456 et
2528 4417 2612 4473 se,
2638 4401 2748 4459 nisi
2771 4401 2869 4459 ille
2897 4403 3160 4477 solveret,
3185 4408 3418 4480 praefixo
3438 4414 3584 4469 tem·

185 4480 334 4538 mihi
363 4482 608 4549 videtur,
643 4500 676 4537 a
706 4481 874 4538 nobis
923 4482 1218 4556 demigare
1258 4486 1496 4555 paratis,
1530 4487 1644 4543 nisi
1698 4505 1828 4548 mea
1857 4507 1906 4570 ι)
1937 4508 2073 4564 pore
2102 4489 2429 4547 soluturum
2463 4490 2800 4561 juramento
2848 4494 3131 4566 corporali
3161 4496 3582 4559 interveniente

184 4570 409 4629 fueritis
439 4571 740 4645 diligentia
772 4576 1093 4629 revocatus.

901 4660 1110 4720 cxxn.

370 4768 446 4811 an
476 4768 777 4817 nicaenum
807 4767 1248 4809 wintoniensem
1280 4768 1622 4814 aniscorusx.

247 4838 404 4898 Misit
433 4841 576 4899 mihi
610 4857 710 4915 per
738 4842 1099 4901 Gilebertum
1125 4842 1596 4903 archidiaconum
1627 4846 1820 4905 muni-

176 4926 407 4985 ficentia
436 4937 626 4986 vestra
655 4930 811 5003 quod
843 4929 1032 5001 scitis,
1055 4931 1209 5006 quod
1243 4946 1348 5005 ego
1375 4932 1664 5007 siquidem
1686 4952 1819 5011 gra·

173 5019 369 5074 tauter
397 5018 610 5091 accepi,
637 5019 856 5089 gratius
879 5024 1070 5079 tamen
1102 5028 1467 5095 accepturus,
1490 5024 1537 5081 si
1563 5041 1678 5084 non
1700 5032 1817 5086 tam

172 5103 436 5162 oblatum
468 5104 778 5176 videretur,
807 5112 870 5164 ut
904 5110 1242 5167 subveniret
1284 5110 1513 5186 inopiae,
1546 5131 1722 5188 quam
1755 5124 1817 5175 ut

163 5193 428 5265 jucunda
454 5195 710 5252 muneris
740 5196 1019 5268 qualitate
1039 5201 1232 5272 potius
1256 5200 1589 5261 illustraret.
1613 5205 1683 5262 Et
1712 5223 1815 5278 ego

170 5283 409 5353 quidem
439 5298 649 5341 munus
679 5283 918 5342 alterius
949 5287 1160 5359 speciei
1192 5289 1264 5345 de
1293 5294 1485 5348 vestra
1531 5292 1814 5353 charitate

169 5385 556 5443 speraveram,
572 5373 726 5446 quod
750 5374 829 5432 rei
854 5374 1136 5448 qualitate
1154 5377 1345 5451 potius
1363 5398 1534 5453 quam
1557 5384 1812 5455 pondere

1936 4580 2208 4637 firmavit.
2233 4579 2617 4635 Transactum
2642 4584 2731 4636 est
2750 4597 2922 4639 omne
2942 4586 3200 4658 tempus,
3214 4601 3403 4660 neque
3421 4591 3581 4662 quod

1934 4668 2007 4727 ab
2036 4668 2108 4725 iis
2139 4667 2490 4740 promissum
2524 4666 2716 4725 suerat
2741 4674 2834 4725 est
2881 4669 3212 4743 impletum.
3241 4673 3371 4731 Haec
3403 4675 3581 4749 igitur

1932 4759 2150 4826 omnia,
2198 4755 2409 4814 dilecte
2457 4756 2647 4827 nobis,
2701 4758 2970 4819 charitati
3017 4769 3219 4820 vestrae
3266 4766 3582 4826 scribenda

1929 4847 2130 4906 censui
2156 4850 2214 4904 et
2241 4845 2516 4904 veraciter
2550 4847 2885 4922 indicanda,
2906 4854 2972 4908 ut
3003 4853 3312 4911 Henricum
3343 4857 3447 4931 qui
3474 4873 3580 4914 vo-

1926 4939 2152 4996 biscum
2195 4945 2303 5007 est,
2336 4935 2477 4993 mihi
2527 4938 2851 4996 secundum
2893 4941 3190 5013 justitiam
3237 4946 3579 5007 satisfacere

1926 5025 2310 5101 compellatis,
2329 5029 2386 5085 et
2413 5025 2578 5084 vohis
2611 5043 2802 5087 mores
2836 5031 2967 5103 ejus
2996 5035 3418 5106 protestatione
3442 5052 3575 5096 mea

1924 5125 1982 5180 et
2012 5119 2218 5179 litteris
2249 5118 2395 5179 meis
2426 5119 2637 5178 certius
2667 5122 3051 5184 innotescant.

2628 5207 2871 5270 CXXIV.

2257 5317 2330 5358 an
2368 5312 2631 5358 Asanam
2670 5318 3223 5368 amanuensem.

1992 5389 2278 5450 Ricardus
2310 5390 2379 5448 de
2413 5389 2769 5460 Blossevilla,
2803 5394 2983 5454 abbas
3013 5397 3312 5471 quondam
3344 5397 3565 5460 Mortui

168 5458 577 5532 complaceret.
603 5462 888 5521 Petieram
920 5465 1135 5523 etenim
1169 5466 1518 5539 palefridum
1544 5478 1606 5529 ut
1635 5475 1808 5535 solito
1918 5478 2117 5553 Maris,
2142 5481 2211 5538 de
2240 5478 2576 5553 episcopatu
2610 5486 2807 5541 nostro
2830 5485 3045 5544 exstitit
3073 5487 3383 5558 oriundus,
3403 5493 3462 5546 et
3486 5489 3566 5548 ab

169 5563 328 5610 more
358 5555 549 5611 vestro
579 5551 856 5614 debilitati
892 5571 1031 5613 mese
1062 5562 1248 5615 vestra
1277 5556 1641 5636 indulgentia
1672 5582 1808 5642 pro·
1913 5569 2281 5632 inferioribus
2309 5568 2611 5631 ordinibus
2656 5589 2841 5650 usque
2871 5576 2941 5635 ad
2974 5578 3220 5654 gradum
3251 5571 3565 5642 sacerdotii
