3784 6000
238 239 337 301 ¹53

949 391 1157 432 samo.

138 532 141 541 Ι
291 462 658 521 Hodiernum
703 480 1060 535 sermonem,
1110 464 1331 522 domini
1377 470 1436 523 et
1482 467 1686 525 Patres
1734 468 1869 538 mei,

138 564 143 633 ξ
234 553 361 612 mibi
392 554 627 611 domini
660 557 846 613 nostri
877 555 979 629 qui
1014 553 1301 629 praesidet,
1336 555 1581 613 Romani
1611 557 1877 615 videlicet

234 641 530 718 pontificis,
552 643 816 718 injungit
840 644 1379 718 auctoritas.1³:tego
1400 646 1635 719 quidem
1660 663 1874 705 munus

235 734 557 806 injunctum
604 736 798 809 magis
817 735 892 793 de
922 736 1267 794 necessitate
1296 736 1660 806 obedientiae,
1694 755 1874 812 quam

237 825 291 880 de
310 823 501 880 animi
543 823 844 883 voluntate
892 825 1170 899 suscipio.
1227 824 1462 883 Mallem
1515 826 1664 885 utin
1697 829 1872 885 alium

144 926 149 937 ·
237 912 583 972 declinasset
604 914 719 972 ista
738 915 1021 987 dignatio,
1047 916 1216 985 cuius
1238 918 1296 972 et
1318 916 1432 974 vita
1444 919 1876 976 commendabi-

144 992 153 1013 ¹
240 1003 328 1059 lior
352 1008 534 1075 esset,
566 1009 628 1062 et
660 1005 851 1076 maJor
875 1008 998 1062 tam
1030 1004 1286 1062 soientiae
1312 1022 1492 1079 quam
1526 1007 1872 1081 eloquentiae

242 1092 548 1166 plenitudo.
574 1095 721 1162 Quis
749 1093 908 1151 euim
941 1110 1047 1166 ego
1082 1110 1237 1162 sum,
1271 1096 1372 1169 qui
1404 1096 1462 1153 in
1496 1098 1734 1155 auribus
1767 1103 1871 1164 tot,

244 1187 335 1238 ism
382 1183 804 1256 prudentium,
853 1188 974 1241 tam
1014 1185 1437 1243 venerabilium
1497 1204 1873 1260 personarum

243 1271 545 1345 quemlibet
565 1272 971 1331 mibidebeam
996 1290 1277 1345 usurpare
1289 1290 1617 1333 sermonem
1642 1276 1669 1330 ἲ
1685 1277 1798 1334 Sed
1818 1284 1877 1335 et

154 1432 161 1437 -
242 1363 346 1435 quis
372 1380 489 1437 ego
520 1380 687 1435 sum,
717 1365 815 1438 qui
848 1365 1125 1424 mandato
1157 1366 1405 1425 Romani
1438 1368 1732 1440 pontilicis
1766 1387 1874 1429 au·

154 1442 161 1487 ²
241 1453 377 1509 deam
405 1452 653 1511 obviare
672 1452 704 1510 ‘t
731 1454 1027 1527 Angustia
1057 1454 1204 1512 mihi
1237 1459 1378 1512 sunt
1408 1457 1685 1531 undique.
1717 1459 1876 1516 Inter

240 1543 629 1599 verecundiam
651 1547 713 1600 et
725 1544 1130 1602 necessitatem
1142 1544 1493 1603 constitutus
1514 1563 1665 1604 sum.
1684 1547 1876 1607 Altera

154 1630 161 1685 ἓ
240 1646 306 1688 me
329 1636 543 1689 monet
574 1637 643 1689 ut
661 1630 890 1703 sileam,
922 1632 1097 1690 altera
1118 1633 1288 1707 quasi
1319 1635 1575 1708 quadarn
1605 1638 1876 1696 violentia

238 1720 500 1795 pertrabit
528 1723 609 1779 ad
640 1720 1020 1795 loquendum.
1053 1722 1434 1781 Obedendum
1463 1727 1620 1783 enim
1644 1728 1877 1785 estsine

238 1826 397 1879 nora,
452 1811 565 1869 sed
636 1813 986 1869 verecundia
1015 1811 1279 1885 linguam
1313 1814 1597 1885 reprimit,
1630 1816 1879 1875 obstruit

142 1962 149 1985 ἓ
236 1898 612 1971 intellectum,
643 1904 703 1957 et
751 1918 788 1958 a
844 1901 989 1959 facie
1022 1900 1356 1960 reverentia
1385 1908 1587 1961 vestre
1646 1908 1879 1975 stupore

138 2002 145 2063 ‚³
237 1989 482 2062 quodam
515 1989 716 2047 reddit
754 1990 1026 2063 pavidum
1068 1999 1122 2048 et
1159 1991 1493 2050 confusum.
1543 1993 1674 2051 Scio
1717 1995 1877 2053 enim

138 2076 141 2085 '
238 2077 361 2150 quia
390 2078 518 2135 tria
572 2078 765 2137 solent
810 2081 871 2136 in
928 2079 1303 2153 predicatore
1330 2082 1570 2155 requiri,
1601 2085 1880 2143 sanctitas

228 2167 712 2230 conversationis,
762 2168 1065 2241 plenitudo
1122 2169 1397 2237 scientiae,
1432 2170 1729 2230 fecundior
1758 2174 1878 2232 elo-

226 2257 469 2329 quentiae
498 2273 675 2315 vena.
704 2257 998 2315 Sanctitas
1039 2259 1491 2319 conversationis
1537 2260 1874 2335 inquiritur,

224 2346 353 2417 quia
384 2346 508 2405 nisi
560 2347 736 2404 suerit
775 2348 1176 2421 praedicaloris
1224 2349 1708 2409 commendabilis
1737 2353 1875 2424 vita,

221 2452 333 2493 non
354 2439 476 2494 erit
504 2437 640 2509 eJus
672 2438 1007 2513 predicatio
1035 2439 1317 2513 gratiosa.
1349 2438 1532 2514 CuJus
1560 2442 1718 2500 enim
1759 2443 1879 2501 vita

218 2526 647 2597 contemnitur,
661 2532 836 2585 restat
848 2532 913 2586 ut
933 2529 1063 2602 ejus
1085 2528 1417 2602 predicatio
1444 2537 1873 2591 contemnatur.

216 2615 459 2674 Timere
481 2615 642 2673 enim
657 2616 830 2677 babet
852 2634 925 2675 na
940 2617 1479 2692 t'orteincipientem
1495 2619 1656 2694 loqui
1677 2622 1872 2680 statim

210 2721 321 2762 vox
374 2705 586 2763 divina
651 2706 947 2780 reprimat,
1007 2715 1062 2765 et
1118 2707 1468 2766 condemnet
1498 2726 1513 2765 ε
1575 2710 1757 2781 Quare
1813 2719 1876 2768 tu

214 2810 457 2851 enar-ms
476 2797 733 2868 justitias
759 2813 931 2867 meas,
974 2799 1070 2871 qni
1120 2798 1400 2869 proiecisti
1429 2815 1704 2860 semones
1732 2818 1878 2860 meos

210 2892 579 2941 retrorsum?
608 2885 784 2958 (psal.
816 2887 994 2958 xtra.)

284 2972 588 3032 Perfectio
610 2974 864 3033 scientio
886 2975 1192 3049 quaeritur,
1217 2979 1282 3034 ut
1300 2976 1513 3036 habeat
1532 2979 1878 3053 praedicator

208 3063 375 3120 ande
406 3064 603 3136 possit
629 3063 702 3121 de
731 3064 1013 3123 thesauro
1037 3067 1228 3124 cordis
1256 3068 1347 3125 sui
1371 3067 1628 3140 proferre
1648 3087 1799 3128 nova
1818 3077 1877 3128 et

208 3151 437 3221 vetera,
452 3153 515 3207 et
531 3151 827 3209 eruditum
848 3154 1072 3210 noverit
1092 3154 1568 3228 exspectantibus
1587 3155 1875 3231 explicare
1905 3134 1950 3202 C

208 3254 584 3308 sermonem,
600 3242 994 3299 etsecundum
1011 3259 1391 3314 personarum
1407 3245 1715 3317 qualitates
1728 3251 1876 3305 tem·

206 3344 455 3403 perere,
507 3330 663 3401 quod
713 3329 943 3399 dixerit,
990 3339 1051 3388 ut
1087 3331 1233 3388 sciat
1278 3333 1495 3406 quibus
1539 3336 1747 3393 debeat
1789 3336 1877 3396 lac

208 3421 427 3491 potum
464 3417 612 3475 dare
643 3434 756 3476 non
789 3435 1006 3491 escam,
1047 3420 1260 3495 quibus
1306 3422 1642 3482 solidiorem
1674 3425 1869 3484 cibum

200 3506 429 3565 babeat
447 3507 808 3567 ministrare.
822 3509 1167 3583 Eloquentia
1184 3510 1563 3571 desideratur.
1583 3516 1667 3572 Ad
1690 3516 1828 3588 quid
1844 3516 1874 3573 ‘l

196 3596 354 3662 Quia
380 3598 549 3655 sieut
580 3598 631 3656 si
662 3615 775 3656 uon
807 3600 1076 3657 habuerit
1105 3600 1431 3673 scientiam,
1464 3621 1579 3661 non
1608 3606 1872 3664 ‘habebit

200 3685 347 3758 quid
371 3686 566 3759 dicat,
584 3688 660 3743 ita
682 3689 795 3746 nisi
813 3688 1081 3747 babuerit
1099 3689 1519 3766 eloquentiam,
1544 3710 1660 3751 non
1686 3694 1871 3752 habe-

198 3773 295 3830 hit
320 3791 448 3848 quo
481 3777 659 3833 modo
688 3776 864 3835 dicat.
888 3776 1215 3852 Utrumque
1245 3784 1440 3837 autom
1473 3783 1868 3841 necessarium

198 3867 313 3933 aa,
344 3867 411 3921 et
440 3863 664 3922 babere
690 3867 831 3939 qnid
853 3865 1036 3938 dicas,
1065 3873 1125 3925 et
1152 3868 1302 3926 scire
1332 3885 1448 3943 quo
1478 3873 1652 3930 modo
1683 3873 1868 3932 dicas.

199 3953 654 4012 Sententiarum
667 3955 960 4030 siquidem
975 3957 1317 4016 exceilentia
1329 3960 1618 4018 sermonis
1637 3962 1871 4037 elegan-

202 4042 349 4099 tiam
380 4043 627 4116 querit,
661 4048 724 4100 ut
740 4045 1045 4103 verborum
1071 4047 1328 4120 dignitas
1359 4065 1552 4106 rerum
1577 4053 1871 4124 majestati

208 4130 594 4204 respondeat,
625 4138 685 4189 et
707 4134 817 4191 sibi
847 4134 1094 4193 invicem
1119 4138 1285 4210 quasi
1309 4144 1595 4196 concentu
1616 4143 1868 4212 quodam

207 4235 305 4277 res
330 4223 393 4278 at
414 4220 603 4278 verba
624 4226 992 4281 concurrant.
1016 4227 1102 4282 Ita
1121 4228 1210 4283 est
1233 4231 1295 4283 ut
1316 4242 1510 4286 sermo
1534 4231 1875 4302 praedlcato-

212 4307 295 4366 rie
321 4308 493 4367 omni
514 4311 856 4384 acceptione
879 4313 1094 4386 dignus
1116 4313 1214 4384 sit,
1246 4316 1567 4390 requiritur
1587 4319 1644 4376 in
1667 4320 1873 4391 praedi-

214 4400 407 4454 catere
440 4396 652 4471 religio
680 4400 751 4457 ad
784 4402 1164 4459 reverentiam
1198 4405 1508 4476 sermonis,
1540 4407 1781 4465 scientia
1802 4410 1870 4466 ad

1722 245 2161 309 SERMONES.

1906 382 1952 448 Α
1987 380 2307 437 necessitas
2339 381 2546 453 aperit,
2572 380 2794 436 utinam
2827 379 3013 454 gratia
3042 381 3169 451 ejus
3196 395 3296 453 per
3319 380 3521 437 merita
3540 395 3641 438 ve-

3526 245 3641 308 ltu

1984 474 2109 526 stra
2131 487 2400 527 sermone
2429 469 2746 541 adimpleat
2767 477 3095 543 opportuno
3117 470 3130 525 l
3166 470 3230 527 ln
3252 471 3411 527 omni
3434 471 3635 544 itaque

1985 577 2277 630 sermone,
2310 562 2531 619 domini
2561 570 2615 620 et
2646 562 2845 619 Patres
2878 563 2988 619 mei
3021 556 3377 632 charissimi,
3409 562 3634 620 videtur

1983 651 2151 719 mibi,
2167 652 2304 726 quia
2324 653 2477 710 circa
2500 653 2555 709 id
2580 653 2729 726 quod
2756 652 3153 726 principaliter
3174 653 3496 710 intenditur
3518 653 3631 710 duo

1983 747 2121 798 sunt
2133 741 2459 799 studiosius
2480 742 2863 811 observanda,
2879 758 3060 800 causa
3075 741 3369 800 scilicetet
3385 749 3631 816 tempus.

1984 830 2299 887 Etcausam
2317 831 2554 904 quidem
2577 832 2725 887 ratio
2739 831 3418 902 subministrat,tempus
3438 836 3632 889 autem

1981 925 2377 993 opportunum
2409 920 2598 977 reddit
2627 920 2873 977 occasio.
2903 920 3139 977 Occasio
3175 925 3372 977 autem
3403 925 3494 976 est
3524 937 3629 994 op-

1984 1009 2316 1080 portunitas
2363 1018 2601 1081 sumpta
2647 1025 2716 1065 ex
2749 1014 3030 1082 tempore,
3081 1010 3232 1065 sicut
3260 1008 3381 1065 viro
3414 1008 3636 1082 placuit

1983 1096 2296 1168 eloquenti.
2333 1098 2417 1154 Ita
2445 1101 2551 1154 est.
2605 1097 2730 1153 Nisi
2761 1097 2814 1153 id
2868 1099 3022 1171 quod
3049 1097 3265 1155 dicitur
3295 1115 3436 1154 caus
3465 1115 3518 1153 m
3556 1099 3631 1154 de

1985 1185 3628 1262 rationecontrahatevidentem,ipsumduciturotiosum.

1985 1276 2046 1333 Si
2075 1274 2410 1349 importune
2450 1277 2672 1333 dictum
2724 1277 2917 1345 fuerit,
2972 1281 3276 1350 reputatur
3323 1277 3626 1333 infestum.

1985 1365 2119 1430 Quoe
2147 1370 2344 1422 autem
2365 1366 2551 1424 otiosa
2580 1367 2668 1424 vel
2693 1367 2901 1423 infesta
2932 1371 3092 1436 sunt,
3126 1383 3254 1423 raro
3275 1365 3636 1425 desideratos

1984 1472 2049 1512 as
2071 1460 2392 1530 sequuntur
2412 1460 2675 1513 eventus.
2701 1457 2770 1513 Et
2786 1456 2915 1515 ideo
2938 1472 3073 1514 cum
3097 1456 3282 1513 multa
3305 1456 3378 1514 de
3398 1454 3636 1528 scriptis

1982 1545 2201 1601 sanctis
2234 1550 2472 1617 possent
2494 1545 2715 1602 utiliter
2734 1563 2798 1602 ac
2823 1546 3203 1619 probabiliter
3235 1545 3292 1601 in
3314 1560 3631 1603 commune

1984 1633 2251 1706 proferri,
2274 1635 2347 1691 ad
2369 1652 2437 1692 ea
2459 1635 2832 1707 potissimum
2856 1652 3049 1693 sermo
3070 1640 3497 1695 convertendus
3519 1635 3648 1702 ests

1982 1721 2054 1778 ad
2077 1739 2203 1797 quae
2229 1740 2334 1781 nos
2355 1727 2413 1780 et
2434 1740 2650 1797 urgens
2670 1725 2990 1782 necessitas
3015 1725 3284 1797 impellit,
3309 1731 3365 1783 et
3387 1726 3625 1785 evidens

1985 1810 2193 1868 invitat
2226 1812 2465 1870 utilitas.
2497 1814 2579 1869 Ad
2612 1813 2753 1887 quitl
2777 1812 2804 1868 ‘l
2834 1814 2911 1869 Ad
2946 1814 3295 1870 tentandum
3330 1814 3627 1873 vobiscum

1987 1900 2059 1958 de
2089 1901 2309 1958 unitate
2338 1904 2395 1958 et
2424 1901 2688 1959 libertate
2728 1900 2996 1959 Ecclesiae
3035 1902 3153 1959 Dei.
3179 1903 3318 1961 Sine
3344 1903 3438 1961 his
3469 1904 3625 1961 enim

1986 1989 2216 2047 duabus
2247 2007 2364 2047 non
2396 1994 2588 2064 potest
2643 1991 2899 2048 Ecclesia
2947 1991 3107 2047 salva
3160 1993 3498 2063 consistere,
3530 1992 3631 2050 sed

1987 2095 2094 2136 nec
2122 2079 2444 2136 consistere
2474 2079 2735 2152 quidem,
2765 2080 2903 2152 quia
2933 2079 3048 2136 nisi
3082 2079 3335 2137 Ecclesia
3361 2080 3635 2139 habuerit

1987 2166 2291 2237 unitatem,
2316 2185 2429 2224 non
2462 2168 2575 2225 erit
2597 2185 2732 2226 una.
2762 2169 2821 2223 Si
2853 2186 2970 2225 una
2992 2185 3106 2226 non
3132 2169 3327 2239 suerit,
3351 2186 3464 2228 non
3483 2170 3629 2227 erit:

1986 2273 2159 2314 omne
2187 2257 2340 2313 enim
2363 2257 2519 2330 quod
2541 2261 2652 2326 est,
2674 2257 2803 2313 ideo
2824 2262 2933 2324 est,
2956 2257 3092 2330 quia
3121 2275 3304 2315 unum
3328 2267 3413 2316 est
3435 2276 3449 2327 ;
3476 2261 3632 2333 quod

1983 2351 2180 2404 autem
2211 2362 2394 2404 unum
2426 2363 2539 2403 non
2584 2350 2693 2414 est,
2740 2346 2954 2403 amittit
3002 2345 3216 2419 pariter
3244 2363 3378 2404 cum
3412 2347 3633 2405 unitate

1985 2433 2401 2494 substantiam.
2423 2439 2592 2506 Item,
2623 2435 2737 2492 nisi
2759 2435 3029 2493 babuerit
3046 2436 3391 2498 libertatem.
3417 2438 3636 2494 misera

1986 2527 2117 2594 erit,
2151 2543 2257 2600 pro
2286 2528 2489 2585 eodem
2523 2530 2716 2583 autem
2747 2526 2799 2582 ei
2830 2535 2916 2584 est
2945 2526 3221 2583 miseram
3253 2543 3404 2595 esse,
3428 2530 3486 2584 et
3518 2543 3633 2585 non

1985 2632 2135 2687 esse,
2151 2617 2269 2673 imo
2292 2615 2547 2673 deterius
2569 2622 2656 2672 est
2681 2617 2954 2673 miseram
2976 2632 3125 2685 esse,
3151 2632 3326 2687 quam
3351 2632 3465 2673 non
3484 2631 3629 2673 esse.

1985 2707 2198 2773 Melius,
2228 2705 2446 2779 inquit,
2486 2705 2538 2762 ei
2567 2709 2684 2762 crat
2714 2706 2765 2761 si
2791 2714 2954 2760 natus
2994 2720 3105 2762 non
3132 2707 3323 2775 suisset
3352 2706 3512 2762 homo
3538 2705 3636 2763 illc

1984 2796 2201 2870 (llatth.
2234 2796 2407 2867 xxvr),
2441 2797 2512 2852 de
2540 2795 2695 2852 Juda
2723 2794 2945 2852 dictum
2978 2800 3086 2867 est,
3111 2796 3389 2866 quoniam
3421 2794 3634 2852 melius

1984 2890 2111 2943 erat
2130 2886 2180 2943 ei
2209 2890 2412 2944 natum
2431 2901 2545 2943 non
2558 2901 2706 2950 esse,
2725 2901 2899 2958 quam
2925 2886 2996 2943 ad
3019 2885 3307 2958 ejusmodi
3334 2885 3628 2943 miseriam

1986 2983 2184 3032 natum
2216 2989 2362 3032 esse.

2057 3065 2213 3132 Ideo,
2246 3063 2470 3121 domini
2499 3068 2556 3119 et
2586 3064 2782 3120 Patres
2812 3061 3165 3134 charissimi,
3197 3068 3259 3118 ut
3307 3066 3495 3120 status
3527 3064 3630 3121 Ec·

1986 3155 2178 3212 clesiae
2200 3156 2573 3211 conservetur
2591 3151 2925 3220 incolumis,
2949 3155 3174 3223 oportet
3194 3153 3400 3208 unitati
3425 3152 3554 3223 ejus
3575 3155 3633 3208 et

1986 3243 2238 3300 libertati
2281 3242 2524 3300 sollicite
2569 3241 2872 3314 provideri.
2905 3245 3159 3313 Utraque
3189 3239 3344 3297 enim
3388 3240 3478 3296 his
3508 3240 3633 3297 dio-

1985 3334 2119 3402 bus,
2144 3333 2251 3390 bae
2277 3336 2647 3404 tempestate,
2672 3330 2826 3387 siout
2848 3347 2953 3387 nos
2979 3328 3388 3387 miserabiliter
3408 3330 3632 3403 experi-

1986 3440 2136 3494 mur,
2169 3423 2370 3481 multis
2402 3427 2643 3496 urgetur
2697 3422 3107 3490 incommodiS,
3161 3421 3360 3477 multis
3392 3421 3626 3491 injuriis

1982 3514 2313 3579 infestatur,
2346 3512 2483 3586 quia
2516 3512 2754 3569 alteram
2787 3514 3051 3570 scindere
3074 3512 3283 3569 nititur
3301 3512 3627 3569 schismati-

1984 3618 2182 3660 corum
2217 3602 2481 3668 ambitio,
2529 3601 2768 3657 alteram
2830 3600 3035 3674 quaerit
3091 3601 3318 3656 auferre
3347 3600 3622 3657 violentia

1982 3697 2389 3766 tyrannorum.
2424 3690 2749 3763 Utrumque
2779 3697 2967 3747 tamen
3000 3690 3084 3746 eis
3112 3706 3214 3761 per
3245 3689 3346 3745 Dei
3377 3689 3623 3760 gratiam

1978 3780 2484 3855 impossibileerit.
2508 3777 2867 3852 Impossibile
2879 3778 3168 3848 siquidem
3193 3780 3302 3845 est,
3318 3777 3625 3846 spirituale

1978 3870 2387 3930 ecclesiasticae
2419 3868 2659 3926 unitatis
2688 3868 2957 3924 scindere
2985 3870 3448 3933 sacramentum,
3474 3869 3628 3939 quod

1981 3961 2130 4018 inler
2176 3960 2474 4017 Christum
2505 3964 2563 4014 et
2607 3955 2946 4023 Ecclesiam,
3006 3957 3132 4027 ipso
3161 3957 3337 4011 Patre
3369 3964 3630 4024 auctore,

1981 4047 2375 4106 indissolubili
2408 4047 2622 4102 l'oedere
2650 4060 2979 4103 connexum
2998 4048 3158 4102 estet
3180 4045 3628 4104 firmatum.lm·

1983 4136 2262 4212 possibile
2300 4140 2389 4193 est
2429 4151 2599 4191 suam
2645 4133 2915 4191 Ecclesiae
2973 4134 3071 4191 Dei
3123 4131 3328 4191 tollere
3385 4133 3627 4191 liberta·

1984 4233 2126 4297 tom,
2157 4243 2336 4299 quam
2364 4223 2653 4281 Dominici
2674 4225 2982 4297 sanguinis
3012 4222 3370 4282 consecravit
3395 4223 3626 4281 effusio.

1985 4318 2144 4374 Licet
2164 4318 2316 4373 enim
2350 4314 2520 4388 paleae
2543 4315 2613 4371 de
2639 4329 2773 4370 area
2803 4312 3033 4369 Domini
3066 4312 3421 4386 quandoque
3443 4313 3628 4370 venti-

1988 4407 2151 4464 labro
2180 4404 2433 4463 levitatis
2463 4408 2564 4461 aut
2609 4404 2877 4460 vanitatis
2925 4401 3150 4460 avolent
3181 4410 3238 4459 ct
3293 4402 3633 4467 abscedant,

216 4484 572 4556 doctrinam,
593 4486 925 4562 eloquentia
950 4495 1011 4548 nt
1029 4493 1399 4551 commendet
1420 4497 1492 4552 ad
1513 4497 1871 4568 gratiam.Ut
1905 4521 1955 4587 D
1988 4503 2221 4573 propter
2248 4498 2586 4553 abscessum
2612 4501 2806 4551 tamen
2831 4510 3029 4550 earum
3052 4509 3166 4548 non
3200 4491 3487 4548 minuitur
3513 4491 3631 4545 tru-

214 4574 443 4634 sellieet
460 4592 662 4634 sermo
681 4584 921 4636 sanctus
944 4581 1041 4652 sit,
1080 4584 1337 4656 prudens
1366 4585 1464 4653 sit,
1496 4585 1740 4643 illustris
1772 4588 1867 4643 sit.

212 4663 329 4738 Ego
346 4681 491 4723 vero
509 4665 618 4741 qui
644 4667 806 4726 vobis
822 4670 1114 4742 producor
1128 4672 1186 4729 ln
1211 4673 1495 4741 medium,
1521 4675 1667 4732 nibil
1690 4677 1874 4735 babeo

216 4769 397 4826 penes
428 4771 549 4830 ma,
578 4757 694 4814 nisi
711 4759 1135 4818 conscientiam
1159 4764 1558 4835 peccatricem,
1585 4766 1872 4824 minorem

217 4844 555 4914 scientiam,
566 4845 957 4921 eloquentiam
980 4849 1403 4925 imperfectam.
1422 4854 1490 4910 Et
1509 4854 1639 4913 ideo
1661 4872 1908 4936 oppor-..3

218 4937 425 4995 tunins
451 4937 603 4995 mihi
634 4940 823 4998 fuerat
869 4941 1043 5000 silere
1081 4958 1256 5015 quam
1290 4944 1469 5020 loqui,
1504 4947 1662 5019 pasci
1693 4964 1897 5022 quam.

221 5040 480 5098 pascere,
512 5031 576 5085 et
620 5045 794 5086 aures
823 5030 987 5088 vobis
1016 5031 1209 5104 potius
1237 5034 1507 5091 exhibere
1539 5053 1717 5109 quam
1766 5037 1889 5094 lin-.

222 5131 415 5186 gnam.
446 5115 624 5174 Nulla
655 5118 799 5175 mihi
831 5121 889 5176 in
922 5120 1268 5194 memetipso
1297 5123 1512 5181 fiducia
1537 5130 1647 5194 est,
1681 5128 1779 5182 sed
1806 5128 1872 5183 ad

228 5205 593 5264 sanctitatem
625 5207 1039 5284 precipientis,
1091 5214 1149 5268 et
1178 5212 1388 5270 merita
1416 5218 1610 5271 vestra
1638 5231 1875 5273 conver-

228 5295 327 5350 tor.
350 5294 583 5360 Quibus
610 5296 1131 5370 intercedentibus,
1169 5300 1391 5375 aliquid
1426 5302 1568 5360 mibi
1601 5304 1873 5363 fortassis

230 5386 472 5458 ugietur
497 5387 696 5463 gratia
723 5387 885 5448 illius
924 5390 1028 5464 qui
1056 5390 1243 5450 dixit:
1292 5393 1458 5466 Aperi
1490 5409 1547 5452 oc
1587 5401 1766 5465 tuum,
1817 5402 1871 5455 ce

138 5509 145 5536 ·.
231 5489 315 5546 oso
336 5477 651 5552 adimplebo
670 5477 819 5538 illud
845 5479 1063 5552 (Enoch.
1090 5480 1178 5553 11).
1203 5481 1282 5542 Os
1304 5498 1506 5544 meum
1527 5484 1869 5546 obedientia

1983 4592 2112 4649 otus
2143 4603 2308 4657 areae,
2340 4585 2440 4643 scd
2476 4587 2771 4656 purgatur.
2797 4584 2963 4649 Item,
2991 4581 3129 4637 licet
3159 4580 3451 4653 principes
3473 4583 3635 4635 tene-

1981 4682 2215 4739 brarum
2246 4678 2524 4735 adversus
2555 4672 2869 4731 Ecclesiam
2894 4671 2993 4728 Dei
3035 4670 3406 4725 vehementer
3428 4669 3627 4725 insur-

1979 4775 2145 4844 gant,
2177 4777 2350 4843 portae
2400 4771 2596 4823 tamen
2645 4763 2813 4820 inferi
2848 4760 3123 4818 adversus
3155 4775 3280 4815 eam
3314 4756 3624 4831 praevalere

1980 4876 2101 4919 non
2132 4863 2395 4929 possunt.
2430 4855 2538 4924 lta,
2588 4851 2811 4909 domini
2844 4849 2977 4915 mei,
3009 4847 3170 4905 salva
3201 4846 3370 4903 nobis
3402 4863 3630 4919 semper

1979 4954 2069 5008 est
2099 4950 2318 5018 unitas,
2349 4945 2511 5003 salva
2539 4957 2767 5011 semper
2795 4943 2884 4995 est
2918 4938 3151 4994 libertas
3172 4935 3465 5006 Ecclesiae,
3489 4939 3628 5011 quia

1978 5028 2964 5118 nequetunicainconsotilishscindi
2985 5030 3197 5100 potest,
3213 5044 3402 5100 neque
3412 5028 3626 5086 Christi

1977 5128 2223 5201 sanguis
2245 5126 2305 5181 in
2335 5122 2567 5180 irritum
2600 5119 2889 5176 devocari.
2921 5118 2992 5174 Et
3021 5117 3155 5174 licet
3184 5119 3429 5174 exierint
3469 5134 3504 5174 a
3525 5135 3630 5175 no-

1975 5219 2069 5276 bis
2100 5217 2279 5288 aliqui
2309 5214 2408 5286 qui
2450 5210 2758 5268 nobiscum
2817 5212 3006 5276 erant,
3065 5208 3164 5265 sed
3202 5208 3273 5264 de
3302 5206 3468 5263 nobis
3503 5223 3619 5263 non

1975 5315 2162 5375 erant,
2185 5322 2301 5362 non
2323 5307 2413 5361 est
2447 5299 2639 5357 scissa
2669 5304 2862 5356 tamen
2884 5297 3095 5355 veritas
3123 5296 3369 5352 unitatis
3387 5300 3626 5368 propter

1973 5413 2093 5467 eos,
2127 5411 2273 5470 quos
2304 5392 2596 5467 separavit
2617 5409 2650 5447 a
2690 5390 2859 5448 nobis
2899 5386 3145 5463 proprias
3178 5385 3397 5442 malitia
3433 5385 3625 5459 pravi-

1975 5484 2131 5544 tatis.
2159 5484 2225 5542 Et
2245 5483 2383 5542 licet
2406 5482 2445 5541 ii
2466 5496 2613 5555 quos
2634 5478 2887 5537 diximus
2909 5474 3141 5550 tyranni
3161 5478 3452 5533 terrarum
3476 5474 3632 5536 circa
