3784 6000
320 244 463 315 10⁷0

1738 246 1937 310 Lucu
1974 247 2054 309 111
2089 249 2302 310 PAPAE
2357 296 2362 300 .

3593 247 3730 317 {OEfl

306 379 609 439 decimam
638 381 699 439 in
731 380 1037 454 Hanepha,
1058 377 1436 438 decimamin
1464 375 1957 436 Brathcozzim.1n
1987 375 2038 429 A
2070 375 2279 432 vestris
2300 376 2477 449 J'ustis
2494 375 3003 450 postulationibus
3031 376 3355 436 clementer
3378 378 3727 448 annuimus,

308 469 553 527 Kercicb
596 469 953 526 beneficium
1005 468 1194 541 pretio
1222 472 1550 542 receptum.
1605 469 1665 523 ln
1713 465 1959 523 Flattina

309 557 663 615 beneficium
685 558 923 615 herradi
941 558 1127 631 pretio
1148 563 1474 630 receptum.
1500 555 1782 613 Similiter
1801 553 1960 610 Dud-

309 646 516 717 lingin‚
550 647 611 702 in
643 646 997 712 Unkilbach‚
1035 647 1092 702 in
1128 646 1416 715 Brubach,
1449 647 1507 702 in
1544 644 1955 715 crichesdorp,

307 735 369 790 in
410 735 744 807 walerdop,
802 736 862 791 in
919 735 1191 792 Geislere.
1245 736 1514 791 Mansum
1565 734 1623 789 in
1657 731 1955 798 Wosnich,

304 839 589 881 mansum
617 825 678 880 in
706 825 1053 882 Kessenich.
1103 829 1260 883 Duas
1305 830 1506 898 partes
1553 824 1858 878 vinearum
1896 819 1958 876 in

305 912 601 983 Brubach,
622 914 787 987 quod
813 913 980 971 dedit
1000 913 1167 971 vobis
1192 929 1396 971 comes
1417 911 1753 981 Thuringioe
1777 909 1959 965 Lude·

299 1001 484 1060 vicus
502 1018 607 1074 pro
628 1004 832 1060 anima
851 1003 1058 1060 matris
1078 1020 1201 1060 suoe
1219 1002 1605 1075 Gunegundoe
1619 1044 1632 1057 .
1660 998 1958 1056 Praedium

301 1090 362 1148 in
391 1090 811 1159 vennehusen,
844 1093 905 1149 in
935 1093 1126 1165 Spele,
1150 1094 1208 1149 in
1241 1091 1641 1165 wolpinrode,
1664 1086 1958 1145 inGodin-

299 1181 502 1249 gouin,
547 1181 608 1237 in
659 1181 910 1250 Auvich‚
954 1183 1014 1238 in
1061 1182 1402 1248 Dalehusin,
1453 1182 1510 1236 in
1554 1180 1951 1251 Reginsagen.

300 1269 591 1326 Praedium
635 1271 694 1326 in
734 1271 1037 1343 Hanepha,
1071 1287 1108 1328 a
1136 1271 1419 1328 fratribus
1453 1269 1527 1326 de
1564 1267 1820 1324 Wedina
1849 1282 1955 1340 per

300 1357 723 1414 concambium
747 1366 1057 1431 acceptum
1074 1404 1087 1416 .
1117 1360 1414 1416 Praedium
1439 1359 1498 1415 in
1537 1357 1762 1430 Ulpich,
1786 1355 1952 1429 quod

298 1445 595 1503 Walterus
619 1446 694 1503 de
716 1448 969 1505 Ronlant
991 1453 1049 1504 et
1077 1464 1224 1505 uxor
1249 1449 1378 1518 ejus
1414 1447 1583 1504 Voda
1606 1446 1775 1504 vobis
1804 1462 1952 1502 con-

298 1532 582 1591 tulerunt.
602 1536 747 1592 Item
769 1536 1036 1595 decimas
1056 1537 1113 1593 in
1144 1536 1570 1594 Ghimminich.
1597 1535 1867 1591 Decimae
1886 1534 1949 1591 in

297 1621 736 1696 Geseche,quae
760 1626 1475 1698 adioecesanisepiscopis
1499 1625 1784 1681 canonice
1809 1629 1950 1680 sunt

2067 469 2127 522 et
2149 466 2465 537 praefatum
2483 467 2941 535 monasterium,
2957 466 3153 540 inquo
3174 466 3382 525 divino
3397 467 3725 542 mancipati

2066 555 2203 611 estis
2229 554 2545 628 obsequio,
2573 557 2688 612 sub
2715 556 2871 613 beati
2893 557 3042 613 Petri
3070 562 3126 613 et
3145 563 3347 614 nostra
3360 558 3728 630 protectione

2067 645 2428 716 suscipimus
2458 657 2514 701 et
2545 647 2850 718 praesentis
2879 646 3085 719 scripti
3120 647 3469 719 privilegioc
3491 663 3729 704 ommu-

2067 733 2288 800 nimus,
2321 735 2617 806 imprimis
2645 736 2943 807 siquidem
2979 741 3308 793 statuentes
3337 741 3400 793 ut
3422 737 3577 794 ordo
3602 753 3725 793 mo-

2066 822 2333 878 nasticus
2379 824 2482 896 qui
2521 823 2856 880 secundum
2895 826 3080 881 Deum
3120 831 3177 883 et
3225 825 3387 883 Beati
3433 825 3727 883 Benedicti

2067 911 2357 980 Regulam
2387 913 2446 969 in
2473 913 2830 971 eodemloco
2855 913 3156 971 institutus
3185 930 3315 970 esse
3332 913 3727 985 dignoscitur,

2066 1002 2371 1071 perpetuis
2391 1002 2765 1074 temporibus
2778 1001 3432 1060 ibideminviolabiliter
3451 1004 3731 1060 observe-

2065 1091 2177 1147 tur.
2193 1090 2482 1147 Proeterea
2493 1107 2888 1165 quascunque
2905 1093 3729 1166 possessiones‚quaecunque

2061 1178 2228 1236 bona
2257 1179 2414 1236 idem
2458 1182 2888 1237 monasterium
2928 1181 3466 1253 impraesentiarum
3486 1182 3646 1253 juste
3673 1189 3733 1241 et

2062 1270 2349 1326 canonice
2372 1270 2650 1341 possidet,
2678 1275 2781 1327 aut
2801 1271 2859 1326 in
2875 1269 3138 1328 futurum
3157 1272 3556 1329 concessione
3585 1288 3730 1344 pon·

2062 1356 2308 1423 tificum,
2334 1358 2646 1429 largitione
2669 1375 2881 1429 regum
2915 1360 3003 1416 vel
3032 1359 3397 1432 principum,
3424 1360 3728 1418 oblatione

2060 1446 2328 1504 fidelium
2355 1462 2460 1503 seu
2491 1448 2622 1503 aliis
2638 1448 2819 1519 justis
2855 1448 3075 1513 modis,
3105 1455 3427 1522 praestante
3448 1451 3726 1520 Domino,

2058 1537 2277 1609 poterit
2301 1537 2571 1610 adipisci,
2600 1537 2772 1596 firma
2794 1538 2963 1595 vobis
2995 1539 3324 1612 vestrisque
3364 1540 3726 1597 successori·

2056 1627 2240 1683 buset
2261 1626 2484 1683 illibata
2513 1632 2925 1699 permaneant.
2957 1627 3022 1685 In
3062 1628 3427 1702 quibushaec
3441 1629 3722 1686 duximus

296 1709 554 1769 collatoe.
585 1712 974 1770 Donationem
989 1714 1507 1788 quoquedecaniae
1528 1714 1946 1770 absolutamin
1985 1731 2028 1786 B
2059 1714 2314 1788 propriis
2351 1717 2744 1789 exprimenda
2783 1717 3093 1774 vocabulis
3122 1734 3135 1775 ε
3168 1717 3372 1774 locum
3417 1718 3623 1791 ipsum
3667 1720 3720 1775 in

295 1816 419 1873 qua
455 1817 630 1857 mons
678 1801 806 1874 ipse
838 1804 983 1859 situs
1025 1810 1132 1867 est,
1177 1805 1328 1861 sicut
1364 1805 1443 1861 ab
1481 1801 1947 1876 archiepiscopis

299 1889 755 1948 coloniensibus
792 1897 987 1950 vestro
1020 1894 1386 1951 monasterio
1411 1892 1840 1952 rationabiliter
1861 1896 1948 1949 est

295 1977 529 2036 collata.
559 1982 713 2038 Sane
733 1982 1041 2039 advocatis
1062 1984 1286 2055 quibus
1314 2000 1423 2056 pro
1449 1988 1716 2055 tempore
1735 1997 1947 2039 mona-

295 2068 452 2124 sterii
484 2069 801 2127 advocatia
830 2072 1159 2130 commissa
1198 2072 1395 2139 fuerit,
1428 2071 1840 2130 interdicimus
1868 2084 1945 2126 ne

291 2156 531 2216 aliunde
553 2159 915 2217 advocatum
940 2162 1533 2236 constituant,neque
1556 2162 1633 2218 de
1658 2161 1838 2218 rebus
1863 2160 1945 2217 ad

291 2262 402 2302 sua
432 2249 728 2320 stipendia
756 2250 1158 2321 conserendis,
1193 2268 1389 2324 neque
1417 2253 1492 2308 de
1522 2251 1614 2307 bis
1651 2266 1788 2324 quae
1838 2265 1942 2323 pro

283 2334 526 2405 justitiis
557 2338 998 2408 persolvuntur,
1031 2339 1291 2412 amplius
1315 2341 1576 2411 exigant,
1616 2355 1793 2412 quam
1820 2343 1941 2396 An-

288 2425 464 2482 nonis
477 2427 1352 2501 archiepiscopideliberatione
1377 2434 1612 2488 constat
1635 2444 1764 2486 esse
1790 2444 1940 2502 prm-

287 2514 504 2570 visum.
540 2516 924 2574 Decernimus
954 2533 1118 2588 ergo,
1149 2523 1261 2576 etc.

359 2604 481 2673 Ego
506 2603 743 2671 Lucius,
769 2605 1075 2663 catholicoe
1107 2606 1378 2664 Ecclesiae
1407 2607 1758 2681 episcopus.

359 2693 480 2764 Ego
516 2693 877 2761 Theodinus,
922 2696 1260 2752 portuensis
1306 2700 1364 2754 et
1408 2698 1465 2754 S.
1502 2698 1729 2755 Ruflnae
1772 2697 1936 2754 sedis

284 2778 626 2854 episcopus.

354 2873 473 2945 Ego
500 2871 736 2940 Paulus,
764 2871 1155 2930 Praenestinus
1185 2874 1522 2948 episcopus.

356 2962 477 3031 Ego
523 2963 749 3028 PetruS,
791 2961 883 3020 tit.
937 2962 1000 3020 S.
1041 2964 1331 3021 Susannoe
1383 2964 1698 3039 presbyter
1748 2967 1937 3025 cardi-

281 3049 464 3109 natis.

2056 1820 2178 1877 quo
2209 1805 2627 1877 praescriptum
2656 1808 3090 1863 monasterium
3112 1808 3291 1865 situm
3314 1812 3586 1876 est,cum
3600 1825 3722 1864 om-

2053 1894 2229 1949 nibus
2251 1894 2621 1966 pertinentiis
2649 1896 2801 1960 suis3
2821 1895 3123 1952 ecclesiam
3137 1896 3369 1954 Sanctis
3397 1895 3720 1953 salvatoris

2053 1981 2128 2038 de
2141 1985 2555 2052 Fungetocum
2566 1983 2852 2040 omnibus
2865 1984 3237 2056 pertinentiis
3260 1985 3716 2042 suis.Decimam

2053 2077 2341 2144 praeterea
2378 2071 2758 2143 agriculturoe
2792 2080 3021 2140 vestras,
3054 2074 3206 2130 sicut
3244 2090 3282 2130 a
3312 2074 3717 2147 quadraginta

2052 2166 2206 2217 retro
2255 2162 2429 2217 annis
2459 2162 2814 2218 inconcusse
2855 2163 3209 2231 tenuistis,et
3240 2162 3542 2219 hactenus
3581 2178 3718 2234 pos-

2053 2249 2285 2318 sidetiS,
2331 2250 2721 2307 nihilominus
2768 2250 2945 2306 vobis
2986 2251 3338 2308 auctoritate
3378 2251 3713 2323 apostolica

2051 2339 2502 2404 confirmamus,
2537 2339 2619 2395 ita
2661 2339 2935 2397 videlicet
2966 2346 3026 2398 ut
3066 2340 3233 2406 nulli,
3276 2340 3392 2396 nisi
3430 2340 3712 2413 hospitali

2050 2433 2266 2493 vestro,
2301 2427 2445 2484 dare
2478 2429 2797 2500 cogamini.
2835 2429 3027 2486 Liceat
3055 2445 3300 2503 quoque
3337 2430 3512 2487 vobis
3552 2430 3712 2487 cleri-

2048 2532 2151 2572 cos
2182 2523 2238 2572 et
2265 2516 2471 2584 laicos,
2503 2533 2535 2573 e
2561 2519 2783 2574 saeculo
2813 2517 3105 2588 fugientes
3134 2516 3354 2574 liberos
3384 2524 3441 2576 et
3469 2518 3711 2576 absolu-

2048 2610 2157 2671 toS,
2192 2605 2427 2678 absque
2460 2605 2714 2679 alicujus
2743 2607 3216 2665 contradictione
3245 2607 3325 2664 ad
3367 2608 3708 2665 conversio-

2048 2709 2184 2751 nem
2210 2694 2474 2767 recipere
2495 2697 2632 2752 etin
2655 2701 2849 2753 vestro
2873 2696 3237 2754 monasterio
3263 2696 3540 2754 retinere.
3565 2699 3707 2754 Cum

2046 2790 2246 2840 autem
2275 2784 2548 2854 generale
2572 2785 2948 2842 interdictum
2983 2790 3147 2842 terrae
3171 2786 3365 2852 fuerit,
3397 2787 3576 2844 liceat
3610 2802 3708 2843 vo·

2044 2873 2138 2929 bis
2153 2872 2358 2944 ,ianuis
2383 2874 2621 2939 clausis,
2654 2875 2971 2946 campanis
3003 2889 3125 2931 non
3150 2875 3424 2948 pulsatis,
3451 2875 3710 2932 exclusis

2046 2962 2582 3021 excommunicatis
2622 2968 2678 3020 et
2714 2963 3059 3031 interdictis,
3104 2964 3408 3022 submissa
3445 2980 3600 3023 voce
3626 2965 3710 3021 di·

1977 3087 2017 3143 C
2048 3051 2187 3108 vina
2214 3051 2412 3109 officia
2437 3051 2755 3110 celebrare.
2787 3053 3166 3125 sepulturam
3199 3059 3488 3126 praeterea
3518 3055 3712 3127 ipsius

356 3141 478 3210 Ego
513 3140 797 3206 Jacintus,
838 3140 1129 3199 diaconus
1163 3142 1486 3201 cardinalis
1527 3146 1589 3203 s,
1642 3145 1834 3203 Μανία,
1875 3148 1935 3205 in
2048 3141 2159 3197 loci
2188 3140 2438 3198 liberam
2470 3158 2603 3198 esse
2640 3142 3044 3210 decernimus,
3078 3149 3374 3201 uteorum
3404 3144 3709 3202 devotioni

275 3229 649 3303 Cosmydyn.

349 3319 472 3387 Ego
502 3318 840 3386 Gratianus,
875 3320 973 3377 SS.
1008 3321 1240 3379 Cosmae
1264 3327 1321 3379 et
1351 3322 1933 3384 Diamanidiaconus

273 3405 614 3463 cardinalis.

346 3496 467 3568 Ego
503 3496 832 3563 Matthaeus,
865 3500 921 3556 S.
957 3499 1148 3556 Marias
1184 3502 1360 3558 Novae
1402 3501 1696 3560 diaconus
1740 3505 1930 3562 cardi-

270 3584 448 3641 nelis.

339 3677 487 3732 Data
516 3679 717 3733 Romae
742 3677 906 3749 apud
933 3678 1214 3736 Sanctum
1252 3682 1505 3751 Petrum,
1540 3697 1646 3753 per
1674 3699 1926 3742 manum

266 3763 487 3821 Alberti
517 3770 738 3822 sanctae
764 3769 1049 3824 Romanae
1078 3768 1350 3825 Ecclesiae
1382 3772 1715 3843 presbyteri
1735 3773 1925 3830 cardi-

264 3851 417 3909 nalis
437 3858 496 3909 et
523 3854 880 3921 cancellarii,
917 3872 1013 3912 xiv
1044 3856 1169 3913 Kal.
1202 3857 1566 3925 Decembris,
1599 3858 1923 3920 indictione

262 3956 381 4006 xiv,
416 3943 843 4000 Incarnationis
876 3946 1195 4002 Dominicae
1223 3962 1384 4003 anno
1419 3948 1571 4015 118¹,
1613 3951 1923 4022 pontifica-

258 4035 354 4086 tus
380 4047 520 4089 vero
549 4030 759 4089 domni
787 4034 943 4091 Lucii
981 4050 1143 4092 anno
1167 4051 1206 4091 ι.

1033 4142 1151 4197 vu.

256 4233 609 4291 Monosterie'
640 4237 701 4292 S.
745 4237 913 4293 Petri
950 4238 1327 4304 Cerretensis,
1366 4240 1622 4299 dioecesis
1661 4243 1919 4302 Volater-

328 4303 953 4445 3²2²&ssssssoeoeme
969 4311 1210 4380 suscipit
1230 4310 1501 4385 bonaque
1517 4328 1588 4370 ac
1602 4317 1917 4390 priviceqia

559 4505 785 4570 (Romoe
817 4520 916 4576 ap.
951 4506 1007 4562 S.
1038 4507 1296 4577 Petrum,
1328 4510 1471 4564 Nov.
1499 4511 1612 4579 26.)

415 4628 790 4701 [Miri-Annam,
813 4629 1044 4689 Annal.
1085 4629 1448 4700 Camaldul„
1471 4633 1563 4699 IV,
1591 4636 1744 4708 App.

957 4733 1020 4790 p.
1064 4720 1207 4791 ¹08.]

315 4822 515 4880 Lucius
539 4826 882 4898 episcopus,
915 4840 1119 4882 servus
1152 4842 1464 4884 servorum
1497 4828 1638 4894 Ἠοῖ,
1669 4828 1904 4888 dilectis

239 4907 377 4967 filiis
404 4913 619 4977 Manno,
647 4913 853 4970 abbati
882 4916 1228 4971 monasterii
1254 4915 1453 4973 Sancti
1484 4916 1637 4973 Petri
1661 4918 1738 4977 de
1767 4919 1906 4976 Cer-

234 5005 381 5066 reto,
442 5001 695 5074 eiusque
748 5001 1048 5070 fratribus,
1096 5008 1219 5061 tam
1260 5006 1660 5070 praesentibus
1713 5024 1902 5082 quam

234 5088 475 5159 futuris,
536 5090 874 5162 regularem
960 5091 1144 5149 vitam
1216 5092 1499 5165 professis
1559 5095 1619 5151 in
1691 5111 1901 5171 perpe-

236 5180 429 5235 tuum.

306 5267 546 5334 Quoties
572 5283 609 5325 a
650 5269 825 5327 nobis
859 5270 1075 5343 petitur
1118 5270 1280 5344 quod
1322 5271 1592 5342 religioni
1622 5279 1678 5330 et
1717 5275 1901 5333 bone·

233 5356 367 5412 stati
408 5358 729 5415 convenire
750 5359 1124 5430 dignoscitur
1151 5361 1357 5417 animo
1373 5376 1480 5417 nos
1509 5361 1900 5422 decetlibenti

231 5442 559 5500 concedere
580 5451 636 5502 et
658 5446 985 5518 petentium
1002 5448 1312 5505 desideriis
1334 5463 1672 5516 congruum
1687 5452 1904 5508 suflra·
1980 5477 1996 5506 ι

230 5509 754 5608 smpertiri.
786 5537 1132 5614 Eapropter,
1169 5537 1365 5599 dilecti
1396 5537 1456 5598 in
1483 5537 1896 5615 Dominojilii,

1946 4437 1993 4493 D

2048 3234 2105 3287 et
2128 3237 2405 3288 extremae
2425 3232 2718 3288 voluntati
2738 3233 2838 3304 qui
2859 3248 2922 3289 se
2942 3233 3058 3290 illic
3082 3233 3319 3305 sepeliri
3335 3232 3560 3291 delibet
3573 3248 3712 3291 ave-

2047 3320 2181 3385 rint‚
2235 3319 2346 3376 nisi
2377 3320 2525 3376 forte
2561 3321 3065 3378 excommunicati
3109 3319 3199 3377 vel
3247 3322 3551 3379 interdicti
3582 3323 3708 3380 fue-

2044 3408 2178 3474 rint,
2206 3408 2405 3464 nullus
2434 3409 2724 3480 obsistat;
2765 3407 2930 3465 salva
2958 3415 3154 3467 tamen
3190 3410 3424 3481 justitia
3467 3411 3708 3470 illarum

2042 3498 2433 3554 ecclesiarum
2476 3514 2513 3554 a
2551 3497 2773 3571 quibus
2817 3505 3191 3556 mortuorum
3240 3515 3500 3572 corpora
3543 3517 3709 3558 assu·

2041 3591 2303 3643 muntur.

2112 3675 2496 3732 Decernimus
2516 3688 2659 3746 ergo
2674 3680 2738 3731 ut
2757 3675 2906 3732 nulli
2929 3675 3180 3734 omnino
3200 3677 3523 3735 hominum
3538 3678 3708 3736 liceat

2038 3764 2353 3835 praefatum
2375 3764 2805 3821 monasterium
2825 3770 3045 3821 temere
3067 3766 3442 3838 perturbare.
3459 3768 3706 3840 autejus

2037 3853 2444 3925 possessiones
2456 3852 2709 3919 auferre,
2736 3854 2831 3910 vel
2855 3854 3088 3910 ablatas
3110 3854 3383 3920 retinere,
3401 3856 3700 3925 minuere,

2034 3958 2140 3998 seu
2160 3940 2525 4014 quibuslibet
2543 3943 2958 3999 vexationibus
2987 3940 3257 4013 fatigare,
3273 3943 3382 4000 sed
3401 3947 3622 4003 omnia
3644 3946 3702 4004 il·

2033 4030 2217 4087 libata
2244 4035 2300 4086 et
2328 4032 2559 4101 integra
2600 4036 3027 4088 conserventur
3054 4047 3257 4088 eorum
3291 4047 3403 4105 pro
3434 4050 3696 4107 quorum

2029 4118 2462 4191 gubernatione
2493 4124 2551 4175 et
2585 4119 3017 4186 sustentatione
3067 4135 3360 4177 concessa
3393 4128 3544 4179 sunt
3583 4124 3698 4180 usi-

2029 4207 2144 4263 bus
2165 4206 2533 4263 omnimodis
2551 4206 2882 4278 profutura.
2917 4208 3112 4282 Siqua
3137 4208 3316 4278 igitur
3335 4209 3395 4265 in
3426 4210 3695 4269 futurum

2027 4294 2429 4351 ecclesiastica
2458 4295 2840 4352 saecularisve
2862 4312 3139 4369 persona.
3166 4302 3279 4353 etc.

2026 4400 2235 4441 AnJuvA
2259 4399 2381 4451 NOS,
2414 4400 2569 4454 DBUS,
2600 4400 2895 4441 sammitis
2923 4400 3156 4452 nosrta,
3181 4401 3433 4445 SANCTUS
3465 4405 3689 4455 Pauus,
3783 4441 3784 4455 ,

2381 4488 2624 4529 snmus
2657 4490 2891 4541 pausus,
2921 4490 3111 4531 Lucius
3141 4491 3228 4531 rr.
3259 4491 3340 4531 m.

2095 4563 2214 4632 Ego
2243 4561 2475 4627 Lucius,
2508 4562 2814 4619 catholicoe
2846 4562 3114 4620 Ecclesiae
3141 4563 3493 4638 episcopus.

2094 4650 2215 4722 Ego
2240 4650 2460 4707 Theod.
2485 4651 2822 4708 portuensis
2843 4656 2901 4710 et
2928 4653 3159 4710 Sanctoe
3192 4653 3428 4711 Rufinus
3465 4657 3686 4729 episeo-

2020 4755 2212 4900 pag-go
2259 4828 2485 4898 Petrus,
2535 4829 2736 4901 presb.
2786 4829 3112 4888 cardinalis
3167 4830 3252 4888 tit.
3305 4832 3544 4892 Sancto
3593 4837 3688 4894 Su-

2016 4934 2553 5080 anafvwianus,
2590 5008 2860 5080 presbyt.
2898 5007 3066 5067 card.
3105 5007 3278 5066 titulo
3323 5011 3532 5071 Sancti
3575 5016 3682 5072 Ste-

2013 5099 2195 5170 phani
2229 5097 2287 5153 in
2318 5096 2500 5154 Coelio
2530 5099 2742 5154 Monte.

2081 5186 2200 5256 Ego
2231 5188 2418 5257 Hugo,
2447 5185 2712 5258 presbyt.
2746 5186 2911 5244 card.
2936 5187 3017 5243 tit.
3036 5186 3094 5243 S.
3123 5187 3473 5247 Clementis.

2081 5278 2202 5346 Ego
2229 5275 2547 5342 Arduinus,
2579 5275 2661 5332 tit.
2693 5276 2749 5332 S.
2780 5276 2980 5332 Crucis
3010 5276 3069 5333 in
3095 5276 3436 5336 Jerusalem
3467 5281 3674 5353 presb.

2010 5364 2203 5525 aaliz-o
2231 5451 2556 5523 Matthaeus,
2583 5453 2786 5527 presb.
2827 5452 3147 5512 cardinalis
3177 5452 3265 5512 tit.
3295 5455 3511 5515 Sancti
3539 5461 3682 5518 lar-

2009 5540 2160 5600 celli.
