3784 6000
223 201 298 260 47
1276 191 1624 256 ARNULFI
1668 187 2177 253 LEXOVIENSIS
2227 189 2579 254 EPISCOPI

222 331 445 390 ciosam
474 336 665 388 tamen
712 332 905 387 vestra
931 327 1165 386 dilectio
1219 329 1619 400 recognoscat.
1652 326 1731 383 De
1757 339 1870 382 crs·
1898 328 1954 398 Α

217 425 364 490 tero,
390 421 611 479 librum
632 418 881 478 Ennodii
910 416 1072 476 vobis
1102 416 1293 486 mitto,
1315 414 1572 474 alienum
1607 414 1864 489 quidem,

217 512 343 583 sed,
374 512 421 568 si
454 510 808 584 experientia
832 512 1023 566 vestra
1054 505 1407 581 probaverit,
1439 506 1865 578 transcriptum

215 616 351 658 eum
373 603 593 674 quanta
622 599 742 656 lieri
763 597 972 670 poterit
1000 595 1370 654 festinatione
1401 594 1716 652 remittam.
1750 594 1865 665 Ego

211 692 413 748 autem
440 688 655 746 librum
681 687 850 744 illum
871 701 986 743 non
1015 685 1299 754 videram,
1337 683 1682 757 priusquam
1717 681 1863 740 mibi

209 781 405 837 vestro
435 776 642 835 fuisset
696 776 1029 849 assignatus
1054 773 1301 846 Judicio,
1334 773 1570 846 visoque
1620 771 1866 830 miratus

213 883 344 926 sum
366 883 484 940 qua
501 865 761 939 primum
792 865 865 923 ab
885 868 1128 923 auctore
1148 861 1501 921 confidentia
1519 861 1740 933 editus,
1762 863 1867 918 aut

210 973 326 1030 quo
352 956 725 1031 postmodum
755 955 829 1012 ab
858 952 989 1011 aliis
1020 953 1192 1011 fuerit
1230 953 1423 1010 favore
1453 950 1863 1024 transcriptus.

208 1043 411 1118 Neque
437 1043 599 1102 enim
631 1042 776 1100 mihi
805 1043 1018 1115 diguus
1045 1041 1300 1110 videtur,
1330 1040 1425 1113 cuj
1437 1056 1501 1097 us
1544 1040 1740 1097 studio
1770 1037 1861 1096 vel

209 1134 513 1209 scripturo
542 1136 772 1191 tantum
810 1135 1047 1204 tempus
1094 1131 1302 1188 debeat
1330 1131 1451 1187 sive
1478 1145 1692 1188 census
1747 1128 1859 1185 im·

210 1223 409 1298 pendi,
441 1239 577 1282 cum
608 1226 665 1281 et
691 1221 961 1278 volumen
1000 1222 1249 1277 effusum
1281 1221 1376 1289 sit,
1410 1223 1467 1277 et
1514 1220 1587 1277 ad
1643 1216 1861 1275 intelli-

207 1313 401 1388 genda
431 1328 558 1386 quas
596 1311 814 1383 scripte
847 1319 986 1367 sunt
1015 1309 1252 1383 singula
1282 1309 1486 1366 multis
1521 1316 1573 1366 et
1604 1306 1861 1366 taediosis

210 1405 474 1476 oporteat
519 1400 918 1459 iterationibus
965 1398 1251 1473 replicari.
1312 1399 1507 1456 Prima
1567 1398 1858 1471 siquidem

206 1490 356 1548 facie
407 1490 663 1548 difficilis
693 1494 749 1548 et
794 1492 1086 1548 obscurus
1120 1488 1359 1558 incedit,
1392 1492 1449 1546 et
1496 1504 1627 1545 cum
1660 1503 1856 1545 rerum

205 1580 614 1639 difficultatem
668 1580 855 1653 stylus
908 1579 1158 1638 lucidior
1216 1580 1422 1637 debeat
1473 1579 1723 1652 aperire,
1753 1577 1855 1634 in-

206 1669 597 1744 telligentiam
654 1670 849 1743 potius
899 1685 1088 1728 sermo
1146 1668 1498 1726 tenebrosus
1556 1667 1851 1724 obtundit.
1888 1700 1935 1766 B

202 1760 466 1833 Cumque
488 1760 742 1817 multum
763 1759 972 1816 habeat
1000 1756 1220 1816 laboris
1255 1757 1566 1831 inspecti0,
1592 1755 1742 1812 nihil
1762 1755 1858 1812 ha-

203 1849 304 1907 bet
322 1849 612 1907 „secutio
643 1848 984 1922 voluptatis,
1017 1848 1158 1920 quia
1192 1862 1299 1905 nec
1328 1844 1695 1904 absolutione
1723 1861 1862 1902 sen-

206 1938 390 1995 tentia
409 1937 750 2010 complacet,
767 1953 872 1996 nec
891 1937 1076 1994 oratio
1097 1940 1419 1994 venustate.
1437 1939 1682 1993 Summa
1701 1935 1858 1993 enim

200 2026 320 2102 (30)
348 2027 478 2099 ejus
529 2024 776 2084 intentio
820 2033 926 2095 est,
959 2024 1131 2083 aliter
1183 2025 1382 2083 omnia
1411 2024 1629 2082 dixisse
1676 2041 1856 2097 quam

204 2116 419 2179 catari.
450 2116 697 2189 ideoque
728 2120 920 2174 totum
940 2116 1094 2188 quod
1126 2115 1384 2186 loquitur
1402 2115 1692 2188 exquisita
1713 2131 1856 2187 qua·

204 2209 342 2266 dam
373 2206 738 2265 intricatione
785 2205 1095 2277 complicat
1125 2208 1183 2262 et
1228 2203 1493 2274 innodat,
1524 2206 1592 2261 ut
1639 2203 1858 2261 rectius

204 2294 489 2355 Innodius
509 2310 683 2367 quam
704 2293 1007 2350 Ennodius
1027 2292 1233 2350 debeat
1263 2291 1563 2365 appellari.
1583 2292 1758 2348 Porro
1788 2291 1849 2349 in

208 2384 467 2442 metricis
496 2382 779 2454 producta
806 2381 1048 2449 breviat,
1081 2397 1309 2453 suaque
1336 2380 1725 2437 nihilominus
1756 2396 1857 2436 au-

203 2473 471 2532 ctoritate
499 2471 817 2530 brevienda
846 2471 1133 2545 producit,
1159 2471 1438 2544 nullaque
1459 2472 1671 2529 vitium
1699 2470 1858 2529 falsi·

198 2562 340 2621 tatis
366 2561 579 2619 virtute
604 2560 1079 2632 redimitur,quia
1097 2559 1294 2631 ipsum
1319 2577 1422 2617 nec
1443 2560 1630 2618 cultus
1656 2562 1854 2619 oratio·

197 2653 293 2710 nis
307 2666 417 2710 nec
437 2649 695 2725 dignitas
719 2650 977 2707 materiae
1005 2649 1852 2723 recompensat.Unusquisque

194 2743 396 2798 tamen
436 2741 509 2797 ad
541 2737 933 2797 observandas
973 2738 1272 2810 propositas
1304 2738 1446 2810 legis
1484 2742 1718 2796 tenetur
1747 2755 1852 2795 an-

197 2828 446 2902 gustias,
462 2826 813 2900 dicendique
829 2826 1156 2883 libertatem
1174 2827 1521 2884 necessitate
1533 2827 1852 2901 supprimit

198 2916 473 2991 quisquis
494 2932 557 2975 se
574 2918 647 2974 ad
672 2914 1073 2972 observantias
1094 2914 1437 2987 hujusmodi
1461 2916 1702 2974 arbitrio
1724 2934 1852 2991 pro·

162 3007 167 3012 '
198 3006 336 3081 priae
356 3006 680 3066 voluntatis
701 3005 994 3078 astringit.
1015 3005 1263 3062 Facilem
1285 3022 1419 3063 vero
1442 3006 1655 3078 duplex
1676 3008 1849 3080 culpa
1878 3033 1931 3100 C

197 3096 427 3153 veniam
477 3113 594 3152 non
627 3102 900 3164 meretur,
930 3110 1063 3151 eum
1095 3102 1149 3152 et
1196 3094 1562 3151 intellectum
1598 3097 1850 3154 retundit

195 3186 548 3252 obscuritas,
579 3188 637 3241 et
667 3199 838 3241 aures
868 3184 1122 3241 metrica
1151 3185 1440 3256 corruptio
1462 3185 1848 3257 jocunditatis

196 3273 459 3332 offendit.
492 3273 673 3331 Credo
705 3288 811 3346 ego
854 3273 1068 3331 librum
1104 3273 1255 3331 huuc
1305 3275 1461 3347 apud
1490 3279 1711 3333 veteres
1744 3291 1848 3332 nec

196 3363 463 3421 notitiem
491 3361 787 3430 habuisse,
809 3378 913 3419 nec
942 3363 1211 3435 gratiam,
1240 3362 1488 3435 ideoque
1508 3380 1611 3421 nec
1638 3364 1696 3420 in
1729 3380 1851 3421 ma-

195 3468 311 3510 nus
338 3453 567 3510 venisse
599 3453 941 3522 multorum,
964 3453 1065 3509 sed
1091 3451 1385 3523 sepultum
1414 3453 1637 3510 diutius
1668 3454 1846 3510 veteri

196 3540 457 3614 quolibet
485 3540 737 3599 armario
785 3540 1052 3611 latuisse,
1084 3541 1269 3599 donec
1303 3542 1525 3599 noviter
1555 3543 1613 3598 in
1653 3543 1845 3600 lucem

196 3630 405 3689 merito
433 3630 815 3689 obscuritatis
836 3635 895 3687 et
915 3646 1063 3688 nova
1082 3631 1369 3704 peregrini
1391 3632 1648 3689 nominis
1661 3632 1848 3689 admi-

196 3720 428 3779 ratione
457 3720 764 3795 processit.
785 3720 935 3779 Sunt
955 3719 1112 3778 enim
1136 3720 1402 3793 quidam,
1420 3720 1522 3792 qui
1545 3737 1613 3778 eo
1643 3720 1848 3777 diflici-

194 3809 274 3868 lia
302 3810 545 3883 maioris
577 3810 885 3879 ostiment,
918 3812 1060 3884 quia
1083 3809 1282 3866 minus
1312 3808 1609 3867 intellecta
1641 3810 1847 3868 miran-

193 3902 331 3968 tur;
362 3914 429 3956 ea
470 3899 715 3958 minoris
746 3906 802 3957 et
832 3906 1111 3973 tanquam
1143 3898 1387 3971 puerilia
1417 3903 1690 3971 reputant
1718 3918 1846 3973 quzs

185 3985 450 4056 jucunda
462 3987 637 4043 lucidi
663 3990 952 4047 sermonis
969 3991 1254 4048 serenitas
1270 3989 1543 4047 illustrat.
1559 3989 1845 4048 Caeterum

191 4072 610 4131 obscuritatem
660 4079 937 4149 tanquam
969 4079 1239 4136 tenebras
1269 4080 1601 4137 evitandam
1629 4083 1849 4138 senece

191 4164 411 4231 noster,
445 4165 502 4219 et
531 4161 782 4232 Tullius,
813 4168 872 4221 et
901 4165 1095 4222 caeteri
1143 4182 1397 4238 quorum
1427 4169 1650 4238 scripta
1678 4185 1846 4226 com-

187 4249 536 4320 probantur,
591 4251 934 4308 ostendunt.
987 4252 1186 4310 Julius
1234 4270 1465 4327 quoque
1511 4255 1726 4327 Caesar,
1757 4257 1847 4313 vir

3433 204 3642 266 ’48

2692 328 2917 389 xxvn.

2111 430 2184 470 Αο
2232 431 2579 474 mansuum«
2616 431 3082 479 cenomanensem
3121 439 3484 484 crxsuoruu.

2042 502 2325 561 Dominus
2359 505 2643 563 Radulfus
2681 507 3088 569 thesaurarius
3133 513 3631 591 Rothomagensis

1972 592 2195 648 amicus
2227 597 2424 651 noster
2462 603 2569 665 est,
2601 602 3082 672 compertumque
3124 601 3304 660 habet
3332 607 3493 677 quod
3522 623 3631 678 ego

1970 682 2126 754 apud
2148 682 2517 741 sanctitatem
2532 688 3151 757 vestramJamdudum
3172 690 3489 766 plurimam
3513 696 3635 753 sim

1969 770 2213 843 gratiam
2237 780 2604 833 consecutus.
2635 774 2776 833 Inde
2804 780 3070 850 estquod
3103 784 3309 839 nostra
3339 785 3497 856 apud
3521 800 3626 842 vos

1969 858 2384 918 intercessione
2413 863 2665 934 postulat
2687 865 2975 937 adjuvari,
2997 869 3277 940 quoniam
3307 871 3368 927 in
3391 873 3629 931 duobus

1968 961 2028 1004 se
2076 950 2304 1020 gravari
2359 953 2755 1024 conqueritur,
2804 971 2983 1027 super
3029 957 3436 1031 assignatione
3484 960 3621 1029 loci,

1968 1052 2142 1108 quem
2164 1054 2266 1094 vos
2296 1039 2346 1094 ei
2373 1043 2429 1096 et
2458 1040 2693 1099 domino
2728 1043 3093 1113 pictaviensi,
3118 1048 3190 1103 ad
3213 1050 3515 1120 agendum
3549 1050 3622 1108 de

1966 1143 2141 1183 causa
2162 1143 2289 1200 quae
2320 1128 2470 1185 inter
2490 1144 2590 1186 eos
2611 1130 2877 1204 vertitur,
2900 1134 3271 1208 assignastis.
3288 1140 3440 1195 cum
3465 1140 3624 1196 enim

1966 1216 2165 1273 civitas
2221 1224 2411 1275 vestra
2439 1218 2500 1276 in
2550 1220 2743 1277 medio
2764 1219 2815 1277 si
2844 1221 2964 1280 fere
2982 1224 3326 1296 constituta,
3340 1228 3518 1299 paulo
3539 1232 3626 1285 ta·

1968 1320 2102 1363 men
2160 1322 2195 1361 a
2226 1305 2676 1380 Rotbomagensi
2724 1310 2954 1368 civitate
3003 1315 3303 1383 remotior,
3335 1332 3439 1372 vos
3483 1333 3620 1375 eum

1966 1395 2129 1465 quasi
2160 1395 2221 1451 in
2261 1412 2568 1453 occursum
2603 1400 2921 1457 adversarii
2950 1402 3044 1458 sui
3075 1403 3146 1459 ad
3180 1403 3461 1462 ulteriora
3492 1405 3622 1462 loca

1966 1482 2193 1540 trabere
2224 1484 2578 1542 destinastis.
2611 1486 2675 1542 Iu
2707 1502 2821 1559 quo
2846 1489 3077 1546 videtur
3104 1491 3156 1546 ei
3195 1493 3353 1563 quod
3384 1492 3620 1550 affectio

1963 1577 2154 1630 vestra
2183 1573 2244 1629 in
2274 1571 2531 1631 favorem
2558 1577 2834 1648 opposite
2866 1577 3049 1649 partis
3069 1580 3307 1650 coeperit
3330 1596 3462 1638 esse
3494 1599 3620 1654 pro·

1964 1662 2184 1732 clivior,
2225 1664 2360 1734 quia
2389 1664 2589 1720 statim
2620 1664 2673 1721 ei
2701 1665 2774 1722 de
2804 1666 2981 1739 spatii
3020 1667 3435 1727 distributione
3466 1670 3621 1728 adeo

1968 1753 2255 1825 propitius
2282 1753 2611 1823 exstitistis,
2636 1758 2701 1810 ut
2720 1755 3045 1813 adversario
3066 1759 3458 1833 quadraginta
3485 1763 3618 1817 tan-

1966 1843 2090 1898 tum
2122 1842 2391 1899 milliaria
2419 1845 2492 1901 ad
2524 1843 2896 1914 veniendum,
2928 1849 2986 1903 et
3015 1846 3066 1902 ei
3096 1852 3331 1905 centum
3362 1848 3613 1923 ipsaque

1968 1931 2397 2004 importuniora
2451 1933 2812 2007 praefixeritis
2843 1936 2914 1992 ad
2947 1937 3230 1993 eundum.
3263 1939 3429 2006 Quod
3461 1939 3510 1996 si
3564 1939 3620 1995 ei

1967 2021 2279 2079 censuistis
2311 2039 2415 2095 pro
2444 2022 2756 2096 episcopali
2779 2025 3101 2082 reverentia
3122 2026 3530 2099 deferendum,
3549 2026 3610 2084 id

1966 2115 2209 2172 eatenus
2238 2113 2570 2169 faciendum
2592 2117 2703 2181 est,
2726 2130 2800 2171 ne
2819 2114 2877 2169 in
2901 2130 3050 2170 onus
3073 2118 3174 2170 aut
3203 2115 3616 2188 proJudicium

1966 2201 2201 2259 alterius
2230 2199 2543 2259 liberalitas
2577 2201 2760 2259 effusa
2807 2205 3102 2273 procedat.
3142 2205 3234 2261 Sic
3263 2205 3418 2262 enim
3466 2204 3624 2262 inter

1965 2295 2158 2365 partes
2172 2291 2361 2349 media
2379 2291 2545 2348 debet
2564 2307 2693 2349 esse
2707 2291 3027 2363 judicantis
3051 2293 3278 2367 religio,
3292 2298 3356 2350 ut
3368 2293 3619 2352 liberam

1964 2380 2034 2436 de
2065 2380 2190 2452 pari
2222 2379 2473 2452 singulis
2494 2379 2761 2437 exhibeat
2781 2380 3143 2455 aequitatem.
3166 2397 3239 2440 ne
3261 2385 3617 2441 sententiam

1964 2468 2494 2526 dictassevideatur
2513 2469 2760 2538 affectio,
2776 2470 3377 2542 sedjustitiarationis
3400 2472 3622 2532 instru.

1964 2559 2174 2616 mentis
2204 2568 2570 2631 compensata
2601 2560 2905 2617 formasse.
2940 2561 3126 2634 Rogat
3155 2560 3355 2634 igitur,
3387 2577 3618 2635 nosque

1963 2666 2068 2724 pro
2098 2665 2165 2707 eo
2193 2647 2600 2722 supplicamus
2628 2650 2929 2717 attentius,
2952 2654 3018 2705 ut
3043 2648 3208 2707 locus
3236 2649 3323 2707 eis
3344 2651 3416 2706 ad
3441 2665 3623 2723 agen-

1961 2740 2124 2810 dum,
2147 2739 2299 2794 facta
2328 2738 2552 2810 aequius
2570 2738 2744 2810 spatii
2768 2737 3201 2806 distributione,
3229 2739 3607 2808 cenomania,

1961 2828 2315 2900 assignetur,
2344 2831 2447 2883 aut
2476 2828 2641 2894 citra,
2675 2831 2813 2884 utet
2844 2842 2949 2884 nos
2979 2827 3260 2884 interesse
3282 2827 3612 2900 possimus,

1960 2917 2208 2990 quia,ob
2242 2916 2691 2973 familiaritatem
2716 2917 3021 2990 utriusque
3043 2917 3220 2990 partis
3252 2919 3307 2973 et
3332 2916 3616 2989 gratiam,

1960 3006 2276 3080 plurimam
2291 3007 2547 3063 intereos
2558 3006 2943 3080 componendi
2956 3006 3230 3064 fiduciam
3249 3007 3609 3064 obtinemus.

1958 3096 2040 3153 De
2067 3096 2309 3153 alterius
2356 3111 2486 3152 vero
2537 3094 2643 3152 loci
2691 3098 2749 3151 et
2785 3095 3062 3167 temporis
3100 3093 3505 3168 assignatione
3533 3095 3611 3152 de

1954 3185 2121 3242 vobis
2149 3184 2426 3255 conqueri
2459 3199 2594 3255 pars
2640 3182 2742 3240 illa
2780 3199 2895 3240 non
2929 3183 3157 3250 poterit,
3194 3181 3471 3256 quoniam
3513 3181 3610 3240 hic

1956 3273 2170 3331 citatus
2191 3273 2370 3331 semel
2395 3288 2497 3345 pro
2519 3271 2770 3344 simplici
2795 3272 3063 3329 absentia
3084 3272 3464 3329 condemnari
3490 3288 3610 3330 non

1956 3368 2165 3440 potest,
2194 3366 2376 3422 donec
2424 3364 2681 3421 secundo
2711 3364 2800 3421 vel
2832 3364 2997 3420 tertio
3028 3364 3202 3421 etiam
3238 3363 3453 3421 citatus
3484 3364 3608 3420 for·

1956 3459 2108 3513 tasse
2140 3454 2234 3523 sit,
2287 3457 2351 3510 ut
2380 3470 2485 3526 pro
2513 3452 2828 3524 multiplici
2876 3453 3142 3510 absentia
3172 3453 3243 3510 de
3293 3454 3609 3510 manifesta

1957 3543 2326 3602 contumacia
2355 3544 2799 3602 condemnetur.
2830 3541 3052 3600 Valete.

2666 3630 2918 3688 xxvln.

2037 3740 2111 3780 an
2148 3738 2426 3780 ausonam
2465 3735 2970 3778 sornomusussu
3009 3735 3534 3780 aacnrsmscoruu.

2028 3814 2217 3884 Super
2237 3811 2455 3883 injuria
2475 3827 2652 3883 quam
2676 3810 2845 3867 nobis
2871 3809 3042 3867 infert
3066 3810 3345 3867 dominus
3369 3810 3610 3868 Fiscan-

1958 3901 2155 3958 nensis
2185 3900 2407 3957 litteras
2437 3903 2647 3956 vestrae·
2676 3898 2995 3971 majestatis
3034 3900 3388 3973 accepimus,
3420 3899 3610 3957 conti-

1959 3995 2161 4048 nentes
2198 3989 2354 4062 quod
2387 3988 2513 4061 ipse
2572 3988 2739 4046 nobis
2771 3989 3128 4046 sacerdotem
3160 3989 3231 4045 ad
3281 3987 3605 4045 Ecclesiam

1957 4078 2118 4136 illam
2162 4078 2233 4136 de
2263 4094 2380 4150 qua
2408 4079 2603 4150 agitur
2634 4093 2734 4150 per
2764 4092 3004 4133 manum
3036 4082 3290 4134 vestram
3320 4078 3613 4134 consentit

1956 4168 2171 4227 offerri.
2202 4169 2274 4224 Et
2304 4183 2409 4224 nos
2441 4166 2722 4223 nimirum
2774 4174 2987 4223 sanctae
3016 4171 3075 4225 et
3119 4167 3386 4240 benignas
3436 4167 3610 4225 nobis

1954 4258 2271 4331 diligentiae
2294 4262 2501 4314 vestrm
2525 4256 2739 4328 gratias
2766 4256 3021 4330 agimus,
3046 4257 3146 4313 sed
3172 4258 3390 4314 versuti
3418 4257 3612 4315 homi-

188 4335 437 4397 illustris
465 4338 818 4410 eloquentiae-
837 4341 969 4413 (31),
1011 4340 1332 4415 culpabiles
1362 4360 1488 4401 esse
1534 4344 1839 4401 denuntiat
1869 4353 1917 4417 Β
1950 4347 2039 4405 nis
2097 4349 2372 4404 timemus
2403 4348 2667 4414 astutias,
2702 4362 2773 4403 ne
2803 4346 2913 4403 boc
2959 4347 3111 4404 fucto
3141 4350 3199 4403 et
3232 4346 3604 4419 prudentiam

186 4426 287 4500 qui
318 4441 385 4484 ea
413 4426 615 4484 volunt
644 4428 805 4501 loqui
838 4428 926 4487 vel
957 4431 1213 4488 scribere
1242 4448 1366 4503 quae
1415 4433 1682 4492 homines
1715 4435 1830 4500 mi-,

185 4520 393 4574 rentur
418 4516 613 4590 potius
643 4534 819 4590 quam
846 4518 1199 4593 intelligant,
1221 4525 1360 4578 etse
1387 4525 1672 4594 tauquam
1700 4539 1831 4580 sco-

180 4605 385 4678 pulum
409 4607 490 4663 ita
511 4607 709 4680 fugere
728 4607 990 4666 insolens
1010 4613 1187 4682 atque
1206 4610 1544 4683 infrequens
1567 4613 1827 4670 verbum.

181 4693 380 4767 Legite
410 4699 630 4765 tamen,
661 4695 980 4769 ipsumque
1010 4714 1124 4754 non
1157 4699 1228 4755 de
1258 4699 1644 4757 aestimatione
1674 4717 1826 4771 mea,

177 4784 279 4840 sed
312 4786 385 4842 de
406 4791 599 4844 vestra
618 4787 813 4861 potius
834 4788 1188 4862 experientia
1210 4790 1491 4861 judicate,
1509 4807 1580 4847 ne
1602 4790 1826 4849 meritis

174 4872 304 4943 ejus
331 4873 662 4946 ignorantia
691 4894 820 4936 mea
852 4879 1254 4952 praeiudicium
1284 4879 1574 4953 irrogasse
1595 4881 1826 4938 dicatur

172 4959 487 5031 ipsumque
504 4964 678 5019 vestri
697 4963 909 5023 favoris
933 4968 1224 5025 sententia
1245 4968 1643 5025 defraudasse.
1658 4967 1821 5033 Quod

171 5048 224 5107 si
246 5049 710 5124 irrefragabilem
726 5056 986 5126 quaeritis
1008 5059 1079 5115 de
1093 5076 1264 5132 prosa
1280 5058 1427 5117 ferre
1443 5075 1545 5117 sen
1554 5058 1818 5129 tentiam,

170 5137 362 5212 ipsam
393 5141 716 5198 secundum
738 5159 1012 5202 versuum
1045 5148 1244 5205 merita
1259 5148 1691 5223 judicate,quia
1720 5165 1815 5206 ve-

170 5243 301 5286 rum
323 5232 414 5288 est
432 5228 628 5302 ipsum
651 5231 776 5303 pari
795 5232 1169 5304 peritiacirca
1185 5245 1446 5311 tempora
1460 5240 1814 5312 syllabarum

167 5323 224 5375 et
254 5317 580 5378 dictionum
602 5324 873 5380 naturam
901 5322 1298 5398 virtutemque
1320 5330 1556 5388 versari.
1589 5328 1812 5389 valete.

238 5477 355 5554 (30)
392 5483 455 5542 Β.
489 5497 608 5542 um.
638 5484 816 5542 enim.

1941 4445 2193 4494 vestram
2210 4435 2953 4506 circumvenire,etjustitioe
2972 4438 3184 4492 nostrie
3200 4436 3611 4508 praejudicium

1943 4541 2278 4598 comparare
2303 4526 2589 4596 disponat.
2621 4524 2960 4581 Judicatum
2984 4524 3143 4582 enlm
3174 4527 3265 4582 est
3285 4524 3434 4581 inter
3465 4540 3595 4592 nos,

1942 4624 1995 4674 et
2023 4633 2057 4672 a
2087 4614 2364 4687 delegatis
2394 4615 2468 4671 ab
2502 4613 2816 4685 apostolica
2844 4613 2985 4670 sede
3009 4613 3312 4685 judicibus
3344 4614 3602 4683 impera·

1937 4707 2065 4760 tum
2098 4713 2157 4759 ut
2190 4704 2358 4761 nobis
2412 4703 2603 4760 ablata
2633 4703 2919 4772 restituat,
2952 4706 3009 4759 et
3057 4702 3598 4760 excommunicatos

1938 4795 2008 4851 ad
2031 4793 2479 4851 satisfactionem
2511 4793 2708 4849 venire
2737 4792 3067 4865 compellat,
3100 4793 3460 4849 sacerdotem
3507 4794 3596 4849 of-

1935 4882 2102 4953 ferat,
2164 4899 2264 4956 per
2319 4899 2492 4955 quem
2523 4887 2579 4939 et
2623 4882 2938 4939 Ecclesiam
2970 4886 3025 4939 et
3077 4882 3361 4953 populum
3396 4882 3592 4952 nobis,

1934 4975 2217 5045 tanquam
2242 4973 2454 5045 pastori
2479 4978 2536 5029 et
2555 4972 2830 5046 episcopo
2852 4972 3186 5028 animarum
3214 4986 3483 5041 suarum,
3509 4972 3599 5027 fa-

1933 5060 2049 5118 eiat
2076 5061 2329 5119 obedire.
2361 5062 2424 5117 ln
2456 5077 2564 5133 quo
2597 5062 2647 5119 si
2678 5062 2749 5118 de
2778 5059 3019 5119 alterius
3047 5063 3105 5118 et
3134 5074 3249 5116 non
3282 5060 3356 5116 de
3387 5059 3582 5132 ipsius

1932 5165 2108 5207 manu
2141 5150 2496 5223 suscipimus
2525 5150 2906 5219 sacerdotem,
2940 5166 3054 5206 non
3096 5150 3375 5206 restituta
3410 5147 3589 5204 nobis

1929 5240 2240 5307 videbitur,
2265 5239 2367 5297 sed
2421 5242 2783 5312 sequestrata
2807 5237 3121 5311 possessi0‚
3139 5236 3583 5309 plurimumque

1928 5329 2038 5387 boc
2065 5329 2272 5404 polerit
2291 5334 2514 5403 partem
2535 5332 2818 5397 nostram,
2840 5343 2975 5384 cum
3001 5328 3071 5384 de
3098 5326 3338 5384 domino
3361 5330 3578 5382 tracta·

1998 5492 2112 5564 (31)
2144 5492 2204 5547 Β.
2238 5508 2355 5549 om.
2383 5491 2475 5549 vir
2506 5492 2597 5549 iu.
2628 5491 2770 5565 eloq.
