3784 6000
291 239 436 306 1083

363 459 744 532 Privueqium
774 479 887 532 pro
904 464 1499 533 parthenonesancti
1522 463 1766 523 Hilarii.

804 552 1122 624 (Laterani,
1146 556 1281 611 Dee.
1310 554 1423 625 29.)
1698 590 1702 594 ·

494 640 677 710 [Lina
710 642 936 699 Eccles.
960 642 1223 700 Florem.
1255 643 1529 708 Menum„
1551 643 1592 707 1,
1616 641 1769 715 202]

368 729 567 783 Lucius
599 728 942 802 episcopus,
981 748 1187 788 servus
1225 748 1535 788 servorum
1578 731 1678 789 Dei
1718 730 1948 786 dilectis

292 815 353 871 in
391 816 616 873 Christo
652 816 894 875 filiabus
930 818 1316 885 Capi‘rmicim,
1358 821 1689 877 abbatissae
1733 834 1949 876 mona-

292 903 454 959 sterii
492 906 546 961 S.
593 905 787 962 Hilarii
827 908 887 963 in
925 911 1277 980 episcopatu
1317 909 1604 967 Fesulano
1640 909 1756 976 siti,
1794 909 1949 979 ejus-

288 1007 407 1063 que
435 994 762 1066 sororibus,
798 1001 920 1052 tam
959 998 1355 1070 praesentibus
1377 1014 1563 1072 quam
1604 997 1837 1069 futuris,
1863 1012 1950 1054 re·

292 1080 560 1152 gularem
594 1083 780 1140 vitam
804 1086 1084 1156 professis
1112 1087 1173 1144 in
1203 1092 1582 1160 perpetuum.

359 1170 758 1228 prudentibus
785 1175 1136 1244 virginibus,
1168 1193 1306 1248 quae
1337 1177 1450 1232 sub
1481 1175 1693 1232 habitu
1716 1174 1952 1245 religio-

286 1260 381 1314 nis
417 1261 688 1316 accensis
717 1262 1107 1334 lampadibus
1138 1281 1243 1338 per
1274 1281 1460 1336 opera
1497 1264 1826 1321 sanctitatis
1857 1264 1950 1335 ju·

286 1346 434 1418 giter
457 1363 521 1403 se
548 1352 995 1421 praeparantire
1024 1354 1271 1410 obviam
1298 1354 1535 1425 Sponso
1553 1353 1948 1423 (Matthmxv),

288 1436 463 1493 sedes
517 1439 847 1508 apostolica
902 1442 1080 1499 debet
1120 1443 1465 1514 praesidium
1517 1442 1826 1515 impertiri,
1876 1457 1951 1497 ne

285 1523 435 1582 forte
461 1526 783 1597 cujuslibet
820 1531 1162 1588 temeritatis
1193 1533 1471 1588 incursus
1497 1537 1603 1588 aut
1627 1547 1728 1587 eas
1750 1548 1785 1587 a
1817 1546 1951 1603 pro·

287 1614 482 1685 posito
512 1623 751 1674 revocet
784 1623 888 1675 aut
920 1619 1105 1676 robur
1136 1620 1328 1693 (quod
1357 1621 1512 1677 absit
1540 1620 1576 1689 1)
1608 1635 1792 1677 sacroe
1823 1618 1950 1675 reli-

1730 244 1930 308 LUCII
1964 244 2042 305 m
2074 246 2285 306 PAPAE

1978 368 2027 425 A
2054 372 2396 431 animarum
2420 388 2630 431 curam
2658 372 3013 439 committat,
3057 376 3122 433 ut
3165 373 3220 431 ei
3261 370 3342 431 de
3394 372 3710 447 spirituali·

3577 244 3714 307 toet

2056 461 2192 529 bns,
2213 462 2385 519 vobis
2409 467 2608 520 autem
2630 462 2706 519 de
2729 461 3163 536 temporalibus
3182 461 3450 521 debeant
3465 476 3710 537 respon·
3771 506 3778 537 ,

2056 552 2218 608 dere.
3771 550 3776 603 5

2130 641 2586 698 Proedecessoris
2628 642 2813 698 nostri
2837 640 3081 699 Adriani
3112 657 3286 715 papoe
3327 640 3600 712 vestigiis
3629 640 3704 699 in·
3767 648 3775 719 ξ

2057 728 2372 797 haerentes,
2391 730 2591 802 ipsum
2610 731 3040 787 monasterium
3063 729 3124 786 in
3146 730 3362 788 eodem
3384 735 3547 787 statu
3567 736 3708 787 etre·
3769 790 3774 821 Ι

2057 819 2274 890 ligione
2296 819 2847 877 sanctimonialium
2869 819 3144 877 videlicet
3161 820 3554 887 feminarum,
3574 833 3712 893 quo-
3769 838 3776 869 ι

2059 907 2200 964 tidie
2234 909 2296 966 in
2320 909 2604 979 religione
2645 907 2985 981 proficiens,
3027 909 3179 966 sicut
3218 908 3299 966 ab
3339 907 3592 966 exordio
3627 907 3711 963 sui

2060 1003 2350 1055 statutum
2384 1003 2495 1065 est,
2536 1004 2824 1071 perpetuo
2869 1013 3112 1055 manere
3155 997 3488 1055 sancimus.
3530 999 3711 1055 Nom

2061 1094 2263 1143 antem
2292 1086 2776 1154 consuetudines,
2810 1086 2900 1144 vel
2928 1086 3272 1145 exactiones
3306 1086 3483 1144 vobis
3514 1085 3604 1143 vel
3629 1101 3710 1142 ec-

2057 1178 2279 1245 clesiis,
2311 1182 2414 1235 aut
2431 1176 2783 1234 hominibus
2822 1177 3054 1241 vestris,
3095 1176 3328 1248 imponi
3367 1175 3710 1234 anctoritate
3775 1174 3784 1562 Ι

2062 1267 2384 1338 apostolica
2418 1265 2834 1338 prohibemus.
2887 1265 3223 1337 Baptismus
3261 1280 3534 1337 quoque,
3573 1264 3713 1321 sicut

2060 1360 2150 1412 est
2177 1355 2505 1428 antiquitus
2531 1361 2910 1420 consuetum,
2959 1355 3041 1411 ita
3079 1369 3317 1426 semper
3360 1353 3427 1411 in
3469 1352 3714 1411 ecclesis

2060 1450 2279 1511 vestra,
2326 1445 2494 1501 omni
2550 1443 2865 1517 cujuslibet
2922 1458 3192 1516 personae
3247 1441 3712 1500 contradictione

2060 1537 2349 1599 cessante,
2379 1548 2493 1588 suo
2523 1538 2792 1603 tempore
2824 1531 3170 1588 celebretur.
3211 1530 3613 1588 prohibemus
3637 1529 3710 1586 in-

2059 1638 2240 1693 super
2289 1627 2351 1678 ut
2385 1621 2587 1678 nullus
2618 1621 2895 1693 ejusdem
2944 1620 3202 1677 coenobii
3236 1620 3708 1676 vicecomitatum
3783 1627 3784 1659 l

288 1702 483 1775 gionis
502 1704 806 1777 infringat.
829 1710 1173 1781 Eapropter,
1201 1709 1505 1765 dilectaein
1526 1709 1755 1766 Christo
1787 1707 1945 1775 filias,
1986 1723 2030 1777 Β
2060 1711 2409 1773 sibiaudeat
2430 1726 2738 1782 usurpare,
2757 1709 2863 1766 sed
2879 1710 3054 1767 liceat
3077 1709 3420 1774 abbatisse,
3444 1724 3584 1781 quae
3614 1722 3708 1781 pro

285 1793 496 1848 vestris
509 1794 693 1865 justis
718 1797 1225 1868 postulationibus
1250 1799 1572 1855 clementer
1595 1798 1944 1866 annuimus,

284 1886 341 1937 et
360 1882 873 1953 praedecessorum
890 1895 1230 1944 nostrorum
1246 1888 1340 1945 fel.
1359 1889 1586 1946 record.
1605 1886 1943 1947 Alexandri.

281 1971 598 2039 Coelestini,
628 1972 872 2045 Eugenii
919 1982 972 2032 et
1016 1977 1280 2045 Adriani,
1312 1980 1723 2034 Romanorum
1755 1976 1947 2049 ponti-

283 2060 492 2127 ficum,
508 2061 1154 2133 vestigiisinhaerentes,
1176 2067 1489 2138 praefatum
1516 2066 1943 2122 monasterium

284 2149 343 2204 S.
393 2149 590 2206 Hilarii
637 2151 699 2207 in
744 2154 1128 2227 episcopatus
1162 2156 1453 2212 Fesulano
1495 2158 1696 2221 situm,
1730 2154 1789 2212 in
1822 2170 1945 2228 quo

287 2236 485 2295 divino
516 2240 659 2296 estis
705 2241 994 2316 obsequio
1027 2245 1408 2317 mancipatae,
1452 2244 1568 2301 sub
1602 2245 1670 2303 Β.
1715 2244 1862 2301 Petri
1890 2248 1948 2300 et

286 2336 491 2383 nostra
527 2331 889 2400 protectione
927 2333 1286 2406 suscipimus
1322 2340 1378 2391 et
1411 2333 1719 2406 proesentis
1749 2333 1947 2405 scripti

282 2416 593 2490 privilegio
608 2421 1082 2486 communimus,
1100 2428 1423 2479 statuentes
1451 2428 1516 2480 ut
1553 2437 1947 2496 quascunque

287 2508 719 2578 possessiones,
743 2525 1120 2582 quaecunque
1151 2510 1488 2568 bonaidem
1514 2510 1946 2568 monasterium

295 2592 356 2648 in
390 2597 840 2663 praesentiarum
868 2599 1033 2671 juste
1085 2615 1156 2657 ac
1194 2601 1480 2665 canonice
1521 2600 1804 2673 possidet,
1846 2604 1949 2654 aut

293 2681 351 2736 in
369 2680 634 2739 futurum
667 2687 1053 2743 concessione
1068 2689 1744 2759 pontificum,largitione
1757 2704 1945 2759 regum

292 2773 385 2826 vel
412 2771 772 2844 principum,
803 2775 1103 2833 oblatione
1146 2776 1437 2842 fidelium,
1470 2793 1574 2833 seu
1605 2775 1733 2833 aliis
1773 2776 1947 2846 justis

296 2859 514 2926 modis,
545 2867 862 2933 praestante
910 2865 1183 2932 Domino,
1238 2866 1451 2939 poterit
1478 2866 1728 2937 adipisci
1774 2867 1948 2921 firma

292 2947 466 3005 vobis
496 2955 553 3007 et
581 2950 828 3023 hisqnoe
859 2954 1030 3010 vobis
1049 2956 1446 3014 successerint
1469 2961 1525 3013 et
1551 2954 1780 3012 illibata
1807 2969 1947 3028 per-

295 3044 599 3096 maneant.

2059 1806 2326 1873 tempore
2366 1801 2476 1873 ipsi
2503 1799 2872 1857 monasterio
2913 1798 3236 1870 praefuerit,
3270 1799 3708 1855 communicato
3783 1847 3784 1851 ,

2057 1890 2236 1947 totius
2260 1889 2503 1962 capituli
2548 1890 2635 1945 sui
2673 1888 3124 1953 consilio,idem
3145 1887 3410 1945 officium
3443 1886 3606 1953 date,
3641 1889 3707 1951 et,

2055 1979 2234 2051 culpa
2259 1979 2347 2035 vel
2371 1978 2488 2035 alia
2518 1977 2833 2034 manifesta
2855 1992 3040 2033 causa
3063 1975 3406 2033 rationabili
3424 1976 3704 2045 exigente,

2054 2068 2303 2126 auferre.
2336 2068 2607 2125 Chrisma
2641 2082 2802 2133 vero,
2839 2065 3041 2122 oleum
3070 2070 3370 2131 sanctum,
3403 2079 3706 2121 consecra·
3783 2115 3784 2127 ,

2055 2156 2245 2213 tiones
2279 2156 2562 2213 altarium
2593 2171 2699 2213 seu
2725 2154 3135 2222 basilicarum,
3164 2152 3576 2210 ordinationes
3603 2152 3706 2209 cle-

2054 2246 2315 2303 ricorum
2338 2246 2441 2319 qui
2456 2245 2534 2302 ad
2560 2261 2764 2302 sacros
2780 2243 3022 2301 ordines
3048 2243 3266 2299 fuerint
3292 2240 3702 2314 promovendi,

2056 2350 2093 2391 a
2112 2334 2453 2391 dioecesano
2476 2333 2809 2405 suscipietis
2838 2331 3148 2404 episcopo,
3174 2330 3480 2403 siquidem
3511 2329 3704 2387 catho-

2056 2423 2207 2481 licus
2240 2423 2434 2487 fuerit,
2466 2427 2525 2478 et
2554 2422 2812 2491 gratiam
2843 2426 3023 2493 atque
3052 2418 3551 2477 communionem
3573 2432 3704 2492 apo-

2057 2511 2281 2569 stolicoe
2311 2513 2470 2567 sedis
2495 2512 2790 2577 habuerit,
2823 2514 2880 2566 et
2903 2525 2972 2566 ea
2998 2509 3172 2565 vobis
3192 2509 3379 2578 gratis
3401 2512 3462 2563 et
3481 2507 3702 2579 absque

2057 2601 2345 2674 pravitate
2397 2600 2601 2673 aliqua
2670 2598 2927 2654 voluerit
2972 2596 3278 2654 exhibere.
3328 2594 3702 2669 sepulturam

2058 2694 2347 2763 praeterea
2385 2687 2728 2744 monasterii
2769 2685 2947 2743 vestri
2980 2686 3229 2742 liberam
3259 2699 3393 2741 esse
3443 2683 3704 2741 decerni·

2057 2795 2219 2844 mus,
2244 2784 2299 2834 et
2325 2793 2533 2833 eorum
2563 2775 2863 2832 devotioni
2884 2780 2941 2832 et
2966 2779 3248 2831 extremae
3281 2771 3578 2830 voluntati
3607 2769 3704 2846 qui

2057 2883 2120 2923 se
2150 2866 2265 2922 illic
2281 2865 2515 2939 sepeliri
2543 2863 3024 2929 deliberaverint,
3055 2863 3169 2918 nisi
3194 2863 3342 2919 forte
3369 2876 3705 2919 excommu-

2055 2956 2233 3016 nicati
2261 2954 2352 3013 vel
2392 2953 2684 3012 interdicti
2715 2953 2852 3018 sint,
2897 2951 3096 3010 nullus
3126 2951 3401 3018 obsistat,
3435 2950 3605 3010 salva
3633 2956 3708 3008 ta·

1986 3079 2028 3136 C
2059 3061 2197 3103 men
2218 3043 2448 3116 justitia
2476 3043 2710 3100 illarum
2733 3041 3120 3099 ecclesiarum
3145 3057 3181 3099 a
3201 3040 3427 3114 quibus
3453 3046 3711 3098 mortuo-

365 3126 430 3184 ln
454 3127 676 3200 quihus
703 3130 832 3189 haec
862 3134 1116 3206 propriis
1140 3134 1425 3191 duximus
1442 3133 1827 3206 exprimenda
1851 3149 1950 3190 vo-
2056 3150 2186 3193 rum
2223 3148 2480 3206 corpora
2502 3135 2914 3190 assumuntur.

293 3215 568 3273 cabulis:
601 3222 1030 3278 monasterium
1059 3225 1116 3280 S.
1149 3224 1433 3293 Gorgonii
1473 3240 1611 3280 cum
1647 3224 1948 3296 pertinen-

294 3304 385 3360 tiis
414 3306 556 3372 suis,
588 3311 1020 3367 monasterium
1052 3310 1377 3383 S.Gregorii
1409 3330 1546 3370 cum
1574 3311 1944 3384 pertinentiis

293 3392 452 3459 suis;
486 3396 649 3468 quod
690 3402 779 3454 est
804 3401 1067 3471 positum
1102 3402 1274 3473 juxta
1301 3403 1583 3459 Bononiae
1621 3401 1943 3464 civitatem,

287 3482 601 3540 ecclesiam
635 3488 691 3543 S.
742 3490 937 3546 Marioe
987 3490 1062 3547 de
1092 3495 1340 3561 Agnano
1383 3507 1523 3547 cum
1574 3489 1945 3563 pertinentiis

291 3573 417 3628 suis
444 3590 457 3641 ;
487 3574 802 3633 ecclesiam
826 3581 882 3636 S.
910 3581 1135 3636 Martini
1158 3580 1232 3636 de
1262 3580 1616 3650 Musignano
1645 3594 1783 3636 cum
1811 3593 1944 3650 per-

290 3660 553 3718 tinentiis
603 3665 725 3721 suis
750 3682 763 3732 ;
786 3667 1103 3725 ecclesiam
1154 3669 1209 3725 S.
1264 3669 1547 3740 Stephani
1591 3667 1665 3723 de
1714 3667 1947 3724 Pitiana

290 3765 430 3806 cum
453 3752 824 3820 pertinentiis
847 3756 970 3812 suis
998 3778 1010 3822 ς
1039 3756 1374 3822 ecclesiam,
1401 3772 1536 3828 quae
1559 3761 1651 3812 est
1675 3757 1732 3812 in
1748 3762 1943 3812 castro

292 3844 347 3901 S.
377 3839 579 3900 Hilarii
608 3859 747 3899 cum
780 3845 1144 3916 pertinentiis
1171 3845 1294 3900 suis
1327 3844 1682 3912 ;ecclesiam
1722 3845 1779 3901 S.
1831 3846 1943 3901 Ma-

286 3936 411 4002 rioe,
455 3951 591 4008 quae
622 3940 712 3991 est
751 3934 908 3991 intra
953 3939 1215 3991 castrum
1256 3939 1310 3991 et
1342 3933 1770 3991 monasterium
1800 3949 1940 3989 cum

286 4024 658 4098 pertinentiis
688 4024 810 4079 suis
835 4038 849 4088 3
894 4029 1157 4079 castrum
1186 4025 1244 4080 S.
1266 4023 1460 4080 Hilarii
1494 4039 1630 4080 cum
1655 4021 1940 4079 omuibus

285 4112 655 4185 pertinentiis
686 4113 809 4167 suis
846 4128 859 4178 ;
892 4118 1155 4169 castrum
1186 4114 1261 4168 de
1293 4112 1539 4169 Remulo
1582 4128 1717 4168 cnm
1759 4111 1941 4183 perti-

287 4202 505 4257 nentiis
537 4201 681 4256 suis.
713 4200 951 4256 Reditus
978 4216 1240 4274 quoque,
1269 4202 1408 4273 jura
1458 4205 1832 4274 patronatus,
1885 4203 1940 4256 et

287 4289 674 4345 rationabiles
704 4294 757 4344 et
784 4290 1065 4362 antiquas
1085 4291 1547 4347 consuetudines
1572 4305 1729 4362 quas
1759 4288 1939 4346 habe·

291 4377 367 4433 tis
405 4377 467 4432 in
496 4377 879 4443 monasterio,
934 4378 995 4434 in
1037 4378 1492 4436 valleumbrosa
1523 4378 1690 4435 vobis
1721 4377 1936 4435 nihilo·

286 4465 488 4522 minus
535 4465 986 4523 confirmamus.
1037 4469 1189 4525 Sane
1227 4468 1535 4524 novalium
1584 4473 1937 4536 vestrorum,

289 4571 427 4629 qum
459 4556 713 4628 propriis
748 4556 1031 4613 manibus
1053 4561 1157 4613 aut
1185 4557 1529 4628 sumptibus
1555 4556 1768 4622 colitis,
1815 4556 1940 4611 sive

290 4643 744 4702 denutrimentis
761 4645 1116 4703 animalium
1132 4646 1695 4715 vestrorum,nullns
1719 4661 1756 4701 a
1780 4641 1940 4700 vobis

289 4733 554 4791 decimas
574 4737 810 4806 exigere
842 4740 1187 4807 proesnmat.
1223 4735 1420 4792 Liceat
1458 4734 1629 4791 vobis
1656 4734 1936 4800 feminas,

287 4839 320 4880 e
342 4824 563 4881 saeculo
584 4824 877 4893 fugientes
902 4824 1121 4881 liberas
1148 4829 1203 4881 et
1236 4825 1566 4891 absolutas,
1591 4824 1668 4881 ab
1694 4839 1941 4881 conver·

290 4911 520 4968 sionem
545 4912 827 4984 recipere,
858 4917 913 4970 et
939 4929 1039 4970 eas
1060 4912 1295 4987 absque
1323 4913 1792 4971 contradictione
1831 4913 1941 4971 ali-

288 5015 412 5073 qua
458 4999 731 5058 retinere.
792 5000 939 5058 Cum
993 5007 1193 5059 autem
1241 5002 1516 5074 generale
1564 5002 1939 5059 interdictum

287 5093 456 5146 terroe
501 5090 693 5156 fuerit,
738 5090 914 5147 liceat
939 5091 1133 5159 vobis,
1183 5091 1400 5149 clausis
1426 5092 1650 5163 januis,
1683 5090 1937 5146 exclusis

287 5178 1244 5248 excommunicatisetinterdictis,
1278 5197 1399 5237 non
1421 5179 1672 5253 pulsatis
1698 5194 1940 5251 campa-

288 5267 402 5337 nis,
449 5283 780 5340 suppressa
831 5284 998 5336 voce,
1040 5269 1241 5328 divina
1265 5270 1466 5329 officia
1492 5267 1813 5326 celebrare.
1874 5268 1939 5325 In

286 5356 737 5429 parochialibus
767 5363 968 5415 autem
1001 5359 1265 5417 ecclesiis
1308 5375 1461 5433 quas
1487 5356 1737 5423 habetis,
1767 5357 1943 5415 liceat

288 5443 462 5500 vobis
509 5445 848 5504 sacerdotes
898 5446 1112 5520 eligere
1163 5454 1221 5505 et
1255 5448 1599 5505 dioecesano
1650 5446 1940 5520 episcopo

292 5536 657 5603 proesentare
702 5534 947 5610 quibus,
1006 5537 1060 5594 si
1100 5536 1305 5596 idonei
1341 5535 1578 5606 tuerint,
1618 5536 1939 5611 episcopus

1971 4433 2018 4489 D

2129 3310 2388 3369 Obeunte
2414 3325 2557 3367 vero
2583 3313 2659 3377 te,
2682 3315 2822 3366 tunc
2843 3306 3116 3379 ejusdem
3137 3306 3255 3364 loci
3276 3305 3602 3364 abbatissa
3625 3304 3712 3363 vel

2056 3416 2266 3458 earum
2293 3398 2559 3473 qualibet
2583 3414 2722 3472 quae
2744 3398 2848 3454 tibi
2879 3396 3290 3462 successerint,
3319 3394 3490 3451 nulla
3515 3394 3598 3451 ibi
3617 3409 3713 3452 eu·

2050 3490 2298 3562 juslibet
2337 3487 2737 3559 subreptionis
2766 3487 2988 3544 astutia
3024 3500 3131 3542 seu
3159 3482 3441 3542 violentia
3481 3498 3714 3556 proepo-

2056 3585 2253 3645 natur,
2288 3577 2402 3634 nisi
2429 3592 2618 3650 quam
2648 3591 2879 3633 sorores
2909 3574 3205 3632 communi
3256 3587 3586 3641 consensu,
3630 3571 3714 3630 vel

2055 3683 2331 3726 sororum
2371 3683 2510 3738 pars
2539 3666 2771 3724 consilii
2811 3663 3089 3730 sanioris,
3131 3661 3472 3718 secundnm
3517 3661 3618 3718 Dei
3653 3661 3714 3718 ti·

2055 3773 2282 3814 morem
2302 3763 2359 3811 et
2382 3755 2537 3811 Beati
2568 3754 2863 3810 Benedicti
2887 3752 3197 3823 Regulam,
3223 3749 3601 3824 providerint
3622 3748 3716 3808 eli·

2053 3845 2335 3917 gendam.
2365 3843 2746 3900 Decernimus
2779 3857 2923 3913 ergo
2965 3847 3028 3897 ut
3057 3839 3203 3896 nulli
3243 3840 3501 3898 omnino
3526 3839 3714 3897 homi·

2051 3950 2200 3991 num
2221 3932 2400 3990 fassit
2425 3930 2740 4003 praefatum
2767 3930 3203 3988 monasterium
3232 3933 3459 3985 temere
3493 3934 3712 4001 pertur-

2048 4021 2215 4088 bare,
2260 4027 2363 4078 aut
2413 4021 2542 4092 ejus
2588 4020 3002 4093 possessiones
3039 4018 3291 4082 auterre,
3351 4016 3447 4074 vel
3485 4018 3712 4075 ablatas

2047 4112 2341 4178 minuere,
2373 4126 2476 4166 seu
2503 4108 2799 4182 aliquibus
2841 4106 3255 4163 vexationibus
3293 4104 3581 4177 fatigare,
3618 4105 3714 4162 sed

2048 4200 2259 4258 omnia
2282 4200 2514 4269 integra
2565 4202 2994 4254 conserventur
3042 4211 3252 4253 earum
3292 4210 3404 4266 pro
3456 4211 3710 4269 quarum

2050 4290 2278 4362 gubern
2288 4289 2483 4344 atione
2494 4304 2565 4346 ac
2577 4286 3004 4344 sustentatione
3038 4299 3330 4342 concessa
3346 4290 3495 4341 sunt
3517 4284 3712 4342 usibus

2048 4377 2415 4435 omnimodis
2430 4377 2762 4450 protutura,
2785 4374 2955 4431 salva
2966 4372 3129 4430 sedis
3141 4373 3498 4446 apostoliooe
3510 4378 3709 4431 aucto-

2048 4468 2216 4524 ritate
2264 4473 2321 4522 et
2361 4465 2686 4522 dioecesani
2727 4463 2994 4535 episcopi
3042 4462 3340 4519 canonica
3366 4461 3628 4534 justitia.
3661 4461 3710 4520 Si

2046 4555 2359 4630 quaigitur
2384 4555 2443 4610 in
2467 4554 2737 4611 futurum
2752 4551 3159 4610 ecclesiastica
3176 4550 3571 4609 saecularisve
3591 4567 3709 4626 per·
3781 4565 3784 4634 ἰ

2049 4660 2220 4712 sona,
2248 4650 2359 4701 etc.

2121 4736 2243 4805 Ego
2273 4734 2510 4798 Lucius,
2541 4730 2850 4789 catholicas
2882 4727 3155 4787 Ecclesia)
3185 4727 3537 4801 episcopus.

2121 4825 2243 4896 Ego
2261 4821 2626 4886 Theodinus,
2651 4819 3018 4885 portuensis,
3052 4823 3109 4877 et
3133 4817 3196 4874 S.
3229 4816 3460 4876 Rufinae
3487 4819 3710 4892 epieco-

2051 4928 2243 5071 puggo
2293 5002 2514 5066 Petrus,
2561 4998 2712 5055 tituli
2740 4999 2798 5055 S.
2834 4998 3123 5055 Susannoe
3156 4995 3480 5070 presbyter
3525 4995 3708 5056 cardi-

2048 5090 2231 5148 nalis.

2120 5182 2242 5252 Ego
2271 5179 2572 5242 vivianus,
2612 5177 2922 5249 presbyter
2942 5173 3263 5232 cardinalis
3295 5173 3455 5232 tituli
3507 5177 3565 5234 S.
3601 5176 3710 5233 Ste-

2047 5269 2232 5341 phani
2253 5269 2313 5324 in
2344 5267 2525 5324 Coelio
2559 5268 2770 5324 Monte.
3783 5303 3784 5316 ,

2121 5358 2242 5428 Ego
2287 5356 2596 5430 Cynthius,
2628 5353 2941 5427 presbyter
2969 5350 3290 5411 cardinalis
3321 5351 3480 5411 tituli
3507 5353 3568 5412 S.
3597 5355 3709 5412 (;oe-

2051 5445 2243 5607 mlll'go
2265 5532 2570 5605 Ugo,tituli
2595 5533 2655 5592 S.
2681 5530 2998 5592 Clementis
3019 5530 3337 5607 presbyter
3357 5529 3784 5592 cardinalis-1

3779 5585 3784 5636 1

3775 5641 3784 5706 l

3751 5709 3784 5960 l
