3784 6000
302 228 437 285 11⁴7

1727 223 1922 282 Lucu
1962 222 2043 280 111
2081 222 2289 281 PAPAE

3581 228 3712 287 1¹48

289 376 406 430 tem
442 370 732 437 alteriaci,
766 385 870 443 per
921 369 1207 426 Chelmini
1249 375 1480 440 guttam
1524 371 1610 443 (la
1635 375 1834 442 goutte
1870 384 1948 426 ou
1978 347 2027 404 Α
2055 348 2191 416 Γῑῑῑῑ»
2228 366 2411 409 ⁰¹⁰¹'0
2444 368 2555 410 ΒΜ
2578 352 2864 411 laudum
2894 368 3031 411 0⁰¹1!
3070 352 3269 410 ¹1b0¹i⁸
3291 353 3437 419 ⁸⁰5³»
3462 356 3524 411 ⁰2
3564 354 3714 428 3⁸?-

288 477 496 519 source
524 462 597 517 de
622 460 1023 525 chillemont),
1043 475 1231 533 usque
1258 460 1631 525 mortaniam,
1654 465 1710 517 et
1734 474 1805 515 ex
1829 457 1948 515 alia

291 552 580 624 parte-'per
602 548 822 604 vadum
842 549 1082 621 Sapinci
1105 548 1181 616 (Ie
1208 549 1340 605 void
1369 550 1451 605 du
1472 550 1726 621 supine),
1753 564 1947 621 usque

292 645 516 699 Mossur
547 639 862 708 (mossoux)
893 642 950 692 et
973 643 1218 695 cunctas
1236 642 1422 695 terras
1443 640 1516 695 de
1550 638 1947 709 Nunfai,cen-

290 746 426 786 sum
458 728 704 784 minime
735 726 1056 793 solventes,
1087 743 1224 783 cum
1264 729 1520 801 pasturis
1547 728 1724 784 totius
1758 727 1949 784 banni

291 815 781 885 Rambertivillae3
816 814 1016 872 locum
1044 816 1117 872 de
1146 815 1655 874 Guandeborzoch
1677 817 1766 889 (la
1793 817 1949 872 Sou-

293 906 440 978 che),
473 922 612 961 cum
651 904 901 960 decimis
932 905 1260 977 etpasturis
1294 905 1474 963 totius
1498 904 1678 962 banni
1718 907 1793 963 de
1830 905 1950 960 No-

286 993 1003 1066 zuncurt(Nossoncourt>
1026 999 1316 1066 perpetuo
1335 995 1469 1067 jure
1497 994 1810 1060 tenendas,
1836 992 1952 1050 sub

292 1082 393 1140 tali
429 1083 773 1140 conditione
803 1082 967 1156 quod
1014 1083 1312 1154 proedicta
1344 1084 1599 1141 ecclesia
1628 1082 1950 1140 duodecim

290 1188 579 1229 nummos
625 1173 896 1229 metensis
945 1177 1197 1228 monetae
1259 1173 1522 1245 capitulo
1565 1174 1622 1230 S.
1667 1165 1952 1245 Stephani

293 1261 546 1333 singulis
559 1262 734 1318 annis
760 1261 820 1316 in
836 1260 1071 1333 synodo
1103 1267 1242 1332 post
1272 1261 1949 1320 festivitatemomnium

293 1352 652 1409 Sanctorum
693 1349 1006 1422 persolvet,
1062 1351 1139 1406 ita
1188 1355 1391 1407 tamen
1446 1351 1613 1423 quod
1652 1351 1700 1408 si
1745 1351 1953 1423 aliqua

293 1439 357 1497 in
386 1439 608 1495 finibus
633 1438 903 1494 Alteriaci
934 1438 1013 1495 ad
1050 1439 1512 1497 aedificationem
1553 1441 1817 1498 ecclesias
1849 1439 1950 1496 Dei

294 1528 501 1585 sintin
541 1527 746 1583 usibus
781 1526 966 1595 utilia,
993 1526 1158 1584 nullo
1186 1529 1541 1601 prohibente
1559 1529 1684 1587 sive
1707 1534 1949 1589 eontra-

292 1616 529 1676 dicente
563 1621 880 1672 sumantur
906 1631 921 1683 ;
953 1616 1322 1674 Theodorico
1352 1618 1426 1676 de
1457 1619 1762 1677 Danubrio
1796 1621 1952 1693 ejus-

2054 438 2238 496 naldo
2264 441 2478 498 clerico
2507 441 2685 500 fratre
2710 459 2842 508 suo,
2887 458 3142 501 assensu
3171 442 3324 499 Petri
3377 443 3712 501 Leucorum

2056 529 2321 603 episcopi
2341 531 2402 587 in
2431 536 2788 605 perpetuum
2816 533 2930 591 sub
2960 549 3143 590 censu
3179 547 3279 590 sex
3316 546 3710 590 nummorum

2055 617 2117 673 in
2174 618 2323 676 festo
2372 622 2565 678 saneti
2612 622 2857 695 Remigii
2916 621 3471 697 persolvendorum,
3545 620 3713 679 vobis

2057 710 2369 766 concessit.
2426 712 2632 769 Terras
2683 717 2742 769 et
2768 712 3036 769 decimas
3083 714 3163 769 ad
3187 710 3500 769 eeclesiam
3547 709 3715 768 Dillo-

2057 797 2307 871 nisvillae
2332 800 2682 873 (Glonville)
2727 801 3089 874 pertinentes
3126 817 3281 874 quas
3334 802 3715 858 normannus

2058 887 2371 960 quondam
2391 890 2643 948 mediani
2666 891 2923 948 coenobii
2953 890 3144 948 abbas
3172 905 3426 948 assensu
3467 888 3714 963 capituli

2060 977 2150 1032 sui
2181 977 2283 1032 tali
2311 980 2653 1037 conditione
2687 981 2858 1038 vobis
2895 980 3209 1049 concessit,
3242 979 3386 1036 utin
3435 979 3592 1037 testo
3621 978 3719 1038 de-

2061 1067 2374 1138 positionis
2388 1070 2574 1126 sancti
2591 1068 2825 1142 idulphi
2848 1084 2957 1141 pro
2979 1069 3225 1126 decimis
3240 1066 3522 1140 uniuscuj
3532 1082 3716 1141 usque

2062 1174 2325 1215 carrucae
2356 1158 2605 1232 singulis
2625 1158 2803 1215 annis
2830 1160 2984 1214 duos
3015 1157 3242 1214 solidos
3265 1156 3568 1215 Tullensis
3591 1170 3716 1214 mo·

2060 1256 2212 1306 netae
2237 1248 2497 1305 eeclesiae
2526 1264 2649 1304 suoe
2675 1247 3027 1321 persolvitis.
3062 1247 3368 1304 Decimam
3394 1260 3588 1319 quam
3617 1244 3721 1302 ha-

2059 1338 2210 1396 betis
2235 1355 2270 1396 a
2316 1337 2583 1395 Gerardo
2625 1337 2845 1395 abbate
2891 1336 3150 1394 eoenobii
3185 1334 3601 1401 senoniensis,
3632 1348 3722 1392 as·

2060 1445 2239 1486 sensu
2269 1426 2510 1502 capituli
2542 1427 2633 1483 sui
2662 1442 2699 1484 a
2729 1426 2867 1483 villa
2918 1425 2994 1483 de
3025 1429 3237 1482 Berrue
3265 1430 3323 1482 et
3359 1437 3573 1497 supra,
3601 1426 3661 1480 et
3683 1438 3717 1479 a

2061 1518 2203 1575 villa
2226 1518 2300 1575 de
2328 1514 2722 1575 Thiar-mesnil
2752 1519 3029 1588 etsupra,
3062 1520 3184 1572 tam
3222 1514 3283 1571 in
3314 1510 3717 1581 nutrimentis,

2060 1624 2244 1683 quam
2277 1607 2336 1663 in
2364 1604 2726 1678 agricultura
2748 1604 2856 1661 sub
2884 1620 3070 1662 censu
3091 1604 3352 1661 duorum
3381 1600 3716 1660 solidorum

294 1707 433 1764 dem
463 1704 577 1762 loci
615 1704 932 1772 advocato,
960 1710 1018 1762 et
1054 1707 1280 1764 caeteris
1313 1708 1803 1766 ministerialibus
1843 1726 1949 1768 an·
1982 1708 2031 1766 B
2061 1699 2122 1756 iu
2153 1697 2459 1755 nativitate
2488 1695 2646 1753 beati
2678 1695 2930 1752 «loannis
2954 1709 3135 1767 super
3161 1692 3344 1750 &liare
3373 1692 3580 1750 58ῠοῑί
3605 1692 3718 1749 δίθ-

293 1794 619 1854 nuentibus
634 1801 687 1851 et
717 1794 1127 1854 laudantibus.
1163 1796 1484 1853 Dimidium
1517 1797 1847 1856 molendini
1875 1799 1950 1857 de

292 1883 673 1956 Anglemont,
723 1883 839 1940 sub
887 1899 1071 1941 censu
1108 1886 1286 1941 unius
1312 1888 1544 1943 nummi
1573 1904 1610 1944 a
1647 1890 1950 1961 Stephano

291 1973 605 2047 quondam
628 1973 863 2029 Metensi
886 1973 1175 2048 episcopo
1199 1975 1372 2032 vobis
1396 1991 1776 2034 concessum.
1798 1978 1951 2035 Allo-

291 2062 461 2121 dium
492 2061 657 2135 quod
680 2060 1086 2119 Theodericus
1123 2063 1455 2121 advocatus
1492 2066 1949 2124 Rambertivillae

292 2150 733 2223 habebatapud
747 2150 953 2207 Vicum
970 2170 983 2220 ;
1001 2156 1218 2209 terram
1231 2153 1393 2227 apud
1411 2157 1947 2230 Nozuncurtquam

293 2239 627 2298 Widericus
658 2237 825 2295 miles
852 2239 927 2295 de
958 2240 1175 2311 Spinis,
1218 2257 1516 2299 consensu
1549 2243 1816 2301 Widerici
1845 2243 1950 2300 filii

294 2329 386 2386 sui
414 2328 584 2385 vobis
609 2327 793 2394 dedit,
836 2345 974 2385 cum
1006 2329 1216 2386 decem
1241 2330 1580 2402 jornalibus
1623 2337 1811 2398 terrae,
1840 2349 1951 2405 pro

293 2417 516 2493 quibus
545 2422 601 2475 et
632 2433 740 2489 pro
767 2417 999 2490 reliqua
1042 2424 1195 2475 terra
1225 2436 1330 2476 sex
1360 2436 1645 2478 nummos
1695 2423 1951 2494 singulis

296 2507 472 2564 annis
516 2505 712 2562 villico
751 2506 880 2577 ejus
924 2507 984 2562 in
1030 2506 1178 2565 festo
1219 2509 1409 2566 sancti
1450 2510 1696 2581 Remigii
1728 2511 1954 2583 persol-

296 2596 451 2652 vitis.
501 2594 775 2652 Decimas
807 2594 882 2651 de
924 2596 1181 2668 propriis
1225 2597 1534 2656 laboribus
1565 2600 1772 2656 vestris
1802 2616 1957 2673 quos

299 2684 507 2740 fratres
527 2683 699 2739 vestri
732 2684 790 2737 iu
822 2683 1037 2740 horreo
1056 2685 1117 2740 in
1160 2691 1489 2757 proetaxata
1520 2692 1675 2745 terra
1702 2688 1814 2744 sito
1840 2691 1958 2747 col-

299 2771 512 2844 ligunt.
546 2772 867 2829 piscariam
896 2788 1069 2845 aquae
1119 2790 1254 2846 qnae
1293 2776 1575 2833 Mortania
1613 2776 1832 2834 dicitur
1872 2778 1958 2833 in-

303 2866 387 2920 ter
426 2864 657 2918 Mossur
698 2862 1091 2934 (Moussouoe),
1142 2868 1198 2919 et
1240 2863 1625 2922 Baldincham
1676 2866 1957 2936 (Bomon-

302 2952 541 3024 champ)
569 2967 755 3024 quam
775 2951 1180 3009 Theodericus
1197 2953 1507 3026 quondam
1539 2956 1814 3012 Metensis
1846 2956 1957 3013 ele·

2063 1788 2243 1863 phani
2259 1788 2316 1843 in
2328 1785 2476 1843 cella
2488 1783 2772 1842 Danubrii
2790 1784 3144 1856 (Densum-e)
3154 1780 3718 1855 persolvendorum

2062 1876 2316 1934 fundum
2348 1875 2528 1949 quiin
2547 1871 3086 1931 communitatibus
3103 1871 3365 1928 duarum
3395 1867 3718 1942 parochia-

2059 1983 2192 2024 rum
2222 1964 2534 2023 Distorchii
2561 1963 2858 2035 (Destord)
2887 1961 3109 2019 seilicet
3130 1965 3184 2018 et
3215 1961 3451 2017 Sanctae
3487 1957 3718 2015 Heleno

2059 2055 2396 2118 includitur,
2431 2069 2614 2128 quem
2665 2053 2936 2109 Galterus
2983 2048 3294 2123 quondam
3339 2048 3617 2105 decanus
3663 2047 3715 2105 S.

2061 2145 2304 2205 Deodati
2334 2159 2583 2200 assensu
2612 2141 2854 2215 capituli
2894 2141 3008 2206 sui,
3037 2140 3150 2197 sub
3194 2154 3382 2197 censu
3424 2136 3641 2194 decem
3667 2139 3719 2193 et

2056 2239 2191 2294 octo
2218 2248 2609 2292 nummorum
2638 2229 2924 2288 Tullensis
2990 2234 3243 2287 monetae
3286 2226 3609 2286 annuatim
3662 2224 3717 2281 in

2063 2324 2209 2383 festo
2230 2324 2417 2381 sancti
2443 2321 2685 2378 Deodati
2707 2319 3242 2394 persolvendorum
3280 2315 3455 2374 vobis
3485 2328 3718 2373 eonces-

2063 2417 2158 2473 sit.
2188 2416 2255 2471 Et
2278 2411 2573 2486 quidquid
2596 2409 2869 2467 Albertus
2895 2408 3062 2465 miles
3082 2409 3157 2464 de
3175 2406 3430 2464 Froville
3456 2403 3714 2462 habebat

2064 2506 2125 2563 in
2144 2504 2402 2578 pasturis
2429 2515 2745 2557 nemorum
2765 2501 2820 2557 S.
2851 2497 3155 2572 Stephani,
3194 2501 3251 2554 et
3279 2495 3341 2553 in
3365 2500 3495 2552 toto
3513 2492 3707 2551 banno

2065 2590 2534 2658 Rambertivilloe‚
2550 2594 2605 2647 et
2625 2595 2854 2661 partem
2875 2603 3191 2645 nemorum
3211 2585 3408 2642 banni
3432 2582 3704 2641 Danubrii

2067 2682 2324 2758 praeflxis
2353 2679 2624 2736 terminis
2651 2679 2773 2734 suis
2805 2677 2883 2734 ab
2903 2693 3064 2750 aqua
3092 2692 3228 2750 quae
3257 2673 3552 2732 mortenia
3576 2669 3707 2728 diei·

2069 2777 2182 2840 tur,
2205 2786 2393 2845 usque
2414 2770 2493 2827 ad
2518 2768 2769 2826 alteram
2792 2783 2929 2841 quae
2958 2764 3362 2822 diciturMurz.
3390 2763 3708 2819 Liber-tates

2067 2865 2354 2936 praeterea
2365 2875 2519 2933 quas
2533 2858 2707 2915 bonae
2733 2856 3037 2913 memoriae
3050 2854 3390 2927 Stephanus
3404 2849 3710 2926 quondam

2067 2949 2339 3008 Metensis
2364 2947 2705 3023 episcopm,
2757 2953 2814 3003 et
2840 2943 3244 3004 Theodericus
3296 2941 3578 3016 ejusdem
3625 2939 3714 2995 Ee-

302 3045 433 3097 ctus
458 3042 652 3113 quiete
693 3046 748 3096 et
773 3040 1005 3113 absque
1031 3042 1304 3098 omnium
1347 3043 1955 3104 circummanentium
1994 3067 2037 3125 C
2066 3040 2261 3100 clesioe
2290 3036 2599 3113 quondam
2632 3035 2851 3093 electus
2887 3034 3096 3091 domui
3148 3038 3356 3091 vestrae
3389 3032 3456 3089 in
3508 3029 3711 3104 pratis,

300 3129 752 3202 inquietatione,
790 3130 1223 3202 possidendam
1258 3131 1427 3189 vobis
1454 3133 1637 3191 dedit.
1672 3138 1753 3192 Ex
1782 3135 1957 3194 liber·

304 3224 420 3275 tate
448 3217 614 3291 quod
647 3218 843 3273 nullus
887 3217 1040 3275 infra
1068 3224 1276 3286 metas,
1314 3226 1524 3279 eontra
1557 3229 1815 3282 vestram
1854 3241 1957 3282 vo-

303 3307 594 3364 luntatem
621 3308 834 3379 piscari
881 3313 1229 3380 praesumat,
1257 3310 1340 3366 ita
1370 3315 1570 3368 tamen
1601 3313 1766 3386 quod
1801 3329 1958 3387 proe·

303 3395 499 3453 dictus
566 3396 786 3451 electus
838 3400 1103 3454 castores
1148 3403 1206 3454 et
1261 3398 1531 3456 bannum
1593 3401 1787 3474 ipsius
1841 3403 1957 3461 loci

302 3485 365 3543 in
408 3500 591 3541 mauu
622 3485 890 3542 retineat.
924 3485 1140 3544 Sedem
1175 3488 1487 3545 Molendini
1533 3491 1594 3546 in
1639 3490 1846 3548 banno
1881 3492 1957 3550 de

303 3577 639 3632 Nuzuneurt
671 3591 706 3631 a
735 3574 1026 3647 praedicto
1047 3575 1233 3633 electo
1262 3592 1400 3633 cum
1451 3579 1752 3636 conductu
1781 3596 1956 3654 aquoe

302 3669 657 3738 perpratum
670 3669 1174 3737 suum,quanturn
1191 3666 1536 3724 molendino
1551 3671 1954 3727 necessarium

302 3751 498 3818 fuerit,
523 3751 690 3808 vobis
721 3767 1096 3812 concessam.

373 3844 509 3897 Tres
539 3846 723 3898 terras
760 3857 918 3916 quas
946 3842 1110 3915 apud
1156 3843 1364 3900 Vicum
1412 3843 1631 3902 liberas
1675 3847 1753 3904 ab
1793 3849 1956 3905 omni

302 3929 538 3986 redditu
569 3935 626 3987 et
652 3931 961 3988 exactione
987 3932 1328 4003 possidetis.
1363 3936 1639 3992 Pasturas
1667 3936 1728 3993 in
1750 3936 1957 3995 banno

304 4017 378 4075 de
404 4017 740 4076 volmecurt
767 4035 920 4092 quas
939 4021 1340 4079 Theodericus
1365 4024 1643 4095 ejusdem
1672 4025 1823 4083 villoe
1854 4026 1958 4084 ad-

303 4113 551 4165 vocatus
569 4108 685 4164 sub
711 4124 894 4165 censu
923 4110 1103 4167 unius
1125 4113 1360 4169 nummi
1380 4113 1666 4171 Tullensis
1699 4121 1956 4174 monetae

304 4197 475 4254 vobis
490 4198 805 4264 concessit,
831 4199 911 4256 ita
938 4199 1104 4273 quod
1124 4200 1185 4256 iu
1208 4200 1518 4260 festivitate
1540 4203 1698 4262 beati
1731 4208 1957 4263 Martini

304 4286 431 4342 sive
461 4285 618 4341 inira
652 4291 895 4344 octavas
946 4287 1140 4345 villico
1175 4288 1250 4347 de
1276 4289 1616 4349 volmecurt
1643 4296 1956 4352 annuatim

302 4373 652 4448 persolvitis.
679 4374 950 4432 Decimas
970 4375 1249 4435 laborum
1272 4385 1605 4438 vestrorum
1630 4398 1787 4456 quas
1806 4386 1958 4442 Gua-

302 4462 473 4520 rinus
518 4464 796 4521 sacerdos
847 4465 1326 4535 Rambertivilloe‚
1373 4474 1428 4525 et
1463 4470 1734 4529 Albricus
1763 4489 1956 4547 nepos

305 4556 438 4625 ejus
462 4553 579 4610 sub
599 4568 780 4610 censu
817 4560 1039 4627 septem
1073 4571 1465 4615 nummorum
1495 4560 1745 4632 singulis
1781 4564 1956 4620 annis

305 4640 366 4699 in
393 4642 676 4700 Kalendis
719 4644 993 4702 Octobris
1040 4645 1572 4718 persolvendorum
1613 4650 1780 4709 vobis
1809 4666 1953 4708 con-

305 4732 502 4789 cessit.
520 4732 791 4789 Decimas
804 4731 1082 4791 laborum
1096 4741 1426 4793 vestrorum
1447 4752 1600 4810 quas
1615 4739 1777 4796 Cone
1795 4756 1959 4812 pres-

306 4821 477 4893 byter
522 4820 945 4879 Dillonis-villoe
974 4838 1230 4880 assensu
1273 4824 1417 4880 Petri
1463 4827 1792 4883 Leucorum
1835 4829 1959 4902 epi-

305 4910 471 4983 scopi
502 4913 624 4967 tam
650 4911 709 4966 in
733 4911 1032 4982 segetibus
1047 4928 1234 4986 quam
1262 4913 1321 4969 in
1345 4916 1529 4985 pratis
1549 4920 1604 4972 et
1629 4917 1957 4975 nutrimen-

307 5000 379 5057 tis
395 4999 457 5055 in
478 5005 835 5072 perpetuum
857 5001 1027 5058 vobis
1049 5002 1361 5070 concessit,
1381 5005 1495 5060 sub
1512 5020 1698 5061 censu
1725 5006 1959 5066 duode-

307 5089 424 5146 cim
472 5103 862 5145 nummorum
907 5089 1200 5147 Tullensis
1251 5097 1505 5149 monetae
1550 5093 1608 5149 in
1672 5094 1956 5153 Kalendis

306 5177 582 5235 Octobris
612 5178 1169 5250 persolvendorum,
1200 5186 1258 5238 et
1284 5182 1586 5256 quidquid
1624 5183 1956 5242 willelmus

304 5266 474 5325 miles
507 5267 966 5324 Rambertivillae
991 5267 1053 5325 in
1082 5269 1330 5327 decimis
1360 5270 1630 5330 ecclesias
1653 5278 1868 5331 vestrm
1897 5280 1957 5332 et

308 5356 695 5428 grangiarum
740 5362 1071 5415 vestrarum
1106 5375 1170 5416 se
1218 5360 1517 5419 fatebatur
1570 5362 1813 5421 habere.
1891 5366 1956 5421 Et

307 5443 601 5516 quidquid
657 5445 867 5503 tratres
916 5448 1096 5504 vestri
1147 5449 1222 5505 ab
1273 5451 1433 5507 Atrio
1481 5451 1555 5506 de
1608 5452 1955 5510 Joanmesni

307 5525 689 5604 (Joanmenu)
722 5534 873 5591 etde
895 5534 1277 5596 Thiarmenni
1313 5541 1373 5595 et
1395 5552 1582 5614 supra
1608 5537 1959 5600 elaborave-

2066 3129 2321 3202 eampis,
2349 3127 2532 3194 silvis,
2560 3124 2822 3198 pasturis
2843 3123 2900 3180 in
2930 3124 3387 3196 eleemosynam
3418 3133 3718 3181 concesse-

2066 3223 2206 3276 runt
2229 3216 2417 3283 vobis,
2448 3213 2841 3272 nihilominus
2858 3212 3314 3271 confirmamus.
3349 3213 3515 3271 Sane
3544 3229 3718 3272 nova·

2064 3308 2213 3366 lium
2240 3310 2572 3364 vestrorum
2590 3319 2727 3378 quae
2749 3302 3005 3377 propriis
3032 3301 3316 3359 manibus
3336 3306 3450 3360 aut
3469 3303 3718 3379 sumpti·

2065 3398 2182 3456 bus
2212 3396 2427 3463 colitis,
2456 3395 2576 3451 sive
2593 3393 2668 3450 de
2688 3392 3068 3450 nutrimentis
3097 3390 3464 3451 animalium
3496 3398 3720 3454 vestre·

2066 3485 2430 3553 rum,nullus
2454 3501 2490 3541 a
2514 3482 2688 3541 vobis
2710 3482 2978 3539 decimas
2998 3481 3235 3552 exigere
3259 3488 3626 3554 prasumat.

2137 3576 2333 3633 Liceat
2355 3588 2598 3648 quoque
2628 3571 2798 3629 vobis
2815 3570 3061 3628 clericos
3095 3569 3189 3627 vel
3218 3569 3416 3628 laicos
3445 3587 3480 3629 e
3512 3574 3724 3632 seculo

2065 3666 2361 3737 fugientes
2381 3662 2602 3720 liberos
2618 3665 2672 3717 et
2694 3660 3004 3718 absolutos
3021 3659 3099 3716 ad
3118 3658 3447 3717 ecelesiam
3471 3667 3726 3722 vestram

2064 3756 2326 3828 recipere
2351 3758 2407 3808 et
2433 3766 2537 3809 eos
2562 3751 2796 3825 absque
2843 3747 3316 3807 contradictione
3351 3749 3575 3826 aliqua
3601 3753 3730 3811 reti-

2067 3859 2226 3903 nere.
2245 3841 2637 3900 prohibemus
2663 3841 2909 3912 insuper
2939 3843 3001 3895 ut
3029 3837 3173 3894 nulli
3204 3836 3474 3897 fratrum
3508 3846 3728 3901 vestm·

2066 3950 2201 3992 rum
2233 3937 2371 4008 post
2400 3931 2624 3988 factam
2649 3930 2710 3985 in
2743 3927 2958 3986 eodem
2983 3926 3116 3984 loco
3147 3925 3615 4001 professionem
3651 3930 3728 3990 tu

2067 4024 2143 4081 sit
2193 4022 2423 4096 absque
2454 4018 2690 4078 abbatis
2710 4019 2802 4075 sui
2825 4017 3064 4075 licentia
3092 4015 3167 4073 de
3199 4015 3430 4076 eodem
3461 4017 3612 4079 loeo
3633 4019 3731 4078 nisi

2067 4113 2335 4171 arctioris
2347 4109 2652 4181 religionis
2673 4108 2918 4166 obtentu
2941 4106 3277 4174 discedere,
3311 4106 3730 4169 discedentem

2068 4218 2210 4261 vero
2263 4201 2493 4275 absque
2562 4197 2981 4256 communium
3035 4194 3383 4254 litterarum
3435 4200 3734 4268 cautione,

2067 4291 2267 4349 nullus
2288 4289 2506 4347 audeat
2535 4286 2968 4345 retinere.Dum
2994 4291 3196 4343 autem
3229 4287 3540 4357 generale
3570 4290 3734 4348 inter·

2065 4382 2292 4438 dictum
2342 4384 2511 4436 terroe
2567 4376 2759 4443 tuerit,
2797 4375 2970 4432 liceat
3007 4375 3199 4440 vobis,
3246 4373 3494 4435 clausis
3519 4379 3736 4453 januis,

2066 4469 2322 4528 exclusis
2345 4464 2875 4525 excommunicatis
2895 4470 2953 4522 et
2968 4462 3470 4532 interdictis,non
3497 4467 3737 4542 putua-

2066 4559 2400 4633 campanis‚
2429 4571 2751 4630 suppressa
2773 4570 2915 4611 voce
2940 4553 3144 4611 divina
3166 4551 3388 4613 officia
3413 4558 3737 4618 celebrare.

2068 4648 2411 4707 iuhibemus
2429 4648 2672 4719 insuper
2690 4660 2765 4700 ne
2777 4643 3059 4700 ecelesias
3073 4647 3180 4701 aut
3195 4645 3402 4703 terras
3423 4662 3547 4706 sen
3561 4646 3739 4724 qnod·

2065 4737 2212 4795 libet
2260 4735 2623 4794 beneficium
2677 4732 2942 4791 eeclesias
2982 4735 3188 4790 vestrae
3217 4733 3540 4795 collatum
3587 4737 3738 4796 lieeal

2066 4827 2242 4885 alicui
2272 4824 2661 4899 personaliter
2711 4823 2863 4890 dari,
2923 4822 3046 4880 sive
3076 4820 3196 4879 alio
3227 4822 3420 4881 titulo
3479 4825 3736 4892 alienun·¹

2066 4917 2191 4974 sine
2209 4915 2386 4972 totius
2408 4913 2650 4987 capituli
2674 4916 3102 4979 eonsensu‚aut
3121 4909 3390 4983 majoris
3415 4919 3484 4973 et
3500 4915 3738 4975 sanioris

2065 5004 2252 5079 partis
2301 5005 2351 5076 ej
2364 5002 2594 5059 usdem.
2674 5002 2733 5059 Si
2781 5016 2918 5075 quae
2975 5015 3115 5058 vero
3178 4997 3602 5074 donationes,
3669 5003 3738 5061 vd

2065 5093 2451 5151 alienationes
2484 5091 2647 5149 aliter
2670 5107 2855 5164 quam
2883 5091 3108 5146 dictum
3152 5090 3243 5144 est
3287 5088 3482 5152 taetus
3517 5094 3736 5160 ruerint,

2064 5200 2169 5243 eas
2198 5183 2391 5240 irritas
2424 5196 2557 5238 esse
2613 5195 2954 5238 censemus.
2999 5178 3088 5234 Ad
3127 5177 3265 5234 haec
3290 5185 3523 5240 autem
3557 5183 3734 5258 adjici·

2067 5289 2222 5339 mus,
2248 5287 2322 5328 ne
2351 5270 2535 5345 aliqui
2562 5268 2856 5337 canonici,
2890 5284 2997 5324 seu
3021 5266 3328 5335 conversi,
3360 5269 3494 5329 sub
3531 5273 3730 5348 protes·

2067 5363 2236 5419 sione
2264 5361 2486 5418 domus
2544 5363 2752 5417 vestroe
2801 5358 3042 5426 astricti,
3075 5370 3203 5413 sine
3230 5371 3585 5422 consensu
3612 5367 3670 5423 et
3689 5362 3728 5420 li·

2066 5452 2260 5509 centia
2275 5450 2511 5508 abbatis
2534 5455 2588 5506 et
2622 5448 2870 5521 majoris
2889 5452 2946 5504 et
2969 5445 3221 5505 sanioris
3259 5450 3476 5522 partis
3505 5449 3724 5530 eapite!

2065 5540 2247 5598 vestri
2279 5554 2390 5615 pro
2417 5538 2622 5611 aliquo
2650 5536 3041 5612 fidejubeant,
3071 5534 3169 5595 vel
3195 5535 3284 5596 ab
3314 5537 3554 5618 aliquo
3575 5557 3720 5620 psu-
