3784 6000
290 231 396 293 sn
1405 212 1794 277 GUlLLELMl
1833 211 2191 273 TYRENSIS
2229 202 2569 270 Ancntssp.
3603 201 3699 263 sts

288 358 496 416 uberes
525 356 651 422 tibi,
685 348 1051 420 benefactori
1093 361 1220 413 suo,
1263 345 1607 417 qratiamm
1644 341 1939 413 persolve·
1968 338 2019 392 Α
2121 338 2230 394 Per
2257 337 2418 394 idem
2444 341 2684 407 tempus
2723 340 3084 391 renovatum
3111 336 3203 389 est
3230 329 3524 396 verbum,
3551 327 3701 403 quod

289 453 435 505 rant
460 447 720 503 actiones
749 459 768 506 ;
796 444 902 496 aut
931 436 1074 510 quia
1097 434 1400 507 stupellas,
1432 434 1700 497 Domine,
1743 430 1941 499 filium
2049 441 2212 484 anno
2224 424 2495 500 proxime
2512 423 2804 498 praeterito
2828 421 3068 478 deduce
3084 418 3456 493 burgundio
3480 423 3699 476 motum

288 550 462 609 quem
490 531 702 601 recipis
732 527 938 601 (Hebr.
972 541 1070 596 xit,
1106 528 1212 593 8);
1250 524 1461 592 imples
1482 521 1674 590 facies
1705 524 1941 576 nostras
2049 515 2263 584 tuerat,
2303 530 2440 571 cum
2486 513 2737 570 domino
2774 512 2990 568 comite
3034 510 3301 575 ilenrioo,
3343 508 3483 582 ejus
3521 523 3702 565 avun-

289 622 638 696 ianominia,
685 625 749 673 ut
779 628 1118 689 quaeramus
1164 627 1378 670 nomen
1425 617 1595 667 tuum
1641 617 1943 677 sanetum,
2050 603 2228 670 eulo;
2262 602 2616 676 sperabatur
2653 601 2713 657 in
2745 599 3012 674 proxime
3055 599 3255 656 futuro
3284 598 3547 655 transitu
3576 612 3703 654 ven·

288 712 448 784 quod
483 716 569 767 est
597 707 968 765 benedictum
1001 703 1068 759 in
1108 703 1355 760 saeeula.
1382 700 1640 765 Scimus,
1671 697 1939 764 Domine,
2051 699 2220 752 turus
2246 708 2379 748 esse
2406 712 2419 758 ς
2453 691 2560 748 sed
2591 690 2747 747 sicut
2773 694 2975 763 postea
3003 687 3313 745 evidenter
3335 686 3558 761 patuit,
3579 701 3706 744 oau-

287 807 342 860 et
373 799 741 867 confitemur,
769 796 912 868 quia
951 799 1018 850 tu
1066 808 1188 849 non
1232 791 1509 849 mutaris.
1561 789 1650 845 Tu
1678 787 1831 845 enim
1858 784 1945 842 di·
2053 783 2132 838 sis
2160 779 2527 855 quibusdam
2554 778 2807 837 occultis
2829 778 3051 845 adhuc,
3078 776 3281 835 venire
3313 776 3641 834 recusavit.

285 888 436 948 xisti
463 888 632 959 :Eoo
660 887 840 948 Deus,
868 886 924 940 et
947 898 1069 939 non
1089 887 1292 938 mutor
1320 879 1491 951 (Mal.
1514 894 1596 945 ιιι,
1629 878 1685 949 6)
1716 897 1741 949 ,·
1774 874 1946 948 quid·

286 978 434 1050 quid
455 983 652 1035 tamen
683 974 748 1030 id
770 979 880 1043 est,
917 973 1137 1029 seimus
1166 969 1309 1042 quia
1330 970 1533 1040 iustus
1563 982 1643 1036 es,
1671 965 1942 1031 Domine,

287 1073 344 1125 et
371 1074 599 1125 rectum
615 1063 917 1136 judicium
948 1067 1139 1118 tuum.

641 1373 1194 1500 INCIPIT
1257 1373 1689 1494 LIBER
1751 1361 2544 1490 VIGESIMUS
2600 1357 3384 1486 SECUNDUS.

1975 1720 2017 1775 B
2049 1717 2284 1785 dicitur,
2313 1721 2618 1788 gratanter
2637 1713 2879 1773 admisit
2900 1729 2915 1782 ;
2937 1728 3057 1771 non
3075 1712 3309 1788 quiade
3330 1713 3564 1772 viribus
3583 1712 3698 1770 suis

2048 1806 2367 1873 diffideret,
2399 1810 2503 1862 aut
2533 1809 2794 1869 nostros,
2820 1818 2977 1877 quos
3008 1804 3179 1860 toties
3202 1818 3274 1861 eo
3304 1818 3476 1860 anno
3499 1802 3700 1860 coniu-

2048 1897 2235 1963 derat,
2254 1897 2632 1969 aliquatenus
2651 1893 2896 1950 haberet
2924 1891 3228 1949 formidini
3251 1908 3267 1960 ;
3294 1893 3402 1950 sed
3421 1892 3570 1968 quia
3589 1892 3698 1949 ari·

834 1730 1060 1788 CAPUT
1099 1729 1386 1786 PRIMUM.

286 1847 416 1902 Rex
442 1857 704 1900 sororem
743 1853 936 1904 suam,
968 1852 1101 1911 quae
1135 1835 1500 1893 marchionis
1528 1847 1688 1890 uxor
1744 1835 1937 1896 uerat,

357 1914 599 1972 cuidam
642 1911 1024 1974 adolescenti,
1064 1908 1327 1964 Guidoni
1371 1903 1640 1963 videlicet
1786 1901 1937 1957 Lisi-

358 1986 546 2050 niaco,
582 1997 827 2041 uxorem
858 1980 1064 2037 tradit.
1097 1979 1241 2035 Cum
1271 1975 1666 2038 salahadino,
1689 1972 1940 2043 paribus

356 2055 812 2121 conditionibus,
842 2059 1064 2123 praeter
1090 2051 1355 2113 solitum,
1386 2056 1598 2119 treuqa
1633 2047 1937 2116 firmatur.

357 2157 1414 2236 Eodemquoquetemporedominus
1428 2152 1940 2210 BoamundusAn·

290 2253 701 2311 tiochenorum
716 2250 1016 2322 princeps,
1033 2246 1384 2304 etdominus
1397 2241 1939 2306 Raimundus‚cum

289 2342 499 2401 militia
532 2342 591 2397 in
635 2354 890 2409 regnum
933 2335 1354 2408 ingredientes,
1387 2333 1703 2389 dominum
1731 2344 1938 2399 regem

286 2435 642 2496 terruerunt,
670 2428 1000 2491 timentem,
1022 2440 1097 2481 ne
1127 2440 1221 2480 res
1246 2437 1435 2479 novas
1472 2420 1663 2477 moliri
1686 2424 1939 2475 attenta-

284 2525 449 2586 rent3
468 2517 741 2574 videlicet
761 2530 837 2572 ne
861 2528 1020 2583 rege,
1051 2527 1238 2585 regno
1256 2510 1510 2585 privato,
1541 2507 1655 2565 sibi
1684 2521 1938 2578 regnum

284 2606 503 2666 vellent
531 2604 858 2661 vindicare.
903 2601 1291 2659 premebatur
1335 2599 1493 2654 enim
1544 2597 1716 2654 solito
1745 2596 1941 2653 acrius

285 2713 391 2756 rex
411 2693 763 2768 oegritudine
775 2708 888 2749 sua
907 2696 965 2748 et
990 2689 1240 2761 singulis
1265 2687 1668 2760 diebusleproe
1699 2687 1939 2757 signum

287 2786 484 2860 magis
508 2789 566 2841 et
593 2781 786 2855 magis
815 2782 1059 2837 evidens
1091 2778 1488 2852 prominebat.
1523 2778 1701 2834 Soror
1735 2780 1941 2832 autem

286 2874 515 2935 domini
546 2873 723 2944 regis,
752 2887 889 2945 quie
922 2868 1287 2926 marchionis
1313 2882 1464 2924 uxor
1494 2866 1707 2933 iuerat,
1740 2864 1941 2922 adhuc

287 2967 350 3024 in
374 2980 485 3022 sua
506 2962 791 3021 viduitate
812 2958 1257 3035 perseverabat,
1289 2958 1529 3022 ducem,
1561 2958 1625 3013 ut
1653 2955 1943 3028 praemisi·

288 3071 449 3125 mus,
462 3057 840 3127 exspectans.
856 3051 1202 3119 Cognoscen
1212 3065 1238 3103 s
1251 3063 1393 3119 ergo
1407 3062 1506 3103 rex
1523 3045 1757 3102 illorum
1774 3043 1941 3101 nobi·
1974 3069 2018 3129 C

287 3142 676 3212 lium,etlicet
695 3146 941 3214 uterque
954 3142 1110 3196 esset
1134 3138 1263 3210 ejus
1275 3136 1788 3207 consanguineus,
1807 3152 1938 3191 sus·

289 3238 528 3309 pectum
546 3231 774 3289 habens
789 3228 1140 3293 adventum,
1167 3225 1354 3283 sorori
1381 3229 1641 3282 maturat
1661 3226 1903 3297 nuptias
1923 3240 1939 3291 ;

288 3331 346 3381 et
390 3322 668 3398 quamvis
724 3317 1048 3377 nobiliores
1102 3322 1158 3373 et
1206 3316 1638 3387 prudentiores,
1699 3315 1943 3372 ditiores

289 3413 469 3470 etiam
501 3410 562 3468 in
596 3424 804 3482 regno,
836 3414 958 3465 tum
991 3407 1066 3463 de
1095 3406 1342 3463 advenis
1384 3409 1510 3461 tum
1538 3403 1614 3460 de
1642 3404 1942 3476 indigenis

290 3502 623 3576 potuissent
650 3498 913 3571 reperiri,
945 3511 1129 3570 penes
1153 3510 1308 3568 quos
1335 3493 1521 3551 multo
1537 3493 1939 3561 commodius,

288 3596 579 3666 quantum
616 3588 693 3646 ad
721 3587 887 3660 regni
945 3585 1276 3650 utilitatem,
1318 3582 1418 3641 illa
1454 3588 1663 3656 posset
1708 3582 1888 3640 locari
1924 3599 1938 3640 :

291 3693 412 3738 non
442 3679 584 3737 satis
613 3676 946 3746 attendens,
968 3674 1134 3748 quod
1163 3691 1177 3730 ε

996 3781 1158 3838 Male
1186 3787 1403 3838 cuncto
1427 3778 1727 3835 ministrat

464 3891 745 3961 Impetus,

290 4008 493 4057 tamen
513 3998 710 4055 causis
729 3995 1096 4070 quibusdam
1117 3992 1664 4062 intervenientibus,
1695 3993 1939 4050 cuidam

290 4086 652 4147 adolescenti
684 4086 826 4141 satis
863 4082 1070 4147 nobili,
1103 4082 1356 4138 Guidoni
1387 4082 1650 4138 videlicet
1690 4081 1765 4138 de
1803 4082 1941 4139 Lizi-

292 4177 484 4246 niaco,
518 4174 641 4230 filio
694 4172 956 4242 lingonis
998 4169 1191 4234 Bruni,
1220 4170 1293 4225 de
1354 4171 1707 4242 episcopatu
1749 4171 1941 4228 Picta-

288 4262 495 4331 viensi,
529 4276 603 4319 ex
633 4261 933 4332 insperato
964 4258 1234 4323 traditur,
1266 4258 1423 4314 inira
1443 4257 1770 4330 paschalia,
1790 4275 1941 4332 prae·

287 4357 373 4408 ter
392 4365 643 4416 morem,
667 4347 981 4405 solemnia.
1008 4346 1276 4402 Praedioti
1295 4361 1433 4403 vero
1455 4346 1687 4403 nobiles
1712 4348 1840 4414 viri,
1856 4349 1938 4404 vi-

2046 1985 2233 2058 ditate
2264 1984 2455 2041 nimia
2476 1990 2531 2041 et
2556 1988 2797 2055 propter
2827 1980 3166 2054 pluviarum
3199 1981 3498 2054 inopiam,
3528 1995 3700 2040 omne

2048 2075 2473 2132 alimentorum
2488 2089 2703 2145 genus,
2728 2076 2850 2128 tam
2867 2071 3039 2143 equis
3054 2087 3242 2144 quam
3257 2069 3630 2139 hominibus,
3643 2072 3698 2128 iu

2049 2164 2291 2234 regione
2309 2162 2703 2226 Damascena,
2727 2176 2833 2234 per
2844 2161 3198 2218 continuum
3216 2159 3521 2218 deiecerat
3538 2161 3700 2234 quin·

2048 2253 2400 2326 quennium.
2437 2254 2625 2309 Factae
2652 2256 2792 2307 sunt
2821 2249 3017 2323 igitur,
3048 2254 3171 2306 tam
3195 2265 3301 2323 per
3327 2266 3500 2307 mare
3519 2266 3697 2325 quam

2047 2357 2158 2414 per
2204 2345 2409 2408 terras,
2448 2346 2571 2397 tam
2610 2339 2877 2407 advenis,
2916 2355 3102 2411 quam
3151 2338 3454 2411 indigenis
3484 2344 3541 2397 et
3568 2339 3697 2397 hinc

2048 2431 2187 2488 inde
2214 2429 2571 2502 juramentis
2607 2427 2971 2501 interpositis
3024 2427 3340 2499 roboratae,
3371 2427 3697 2486 humilibus

2050 2521 2193 2609 satis
2220 2523 2514 2592 quantum
2528 2517 2607 2574 ad
2619 2533 2729 2574 nos
2741 2516 3189 2575 conditionibus
3206 2516 3466 2575 inducioe
3489 2516 3698 2593 3quod·

2049 2624 2167 2682 que
2197 2623 2513 2681 nunquam
2543 2611 2719 2664 antea
2743 2605 2958 2662 dicitur
2980 2606 3326 2677 contigisse,
3349 2607 3603 2679 paribus
3623 2608 3696 2665 le·

2050 2698 2227 2770 gibus
2257 2696 2453 2754 t'oedus
2480 2695 2692 2752 initum
2729 2700 2837 2761 est,
2868 2692 3016 2752 nihil
3038 2693 3331 2770 praecipui
3357 2698 3578 2755 nostris
3591 2697 3694 2754 sibi

2050 2787 2113 2844 in
2141 2802 2214 2843 ea
2240 2785 2517 2860 pactione
2544 2784 3011 2842 reservantibus.

2710 2910 2933 2967 CAPUT
2961 2911 3030 2966 ll.

2048 3018 2459 3077 Solanadinus
2485 3023 2687 3088 partes
2746 3017 3155 3087 Tripolitanos
3194 3018 3503 3079 hostiliter
3529 3021 3693 3081 invo-

2193 3091 2283 3147 dit
2309 3095 2408 3162 ,·et
2426 3094 2642 3161 seqetes
2672 3094 2725 3146 et
2758 3094 2934 3147 terrai
2955 3089 3109 3148 bona
3129 3089 3560 3162 depopulatur.

2122 3200 2345 3257 Eodem
2376 3214 2558 3264 anno,
2599 3201 2802 3254 testate
2846 3213 2983 3270 quae
3030 3198 3302 3272 proxime
3354 3207 3564 3259 secuta
3590 3206 3690 3274 est,

2047 3289 2208 3347 idem
2236 3287 2655 3353 Salahadinus‚
2683 3285 2878 3343 locata
2918 3286 3292 3345 Damascena
3319 3292 3375 3345 et
3406 3290 3694 3348 Bostrensi

2048 3378 2110 3435 in
2150 3382 2276 3434 tuto
2305 3376 2636 3450 provincia,
2668 3376 2939 3448 equitum
2969 3376 3175 3449 copias
3217 3393 3455 3444 omnes,
3494 3395 3693 3437 versus

2050 3473 2247 3541 partes
2275 3466 2471 3536 dirigit
2497 3464 2892 3537 Tripolitanas
2924 3484 2942 3536 ;
2981 3465 3186 3539 ibique
3230 3464 3443 3523 locatis
3492 3470 3696 3527 castris
3783 3455 3784 3536 Ῠ

2050 3561 2280 3614 turmas
2303 3554 2590 3627 dispergit
2622 3569 2729 3626 per
2753 3554 3095 3611 universam
3133 3556 3440 3627 regionem
3483 3557 3693 3616 milita·
3783 3549 3784 3558 ’

2049 3648 2381 3704 res.Comes
2393 3648 2590 3701 autem
2605 3659 2742 3699 cum
2758 3644 2882 3699 suis
2894 3643 2954 3699 in
2969 3644 3181 3701 urbem
3193 3645 3399 3702 Archis
3410 3661 3479 3702 se
3490 3652 3695 3705 contu·

2048 3735 2219 3800 lerat‚
2239 3734 2516 3807 operiens
2547 3733 2597 3789 si
2626 3733 2679 3788 ei
2698 3732 2942 3789 daretur
2960 3733 3379 3805 opportunitas
3401 3750 3544 3791 cum
3569 3735 3698 3792 hos·
3783 3769 3784 3794 t

2048 3823 2210 3883 tibus
2228 3821 2455 3895 absque
2476 3822 2639 3892 gravi
2664 3821 2928 3894 periculo
2950 3823 3381 3880 committendi.
3397 3826 3578 3881 Porro
3589 3824 3700 3882 fra-
3783 3851 3784 3872 ι

2050 3917 2165 3970 tres
2188 3910 2410 3967 militiae
2430 3909 2677 3983 Templi,
2694 3910 3115 3967 cumessentin
3129 3909 3341 3968 eadem
3361 3913 3698 3985 regione,in

2049 4001 2174 4057 suis
2221 3998 2559 4071 municipiis
2616 3998 2806 4055 clausi
2853 3998 3231 4067 tenebantur,
3284 4006 3699 4075 exspectantes

2048 4090 2209 4147 omni
2239 4104 2393 4160 pene
2418 4088 2566 4144 hora
2592 4086 2801 4145 vallari
2821 4086 3175 4161 obsidione;
3200 4105 3310 4146 nec
3329 4105 3392 4147 se
3419 4106 3701 4162 congres-

2048 4177 2321 4235 sionibus
2337 4181 2557 4234 temere
2568 4176 2942 4233 committere
2953 4176 3281 4235 audebant.
3297 4178 3635 4236 Identidem
3649 4184 3703 4236 et
3783 4211 3784 4218 κ

2047 4265 2259 4323 fratres
2292 4264 2635 4337 Hospitalis,
2669 4263 2963 4333 timenteS,
2990 4265 3051 4322 in
3085 4270 3352 4322 castrum
3382 4283 3588 4333 suum,
3612 4267 3701 4325 oui

2046 4370 2268 4412 nomen
2281 4359 2408 4411 erat
2434 4352 2720 4418 Crach,se
2741 4353 3143 4422 contulerant3
3173 4354 3531 4413 arbitrantes
3562 4356 3702 4414 satis

284 4441 494 4498 dentes
522 4438 688 4512 quod
716 4452 924 4493 eorum
950 4434 1267 4502 adventus,
1297 4435 1544 4492 domino
1575 4436 1698 4507 regi
1727 4441 1783 4493 et
1814 4438 1937 4494 suis
1964 4431 2012 4487 D
2044 4460 2195 4510 esse,
2219 4444 2269 4499 si
2289 4444 2348 4499 in
2379 4449 2545 4500 tanto
2564 4443 2822 4498 tumultu
2846 4441 3161 4515 pressatum
3189 4442 3485 4517 oppidum
3510 4444 3594 4503 ab
3620 4447 3703 4502 in·

284 4534 601 4603 suspectus
630 4523 1374 4592 habebatur,orationibus
1395 4524 1469 4580 de
1481 4539 1649 4580 more
1677 4526 1939 4599 comple-

285 4620 380 4681 tis.
413 4619 665 4677 domum
696 4616 912 4674 reversi
952 4619 1113 4670 sunt.
1160 4613 1356 4670 Medio
1387 4620 1592 4670 tamen
1644 4620 1934 4688 tempore,

285 4708 433 4766 dum
463 4706 646 4765 ambo
663 4704 826 4777 apud
854 4702 1248 4769 Tiberiadem,
1277 4719 1380 4775 per
1412 4702 1640 4774 aliquot
1659 4702 1787 4760 dies
1812 4720 1938 4761 mo-

283 4814 413 4856 ram
429 4796 708 4867 iacerent,
730 4794 978 4866 ignarus
988 4793 1062 4849 de
1074 4807 1282 4849 eorum
1297 4792 1637 4864 praesentia,
1653 4792 1715 4848 in
1737 4793 1939 4865 ipsam

286 4886 497 4944 urbem
545 4886 833 4957 impetum
891 4882 1030 4939 fecit
1067 4880 1509 4952 salahadinus;
1550 4879 1695 4938 nihil
1733 4887 1938 4939 tamen

284 4973 492 5032 damni
512 4974 737 5031 civibus
762 4974 1053 5042 irrogans,
1085 4970 1296 5026 iterum
1322 4971 1380 5027 in
1412 4971 1563 5026 lines
1589 4971 1939 5028 paneaden-

286 5079 382 5120 ses
404 5079 469 5120 se
499 5062 752 5134 recepit;
778 5060 1047 5132 dumque
1062 5058 1145 5115 ibi
1168 5074 1399 5116 moram
1417 5073 1555 5115 cum
1578 5060 1701 5115 suis
1720 5062 1938 5117 exerci-

287 5151 446 5209 tibus
460 5152 722 5217 haberet,
740 5154 1095 5221 exspectans
1122 5153 1185 5204 ut
1199 5153 1404 5219 postea
1431 5149 1937 5219 patuit,navalem

284 5241 631 5306 exercitum,
654 5255 834 5312 quem
853 5242 979 5294 tota
1006 5236 1205 5294 hieme
1225 5237 1621 5310 proecedente,
1639 5238 1938 5312 quinqua·

285 5330 455 5401 ginta
467 5328 772 5401 galearum
787 5326 986 5400 parari
1002 5325 1240 5390 iecerat,
1267 5325 1552 5383 dominus
1581 5343 1681 5384 rex
1696 5343 1937 5401 suspec-

287 5422 409 5474 tam
423 5418 475 5489 ej
485 5434 552 5473 us
563 5416 796 5475 habens
810 5414 1311 5481 moram,nuntios
1323 5415 1628 5490 mittit,qui
1639 5416 1714 5473 de
1730 5421 1938 5489 treuga

283 5502 576 5570 haberent
599 5521 740 5564 cum
769 5520 840 5566 eo
871 5508 1213 5564 tractatum.
1246 5503 1421 5571 Quod
1444 5505 1697 5565 verbum
1718 5505 1838 5574 ille,
1871 5510 1936 5564 ut

2039 4533 2211 4605 juriis
2240 4532 2505 4589 hostium
2527 4534 2773 4605 possent
2793 4530 3117 4590 vindicare.
3135 4533 3313 4589 Erant
3336 4548 3484 4605 ergo
3500 4534 3701 4592 media

2045 4620 2307 4679 hostium
2339 4620 2761 4694 agminainter
2782 4619 3205 4692 praedictorum
3235 4622 3491 4679 fratrum
3521 4629 3581 4681 et
3602 4623 3706 4681 do-

2047 4710 2193 4766 mini
2223 4709 2458 4766 comitis
2482 4708 2910 4781 expeditiones,
2942 4709 3021 4766 ita
3046 4713 3114 4767 ut
3135 4714 3414 4767 mutuum
3446 4710 3564 4768 sibi
3585 4726 3702 4770 non

2049 4803 2295 4871 possent
2320 4798 2658 4854 ministrare
2679 4797 2994 4866 auxilium,
3013 4811 3124 4854 nec
3140 4799 3321 4855 etiam
3342 4798 3606 4871 dirigere
3623 4800 3704 4857 in-

2049 4887 2401 4952 ternuntios,
2419 4886 2612 4959 quide
2640 4886 3016 4957 singulorum
3042 4892 3199 4944 statu
3213 4886 3534 4946 alterutros
3555 4888 3705 4946 vale·

2045 4980 2176 5031 rent
2197 4974 2504 5031 instruere.
2527 4976 2599 5030 At
2618 4989 2758 5030 vero
2781 4974 3181 5031 Salahadinus
3204 4990 3312 5048 per
3337 4977 3706 5050 campestris

2047 5069 2103 5121 et
2123 5062 2387 5120 maxime
2406 5078 2513 5135 per
2524 5063 2826 5121 locaculta
2842 5064 3072 5136 passim
3084 5064 3513 5131 obambulans,
3538 5072 3705 5124 etne·

2046 5153 2206 5209 mine
2235 5167 2299 5209 se
2327 5158 2692 5226 opponente,
2723 5151 2910 5209 libere
2932 5159 3150 5211 cuncta
3174 5152 3570 5227 perlustrans,
3589 5155 3705 5212 tru-

2045 5255 2149 5312 ges
2167 5242 2385 5314 partim
2405 5241 2465 5298 in
2478 5242 2636 5298 areis
2652 5241 2782 5314 jam
2798 5245 3137 5312 congestas,
3155 5242 3375 5315 partim
3387 5258 3497 5316 per
3519 5259 3699 5317 agros

2047 5330 2464 5403 manipulatim
2478 5329 2775 5397 collectas,
2790 5332 3006 5403 partim
3020 5330 3220 5389 adhuc
3235 5330 3366 5391 solo
3384 5332 3702 5399 haerentes,

2045 5416 2372 5491 suppositis
2402 5416 2645 5490 ignibus
2690 5420 2973 5490 incendit,
3007 5418 3243 5493 praedas
3281 5419 3497 5494 abigit,
3523 5423 3703 5497 depo·

2043 5505 2288 5581 palatur
2315 5508 2620 5567 universa.
