3784 6000
298 270 414 331 ‘ne

1372 248 1795 317 GUILLELMI
1835 243 2218 310 TYRENSIS
2260 243 2627 308 ARCHIEP.

3581 248 3706 310 'no

285 403 388 460 ille
432 418 502 459 ex
544 395 855 472 improviso
904 393 963 448 in
1013 388 1320 463 praedictas
1376 389 1606 446 irruens
1671 382 1939 450 insidias,
1972 381 2022 449 Α
2053 379 2202 437 viret
2242 379 2555 449 mandatis,
2584 379 2646 436 in
2686 377 2948 436 Ciliciam
2990 380 3314 453 ingressus,
3356 381 3702 453 predictum

289 491 499 567 primis
558 480 1072 561 congressionibus
1118 485 1205 537 est
1251 479 1561 537 confossus
1621 472 1937 571 lethaliter,

290 579 490 651 ibique
510 575 710 634 statim
732 571 926 646 gladio
944 567 1120 626 vitam
1141 565 1351 624 finivit.
1377 565 1512 622 Erat
1535 565 1734 620 autem
1755 557 1940 616 nobili

292 669 416 725 viro
446 680 679 724 nomem
729 661 961 726 Habeis,
996 657 1154 715 fliius
1182 673 1317 714 vero
1360 658 1491 728 ejus
1520 652 1938 710 Noseredinus.

297 761 355 814 et
383 754 578 813 omnis
607 751 849 810 omnino
878 747 1122 818 familia,
1152 751 1213 805 et
1243 746 1532 803 universes
1565 741 1676 797 illae
1705 739 1938 808 divitiae,

293 861 442 918 quas
456 857 654 901 secum
670 856 742 898 ex
756 840 996 912 AEgypto
1009 837 1353 903 detulerant,
1373 835 1433 890 in
1452 846 1663 889 manus
1678 828 1874 886 hostin
1885 843 1940 882 m

294 935 506 992 tradita
535 935 696 990 sunt.
734 929 829 986 Sic
849 943 985 1000 ergo
1005 925 1219 999 opimis
1241 921 1435 982 onusti
1456 919 1680 994 spoliis,
1701 921 1759 974 ct
1787 932 1939 988 qua·

292 1022 374 1080 lia
402 1023 560 1079 orbis
590 1023 789 1078 noster
812 1017 975 1090 prius
1024 1031 1140 1072 non
1190 1013 1473 1081 audierat,
1523 1005 1929 1074 subfarcinati,

291 1113 548 1186 predam
585 1122 747 1166 more
793 1105 962 1164 solito
1012 1103 1360 1171 dividentes,
1407 1098 1481 1156 ad
1525 1095 1760 1171 propria
1803 1098 1942 1150 sunt

290 1201 528 1258 reversi.
557 1197 781 1257 Accidit
823 1201 1023 1254 autem
1054 1193 1210 1267 quod
1238 1192 1393 1250 inter
1439 1193 1675 1246 caeteros
1723 1184 1822 1257 qui
1853 1184 1941 1240 ei-

290 1290 424 1347 dem
454 1287 687 1362 negotio
718 1285 1127 1353 interfuerant,
1173 1283 1383 1339 tratres
1433 1277 1656 1335 militiae
1707 1272 1939 1346 Templi

287 1377 490 1452 plnres
504 1377 838 1434 habuerunt
853 1372 1074 1432 milites
1093 1390 1108 1442 ;
1127 1376 1185 1429 et
1197 1371 1452 1444 potiores
1471 1366 1935 1440 reportaverunt,

288 1484 395 1541 pro
423 1481 668 1524 numero
699 1464 977 1533 militum,
1025 1460 1438 1519 manubiarum
1471 1461 1530 1514 et
1561 1455 1766 1530 praedae
1798 1468 1938 1525 por-

288 1557 494 1615 tiones.
525 1554 745 1612 Cecidit
771 1553 927 1612 enim
956 1552 1043 1611 eis
1071 1553 1131 1609 in
1164 1555 1383 1609 sortem
1413 1552 1622 1622 proter
1645 1550 1851 1602 caetera
1871 1543 1932 1598 in

285 1643 548 1703 funiculo
585 1641 1034 1712 distributionis,
1065 1638 1326 1712 praedicti
1366 1636 1582 1694 nobilis
1629 1633 1740 1691 viri
1773 1631 1934 1688 filius

2047 474 2225 526 Toros
2245 468 2467 542 expulit
2478 472 2537 526 et
2557 468 2877 526 exercitum
2898 469 3029 540 eJus
3052 484 3241 542 usque
3261 469 3333 527 ad
3358 485 3702 544 supremam

2048 557 2504 616 internecionem
2545 556 2773 615 delevit.
2815 557 3173 631 Exspectans
3211 574 3348 632 ergo
3391 559 3702 620 honestem

2048 648 2363 705 Rainaldus
2394 664 2499 721 pro
2530 654 2685 705 tanto
2713 649 2867 706 iacto
2897 649 3361 719 retributionem,
3390 650 3708 709 videbatur

2047 738 2097 793 ei
2120 737 2339 794 differri
2362 737 2706 811 plurimum,
2731 737 2884 796 unde
2907 754 3085 796 morae
3107 738 3444 812 impatiens,
3467 740 3543 798 ad
3567 757 3709 815 prse-

2047 827 2269 884 dictum
2303 826 2651 886 maleficium
2690 828 3031 886 convolavit.
3080 828 3257 886 Erant
3296 833 3494 888 autem
3539 829 3702 890 insu-

2048 918 2162 975 lani
2194 935 2228 975 a
2257 920 2610 991 quibusdam
2636 921 2709 977 de
2737 919 2950 977 nostris
2981 920 3293 995 diligenter
3323 922 3689 995 premoniti:

2048 1008 2199 1064 unde
2228 1013 2286 1065 et
2321 1007 2391 1064 de
2432 1013 2551 1066 tota
2579 1009 2776 1067 insula
2802 1010 2955 1067 vires
2999 1016 3429 1080 contraxerant,
3462 1010 3695 1087 quales,

2045 1097 2283 1169 quales;
2312 1099 2411 1154 sed
2441 1096 2776 1171 ingrediens
2808 1099 3427 1174 praedictusfprinceps
3457 1100 3701 1160 Rainal-

2044 1184 2404 1255 dns,eorum
2445 1185 2643 1244 statim
2677 1187 2826 1244 rudit
2880 1189 3197 1246 exercitum
3234 1193 3330 1258 ;et
3384 1188 3699 1249 universes

2044 1290 2245 1331 eorum
2276 1281 2519 1332 eatenus
2571 1277 2847 1333 contrivit
2902 1279 3121 1348 copiae,
3157 1283 3225 1336 ut
3263 1281 3546 1359 deinceps
3593 1298 3700 1342 nec

2044 1378 2196 1420 unus
2234 1363 2611 1436 inveniretur,
2643 1365 2745 1437 qui
2766 1370 2968 1424 contra
2992 1382 3128 1426 eum
3177 1386 3419 1430 manum
3457 1376 3701 1435 auderet

2040 1451 2279 1523 erigere.
2310 1452 2980 1526 Habensigiturliberos
3012 1474 3117 1531 per
3176 1464 3361 1521 totam
3434 1463 3697 1524 insulam

2041 1539 2359 1614 discursus,
2399 1543 2570 1600 urbes
2608 1544 2904 1616 contrivit,
2950 1546 3159 1620 dejecit
3204 1551 3438 1625 oppida,
3494 1569 3698 1612 mona-

2040 1632 2219 1687 steria
2257 1635 2377 1689 tam
2414 1633 2673 1692 virorum
2704 1651 2881 1706 qnam
2915 1637 3268 1697 feminarum
3318 1640 3696 1715 impudenter

281 1733 703 1801 Noseradinus,
735 1732 826 1789 vir
853 1731 1300 1796 audacissimus,
1324 1727 1407 1784 rei
1440 1725 1710 1783 militaris
1727 1721 1932 1794 singu-
1960 1744 2007 1813 Β
2037 1720 2339 1794 confregit,
2371 1724 2647 1795 expositis
2693 1724 2949 1782 ludibrio
3017 1730 3577 1792 sanctimonialibus
3638 1740 3693 1792 et

276 1824 458 1881 larem
488 1824 642 1896 apud
669 1821 969 1894 Egyptios
1000 1819 1222 1877 hebens
1264 1815 1678 1890 experientiam
1703 1829 1720 1884 ς
1752 1811 1922 1883 cuius

274 1915 453 1972 etiam
479 1927 694 1970 nomen
732 1910 965 1984 populis
994 1909 1152 1966 illius
1182 1906 1434 1981 regionis
1459 1910 1615 1963 esset
1645 1902 1924 1961 formida-

275 2001 413 2072 bile,
443 2006 716 2075 aspectus
740 2016 873 2057 vero
901 2003 1179 2056 terrorem
1207 1996 1518 2063 incutiens,
1552 1994 1679 2051 sine
1708 2008 1923 2050 conso·

276 2090 518 2148 latione.
571 2088 729 2147 Hunc
757 2103 948 2161 porro,
1000 2103 1134 2144 cum
1178 2085 1384 2143 diebus
1433 2083 1631 2140 multis
1664 2079 1922 2154 praedicti

275 2181 483 2239 fratres
507 2179 853 2238 habuissent
880 2179 938 2236 in
962 2176 1235 2238 vinculis,
1267 2179 1326 2231 et
1354 2174 1696 2230 avidissime
1718 2174 1922 2244 petens

272 2270 334 2326 in
365 2269 598 2329 Christo
626 2266 1206 2341 regenerari,litteras
1229 2267 1351 2338 jam
1393 2262 1687 2320 didicisset
1713 2263 1924 2318 Roma·

272 2374 401 2429 nas,
454 2359 639 2434 prima
693 2358 828 2415 fidei
877 2356 1223 2415 Christianis
1274 2354 1609 2411 rudimenta
1654 2354 1921 2420 edoctus,

272 2464 376 2519 pro
405 2449 710 2521 sexaginta
741 2445 1007 2503 millibus
1032 2459 1342 2501 aureorum
1373 2444 1653 2516 AEgyptiis
1682 2458 1817 2500 eum
1848 2441 1922 2499 ad

275 2541 520 2593 mortem
538 2534 968 2609 postulantibus
979 2533 1386 2591 vendiderunt.
1400 2532 1704 2588 Traditum
1723 2535 1922 2588 autem

271 2626 530 2682 vinctum
579 2624 853 2682 menibus
896 2630 950 2680 et
1000 2622 1248 2696 pedibus
1304 2623 1529 2680 catenis
1592 2623 1812 2692 ferreis,
1861 2620 1925 2676 in

270 2729 443 2770 cavea
470 2713 656 2771 serres
680 2713 923 2771 camelis
953 2715 1343 2786 imponentes,
1386 2712 1445 2767 in
1477 2711 1787 2785 AEgyptum
1818 2710 1927 2768 de·

269 2801 591 2873 duxerunt,
633 2802 731 2859 ubi
781 2801 1122 2859 inhumanis
1167 2800 1474 2860 desideriis
1512 2801 1639 2857 suis
1688 2799 1927 2857 satisfa-

272 2892 518 2961 cientes,
549 2908 687 2950 eum
712 2891 1055 2950 mordicitus
1078 2893 1477 2966 decerpentes,
1508 2890 1568 2947 in
1602 2890 1791 2947 frusta
1823 2887 1931 2945 mi-

281 2980 596 3039 nutIssima
624 2982 1028 3041 conciderunt.

933 3090 1170 3149 CAPUT
1205 3091 1279 3149 X.

293 3180 556 3253 Pn'nceps
589 3180 900 3239 Ruinaldus
927 3183 1167 3239 insulam
1207 3182 1456 3255 Cyprum
1478 3187 1722 3255 occupat,
1744 3188 1795 3240 et
1814 3181 1936 3255 ejus

677 3252 1015 3311 habitatores
1059 3254 1261 3326 spoliat
1282 3254 1564 3312 violenter.

367 3344 535 3401 Anno
564 3346 844 3415 sequente
886 3343 1041 3401 idem
1089 3342 1407 3401 Rainaldus
1454 3345 1523 3401 de
1569 3342 1940 3415 Castellione,

296 3432 571 3506 princeps
599 3431 1005 3501 Antiochenue,
1044 3431 1288 3491 consilio
1333 3449 1759 3505 perversorum,
1793 3449 1939 3506 quo-

295 3536 428 3578 rum
468 3521 720 3579 maxime
767 3522 961 3580 studio
1009 3523 1338 3596 regebatur,
1384 3522 1678 3596 piacularc
1723 3523 1938 3581 iterum

293 3611 663 3668 committens
701 3610 1011 3685 flagitium,
1055 3611 1307 3686 Cyprum
1354 3612 1606 3669 insulam
1649 3614 1819 3670 nobis
1846 3614 1936 3669 vi·

291 3700 506 3769 cinam,
555 3699 788 3773 populis
833 3699 1102 3758 refertam
1152 3701 1446 3772 fidelibus,
1506 3718 1683 3776 regno
1733 3707 1935 3760 nostro

291 3789 521 3861 utilem,
552 3794 611 3846 et
638 3789 891 3847 amicam
921 3807 1176 3865 semper,
1215 3791 1501 3849 immissis
1543 3792 1832 3850 hostiliter
1861 3793 1937 3851 le-

292 3878 584 3951 gionibus,
615 3879 895 3937 violenter
938 3882 1264 3953 occupavit.
1316 3881 1503 3937 Causa
1532 3886 1727 3939 autem
1756 3883 1937 3955 hujus

293 3975 409 4023 tam
452 3967 858 4026 abominandas
904 3966 1225 4027 invasionis
1269 3970 1576 4028 videbatur
1618 3971 1741 4028 haec
1771 3989 1933 4030 esse:

294 4057 352 4113 in
386 4057 650 4129 partibus
678 4057 892 4114 ciliciae
922 4059 1071 4115 circa
1092 4060 1366 4131 Tarsum,
1412 4065 1537 4118 erat
1565 4062 1803 4132 quidam
1832 4078 1935 4120 no·

295 4147 431 4203 hilis
460 4153 514 4203 et
542 4147 987 4218 potentissimus
1014 4149 1322 4218 Armeniis„
1355 4150 1590 4207 nomine
1619 4151 1803 4209 Toros
1834 4150 1936 4226 qui

291 4234 513 4292 domini
543 4234 913 4307 imperatoris
941 4236 1214 4308 gratiam,
1255 4237 1382 4308 ejus
1400 4238 1689 4298 efficiente
1727 4242 1940 4299 incon-

292 4322 529 4390 stantia,
596 4323 960 4396 frequentius
1025 4325 1433 4384 demerebatur
1488 4332 1547 4386 et
1600 4328 1941 4389 incurrebat

2032 1809 2355 1882 virginibus
2386 1812 2653 1885 tenellis;
2686 1828 2823 1872 nam
2856 1815 2985 1872 auri
3006 1820 3063 1875 et
3089 1821 3339 1894 argenti,
3361 1832 3417 1880 et
3438 1823 3690 1881 vestium

2032 1900 2418 1972 pretiosarum
2450 1918 2565 1960 non
2604 1907 2728 1961 erat
2768 1921 3070 1978 numerus,
3112 1925 3308 1984 neque
3359 1911 3498 1970 iinis
3530 1930 3547 1983 ς
3591 1912 3690 1970 sed

2031 1989 2332 2046 amittendi
2354 1990 2478 2048 haec
2500 1993 2737 2065 populo,
2751 1997 3348 2070 comparationeiaesae
3366 2001 3687 2073 pudicitia,

2032 2079 2200 2150 quasi
2232 2085 2487 2137 stercora
2507 2085 2955 2153 reputabantur.
2988 2086 3092 2144 Sic
3116 2103 3255 2161 ergo
3285 2106 3390 2162 per
3417 2090 3547 2149 dies
3575 2091 3692 2149 ali-

2032 2178 2174 2243 quot
2205 2185 2307 2243 per
2334 2174 2515 2228 totam
2557 2172 2980 2234 debacchantes
3037 2177 3359 2252 regionem,
3398 2181 3539 2239 dum
3568 2198 3680 2240 non

2032 2264 2188 2319 esset
2215 2261 2313 2333 qui
2344 2261 2658 2334 resisteret,
2691 2263 2850 2321 aetati
2895 2283 3008 2323 non
3040 2274 3312 2341 parcunt,
3369 2269 3457 2327 vel
3489 2272 3678 2340 sexui,

2032 2349 2436 2407 conditionum
2460 2367 2693 2423 quoque
2710 2353 2933 2411 nullam
2955 2356 3234 2415 hebentes
3262 2357 3685 2418 differentiam.

2030 2438 2289 2495 Tandem
2321 2441 2696 2513 comportatis
2729 2443 3118 2519 undecunque
3144 2446 3355 2520 spoliis
3387 2453 3448 2506 et
3485 2465 3685 2507 manu·

2036 2528 2265 2585 biarum
2295 2527 2577 2586 infinitate
2596 2531 3091 2606 omnimodarum,
3126 2536 3199 2592 ad
3250 2552 3413 2594 mare
3443 2555 3510 2596 se
3552 2540 3689 2597 reci·

2035 2616 2224 2690 piunt,
2248 2621 2307 2673 et
2333 2617 2470 2674 inde
2501 2620 2835 2692 praeparatis
2864 2623 3133 2696 navigiis,
3157 2625 3216 2682 in
3231 2631 3425 2698 partes
3446 2627 3691 2687 descen·

2038 2705 2247 2762 derunt
2273 2706 2679 2779 Antiochense,
2696 2710 3015 2785 profligatis
3047 2713 3199 2771 intra
3215 2716 3513 2775 modicum
3540 2723 3692 2777 tem-

2038 2812 2171 2868 pus,
2202 2811 2347 2868 quas
2376 2797 2526 2853 male
2553 2799 2944 2871 acquisierant
2973 2803 3212 2877 divitiis,
3237 2807 3263 2879 ,ι’
3273 2814 3412 2865 uxta
3437 2809 3498 2866 id
3534 2812 3689 2884 quod

2039 2884 2478 2960 proverbialiter
2506 2886 2621 2944 dici
2650 2889 2841 2947 solet:

2108 2974 2226 3032 Non
2254 2973 2412 3033 habet
2439 2984 2661 3034 euentus
2680 2977 2903 3037 sordida
2926 2983 3124 3056 praeda
3154 2984 3340 3049 bonos.

2681 3090 2910 3149 CAPUT
2946 3092 3045 3152 XI.

2050 3175 2168 3232 Rex
2192 3180 2385 3234 contra
2411 3184 2568 3249 pocta
2596 3186 2647 3235 et
2668 3182 2821 3251 pacis
2847 3182 3048 3255 foedus,
3087 3187 3229 3258 quod
3261 3204 3390 3247 cum
3424 3192 3507 3248 eia
3536 3192 3691 3266 pepi·

2111 3253 2290 3319 perat,
2349 3248 2543 3307 Tarcos
2586 3254 2640 3307 et
2694 3251 2909 3311 Arabes·
2956 3258 3018 3312 in
3087 3260 3227 3316 silva
3271 3262 3422 3335 capit
3471 3269 3691 3324 Panea-

2114 3319 2299 3376 deme.

2113 3427 2224 3495 Per
2250 3427 2404 3485 idem
2435 3432 3261 3511 tempus,conveneratpraeter
3282 3441 3524 3501 solitum
3543 3445 3692 3502 mul-

2043 3518 2231 3576 titudo
2277 3518 2546 3575 inaudita
2589 3522 2847 3581 Arabum
2889 3533 2943 3581 et
2987 3529 3554 3601 Turcomannorum,
3596 3536 3691 3608 qui

2043 3608 2426 3666 nihilominus
2455 3609 2512 3666 in
2545 3611 2805 3672 tentoriis
2835 3613 3117 3689 habitant,
3145 3624 3203 3676 et
3245 3622 3316 3679 de
3347 3624 3539 3683 fructu
3579 3625 3695 3683 ani·

2043 3697 2288 3756 melium
2330 3697 2504 3755 vitam
2542 3700 2748 3772 solent,
2781 3704 2931 3761 sicut
2971 3708 3209 3782 Arabes,
3242 3728 3591 3788 propagare,
3632 3715 3693 3773 in

2042 3785 2185 3845 silva
2214 3802 2338 3859 quaa
2363 3787 2722 3848 paneadensi
2752 3793 2979 3866 adjacet
2997 3796 3236 3869 civitati,
3265 3808 3322 3859 et
3343 3805 3416 3860 ab
3439 3821 3509 3864 ea
3520 3804 3695 3864 hodie

2042 3891 2365 3949 cognomen
2393 3876 2556 3935 ducit
2574 3879 2849 3953 vulgare;
2884 3900 3019 3943 nam
3047 3889 3398 3962 antiquitus,
3420 3898 3547 3953 tam
3560 3911 3694 3969 quo

2043 3966 2116 4022 ad
2130 3965 2575 4038 septentrionem
2590 3986 2767 4042 quam
2780 3988 2905 4045 quae
2919 3975 2991 4032 ad
3005 3981 3273 4036 austrum
3289 3984 3693 4054 protenditur,

2044 4070 2290 4128 qumque
2319 4055 2514 4129 ipsum
2537 4057 2822 4119 Libanum
2834 4065 3103 4138 protegit,
3118 4069 3311 4126 omnis
3325 4070 3472 4128 silva
3503 4072 3696 4132 saltus

2041 4144 2249 4203 Libani
2302 4145 2626 4216 dicebatur,
2672 4153 2828 4211 unde
2874 4158 2932 4210 et
2971 4155 3043 4215 de
3089 4157 3393 4218 Salomone
3451 4160 3689 4237 legitur,

2045 4234 2202 4310 quod
2231 4237 2291 4297 in
2312 4258 2379 4300 ea
2409 4241 2745 4313 sumptuosi
2792 4244 2987 4315 operis
3007 4247 3065 4302 et
3120 4247 3403 4309 mirabilis
3463 4254 3697 4312 aedificii

2044 4331 2282 4389 domum
2313 4330 2654 4400 construxit,
2679 4347 2809 4405 quie
2846 4332 3000 4391 dicta
3026 4343 3115 4395 est
3143 4336 3354 4398 domus
3382 4341 3576 4401 saltus
3597 4344 3690 4403 Li-

291 4411 588 4469 effensam.
639 4410 905 4469 Confisus
960 4414 1118 4470 enim
1151 4415 1223 4471 de
1252 4432 1318 4472 eo
1369 4417 1521 4489 quod
1567 4418 1640 4474 ab
1687 4418 1939 4493 imperio
2044 4420 2385 4479 bani.Nunc
2409 4427 2602 4480 autem
2623 4422 2695 4478 ab
2725 4422 2965 4492 nrbe,ut
2984 4426 3382 4499 praediximus,
3397 4433 3688 4505 proxima,

286 4503 547 4560 remotus
568 4505 690 4558 erat
705 4501 1046 4576 plurimum,
1072 4507 1129 4559 et
1148 4505 1305 4576 quod
1331 4505 1387 4561 in
1416 4506 1711 4564 montibus
1733 4510 1937 4568 arduis
1966 4497 2014 4564 D
2042 4512 2191 4570 silva
2217 4514 2668 4587 cognominatur
2697 4514 2987 4572 universa.
3010 4516 3076 4573 1n
3106 4517 3256 4576 hanc
3277 4524 3690 4593 prenominati

283 4589 537 4651 habebat
557 4590 874 4659 domicilia,
892 4609 996 4666 per
1013 4595 1183 4667 plana
1204 4595 1417 4652 Ciciliae
1440 4597 1696 4669 praedam
1723 4601 1937 4673 agebat

283 4684 343 4738 et
373 4680 704 4751 manubias,
737 4697 854 4739 non
883 4682 1098 4740 veritus
1125 4689 1339 4741 terram
1372 4685 1588 4743 domini
1612 4688 1720 4757 sui,
1744 4691 1935 4749 modis

290 4769 509 4841 quibus
537 4772 782 4842 poterat,
841 4771 1220 4830 damnificare
1266 4778 1325 4830 et
1370 4775 1599 4847 imperii
1665 4767 1941 4840 fidelibus

288 4858 694 4932 cuiuscunque
718 4859 1069 4919 conditionis
1097 4878 1303 4936 graves
1333 4869 1390 4921 et
1420 4866 1707 4926 indebitas
1727 4866 1941 4930 inferre

289 4947 607 5005 molestias.
632 4948 891 5007 Audiens
916 4950 1020 5008 hoc
1041 4952 1383 5025 imperator,
1403 4955 1639 5030 scripsit
1658 4958 1937 5031 praedicto

285 5033 588 5107 Rainaldo,
619 5043 914 5109 quatenus
961 5050 1273 5101 convocata
1312 5043 1542 5114 militia,
1587 5048 1932 5119 pradictum

283 5125 467 5184 Toros
488 5142 520 5183 a
536 5125 660 5184 suis
680 5137 896 5186 arceret
912 5129 1154 5200 linibus,
1175 5137 1234 5188 et
1254 5132 1496 5192 Cilicum
1513 5135 1626 5192 sihi
1640 5136 1935 5207 subiecto-

281 5233 413 5274 rum
427 5217 831 5291 possessiones
847 5221 920 5277 ab
936 5221 1066 5292 ejus
1079 5222 1481 5282 incursionibu
1497 5226 1933 5284 redderetsecu·

277 5306 558 5379 ras3quod
571 5307 618 5364 si
636 5305 709 5363 ad
722 5323 870 5381 opus
882 5309 1296 5385 complendum
1314 5315 1561 5388 pecunia
1578 5320 1733 5374 esset
1743 5331 1935 5375 neces-

277 5396 455 5464 saria,
503 5396 625 5469 ipse
674 5397 745 5455 de
791 5397 1080 5457 thesauris
1128 5402 1252 5459 suis
1293 5407 1558 5478 tempore
1600 5409 1933 5480 opportuno

278 5485 529 5542 mitteret
556 5487 963 5548 sufficientem.
1016 5491 1260 5550 Factum
1292 5504 1379 5553 est
1409 5511 1547 5571 ergo
1578 5497 1757 5571 quod,
1788 5515 1929 5557 con·

274 5571 535 5648 gregatis
565 5574 918 5636 militaribus
947 5578 1152 5653 copiis,
1185 5586 1254 5639 nt
1277 5581 1691 5658 imperialibus
1722 5587 1925 5645 deser-

2046 4602 2269 4677 populi,
2317 4604 2605 4677 inpetrata
2628 4607 2822 4661 tamen
2856 4605 3018 4676 prius
3047 4606 3272 4667 domini
3317 4612 3476 4685 regis
3503 4616 3694 4685 gratia

2045 4692 2603 4767 etpacesolemniter
2622 4695 3203 4765 concesse,animalia
3218 4698 3693 4774 introduxerant,

2047 4798 2343 4856 equosque
2365 4783 2631 4852 maxime,
2662 4782 2733 4840 ad
2766 4798 3079 4842 numerum
3110 4786 3408 4848 infinitum
3450 4808 3692 4866 pascuo-

2048 4876 2178 4927 rum
2217 4876 2529 4944 sequentes
2558 4872 3059 4936 commoditatem.
3090 4883 3487 4941 Accesserant
3512 4900 3689 4958 porro

2046 4960 2121 5016 ad
2159 4960 2457 5018 dominum
2490 4977 2683 5036 regem
2713 4964 2821 5021 viri
2851 4968 3037 5043 impii,
3070 4971 3177 5029 filii
3216 4970 3417 5041 Belial,
3450 4972 3689 5032 Domini

2046 5048 2313 5107 timorem
2337 5068 2454 5125 prae
2470 5052 2656 5111 oculis
2676 5070 2789 5112 non
2802 5055 3082 5117 habentes
3105 5082 3120 5132 ς
3146 5067 3697 5137 suggesseruntque

2044 5139 2120 5211 ei,
2151 5141 2291 5197 etin
2324 5144 2547 5203 malitia
2584 5166 2691 5205 sua
2740 5150 2967 5208 facilius
2996 5151 3383 5222 involverunt,
3436 5170 3692 5227 persua-

2042 5229 2241 5287 dentes
2271 5236 2333 5288 ut
2359 5237 2637 5309 prodigus
2662 5239 2816 5308 fidei,
2837 5250 2892 5297 et
2921 5241 3225 5302 immemor
3257 5242 3491 5303 foederis
3526 5245 3690 5317 quod

2043 5334 2177 5376 cum
2202 5322 2287 5378 eis
2317 5326 2633 5398 pepigerat,
2675 5329 2870 5387 subito
2918 5330 2979 5388 in
3024 5332 3329 5405 praedictos
3369 5332 3549 5402 viros,
3580 5335 3686 5409 qui

2042 5408 2358 5481 pabulandi
2387 5415 2573 5487 gratia
2611 5421 2728 5475 tam
2752 5434 2955 5493 greges
2984 5421 3047 5479 in
3092 5422 3320 5494 silvam,
3369 5440 3552 5496 quam
3585 5441 3691 5484 ar·

2040 5503 2231 5557 menta
2251 5500 2619 5578 induxerant,
2651 5506 3035 5583 irruptionem
3065 5510 3315 5582 iaceret;
3346 5517 3406 5570 et
3431 5517 3559 5574 tam
3587 5529 3690 5575 eos

2039 5602 2214 5659 quam
2244 5606 2446 5652 eorum
2465 5596 2746 5668 pecualia,
2779 5599 3075 5660 suisdaret
3101 5602 3175 5661 ad
3204 5602 3499 5675 prodam:
3527 5607 3691 5682 quod
