3784 6000
117 270 247 335 6⁴9

596 266 799 329 HIST.
844 263 1121 328 RERUM
1162 262 1701 327 TRANSMARIN.
1748 295 1824 313 —-
1868 264 2019 327 LIB.
2066 264 2226 329 XVI.
2271 266 2715 333 BALDUINUS
2757 268 2838 333 111
2883 271 3061 335 REX.

112 405 246 464 erat
275 402 609 476 praecipuus
665 399 906 474 quidam
964 397 1189 456 domini
1238 397 1391 472 regis
1438 397 1771 469 familiaris,
1798 400 1859 468 Α
1887 398 2500 471 midant.Accedebat,
2525 404 2596 460 ad
2623 404 2904 477 majorem
2920 405 3311 465 molestiarum
3334 423 3532 467 cumu-

110 491 454 552 Bernardns
481 490 708 549 vacher
731 506 746 559 3
773 488 1021 562 populus
1051 488 1228 561 coepit
1246 488 1572 546 acclamare
1601 504 1773 545 eum-

112 583 254 640 dem
286 581 650 639 Bernardum
677 580 1033 653 proditorem
1064 594 1192 635 esse
1217 603 1233 646 ;
1266 594 1382 634 non
1409 594 1536 634 esse
1557 577 1772 650 populo

114 671 455 730 Christiano
487 669 740 738 fidelem,
764 669 1102 742 quicunque
1130 666 1607 725 dissuasionibus
1637 666 1776 725 huic

114 762 359 835 negotio
416 759 554 817 velit
599 761 741 816 dare
777 758 1288 830 impedimentum.
1338 757 1566 830 Magnis
1594 757 1772 815 etiam

52 880 59 887 ·
111 852 365 911 vocibus
394 849 571 922 coepit
600 849 765 922 plebs
793 847 1112 905 indiscreta
1160 848 1414 904 clamare
1467 848 1779 920 proceden-

115 943 268 999 dum
296 956 447 1009 esee,
480 939 685 995 urbem
715 943 832 995 tam
866 937 1122 994 nobilem
1145 953 1259 994 non
1293 936 1455 993 facile
1485 952 1613 993 esse
1667 938 1775 993 de-

112 1030 438 1089 serendam
469 1045 482 1098 ;
516 1037 710 1101 grates
731 1027 1028 1084 habendas
1052 1026 1233 1083 nobili
1263 1026 1407 1093 viro,
1436 1032 1493 1081 et
1521 1027 1650 1097 ejus
1674 1042 1777 1097 per

113 1121 321 1179 omnia
352 1117 717 1193 propositum
730 1115 1200 1189 amplectendum
1216 1115 1461 1171 fideliter
1473 1119 1530 1171 et
1546 1115 1771 1184 devote,

115 1211 223 1286 qui
255 1212 487 1266 tantum
519 1204 923 1263 Christanitati
955 1204 1275 1261 obtulisset
1306 1204 1535 1261 saeoulis
1554 1220 1773 1260 memo-

116 1298 309 1358 rabile
338 1296 710 1366 beneficium,
741 1300 799 1352 et
826 1311 931 1367 pro
960 1311 1027 1351 eo
1058 1310 1243 1367 usque
1273 1294 1345 1349 ad
1405 1299 1650 1350 mortem
1679 1293 1777 1350 de-

118 1388 496 1447 certandum.
518 1385 583 1442 In
613 1384 722 1442 hoc
747 1385 945 1455 itaque
977 1388 1138 1439 tanto
1168 1381 1446 1450 tumultu,
1473 1382 1776 1455 pravaluit

120 1480 286 1553 vulgi
318 1477 633 1544 sententia,
665 1480 867 1547 spreto
897 1474 1139 1530 consilio
1170 1473 1370 1530 sanius
1410 1473 1771 1530 affectorum.

123 1566 481 1639 Compositis
500 1565 675 1637 igitur
702 1562 954 1620 sarcinis
976 1567 1032 1618 et
1053 1562 1265 1618 solutis
1293 1562 1516 1631 castris,
1567 1579 1773 1619 versus

121 1657 473 1731 pradictum
503 1654 788 1726 oppidum
814 1652 928 1708 iter
959 1652 1219 1725 dirigunt
1250 1651 1651 1723 ;transitaque
1682 1668 1776 1708 ca-

1881 487 2027 556 lum,
2050 489 2182 545 sitis
2211 506 2438 563 aspera,
2470 508 2545 548 ex
2584 491 2798 550 laboris
2819 493 3164 553 difficultate
3196 500 3255 554 et
3312 501 3530 557 sistatis

1878 582 2150 636 caumate
2179 581 2490 652 geminata.
2523 583 2658 638 Erat
2700 599 2934 655 quoque
2955 585 3039 640 eis
3090 584 3200 642 iter
3255 603 3358 659 per
3402 588 3531 648 loca

1881 667 2049 724 arida
2060 672 2118 725 et
2146 668 2431 741 inaquosa
2455 675 2609 739 ;tota
2629 672 2788 728 enim
2803 671 2904 730 illa
2920 673 3079 745 regio
3103 674 3489 735 fontesnescit
3511 696 3527 747 ;

1881 772 2079 814 verum
2111 756 2304 815 hieme
2334 759 2525 817 solent
2555 777 2744 834 aquas
2762 761 3024 835 colligere
3045 762 3391 823 lacunistam
3421 784 3529 824 na-

1881 846 2171 905 turalibus
2202 864 2380 920 quam
2435 852 2806 914 manufactis,
2866 852 3173 925 pluviales.
3229 857 3532 913 Acciderat

1880 943 2075 993 autem
2099 936 2217 993 illis
2246 939 2480 1006 diebus,
2512 941 2741 996 undeet
2770 941 2857 997 hae
2889 941 3033 1014 ipsse
3056 943 3219 1000 factae
3242 953 3406 1003 erant
3433 945 3531 1002 in-

1881 1026 2094 1093 utiles:
2129 1041 2264 1083 nam
2297 1032 2455 1084 tanta
2481 1030 2669 1086 fuerat
2700 1032 2869 1102 paulo
2912 1037 3046 1089 ante
3077 1031 3434 1092 locustarum
3467 1041 3527 1092 in

1881 1132 1951 1173 ea
1980 1117 2280 1189 provincia
2306 1127 2515 1190 praeter
2546 1136 2767 1178 morem
2793 1123 3190 1194 intemperies,
3222 1124 3375 1196 quod
3414 1142 3530 1182 om·

1882 1222 1983 1262 nes
2013 1206 2354 1277 hujusmodi
2387 1208 2641 1281 piscinas
2698 1210 2832 1267 tabo
2885 1211 3224 1282 infecerant,
3276 1217 3334 1269 et
3366 1228 3530 1284 aquas

1881 1310 2054 1352 usum
2088 1295 2463 1353 reddiderant
2502 1299 2956 1357 abominabilem
2997 1301 3323 1372 putredine,
3356 1317 3532 1373 quam

1883 1384 2202 1442 morientes
2232 1386 2569 1444 intulerant.
2605 1390 2736 1444 Haeo
2776 1394 2990 1458 autem,
3025 1407 3138 1463 qua
3185 1391 3403 1448 nostris
3423 1393 3537 1448 iter

1881 1480 2024 1540 erat,
2058 1473 2217 1545 regio
2247 1475 2467 1531 dicitur
2497 1476 2867 1545 Traconitis;
2898 1479 3070 1549 quus
3102 1479 3161 1534 in
3222 1478 3532 1552 Evangelio

1884 1561 2067 1619 Lucas
2101 1563 2238 1618 facit
2296 1564 2672 1631 mentionem,
2729 1566 2968 1623 dicens:
3031 1566 3288 1640 Philippo
3343 1573 3534 1625 aulem

1882 1651 2080 1708 Itureae
2105 1655 2154 1707 ct
2188 1652 2551 1708 Trcconitidt’s
2580 1654 2822 1725 reqionis
2852 1656 3132 1712 tetrarcha
3165 1662 3315 1723 (Luc.
3340 1672 3425 1725 m,
3459 1657 3530 1728 l).

122 1762 233 1803 vea
264 1744 448 1811 Roob,
504 1744 564 1799 in
614 1741 917 1815 planitiem
968 1746 1370 1812 pervenerunt,
1402 1757 1530 1812 quae
1561 1743 1776 1798 dicitur
1808 1771 1851 1838 Β
1881 1736 2129 1794 Videtur
2184 1745 2377 1796 autem
2410 1742 2580 1797 nobis
2610 1758 2645 1797 a
2691 1742 3055 1799 Traconibus
3077 1744 3253 1800 dicta.
3314 1746 3534 1801 Trace-

122 1836 361 1900 Medan,
385 1830 931 1904 ubisingulisannis
951 1831 1211 1887 Arabum
1225 1835 1281 1887 et
1299 1830 1550 1888 aliorum
1564 1831 1776 1888 Orien·
1889 1843 1993 1883 nes
2020 1828 2176 1884 enim
2208 1827 2486 1885 dicuntur
2509 1829 2718 1886 occulti
2769 1835 2827 1887 et
2860 1830 3221 1888 subterranei
3281 1838 3530 1902 meatus,

133 1925 349 1982 talium
380 1921 754 1995 popularium
785 1920 977 1977 solent
998 1920 1275 1977 nundino
1324 1920 1631 1979 convenire
1678 1938 1772 1979 so·

124 2014 376 2080 lemnes,
408 2012 507 2069 ubi
535 2015 702 2068 tanta
728 2010 987 2068 hostium
1018 2011 1231 2067 nostris
1261 2011 1431 2082 coepit
1475 2026 1773 2068 occurrere

124 2103 470 2170 multitudo,
502 2105 570 2159 ut
597 2099 696 2173 qui
728 2100 892 2173 prius
944 2104 1129 2172 coepto
1186 2100 1574 2157 insistendum
1628 2108 1683 2156 et
1712 2100 1771 2159 in

123 2192 362 2265 negotio
392 2190 808 2264 procedentum
839 2188 1322 2258 acclamaverant,
1359 2188 1544 2244 redire
1575 2189 1624 2246 si
1647 2190 1772 2246 fieri

126 2286 356 2356 posset,
388 2283 778 2354 praeoptarent
806 2288 860 2336 et
884 2280 1217 2351 judicarent
1240 2279 1469 2335 utilius.
1491 2279 1649 2336 Visis
1681 2284 1770 2337 ta·-

128 2389 267 2429 men
298 2371 561 2428 hostium
592 2370 813 2440 cuneis,
845 2373 904 2427 et
949 2372 1249 2441 stupentes
1306 2367 1768 2437 multitudinem,

125 2461 308 2520 nostri
339 2458 611 2533 accigunt
640 2474 703 2515 se
731 2463 1017 2530 tanquam
1047 2457 1243 2514 statim
1278 2457 1614 2530 praeliaturi.
1653 2463 1772 2515 Rex

125 2567 283 2619 vero,
314 2551 387 2605 de
415 2548 657 2607 consilio
687 2563 888 2604 eorum
919 2546 1017 2618 qui
1049 2546 1132 2602 rei
1166 2546 1440 2602 militaris
1481 2545 1773 2603 habebant

127 2637 574 2712 experientiam,
607 2639 795 2693 castra
825 2635 1095 2708 protinus
1119 2633 1286 2706 jubet
1313 2633 1492 2691 locari
1516 2653 1532 2706 ;
1556 2636 1772 2708 quibus

124 2726 502 2800 compositis,
530 2742 729 2784 curam
788 2725 1065 2797 corporis,
1100 2728 1270 2795 prout
1315 2725 1376 2783 in
1407 2733 1564 2783 arcto
1597 2726 1772 2797 positi

121 2820 422 2889 poterant,
452 2822 708 2890 agentes,
740 2821 969 2873 noctem
1017 2814 1174 2871 illam
1208 2815 1499 2872 duxerunt
1544 2816 1768 2872 insom-

122 2923 275 2964 nem.
310 2908 388 2963 At
419 2921 549 2963 vero
581 2906 798 2974 hostes,
833 2902 1201 2976 multiplicati
1232 2919 1409 2975 supra
1431 2918 1766 2972 numerum,

120 2995 389 3070 legiones
418 2999 649 3054 nostras
671 2993 933 3067 undique
948 2991 1435 3066 vallantes,quasi
1464 2994 1769 3050 manubias

121 3091 179 3144 et
204 3085 347 3144 villa
375 3086 691 3159 mancipia,
722 3089 956 3141 nostros
996 3083 1196 3156 procul
1247 3084 1421 3140 dubio
1463 3084 1767 3141 habituros

117 3173 176 3230 in
199 3174 459 3232 castrino
476 3173 837 3245 compeditos
869 3188 986 3228 non
1026 3170 1391 3230 dubitabant.
1415 3170 1605 3228 Nostri
1635 3187 1768 3229 vero

120 3266 423 3324 continuis
446 3265 707 3321 excubiis
738 3281 798 3322 se
828 3265 1204 3322 observantes
1235 3264 1569 3336 prudenter,
1601 3271 1655 3320 et
1684 3264 1768 3319 vi·

120 3371 318 3412 rorum
352 3355 589 3412 fortium
620 3354 775 3412 circa
805 3368 867 3411 ss
900 3357 1021 3409 tota
1050 3351 1444 3409 sollicitudine
1493 3353 1769 3424 impleve-

118 3449 252 3501 runt
282 3443 498 3500 officia.
533 3442 705 3500 Mane
736 3443 907 3509 facto,
935 3440 1366 3499 communicato
1386 3441 1650 3509 consilio,
1672 3458 1769 3497 no-

117 3533 224 3591 stri
253 3533 672 3605 procedentum
695 3547 824 3588 esse
846 3531 1203 3598 decernunt3
1236 3546 1372 3586 nam
1405 3530 1610 3597 redire,
1634 3545 1769 3586 cum

116 3621 449 3696 ignominia
464 3622 726 3694 plenum,
749 3627 871 3677 tum
894 3636 1038 3691 pene
1058 3619 1368 3677 videbatur
1384 3619 1767 3692 impossibile.

114 3712 337 3770 Verum
367 3711 566 3768 hostes
593 3709 1022 3782 circumpositis
1049 3714 1365 3782 utrumque
1394 3708 1676 3781 impedire
1692 3711 1769 3766 vi-

118 3805 357 3859 dentur.
385 3801 643 3858 Tandem
676 3800 881 3866 nostri,
912 3798 1234 3856 animosius
1276 3797 1630 3869 insistentes,
1663 3815 1766 3873 per

120 3891 351 3948 medias
381 3888 637 3946 hostium
670 3890 824 3946 acies
877 3889 1035 3945 viam
1095 3889 1245 3945 ferro
1304 3888 1575 3960 aperiunt
1619 3889 1769 3946 etad

120 3981 484 4037 destinatum
515 3977 877 4035 unanimiter
897 3976 1089 4033 locum
1121 3977 1519 4046 contendunt3
1553 3978 1655 4034 sed
1682 3978 1772 4033 lo·

122 4069 282 4140 ricis,
313 4066 671 4137 cassidibus,
703 4065 882 4123 simul
928 4065 1151 4139 clypeis
1182 4066 1395 4135 onusti,
1427 4064 1584 4122 lento
1614 4066 1774 4122 iuce-

122 4159 346 4216 debant
371 4155 558 4230 gradu
584 4180 599 4225 ς
631 4155 892 4212 hostium
923 4156 1098 4212 etiam
1133 4153 1545 4226 circumposita
1571 4154 1774 4210 multi·

121 4248 331 4305 tudine
361 4246 886 4320 praepediebantur.
912 4246 983 4301 At
1010 4261 1145 4302 vero
1176 4244 1426 4316 equites,
1454 4243 1593 4302 licet
1610 4260 1779 4317 expe-

122 4337 365 4394 dientus
397 4339 637 4409 possent
664 4333 952 4402 incedere,
1007 4334 1266 4405 peditum
1314 4337 1512 4391 tamen
1549 4338 1778 4407 oporte·

123 4428 227 4484 bat
258 4427 319 4483 in
352 4426 587 4483 incessu
608 4424 941 4482 conformes
972 4423 1095 4481 lieri
1127 4423 1442 4496 manipulis
1470 4441 1541 4481 ne
1561 4423 1777 4481 dissol-

124 4524 361 4573 veretur
389 4529 596 4587 agmen
628 4517 687 4571 et
712 4513 971 4571 irruendi
1016 4529 1193 4583 super
1247 4527 1464 4569 cuneos
1508 4512 1776 4570 hostibus
1806 4489 1853 4560 D

128 4606 374 4662 daretur
400 4602 647 4661 occasio.
679 4603 1195 4675 Compatiebantur
1221 4602 1422 4674 itaque
1462 4600 1571 4658 sibi
1596 4602 1775 4658 vicem

130 4694 427 4761 cohortes,
458 4695 516 4749 et
553 4692 723 4764 quasi
752 4691 842 4749 vir
873 4708 1025 4748 unus
1057 4691 1300 4747 all'ectus
1347 4694 1471 4747 crat
1535 4690 1780 4764 popolus

131 4783 461 4840 universus.
498 4782 683 4838 Tanta
707 4782 865 4838 enim
904 4780 1207 4853 equitibus
1239 4783 1365 4835 erat
1423 4779 1783 4851 pedestrium

131 4878 463 4928 turmarum
491 4885 655 4938 cura,
709 4875 774 4926 ut
818 4869 933 4942 ipsi
998 4869 1070 4924 de
1127 4867 1293 4940 equis
1339 4867 1782 4941 descendentes,

132 4957 575 5016 communicato
605 4973 743 5015 cum
773 4960 858 5014 eis
887 4955 1291 5024 labore,sessis
1305 4972 1409 5029 pro
1438 4957 1705 5017 vehiculo
1721 4976 1786 5017 se

133 5047 497 5119 exhibentes,
528 5046 755 5104 itineris
785 5046 1113 5104 molestiam
1143 5045 1454 5102 redderent
1489 5046 1783 5117 leviorem,

132 5142 346 5195 Hostes
375 5146 571 5195 tamen
600 5137 821 5195 interea
839 5136 1064 5194 crebris
1094 5135 1443 5208 sagittarum
1474 5135 1789 5196 immissio-

130 5229 313 5285 nibus
341 5226 659 5284 exercitum
690 5227 1027 5301 fatigantes,
1060 5223 1469 5297 multiplicatis
1500 5225 1785 5287 molestiis

132 5322 475 5376 nostrorum
504 5315 774 5375 cohortes
807 5316 1124 5374 dissolvere
1173 5314 1532 5371 nitebantur.
1590 5317 1787 5374 Nostri

130 5410 331 5463 autem
365 5419 397 5461 e
428 5405 683 5475 diverso,
718 5409 939 5479 quanto
960 5405 1031 5462 ad
1069 5404 1176 5461 hoc
1208 5402 1399 5475 magis
1428 5418 1528 5460 eos
1585 5404 1788 5464 vident

145 5504 350 5553 natare
380 5499 442 5552 et
472 5494 901 5570 importunius,
924 5500 1085 5552 tanto
1101 5491 1473 5551 sibiinvicem
1498 5493 1787 5555 cohaersre

134 5584 325 5660 magis
344 5588 405 5644 et
426 5589 615 5659 coepto
642 5585 914 5644 insistere
941 5582 1259 5644 ferventius
1287 5580 1482 5639 itineri
1523 5599 1641 5642 non
1670 5583 1787 5644 ror-

462 5683 733 5750 Paraor..
777 5683 923 5750 cci.

1883 1915 2094 1986 quibus
2123 1915 2223 1972 illa
2248 1918 2404 1988 regio
2427 1918 2729 1987 abundat;
2763 1935 2897 1975 nam
2941 1936 3087 1991 pene
3120 1920 3426 1977 universus
3457 1921 3530 1976 il-

1885 2004 1999 2061 lius
2020 2005 2278 2078 regionis
2309 2006 2560 2078 populus
2589 2007 2650 2063 in
2700 2008 2992 2078 speluncis
3020 2012 3078 2066 et
3134 2008 3394 2066 cavernis
3416 2008 3525 2066 ha-

1879 2094 2050 2164 bitat,
2081 2100 2139 2151 et
2168 2094 2228 2150 in
2261 2096 2601 2153 traconibus
2632 2095 2808 2153 habet
2836 2097 3150 2156 domicilia.

2538 2276 2773 2334 CAPUT
2804 2278 2869 2334 Χ.

1878 2419 1962 2478 Acl
1984 2418 2166 2476 locum
2203 2416 2582 2492 pervenientes
2628 2422 2989 2491 destinatum,
3031 2420 3308 2477 civitatem
3363 2437 3530 2494 repe-

1951 2492 2106 2547 riunt
2135 2493 2201 2546 ab
2231 2492 2475 2547 hostibus
2494 2496 2858 2563 occupata-m:
2887 2499 2941 2549 et
2971 2493 3176 2564 inserto
3208 2496 3421 2563 neootio
3448 2510 3532 2552 re-

1954 2563 2104 2618 ditus
2133 2562 2425 2619 indicitur.

1949 2725 2313 2782 Transcursa
2342 2725 2522 2798 igitur
2550 2741 2684 2782 cum
2716 2740 2947 2783 summo
2978 2727 3240 2799 periculo
3271 2729 3528 2801 regionis

1876 2813 2041 2872 illius
2073 2822 2253 2886 parte,
2274 2815 2428 2871 circa
2457 2814 2657 2871 horam
2685 2815 2795 2872 diei
2828 2816 3207 2874 novissimam
3231 2820 3303 2875 ad
3332 2818 3528 2877 locum

1878 2903 2247 2977 perveniunt,
2278 2904 2380 2975 qui
2401 2904 2641 2976 antiquo
2661 2906 2947 2962 Adrstum
2981 2905 3199 2963 dicitur
3226 2908 3530 2975 vocabulo,

1882 3010 2039 3050 nuno
2080 3000 2272 3050 autem
2329 2991 2554 3067 vulgari
2614 2994 3007 3068 appellatione
3064 2996 3280 3054 dicitur
3327 2997 3531 3054 civitas

1879 3083 2154 3140 Bernardi
2185 3084 2256 3139 de
2288 3082 2567 3155 Stampls.
2596 3083 2697 3139 Est
2750 3092 2944 3140 autem
2995 3101 3114 3141 una
3171 3087 3242 3143 de
3283 3088 3528 3144 urbibus

1878 3173 2288 3243 suffraganeis,
2321 3190 2449 3246 quo
2479 3174 2549 3229 ad
2594 3174 2932 3231 Botreneem
2991 3177 3362 3249 metropolim
3418 3179 3524 3235 ha-

1876 3263 1978 3320 bet
2005 3271 2330 3337 respectum
2359 3286 2374 3331 ς
2408 3263 2508 3319 ubi
2540 3263 2835 3335 adjunctis
2863 3264 3025 3320 illius
3056 3265 3167 3322 loci
3197 3266 3422 3337 incolis,
3446 3268 3521 3323 ad

1879 3352 2140 3409 hostium
2173 3367 2508 3420 numerum,
2543 3353 3216 3424 majornostrisaccessit
3236 3355 3525 3425 molestia;

1878 3443 1981 3501 nbi
2010 3442 2184 3498 etiam
2215 3442 2286 3498 de
2323 3442 2616 3508 cisternis,
2641 3459 2890 3514 quarum
2942 3459 3043 3499 ora
3110 3445 3387 3501 videbant
3418 3462 3531 3516 pa-

1880 3529 2078 3600 tentia,
2110 3535 2168 3587 et
2195 3530 2323 3587 sine
2350 3529 2696 3587 difficultate
2725 3530 2956 3586 haurire
3019 3546 3204 3602 aquas
3263 3549 3326 3589 se
3361 3549 3536 3605 posse

1879 3619 2064 3679 nostri
2117 3620 2555 3686 arbitrarentur,
2623 3618 2906 3674 demissas
2964 3619 3177 3677 situlas
3233 3636 3349 3677 non
3407 3621 3535 3678 sine

1883 3713 2098 3768 damno
2126 3708 2481 3765 amittebant
2507 3724 2522 3776 ;
2547 3707 2800 3779 namqui
2834 3708 2992 3764 intus
3025 3709 3279 3766 latebant
3332 3711 3393 3766 in
3440 3725 3537 3768 oa-

1884 3798 2078 3857 vernis
2102 3796 2494 3853 subterraneis
2517 3798 2686 3853 funes
2718 3797 3099 3868 praecidentes
3129 3797 3344 3870 quibus
3384 3800 3532 3855 hau-

1881 3887 2067 3944 riendi
2101 3886 2940 3960 alligataerantinstrumenta,
2963 3887 3130 3944 t'unes
3154 3889 3532 3946 remittebant

1881 3969 2216 4035 decurtatos
2242 4000 2257 4042 ;
2280 3982 2335 4031 et
2363 3991 2467 4047 spe
2500 3978 2671 4046 potus
2700 3974 2920 4046 elusos,
2954 3976 3026 4032 ad
3061 3976 3251 4047 majus
3273 3976 3528 4051 compel-

1879 4067 2074 4125 lebant
2101 4065 2234 4123 sitis
2265 4065 2663 4137 dispendium,
2697 4065 2837 4122 dum
2871 4066 2930 4122 in
2986 4065 3328 4124 hauriendis
3358 4067 3528 4139 aquis

1885 4156 2106 4211 frustra
2135 4154 2334 4210 diutus
2360 4152 2726 4210 laborabant.
2755 4152 2847 4210 Sic
2879 4155 3059 4228 igitur
3092 4159 3343 4227 quatuor
3396 4155 3531 4211 die-

1883 4245 1995 4301 bus
2034 4243 2351 4311 continuis,
2386 4258 2689 4314 nunquam
2722 4243 2955 4300 indulta
2982 4244 3205 4316 requie,
3234 4244 3422 4300 nostri
3452 4245 3536 4300 at·

1882 4332 2026 4389 flicti
2060 4336 2199 4389 sunt
2228 4332 2609 4399 incessanter,
2644 4331 2739 4387 vix
2754 4333 3021 4390 noctibus
3056 4331 3535 4391 habentesotlum

1884 4429 1949 4480 ut
1979 4421 2428 4481 necessitatibus
2446 4422 2707 4494 corporis
2733 4437 3085 4496 quocunque
3114 4423 3284 4479 modo
3305 4422 3537 4480 satista-

1886 4518 2103 4572 cerent.
2127 4514 2466 4585 Augebatur
2495 4520 2772 4585 proeterea
2803 4529 2904 4584 per
2962 4511 3227 4584 singulos
3277 4512 3399 4569 dies
3433 4512 3537 4567 ho-

1886 4604 2065 4659 stium
2096 4617 2379 4658 numerus
2405 4618 2419 4669 ;
2452 4606 2788 4657 nostrorum
2820 4616 2952 4657 vero
2996 4600 3409 4656 decrescebant
3436 4613 3539 4670 ag-

1890 4693 2087 4749 mina:
2122 4690 2634 4761 aliisinteremptis
2667 4707 2681 4757 ;
2716 4688 2845 4746 aliis
2868 4686 3385 4745 sauciislethaliter
3407 4684 3535 4753 ;alii

1889 4798 2028 4839 vero
2074 4781 2146 4838 de
2202 4780 2319 4835 vita
2374 4779 2769 4850 desperantes,
2801 4783 2860 4833 et
2917 4776 3099 4832 nimia
3129 4775 3388 4847 percussi
3419 4775 3533 4830 {or-

1892 4872 2114 4929 midine
2142 4869 2505 4926 sarcinarum
2538 4873 2595 4925 et
2652 4868 3191 4939 imperimentorum
3245 4866 3537 4937 augebant

1892 4961 2153 5027 turbam,
2183 4957 2342 5014 inira
2370 4972 2553 5028 equos
2600 4961 2656 5013 et
2705 4957 2979 5028 jumenta
3022 4953 3450 5020 delitescentes,
3481 4956 3539 5010 et

1889 5049 2244 5107 simulantes
2273 5045 2705 5119 impotentiam,
2737 5060 2810 5100 ne
2836 5047 2904 5101 ad
2933 5042 3283 5100 sustinenda
3305 5042 3539 5099 hostilis

1893 5140 2153 5211 impetus
2182 5150 2377 5204 onera,
2408 5135 2598 5205 egredi
2628 5132 3132 5205 compellerentur.
3164 5134 3353 5190 Tanta
3379 5132 3539 5188 enim

1891 5229 2242 5301 sagittarum
2281 5227 2338 5282 ct
2367 5223 2684 5281 missilium
2715 5239 2860 5296 pene
2897 5222 3179 5281 continua
3225 5237 3406 5292 supra
3434 5236 3539 5276 no·

1893 5324 2086 5377 strum
2114 5315 2430 5374 exercitum
2479 5316 2605 5370 erat
2651 5312 2929 5382 densitas,
2963 5320 3025 5369 ut
3077 5312 3382 5385 grandinis
3440 5313 3542 5367 aut

1892 5407 2172 5466 imbrium
2204 5407 2389 5462 instar
2410 5405 2851 5472 descenderent,
2881 5410 2937 5462 et
2969 5405 3239 5460 universa
3283 5407 3403 5458 tam
3437 5399 3540 5457 ho-

1895 5496 2081 5553 mines
2119 5509 2297 5569 quam
2322 5494 2596 5566 jumenta
2622 5493 2753 5552 telis
2784 5493 3012 5551 consita
3045 5490 3398 5548 viderentur.
3433 5487 3542 5546 Mi-

1895 5585 2012 5644 rari
2042 5587 2315 5659 poterant
2360 5582 2681 5653 intuentes,
2736 5587 2839 5642 aut
2891 5582 3087 5641 hostes
3130 5580 3192 5638 in
3234 5576 3544 5652 iaculando

3144 5681 3223 5741 21

3407 275 3527 339 650
3643 294 3648 304 ·
