3784 6000
176 222 299 287 ⁴21

1068 220 1270 284 HlST.
1319 217 1602 282 RERUM
1643 205 2190 278 TRANSMARIN.
2235 241 2314 255 —
2357 210 2504 276 LIB.
2549 214 2707 280 vm.

3474 223 3594 288 422

172 358 543 431 tactumque
563 359 674 425 est,
706 358 773 413 ut
830 354 1123 413 translato
1157 353 1460 420 machinae‚
1491 346 1846 410 continuatis
1877 347 1927 413 Α
1961 340 2251 409 resistere,
2283 344 2534 406 telorum
2564 350 2706 418 ictu,
2741 349 3095 424 sagittarum
3121 352 3579 424 immissionem

175 449 305 505 tota
333 454 503 504 nocte
530 443 765 514 vigiliis,
797 451 931 503 ante
977 444 1118 503 solis
1156 447 1417 501 exortum
1476 458 1611 498 cum
1654 438 1838 495 multo

171 531 378 592 labore
405 539 727 607 campactae
751 539 886 591 sunt
915 538 973 591 et
996 533 1273 607 congruis
1295 531 1646 590 stationibus
1665 527 1841 585 collo·

176 629 347 684 cata.
377 626 493 684 Sed
524 629 584 683 et
610 625 917 683 castellum
973 625 1033 682 in
1063 641 1130 681 ea
1161 627 1344 698 parte,
1377 641 1490 697 qua
1523 638 1725 678 murus
1757 619 1838 674 vi-

182 714 479 771 debantur
511 714 807 784 humilior,
829 721 882 772 et
913 713 1128 771 deforis
1148 712 1375 786 planior
1400 717 1458 769 et
1478 711 1839 769 commodior

179 818 481 871 accessus,
513 804 792 860 messibus
818 804 900 860 ita
928 807 1018 861 est
1046 803 1426 877 applicatum,
1458 812 1521 859 ut
1551 803 1838 875 quierant

180 887 241 946 in
274 891 550 947 turribus
581 893 638 948 et
667 889 769 964 qui
818 889 878 947 in
926 890 1200 947 machina
1228 906 1371 962 pene
1392 905 1559 961 posse
1580 904 1834 962 pugnare

184 976 464 1034 cominus
493 977 865 1035 viderenter:
898 995 1003 1036 nec
1052 977 1162 1035 ruit
1197 976 1515 1034 sanelabor
1544 977 1835 1035 modicus.

183 1064 331 1122 Nam
358 1082 510 1139 pene
532 1083 634 1138 per
661 1065 967 1124 dimidium
988 1065 1238 1124 milliare
1265 1066 1335 1122 ab
1369 1083 1432 1123 eo
1462 1065 1607 1135 loco,
1632 1067 1690 1122 in
1722 1083 1833 1138 quo

184 1154 353 1228 prius
374 1159 566 1212 castre
599 1155 946 1219 locaverant.
980 1156 1254 1229 praedicta
1291 1154 1709 1213 transtulerant
1743 1154 1836 1212 in·

184 1247 542 1316 strumenta,
573 1248 630 1302 et
661 1244 880 1303 ibidem
901 1262 969 1303 ea
1012 1248 1327 1320 antequam
1371 1245 1463 1302 sol
1494 1244 1832 1311 exoriretur,

184 1332 534 1406 compactis,
565 1333 640 1390 ad
681 1333 927 1391 invicem
973 1335 1275 1405 membris,
1332 1341 1655 1392 erexerant.
1705 1333 1836 1391 Sole

184 1425 386 1479 autem
420 1428 640 1495 exorto,
673 1424 1015 1480 accedentes
1031 1425 1102 1480 ad
1136 1440 1369 1480 murum
1393 1424 1568 1494 cives,
1602 1427 1665 1480 ut
1695 1422 1833 1495 quid

181 1514 349 1568 extra
382 1511 729 1569 molirentur
747 1511 931 1569 nostri
961 1513 1609 1585 conspicerent,partem
1624 1517 1837 1569 castro-

182 1616 317 1656 rum
354 1604 413 1656 et
442 1616 672 1657 omnem
702 1600 1475 1673 apparatumbellicum,qui
1503 1599 1623 1658 heri
1645 1609 1831 1657 etnu-

180 1687 323 1744 dius
355 1688 565 1746 tertius
604 1688 684 1745 ibi
742 1689 901 1746 visus
931 1689 1144 1758 fuerat,
1175 1690 1379 1746 abesse
1429 1706 1559 1746 cum
1592 1693 1832 1762 stupore
1863 1717 1911 1784 B

180 1776 466 1835 admirati
487 1782 645 1844 sunt,
678 1782 735 1835 et
765 1777 1300 1852 circumspicientes
1345 1796 1478 1836 eum
1532 1778 1832 1851 diligentia

178 1867 552 1939 adJ'acentem
585 1867 1135 1941 regionem,etmuri
1158 1869 1445 1926 ambitum
1480 1868 1833 1941 perlustran-

175 1961 290 2026 tes,
329 1963 722 2030 cognoverunt
778 1964 974 2016 castra
1022 1959 1188 2015 ducis
1242 1959 1524 2015 translata
1581 1975 1746 2027 esse;
1779 1965 1837 2016 et

176 2051 409 2104 erectas
438 2047 499 2104 in
532 2052 715 2120 parte,
738 2066 853 2120 qua
885 2049 1280 2123 praediximus,
1302 2048 1603 2105 machinas
1621 2065 1836 2121 specu-

177 2134 283 2191 lati
308 2140 474 2193 sunt.
506 2136 720 2194 Eadem
743 2154 974 2211 quoque
1005 2145 1194 2205 nocte,
1225 2142 1282 2194 et
1312 2138 1467 2194 circa
1493 2137 1638 2195 alias
1671 2137 1835 2195 urbis

179 2230 407 2299 partes,
424 2230 597 2298 prout
616 2227 678 2284 in
693 2228 956 2294 diversis,
982 2236 1043 2285 ut
1067 2227 1464 2300 praediximus,
1486 2227 1629 2284 locis
1643 2232 1835 2285 castra

179 2320 524 2386 posuerant,
556 2313 785 2388 vigilias
807 2320 863 2373 et
888 2315 1144 2373 laborem
1163 2316 1592 2383 continuantes,
1617 2314 1832 2371 machi·

181 2419 293 2460 nas
337 2420 476 2461 suas
497 2408 833 2475 erexerant;
867 2422 996 2461 nam
1031 2422 1178 2478 pene
1208 2407 1408 2463 eodem
1444 2408 1759 2471 moment0,
1781 2408 1839 2461 et

182 2509 386 2551 comes
403 2494 732 2552 Tolosanus
750 2494 1236 2569 castellum‚quod
1270 2512 1401 2553 cum
1427 2493 1606 2551 multo
1637 2494 1835 2550 studio

186 2582 760 2656 fabricaverat,inter
781 2585 1113 2659 praedictam
1129 2584 1428 2642 ecclesiam
1455 2584 1672 2641 montis
1693 2584 1827 2640 Sion

183 2678 246 2730 et
272 2675 503 2746 urbem,
536 2691 705 2733 muro
736 2675 1127 2749 applicaverat
1153 2694 1166 2732 :
1199 2681 1258 2733 et
1285 2675 1496 2749 reliqui
1522 2674 1834 2749 principes,

180 2764 287 2835 qni
322 2780 493 2821 secus
526 2765 725 2821 turrim
750 2765 1112 2838 angularem,
1151 2783 1277 2839 quae
1334 2766 1505 2822 hodie
1549 2765 1835 2822 Tancredi

179 2850 424 2923 dicitnr,
446 2853 648 2911 eadem
706 2854 1003 2928 diligentia
1052 2862 1109 2911 et
1156 2855 1280 2927 pari
1313 2854 1526 2910 laboris
1560 2855 1834 2927 pondere,

177 2940 457 3016 ejusdem
491 2958 633 3016 pene
664 2943 991 3003 altitudinis
1014 2948 1070 3000 et
1098 2942 1408 3003 soliditatis
1430 2943 1678 3016 ligneam
1709 2947 1839 2999 tur-

175 3031 293 3089 rim
324 3033 493 3105 iuxta
522 3050 755 3091 murum
788 3034 1135 3092 locaverant.
1169 3036 1302 3091 Erat
1333 3039 1525 3090 autem
1559 3049 1660 3105 per
1692 3051 1834 3106 prae·

1951 431 2425 501 numerabilium,
2456 438 2820 496 contorsione
2848 440 3134 513 lapidum,
3159 447 3278 499 tam
3311 445 3383 501 de
3405 446 3600 500 mani-

1951 520 2061 575 bus
2089 520 2438 580 emissarum
2472 542 2642 597 quam
2674 527 2773 599 qui
2804 545 2873 585 ex
2904 531 3189 587 machinis
3224 531 3593 603 jaculatoriis

1950 625 2081 665 cum
2115 609 2402 669 horrendo
2438 614 2655 684 impetu
2679 619 3123 689 torquebantur,
3147 627 3377 677 nostros
3398 621 3469 678 ab
3491 639 3590 678 ac·

1947 716 2111 757 cessu
2130 701 2279 757 muri
2305 704 2624 776 propellere
2644 709 3007 781 satagebant.
3032 713 3223 769 Nostri
3247 729 3379 770 vero
3402 713 3588 771 nihilo

1948 792 2185 863 segnius
2219 795 2458 865 protecti
2487 796 2725 870 clypeis,
2771 805 2825 856 et
2868 800 3110 872 objectis
3149 803 3431 873 cratibus,
3469 811 3585 860 tam

1946 881 2199 936 arcubus
2231 898 2401 953 quam
2435 883 2665 943 balistis
2696 887 2809 943 tela
2838 886 3219 948 immittentes
3264 891 3593 965 frequentia

1946 976 1999 1025 et
2029 969 2335 1041 pugillaria
2360 977 2814 1046 contorquentes
2845 993 3005 1049 saxa,
3038 979 3109 1035 ad
3151 997 3386 1037 murum
3429 998 3593 1038 acce-

1947 1059 2083 1114 dere
2137 1059 2473 1116 nitebantur
2532 1063 2921 1136 imperterriti,
2954 1066 3048 1124 his
3105 1069 3200 1138 qui
3238 1069 3293 1124 in
3327 1071 3588 1128 turribus

1943 1152 2111 1204 erant
2138 1149 2398 1220 requiem
2436 1152 2790 1224 denegantes
2828 1159 2886 1210 et
2916 1155 3219 1213 resistendi
3251 1159 3582 1215 audaciam.

1944 1235 2057 1291 Alii
2090 1253 2248 1304 vero,
2283 1236 2436 1295 int'ra
2496 1240 2799 1299 machinas
2857 1244 3185 1313 constituti,
3225 1250 3324 1301 aut
3371 1245 3590 1304 castel-

1943 1324 2066 1381 lum
2123 1326 2314 1384 contis
2372 1344 2707 1401 promovere
2769 1330 3123 1400 nitebantur,
3158 1338 3260 1390 aut
3298 1334 3589 1406 jaculato-

1946 1414 2047 1470 riis
2076 1414 2323 1473 molares
2354 1417 2637 1475 maximos
2679 1420 2750 1476 ad
2802 1421 3017 1479 moenia
3072 1423 3409 1496 dirigentes,
3438 1425 3585 1497 ipsa,

1945 1503 2245 1561 collisione
2274 1504 2559 1578 trequenti
2592 1512 2649 1564 et
2679 1507 2889 1567 ictibus
2947 1511 3257 1576 continuis,
3285 1513 3587 1571 debilitare

1943 1597 2001 1651 et
2030 1595 2101 1650 ad
2133 1612 2333 1652 casum
2366 1596 2661 1669 impellere
2683 1600 3035 1658 nitebantur.
3064 1602 3176 1658 Alii
3199 1620 3333 1661 vero
3352 1604 3591 1661 minori·

1943 1683 2056 1741 bus
2096 1684 2423 1752 tormentis,
2455 1703 2582 1759 quae
2644 1706 2931 1760 mangana
2987 1695 3292 1762 vocantur,
3333 1694 3589 1752 minores

1943 1773 2312 1832 immittendo
2346 1775 2586 1847 lapides,
2617 1794 2717 1835 eos
2745 1781 2845 1853 qui
2877 1789 3039 1838 erant
3061 1782 3118 1838 in
3139 1785 3588 1856 propugnaculis

1943 1883 1977 1922 a
1989 1870 2255 1923 nostroru
2267 1883 2322 1923 m
2336 1867 2707 1928 infestatione
2724 1888 3091 1944 compescere
3108 1874 3556 1946 satagebant.Ve
3569 1905 3591 1916 ·

1943 1973 2074 2015 rum
2106 1977 2292 2034 neque
2313 1961 2372 2017 bi
2393 1964 2492 2035 qui
2512 1964 2583 2019 ad
2609 1964 3066 2034 promovendum
3091 1970 3350 2021 castrum
3374 1967 3597 2022 dabant

1942 2063 2201 2120 operam,
2228 2051 2389 2120 Juxta
2420 2056 2649 2108 voctum
2686 2052 2831 2108 satis
2849 2056 3114 2124 poterant
3142 2054 3590 2124 proficere,cum

1946 2137 2161 2195 vallum
2192 2139 2399 2212 ingens
2429 2144 2486 2196 et
2516 2140 2871 2213 protundum
2903 2142 3053 2211 quod
3087 2143 3435 2200 antemurali
3469 2149 3593 2201 erat

1943 2227 2329 2300 suppositum,
2354 2245 2655 2286 accessum
2681 2229 2960 2287 machinis
2992 2232 3309 2303 plurimum
3335 2233 3590 2305 impedi-

1945 2320 2031 2372 ret
2055 2333 2188 2385 ;nec
2213 2318 2312 2389 qui
2349 2318 2655 2375 tormentis
2673 2318 2885 2376 moenia
2907 2321 3198 2390 perforare
3230 2320 3588 2391 nitebantur,

1946 2406 2087 2463 satis
2117 2407 2499 2466 eorumlabor
2517 2409 2825 2481 proderat;
2861 2425 2992 2465 nam
3008 2410 3162 2466 cives
3193 2426 3228 2466 a
3256 2426 3593 2483 propugna-

1946 2496 2111 2563 culis,
2142 2497 2424 2554 stramine
2447 2499 2652 2571 plenos
2670 2502 2727 2554 et
2743 2498 2909 2570 palca
2927 2515 3129 2555 saccos
3144 2500 3596 2571 suspenderant,

1946 2593 2131 2642 restes
2162 2603 2389 2657 quoque
2419 2593 2476 2643 et
2524 2587 2761 2658 tapetia,
2790 2587 2981 2645 trabes
3009 2587 3268 2661 ingentis
3300 2589 3597 2660 magnitu-

1946 2673 2121 2742 dinis,
2156 2683 2211 2731 et
2231 2674 2507 2732 culcitras
2565 2677 2806 2734 refertas
2862 2677 3149 2749 bombice,
3182 2695 3216 2735 a
3242 2678 3508 2735 turribus
3540 2685 3595 2734 et

1950 2780 2113 2820 muro
2142 2763 2575 2836 aliquantulum
2607 2766 2969 2835 dimiserant,
3005 2772 3070 2824 ut
3089 2783 3193 2839 per
3221 2783 3423 2825 eorum
3447 2767 3596 2825 mol·

1946 2851 2130 2909 litiem
2162 2858 2219 2909 et
2250 2852 2650 2924 mobilitatem,
2674 2860 3074 2913 contortorum
3101 2857 3412 2914 molarium
3440 2858 3596 2914 ictus

1949 2943 2278 3014 eluderent,
2325 2950 2384 3002 et
2440 2945 2835 3004 laborantium
2884 2953 3231 3005 evacuarent
3296 2952 3593 3006 conatum.

1951 3032 2228 3089 Praeterea
2261 3038 2317 3090 et
2346 3034 2458 3106 ipsi
2478 3034 2727 3091 interius
2749 3035 3048 3092 machinas
3066 3039 3593 3095 erexerantnostris

173 3124 471 3180 dictarum
500 3125 903 3182 machinarum
934 3125 1262 3194 effectus,et
1285 3142 1400 3182 non
1433 3124 1718 3181 dissimile
1750 3141 1835 3179 ar·
1867 3095 1909 3161 C
1952 3121 2131 3178 multo
2163 3122 2384 3195 plures,
2415 3123 2967 3197 quibussagittando
2989 3125 3593 3199 etimmittendolapi-

173 3212 430 3270 titicium
456 3229 472 3283 ;
498 3230 633 3272 cum
655 3215 748 3272 eni
758 3233 812 3271 m
836 3215 1224 3287 quadrilatera
1247 3219 1445 3273 essent
1466 3214 1728 3282 oedilicia,
1748 3213 1832 3269 la-

178 3306 282 3358 tus
315 3304 469 3375 quod
494 3302 622 3360 urbi
667 3307 792 3362 erat
828 3305 1180 3377 oppositum,
1213 3304 1431 3376 duplici
1463 3314 1581 3360 erat
1612 3308 1834 3360 textura

177 3391 512 3461 munitum,
545 3396 602 3449 et
630 3392 880 3450 exterior
899 3397 1021 3450 arte
1053 3394 1309 3467 quadam
1341 3393 1552 3466 deponi
1588 3396 1833 3465 poterat,

176 3479 263 3536 ita
316 3484 384 3536 nt
440 3497 608 3539 muro
666 3483 1123 3554 superpositum,
1155 3482 1332 3538 vicem
1370 3482 1565 3555 pontis
1591 3480 1835 3538 introire

177 3569 523 3627 volentibus
545 3578 742 3644 posset
772 3573 1065 3629 exhibere.
1100 3577 1216 3630 Nec
1255 3577 1453 3629 tamen
1483 3588 1552 3628 ex
1581 3588 1649 3629 ea
1671 3575 1835 3644 parte

178 3660 504 3718 immunita
523 3669 645 3718 erat
663 3662 962 3733 machina;
984 3663 1084 3720 sed
1100 3663 1254 3734 quod
1278 3663 1532 3729 suberat,
1550 3661 1837 3718 anteriore

179 3749 478 3823 deposito,
509 3750 809 3808 castellum
842 3769 955 3809 non
981 3752 1176 3809 minus
1198 3769 1372 3825 quam
1406 3751 1586 3809 latera
1613 3750 1839 3823 reliqua

178 3840 646 3898 communiebat.

803 3950 1037 4007 CAPUT
1066 3949 1222 4006 xm.

175 4036 549 4109 Oppuanalur
601 4037 800 4095 civitas
851 4047 906 4095 et
970 4038 1473 4095 vehementissimus
1521 4038 1653 4094 hinc
1709 4038 1841 4095 inde

246 4109 710 4237 ssmwflmm’·
774 4111 867 4169 sed
930 4127 1043 4168 nox
1125 4110 1451 4182 interposita
1533 4110 1688 4167 litem
1751 4110 1839 4166 di-

255 4287 639 4346 Adolescente
668 4288 845 4362 igitur
870 4288 1148 4361 die,juxta
1179 4289 1510 4346 condictum
1542 4289 1611 4347 ad
1637 4290 1839 4346 urbem

189 4377 666 4450 impugnandam
716 4378 902 4435 adsuit
944 4382 1279 4435 nostrorum
1339 4378 1613 4436 universa
1659 4378 1840 4435 armis

1944 3213 2068 3281 des,
2102 3215 2332 3269 nostros
2362 3213 2433 3270 ab
2448 3212 3002 3283 operedeterrebant
3023 3216 3274 3287 incepto.
3305 3215 3592 3273 Instanti-

1943 3300 2055 3356 bus
2084 3299 2268 3373 igitur
2297 3306 2415 3358 tota
2469 3302 2838 3360 animositate
2898 3303 3035 3361 binc
3073 3305 3205 3361 inde
3232 3305 3501 3377 partibus
3530 3309 3590 3362 et

1944 3390 2105 3446 omni
2136 3391 2569 3448 decertantibus
2592 3397 2827 3464 conatu,
2850 3392 3179 3451 horrendus
3197 3398 3256 3451 et
3285 3411 3458 3468 supra
3478 3394 3589 3452 ho·

1945 3479 2169 3535 minum
2200 3480 2559 3552 opinionem,
2592 3486 2891 3554 protervus
2918 3499 2951 3538 a
2984 3499 3153 3539 mane
3184 3500 3362 3554 usque
3392 3484 3462 3540 ad
3489 3500 3594 3541 ve-

1945 3584 2178 3640 speram
2210 3584 2273 3625 se
2303 3569 2654 3626 continuavit
2684 3569 3068 3639 confictus,et
3097 3572 3429 3639 congressio
3459 3587 3591 3643 per·

1947 3657 2129 3724 tinax,
2159 3657 2241 3714 ita
2273 3662 2338 3714 ut
2369 3659 2554 3713 instar
2583 3657 2887 3728 grandinis
2928 3673 3105 3729 super
3143 3661 3461 3729 utrumque
3490 3675 3589 3731 po·

1947 3746 2151 3819 pulum
2167 3747 2416 3802 telorum
2431 3750 2489 3801 et
2509 3747 2852 3817 sagittarum
2866 3744 3590 3816 descenderetmultitudo,

1946 3839 2004 3890 et
2034 3832 2238 3889 emissi
2272 3836 2469 3889 cautes
2501 3834 2558 3889 in
2590 3832 2721 3904 ipso
2752 3849 2881 3890 aere
2906 3838 3110 3890 mutuo
3140 3850 3200 3890 se
3225 3835 3587 3905 colliderent,

1947 3927 2007 3980 et
2042 3938 2248 3979 causas
2288 3922 2495 3979 mortis
2543 3921 2732 3977 varias
2779 3925 2837 3977 et
2883 3920 3236 3995 multiplices
3273 3925 3595 3995 irrogarent

1949 4011 2369 4083 pugnantibus.
2408 4011 2576 4067 Porro
2607 4026 2709 4082 par
2755 4010 2921 4066 labor
2968 4013 3025 4066 et
3069 4012 3221 4067 idem
3267 4012 3592 4085 periculum

1948 4106 2091 4166 erat,
2123 4104 2241 4156 tam
2274 4101 2344 4155 iis
2375 4100 2474 4172 qui
2508 4100 2613 4155 sub
2645 4100 2792 4156 duce
2822 4116 2997 4173 quam
3030 4101 3129 4173 qui
3162 4102 3273 4158 sub
3303 4100 3588 4160 Tolosano

1948 4196 2007 4247 et
2035 4191 2145 4246 sub
2177 4188 2305 4246 aliis
2360 4189 2531 4245 etiam
2586 4187 2918 4245 militabant
2947 4190 3329 4263 principibus.
3353 4191 3497 4249 Nam
3526 4191 3587 4249 in

1950 4280 2093 4337 locis
2126 4279 2335 4347 tribus,
2375 4282 2440 4335 ut
2470 4279 2841 4350 praemissum
2872 4283 2981 4348 est,
3005 4280 3128 4352 pari
3160 4282 3354 4339 studio
3383 4284 3443 4338 et
3471 4281 3593 4340 ter-

1949 4386 2084 4426 vore
2116 4387 2232 4426 non
2290 4368 2560 4425 dissimili
2616 4368 2818 4425 civitas
2857 4369 3328 4442 impugnabatur.
3362 4371 3592 4430 Nostris

183 4465 455 4525 accincta
473 4467 807 4537 multitudo,
832 4484 1033 4525 omnes
1063 4484 1248 4525 unum
1273 4471 1329 4524 et
1359 4467 1513 4525 idem
1561 4468 1839 4525 habentes
1870 4455 1918 4521 D
1949 4476 2080 4516 vero
2114 4462 2176 4514 ut
2208 4457 2416 4514 vallum
2440 4457 2604 4529 jactu
2628 4458 2929 4526 ruderum,
2962 4459 3226 4531 lapidum
3269 4476 3501 4531 quoque
3530 4463 3588 4516 et

185 4554 583 4628 propositum,
614 4561 717 4615 aut
747 4557 974 4615 animas
1006 4574 1107 4630 pro
1128 4557 1357 4616 Christo
1389 4558 1698 4632 deponere,
1739 4561 1842 4614 aut

183 4644 399 4703 urbem
429 4647 777 4707 Christiano
824 4649 1126 4707 restituere
1178 4648 1447 4706 libertati.
1477 4648 1602 4705 Non
1636 4650 1838 4705 eratin

182 4740 356 4794 tanto
385 4737 604 4812 populo
633 4755 810 4797 senex
841 4748 937 4796 aut
961 4739 1419 4796 valetudinarius
1440 4743 1541 4796 aut
1559 4742 1722 4795 aetate
1736 4737 1837 4794 mi·

182 4843 324 4895 nor,
355 4844 529 4900 quem
561 4847 676 4886 non
710 4835 962 4888 moveret
1002 4830 1185 4898 zelus,
1207 4835 1264 4886 et
1310 4829 1634 4886 devotionis
1656 4829 1842 4885 fervor

185 4931 312 4971 non
341 4919 680 4976 accenderet
708 4920 777 4975 ad
810 4935 1067 4992 pugnam
1097 4918 1224 4986 ;sed
1244 4922 1300 4973 et
1329 4919 1625 4987 mulieres,
1649 4918 1838 4975 oblttae

183 5019 394 5076 sexus,
424 5010 482 5063 et
510 5006 723 5065 inolitae
754 5007 1496 5081 fragilitatisimmemores,
1519 5011 1838 5065 tractantes

180 5090 400 5161 virilia,
426 5111 604 5167 supra
630 5096 797 5166 vires,
841 5113 1132 5153 armorum
1181 5113 1348 5152 usum
1395 5097 1834 5169 apprehendere

183 5185 645 5256 presumebant.
667 5186 1020 5243 Accedentes
1051 5186 1226 5257 igitur
1246 5187 1317 5242 ad
1353 5202 1607 5258 pugnam
1640 5183 1838 5241 unani-

187 5286 343 5339 mes,
360 5278 713 5345 preparatas
727 5276 1029 5332 machinas
1046 5292 1206 5332 muro
1228 5277 1567 5332 nitebantur
1598 5274 1838 5348 propius

182 5359 532 5434 adjungere,
567 5367 631 5420 ut
681 5364 903 5421 facilius
960 5382 1059 5422 eos
1103 5365 1204 5439 qui
1238 5382 1270 5421 a
1300 5363 1561 5420 turribus
1581 5368 1640 5421 et
1669 5379 1836 5420 muro

178 5449 567 5523 resistebant,
598 5453 926 5512 animosius
950 5458 1192 5528 possent
1215 5454 1579 5525 impugnare.
1610 5455 1679 5510 At
1706 5469 1838 5510 vero

174 5538 338 5599 cives
356 5541 727 5617 propositum
775 5543 1055 5604 babentes
1105 5542 1553 5603 adversantibus
1597 5542 1836 5602 omnino

1948 4552 2116 4606 terrae
2146 4547 2391 4620 implere
2418 4549 2655 4617 possent
2676 4566 2690 4617 ;
2716 4546 2892 4603 etitsr
2913 4546 3265 4619 dirigere‚ut
3287 4549 3595 4619 procedere

1950 4644 2184 4713 possent
2209 4636 2509 4706 machinae,
2543 4653 2683 4694 cura
2721 4641 2845 4693 erat
2898 4637 3260 4709 propensior.
3291 4637 3530 4695 Civibus
3559 4653 3590 4696 e

1948 4744 2245 4797 converso,
2280 4730 2341 4784 ut
2385 4740 2586 4782 eorum
2635 4724 2985 4795 impedirent
3013 4723 3397 4796 propositum,
3427 4724 3593 4781 labor

1949 4823 2073 4877 erat
2101 4817 2428 4889 praecipuus
2455 4819 2513 4871 et
2542 4813 2727 4885 magis
2754 4828 2968 4884 urgens
2989 4811 3339 4868 sollicitud0.
3365 4812 3592 4871 Undeet

1948 4907 2040 4963 bis
2070 4907 2169 4979 qui
2196 4905 2268 4960 ad
2303 4903 2643 4978 praedietum
2694 4917 2839 4973 opus
2870 4901 3344 4973 accingebantur,
3369 4906 3587 4974 quanta

1949 5000 2213 5069 poterant
2239 4992 2591 5050 resistebant
2645 4990 2963 5060 instantia;
2994 4994 3051 5046 et
3092 4989 3152 5046 in
3175 4990 3333 5062 ipsas
3365 4993 3590 5051 machi-

1950 5102 2075 5157 nas,
2107 5089 2291 5140 torres
2322 5081 2608 5148 incensos,
2638 5079 2750 5135 tela
2778 5078 2963 5151 ignita
2992 5078 3295 5152 sulphure,
3329 5081 3471 5154 pice,
3487 5098 3586 5154 pa·

1948 5185 2034 5233 sta
2062 5178 2120 5231 et
2146 5172 2293 5240 oleo,
2324 5172 2380 5225 et
2409 5169 2481 5225 iis
2497 5185 2627 5241 quae
2645 5168 2912 5225 incendio
2930 5168 3395 5227 solentt'omitem
3411 5170 3586 5228 mini.

1948 5274 2152 5330 strare,
2183 5265 2248 5317 ut
2304 5275 2402 5317 eas
2470 5261 2798 5329 exurerent,
2850 5258 3112 5314 certatim
3158 5257 3593 5329 jaculabantur.

1948 5358 2233 5411 Praeterea
2243 5353 2299 5407 et
2314 5347 2636 5419 ingentium
2651 5365 2781 5419 quaa
2792 5348 2956 5403 intus
2974 5351 3318 5420 paraverant
3330 5352 3587 5406 tormen-

1948 5454 2136 5503 torum
2168 5441 2319 5496 ictus
2350 5437 2408 5494 in
2441 5436 2676 5495 castella
2709 5441 2908 5493 nostra
2930 5437 3433 5509 tantadirigebant
3448 5443 3593 5498 arte-

1947 5542 2012 5594 ut
2033 5529 2437 5591 machinarum
2470 5543 2615 5601 pene
2644 5543 2817 5586 crura
2845 5526 3299 5600 confringerent,
3330 5530 3589 5601 persora·
