3784 6000
235 235 356 301 363

1304 236 1730 303 GUILLmLm
1775 236 2166 303 TYRENSIS
2210 233 2579 300 AncmEP.

3530 225 3652 287 86⁴

234 370 755 443 sueritillnstribus,
777 372 970 428 desiste
985 370 1290 442 procedere,
1310 388 1382 429 ne
1409 377 1524 430 tuae
1540 374 1725 444 felices
1746 390 1888 448 quas
1918 375 1969 443 Α
2000 371 2329 445 principum
2366 370 2423 426 et
2447 364 2635 440 plebis
2664 362 2787 431 Dei,
2830 375 2956 434 quai
2986 359 3069 416 ita
3096 358 3373 415 cecidisse
3409 356 3655 416 videba-

238 466 418 519 tecnm
439 462 614 518 trahis
633 461 1026 534 expeditiones,
1045 462 1278 532 paribus
1298 464 1651 520 involvantur
1666 467 1890 536 pericn-
1994 467 2112 531 tur,
2142 466 2365 518 certum
2396 460 2486 515 est
2514 454 2756 528 gloriam
2796 451 3172 508 redundasse.
3208 452 3353 505 Nam
3390 447 3491 521 qui
3525 463 3653 518 por·

239 552 312 609 lis
330 568 352 615 ,·
380 568 512 608 nam
530 569 563 607 a
582 553 725 622 facie
766 554 940 609 tantae
966 551 1363 621 multitudinis,
1395 569 1562 625 quam
1599 555 1888 611 universus

237 641 579 696 ministravit
627 638 844 706 Oriens,
891 641 1191 698 consultius
1229 650 1307 699 est
1350 644 1616 702 intentato
1646 647 1884 716 nepotio,

239 745 299 786 re
326 727 506 784 aditum
531 731 770 798 inteqra,
801 728 1113 794 discedere:
1149 747 1316 803 qnam
1361 739 1583 802 temere,
1612 749 1744 789 casu
1776 735 1892 804 for-

241 819 405 885 tuito,
452 833 582 874 cum
626 822 703 874 tot
731 824 783 875 et
823 822 996 876 tantis
1025 820 1291 892 experiri.
1326 822 1494 878 Testes
1539 827 1666 878 sunt
1692 838 1890 879 eorum

239 921 368 980 quae
397 908 675 979 loquimur
719 917 1013 980 pra-sentes
1063 911 1260 980 inclyti
1288 911 1418 979 viri,
1449 911 1690 984 ejusdem
1726 917 1893 968 sortis

234 998 532 1070 participes
550 1013 572 1061 ,·
598 998 695 1054 sed
719 1001 890 1055 etiam
916 1004 968 1056 et
998 1001 1220 1056 Tatinus
1244 999 1332 1057 vir
1358 1000 1599 1072 prudens
1627 1005 1684 1057 et
1710 1003 1887 1074 valer,

239 1101 399 1158 quem
424 1085 709 1143 nobiseum
735 1092 838 1144 tna
865 1088 1074 1144 direxit
1100 1089 1420 1162 amplitudo,
1455 1090 1552 1161 qui
1576 1098 1889 1147 nostrorum

235 1189 560 1248 evanescens
596 1175 886 1248 defectum,
929 1177 1228 1250 prudenter
1272 1180 1439 1235 nimis
1483 1179 1553 1236 ab
1598 1195 1788 1236 eorum
1831 1196 1890 1237 se

233 1263 509 1321 subtraxit
536 1265 781 1336 collegio,
813 1270 875 1321 nt
895 1265 1013 1323 haec
1041 1275 1155 1325 tnae
1181 1275 1311 1325 nota
1340 1269 1549 1340 faceret
1579 1268 1885 1342 majestati.

234 1351 370 1408 Erat
398 1357 590 1410 antem
621 1353 681 1410 in
713 1354 988 1426 praedicto
1035 1355 1407 1429 imperatoris
1437 1358 1716 1428 exercitu,
1748 1358 1889 1431 qui-

235 1442 367 1499 dam
399 1441 622 1499 domini
652 1443 978 1501 Boamundi
1023 1445 1220 1514 irater,
1261 1444 1447 1503 Guido
1478 1446 1755 1518 nomine;
1787 1446 1887 1519 qui

233 1529 346 1588 hoe
373 1530 641 1601 audiens,
673 1546 817 1603 pene
849 1533 919 1589 ad
946 1532 1234 1590 insaniam
1266 1537 1458 1592 motus
1477 1537 1586 1602 est,
1611 1535 1803 1592 fratris
1830 1541 1890 1595 et

233 1619 559 1677 amicorum
585 1636 787 1678 casum
809 1621 1142 1694 deplorans.
1174 1621 1300 1692 Hic,
1333 1623 1468 1680 licet
1497 1624 1754 1697 primum
1783 1641 1885 1682 co·

1996 554 2261 609 taverunt
2291 547 2520 622 pondus
2549 543 2663 600 diei
2698 546 2756 599 et
2803 545 3000 608 aestua,
3032 543 3089 596 et
3120 537 3336 595 relictis
3369 537 3653 594 uxoribus

1997 647 2055 699 et
2084 640 2303 707 liberis,
2335 634 2770 710 peregrinantes
2801 629 3048 687 Domino
3080 629 3457 686 decreverant
3497 627 3654 684 mili·

1996 734 2138 797 tare,
2170 730 2410 800 dignum
2459 727 2604 790 erat,
2654 726 2717 778 ut
2745 719 2992 794 gloriam
3045 734 3146 790 pro
3180 717 3303 773 suis
3350 716 3652 774 laboribus

2000 820 2362 892 reportarent
2381 832 2398 885 ;
2422 829 2595 884 quam
2614 811 2664 867 si
2680 825 2936 881 praesens
2960 809 3170 864 fuisset
3190 805 3530 875 imperator,
3545 821 3651 863 οω-

2000 909 2135 965 teris
2163 905 2436 963 omnibus
2476 900 2799 958 invidisset.
2849 896 3156 954 videretur
3201 895 3383 963 enim,
3417 894 3467 950 si
3511 911 3644 951 cum

2000 998 2125 1055 suis
2173 991 2637 1067 expeditionibus
2686 986 2988 1054 abfuisset,
3048 985 3120 1041 ob
3171 985 3525 1057 praecipuam
3553 984 3646 1040 sui

1999 1084 2400 1144 auctoritatem
2419 1084 2477 1137 et
2495 1078 2794 1151 copiarum
2819 1076 3097 1147 majorem
3121 1089 3457 1141 numerum,
3475 1089 3645 1146 nego·

1998 1175 2146 1233 tium
2176 1185 2555 1231 consumasse
2583 1171 2679 1237 ;et
2710 1168 2789 1223 ita
2819 1164 2930 1221 sibi
2961 1163 3166 1220 merito
3196 1162 3453 1235 palmam
3485 1178 3646 1220 com·

1999 1271 2209 1339 petere.
2242 1262 2405 1320 Unde
2422 1257 2673 1316 creditur
2704 1273 2737 1311 a
2757 1253 3005 1312 Domino
3030 1256 3428 1326 procuratum,
3462 1256 3532 1309 ιιι
3548 1253 3651 1325 qui

1998 1353 2262 1420 fideliter,
2294 1357 2348 1408 et
2378 1350 2578 1406 devote
2599 1350 2658 1403 et
2686 1360 2821 1402 cum
2842 1341 3374 1401 innumerabilibus
3395 1342 3649 1399 desuda·

1995 1446 2203 1501 verant
2230 1438 2522 1512 periculis,
2569 1434 2787 1492 laboris
2836 1433 3081 1489 fructum
3114 1435 3174 1489 et
3216 1431 3468 1489 victorio
3496 1430 3645 1488 titu-

1995 1531 2120 1589 lum
2152 1530 2531 1603 reportarent.

2614 1630 2843 1689 CAPUT
2875 1630 3026 1687 ΧΙΙΙ.

235 1709 392 1767 mitis
427 1710 749 1767 narrationi
788 1710 1024 1768 obvium
1065 1727 1129 1769 se
1158 1712 1342 1780 daret,
1381 1712 1609 1770 timoris
1638 1730 1877 1772 causam
1907 1731 1956 1798 Β
1987 1751 2189 1814 Hostes,
2214 1738 2811 1815 coqniwimperawm
2849 1753 3081 1805 recessu,
3122 1736 3335 1793 inuam
3376 1738 3638 1808 amplim‘

232 1798 538 1870 objiciens,
572 1800 726 1872 quod
749 1816 784 1856 a
811 1804 1102 1858 tantorum
1124 1804 1271 1858 coetu
1293 1801 1624 1875 principum
1647 1819 1711 1861 se
1730 1804 1875 1861 sub·

229 1886 506 1945 traxisset
533 1888 976 1961 imprudenter;
1013 1891 1369 1964 compescuit
1398 1906 1528 1950 eum
1561 1893 1875 1966 praedictus

227 1975 338 2043 vir,
369 1978 694 2035 seeundum
724 1993 963 2036 carnem
991 1979 1266 2053 inclytus,
1297 1984 1355 2038 et
1383 1982 1430 2038 si
1463 1981 1726 2039 moribus
1756 1998 1872 2038 non

210 2064 325 2135 ita,
354 2065 680 2124 willelmus
704 2068 773 2125 de
802 2068 1270 2137 Grentemaisnil,
1301 2071 1402 2143 qui
1427 2087 1595 2128 suam
1617 2080 1672 2128 et
1700 2070 1876 2128 domi-

223 2155 283 2212 ni
309 2154 636 2214 Boamundi
668 2172 923 2216 sororem
953 2157 1205 2216 babebat
1235 2175 1495 2218 uxorem.

222 2349 528 2407 Revertitur
571 2352 870 2423 imperator
904 2350 975 2409 ad
1016 2354 1243 2425 propria
1255 2371 1277 2409 .·
1322 2354 1689 2427 expeditiones
1733 2371 1872 2428 quas

293 2422 352 2476 in
380 2431 698 2479 nostrornm
726 2423 1034 2481 subsidium
1063 2424 1377 2496 colleqerat,
1418 2425 1689 2497 dissolvit,
1709 2427 1868 2485 verbo

291 2492 513 2549 eredens
540 2493 798 2562 praedicn·
827 2498 1064 2552 comitis.

293 2597 397 2655 His
433 2598 616 2673 igitur
642 2601 881 2672 auditis,
914 2607 1225 2660 convocato
1257 2606 1584 2677 principum
1610 2606 1865 2663 ‘suorum

221 2688 589 2758 consistorio,
639 2689 946 2762 deliberat,
976 2696 1170 2748 utrum
1210 2693 1640 2765 procedendum
1682 2695 1865 2765 sitsi,

216 2792 291 2833 an
322 2777 558 2835 domum
590 2781 879 2839 exercitus
916 2787 1179 2855 oporteat
1208 2800 1473 2842 revocare
1499 2802 1513 2853 ;
1548 2784 1866 2859 habitaque

211 2881 316 2938 pro
352 2871 611 2941 tempore
640 2874 698 2927 et
728 2872 954 2944 negotio
983 2870 1394 2930 deliberatione
1424 2880 1860 2947 argumentosa,

205 2957 444 3015 taudem
476 2958 548 3015 de
595 2961 893 3018 communi
942 2961 1189 3020 consilio
1218 2962 1410 3021 visum
1440 2968 1531 3022 est
1566 2965 1837 3037 expedire

201 3046 385 3104 tutius
418 3065 565 3118 esse,
597 3050 921 3109 incolumes
967 3052 1206 3110 domum
1238 3055 1525 3113 exercitus
1563 3072 1848 3125 revocare,

200 3149 371 3207 quam
404 3138 660 3195 universi
710 3140 771 3197 in
801 3156 859 3197 se
890 3142 1139 3199 excitare
1169 3143 1419 3201 Orientis
1452 3161 1666 3217 regna3
1698 3149 1757 3201 et
1785 3160 1846 3201 se

197 3223 394 3281 dubiis
425 3226 852 3285 inconsiderate
896 3231 1257 3289 committere
1308 3233 1547 3290 fortunat
1591 3234 1842 3306 casibus,

193 3316 253 3369 et
281 3313 637 3385 praeliorum.
660 3316 903 3375 Tantam
937 3319 1117 3391 igitur
1145 3322 1459 3393 imperator
1489 3323 1680 3380 verbis
1707 3342 1844 3396 prai-

192 3400 362 3459 dictis
391 3404 623 3461 comitis
645 3405 820 3463 fldem
842 3406 1130 3481 adhibuit,
1153 3414 1216 3466 ut
1242 3426 1355 3468 non
1378 3411 1565 3469 solum
1589 3412 1673 3470 ita
1698 3415 1836 3486 sore,

191 3498 360 3563 prout
382 3498 704 3553 asseruerat
736 3510 980 3563 3verum
1012 3498 1183 3556 etiam
1206 3504 1272 3556 ut
1299 3501 1530 3558 timeret
1565 3503 1718 3574 apud
1749 3520 1834 3568 se,

187 3594 261 3637 ne
289 3581 562 3655 princeps
593 3585 919 3658 preadictum
944 3587 1182 3658 nostris,
1214 3594 1282 3647 ut
1310 3590 1634 3659 dicebatur,
1663 3592 1840 3650 inter·

186 3670 425 3742 emptis,
451 3686 586 3729 cum
612 3674 875 3733 universa
898 3676 1270 3735 multitudine
1295 3696 1474 3752 quam
1495 3697 1693 3739 secum
1715 3686 1843 3739 tra-

182 3756 322 3815 here
349 3760 671 3833 dicebatur,
705 3763 764 3821 iu
798 3781 1046 3838 regnum
1069 3770 1195 3838 ejus
1224 3769 1493 3827 introiret
1514 3789 1530 3841 ;
1553 3778 1606 3829 et
1637 3788 1838 3847 quam,

184 3846 255 3904 de
284 3865 458 3921 opera
487 3856 546 3907 et
576 3854 770 3910 studio
812 3857 1310 3931 peregrinantium
1343 3859 1693 3933 principum,
1728 3862 1834 3921 Ni-

181 3950 360 3993 caeam
393 3956 526 3997 cum
557 3943 825 4001 universa
852 3946 1130 4020 Bithynia
1159 3954 1467 4022 receperat,
1503 3952 1713 4008 iterum
1739 3968 1833 4009 co·

179 4031 412 4098 geretur
433 4031 720 4089 amittere.
745 4032 1060 4095 Undebuic
1078 4038 1390 4110 providens
1413 4040 1680 4112 articulo,
1708 4043 1837 4099 uni·

177 4131 376 4175 versas
398 4121 728 4192 provincias
750 4127 824 4181 ab
851 4127 1047 4184 Iconio
1072 4145 1260 4203 usque
1289 4131 1541 4188 Nicoeam
1573 4133 1832 4205 rediens,

179 4221 215 4262 a
242 4207 442 4264 dextra
472 4207 726 4283 laevaque
755 4214 1042 4272 incendiis
1070 4222 1128 4274 et
1157 4219 1360 4292 rapina
1389 4222 1652 4278 mandari
1689 4239 1836 4295 prae-

177 4292 340 4367 cipit,
365 4302 425 4352 ut
455 4296 502 4353 si
533 4314 672 4356 casu
711 4301 972 4373 quolibet
996 4321 1131 4363 suas
1160 4309 1444 4366 adversus
1475 4311 1598 4381 ejus
1635 4312 1831 4384 impe-

176 4382 330 4439 rium
361 4383 560 4443 hostes
582 4387 794 4446 veilent
818 4392 1214 4462 expeditiones
1243 4396 1509 4469 dirigere,
1541 4399 1699 4473 regio
1729 4417 1832 4457 va-

2057 1823 2365 1891 Desperant
2392 1815 2592 1878 nostri,
2624 1811 2879 1883 obsequia
2902 1812 3133 1891 neqant.
3150 1807 3515 1894 ‚Boamundus
3544 1826 3643 1866 ur-

2057 1893 2173 1948 bem
2193 1887 2456 1955 incendit,
2500 1890 2563 1940 ut
2582 1898 2669 1941 eos
2707 1882 2771 1938 de
2791 1883 3014 1937 latrabis
3032 1881 3241 1948 eliciat,
3256 1897 3538 1953 principes
3553 1884 3644 1953 [u-

2052 1980 2181 2036 qam
2208 1960 2567 2024 meditantur,
2602 1957 2721 2013 dux
2748 1954 2974 2010 resistit.

2055 2073 2278 2130 Rumor
2305 2071 2524 2127 interea
2542 2066 2614 2122 de
2636 2080 2868 2122 recessu
2899 2062 3281 2135 imperatoris,
3315 2061 3636 2119 multorum

1980 2160 2361 2219 relationibus
2391 2159 2595 2214 urbem
2619 2152 2960 2228 repleverat,
2984 2151 3084 2224 qui
3114 2154 3172 2208 et
3192 2148 3472 2208 molestiis
3490 2151 3635 2223 qui-

1980 2251 2091 2308 bus
2119 2246 2533 2322 premebantur
2574 2245 2955 2311 incessanter,
2989 2240 3203 2311 adjecit
3239 2238 3545 2296 cumulum
3578 2242 3636 2296 et

1980 2339 2040 2395 in
2071 2334 2496 2410 desperationis
2524 2331 2866 2390 barathrum
2897 2343 3102 2387 omnes
3134 2342 3279 2401 pene
3307 2327 3465 2384 dedit
3494 2343 3634 2400 prn-

1980 2427 2204 2500 cipites.
2226 2423 2659 2483 Abominantur
2700 2418 2959 2494 praedicti
2991 2416 3222 2475 comitis
3248 2419 3307 2473 et
3334 2415 3394 2472 in
3424 2431 3632 2489 perpe-

1976 2521 2144 2575 tuum
2166 2517 2450 2573 damnant
2468 2511 2830 2578 memoriam,
2853 2513 3231 2566 exsecrantur
3258 2505 3627 2564 Willelmum

1977 2609 2049 2665 de
2076 2601 2532 2664 Grentemaisnil
2562 2605 2621 2659 et
2657 2615 2864 2656 omnes
2893 2598 3053 2654 illius
3094 2596 3413 2668 impietatis
3444 2596 3630 2669 parti-

1976 2698 2151 2770 cipeS,
2183 2695 2568 2767 imprecantes
2596 2695 2663 2746 ut
2696 2704 2826 2746 cum
2862 2686 3153 2761 proditore
3180 2685 3336 2742 Juda
3364 2685 3425 2740 in
3457 2688 3628 2742 aiter-

1973 2787 2064 2843 nis
2094 2783 2380 2843 incendiis
2410 2781 2663 2838 babeant
2709 2778 3035 2851 portionem
3068 2791 3082 2831 ι
3115 2776 3219 2847 qui
3267 2791 3383 2833 non
3428 2775 3623 2831 solum

1972 2874 2383 2935 communibus
2396 2889 2458 2930 se
2474 2865 3217 2937 subtraxeruntlaboribus,
3232 2882 3432 2923 verum
3445 2865 3621 2922 etiam

1968 2972 2154 3036 tanto,
2177 2964 2333 3040 quod
2364 2963 2448 3021 eis
2480 2961 2783 3019 videbatur
2803 2958 3091 3015 Dominus
3113 2971 3492 3030 properasse,
3525 2953 3625 3013 Dei

1969 3056 2251 3131 populum
2283 3054 2777 3112 defraudaverunt
2808 3048 3095 3106 subsidio.
3145 3048 3219 3103 At
3246 3062 3381 3104 vero
3411 3046 3621 3103 Corba-

1877 3118 1930 3186 C
1957 3146 2121 3219 gath,
2152 3153 2205 3203 et
2234 3144 2338 3218 qui
2366 3144 2425 3199 in
2450 3141 2658 3200 castris
2688 3140 2817 3210 ejus
2842 3141 3010 3195 erant
3039 3137 3334 3209 principes
3358 3135 3618 3205 maximi,

1952 3236 2124 3293 sicuti
2147 3234 2378 3308 cognito
2404 3249 2504 3304 per
2516 3230 2908 3303 exploratores
2931 3225 3300 3299 imperatoris
3329 3225 3612 3294 adventu,

1951 3324 2223 3398 suspensi
2272 3322 2481 3379 merito
2520 3319 2886 3386 tenebantur,
2918 3316 3189 3386 viresque
3236 3314 3361 3386 eJus
3400 3329 3607 3386 suspe-

1948 3417 2072 3471 ctas
2101 3412 2406 3480 habentes,
2437 3409 2613 3467 robur
2653 3406 2884 3480 imperii
2918 3421 3031 3463 non
3063 3402 3357 3461 immerito
3404 3402 3606 3460 formi-

1948 3502 2166 3559 dabant
2192 3518 2209 3570 ;
2238 3500 2319 3557 ita
2339 3515 2496 3557 nunc
2522 3502 2729 3554 notum
2761 3512 2865 3568 per
2893 3496 3131 3553 eosdem
3162 3493 3294 3567 ejus
3325 3491 3607 3549 habentes

1947 3592 2293 3660 discessum,
2327 3590 2384 3646 in
2418 3588 2699 3659 majorem
2733 3602 2797 3643 se
2835 3585 3067 3656 erigunt
3105 3580 3483 3640 insolentiam
3506 3598 3522 3651 ;
3546 3586 3605 3639 et

1948 3681 2118 3754 quasi
2152 3681 2222 3737 de
2270 3678 2511 3737 victoria
2548 3681 2706 3734 certa
2752 3691 2855 3749 spe
2883 3680 3178 3745 concepta,
3210 3675 3443 3729 nostros
3475 3672 3600 3729 ani-

1948 3770 2173 3827 mosius
2203 3767 2691 3840 comprimebant,
2722 3770 2777 3821 et
2807 3762 3273 3836 coangustabant
3294 3761 3595 3818 attentius.

1945 3862 2112 3919 Unde
2141 3861 2339 3928 tiebat,
2373 3864 2435 3916 ut
2476 3860 2534 3916 in
2568 3862 2730 3914 tanta
2758 3860 2971 3918 essent.
3002 3853 3201 3912 fideles
3240 3853 3337 3928 qui
3364 3852 3426 3910 iu
3457 3852 3598 3910 urbe

1945 3956 2129 4020 erant,
2166 3950 2521 4021 calamitate,
2551 3954 2605 4005 et
2638 3945 2978 4019 multiplicis
2999 3943 3245 4002 miserim
3277 3942 3597 4000 novissimo

1943 4042 2270 4112 constituti,
2303 4044 2369 4097 ut
2388 4040 2514 4112 jam
2548 4054 2653 4095 nec
2681 4036 2891 4094 salutis
2924 4050 3081 4107 spes,
3113 4048 3218 4090 nec
3248 4030 3595 4090 consolatio·

1943 4131 2033 4188 nis
2061 4132 2155 4191 via
2184 4130 2304 4187 ulla
2344 4144 2654 4202 superesse
2684 4126 2992 4183 videretur.
3023 4124 3297 4195 Adeoque
3326 4120 3594 4178 invalue-

1939 4225 2315 4279 ratetomnes
2338 4221 2717 4292 occupaverat
2739 4214 3064 4287 desperatio
3089 4220 3171 4281 ut,
3191 4212 3596 4270 circumeunte

1939 4310 2176 4368 domino
2205 4309 2547 4366 Boamundo
2575 4306 2895 4375 civitatem,
2919 4302 3011 4361 cui
3037 4317 3212 4375 super
3239 4316 3444 4357 omnes
3465 4299 3599 4356 uni-

1935 4400 2091 4457 versi
2119 4398 2407 4456 exercitus
2436 4414 2574 4454 cura
2613 4394 2931 4454 commissa
2979 4397 3103 4449 erat
3149 4388 3454 4462 generalis,
3485 4404 3594 4445 nec

177 4473 330 4529 stata
376 4472 671 4533 alimentis
715 4494 938 4550 carens,
988 4485 1046 4537 et
1096 4482 1525 4543 habitatoribus
1572 4488 1827 4559 viduata,
1859 4492 1906 4558 Ι)
1935 4488 2129 4554 verbo,
2161 4503 2265 4544 nec
2295 4484 2632 4543 verberibus
2679 4482 3002 4555 quidquam
3049 4478 3373 4550 proliceret,
3405 4481 3472 4533 ιιι
3495 4477 3591 4535 vel

174 4560 409 4635 aliquod
441 4562 648 4623 saltem
672 4568 1022 4628 ministraret
1052 4571 1579 4646 impedimentium.
1613 4577 1826 4652 Sicque
1937 4592 2123 4634 unum
2152 4576 2225 4632 de
2241 4573 2588 4632 domibusin
2620 4572 2836 4644 quibus
2856 4570 3187 4635 latitabant,
3214 4570 3412 4640 posset
3432 4565 3593 4623 avel-

173 4650 387 4709 factum
416 4658 528 4725 est,
561 4658 625 4711 ut
653 4673 753 4726 per
779 4675 1016 4731 operam
1059 4664 1313 4734 praedicti
1351 4665 1601 4733 comitis,
1634 4666 1826 4724 subsi-

172 4739 358 4810 dium,
390 4745 541 4815 quod
575 4760 643 4802 ex
673 4750 1100 4821 compromisso
1141 4754 1399 4811 conferre
1430 4761 1668 4828 paratus
1696 4762 1822 4815 erat

171 4827 509 4904 imperator,
541 4833 906 4895 Christianus
945 4855 1013 4896 eo
1044 4841 1362 4913 plurimum
1394 4843 1664 4919 indigens
1705 4864 1820 4906 non

174 4915 415 4974 haberet
443 4924 744 4983 exercitus.
771 4928 1291 4989 considerantibus
1315 4936 1513 4992 tamen
1547 4937 1817 5009 interius,

174 5009 235 5064 et
278 5021 400 5063 rem
448 5018 955 5080 perscrutantibus
1004 5020 1334 5095 diligenter,
1383 5024 1564 5081 videri
1607 5032 1819 5099 potest,

173 5094 282 5153 etsi
313 5097 574 5168 predicti
605 5103 834 5161 comitis
865 5121 1011 5178 opus
1057 5110 1394 5171 nullatenus
1430 5113 1615 5172 valeat
1643 5133 1820 5174 excu-

173 5185 313 5256 sari,
345 5190 545 5260 utpote
582 5189 846 5250 vitiosam
892 5194 1112 5253 babens
1149 5199 1433 5274 originem
1483 5207 1543 5259 et
1580 5220 1818 5263 causam

171 5277 421 5347 primam
463 5279 535 5336 ab
583 5280 888 5341 honestate
932 5284 1395 5360 dissentientem,
1437 5299 1629 5351 tamen
1660 5296 1817 5366 quod

171 5376 242 5421 ex
267 5380 335 5423 eo
364 5367 746 5429 subsecutum
776 5377 887 5442 est,
920 5389 987 5431 eo
1018 5386 1362 5448 procurante
1393 5381 1489 5451 qui
1519 5382 1681 5440 solus
1712 5399 1820 5455 po-

169 5454 284 5509 test
309 5457 369 5511 et
396 5456 556 5513 novit
584 5458 656 5516 ad
701 5461 964 5520 meliores
1026 5464 1241 5534 exitus,
1287 5468 1460 5525 etiam
1503 5485 1633 5544 quae
1662 5472 1818 5530 malo

169 5545 312 5601 sunt
338 5542 612 5603 inchoata
657 5549 944 5622 principio
976 5553 1331 5626 pertrahere,
1378 5558 1439 5614 in
1476 5562 1816 5619 eorumdem

1933 4665 2078 4734 lere;
2101 4668 2159 4723 et
2179 4667 2250 4722 ad
2269 4663 2624 4738 peragendas
2646 4659 2940 4730 excubiae,
2955 4658 3046 4715 vel
3064 4659 3134 4715 ad
3159 4656 3590 4715 occurrendum

1934 4755 2221 4822 hostibus,
2255 4753 2548 4810 siveintus
2580 4751 2700 4807 sive
2725 4755 2912 4818 extra,
2944 4764 3196 4821 quorum
3224 4745 3590 4818 multiplices

1931 4844 2308 4917 patiebantur
2336 4840 2603 4911 insidias,
2646 4840 2954 4897 destinare.
2998 4836 3160 4895 Unde
3184 4836 3276 4892 die
3303 4835 3583 4907 quadam,

1932 4932 2258 5005 defatigatis
2278 4929 2646 4989 vociferando
2666 4928 3026 5002 praeconibus
3046 4930 3102 4983 et
3123 4922 3584 4997 apparitoribus,

1931 5025 2144 5082 iniecto
2173 5022 2404 5095 negotio
2425 5020 2694 5088 reversis,
2717 5034 2852 5075 cum
2875 5015 3260 5087 videretquod
3290 5012 3581 5070 inutiliter

1929 5130 2165 5187 operam
2195 5116 2630 5181 consumerent,
2662 5124 2766 5166 nec
2786 5108 3042 5179 aliquem
3073 5105 3145 5163 de
3172 5102 3414 5161 latebris
3445 5119 3586 5176 pos-

1930 5209 2020 5264 set
2047 5204 2311 5271 educere,
2340 5202 2398 5258 in
2440 5200 2582 5257 locis
2630 5198 2902 5272 plurimis
2944 5196 3215 5254 incendia
3269 5209 3372 5266 per
3401 5192 3582 5250 mini·

1929 5299 2080 5352 stros
2128 5309 2267 5350 suos
2314 5289 2610 5363 procurari
2644 5288 2815 5360 jubet
2850 5291 2907 5344 et
2938 5288 3143 5344 urbem
3183 5283 3483 5351 succendi,
3518 5289 3582 5340 ut

1929 5386 2139 5443 saltem
2190 5380 2591 5440 incendiorum
2641 5381 2798 5435 metu
2828 5376 3129 5451 prodirent
3156 5375 3217 5431 in
3249 5372 3578 5445 publicum,

1927 5475 2027 5549 qui
2059 5472 2376 5546 congelatis
2403 5469 2743 5540 visceribus,
2772 5467 3051 5541 obsequio
3079 5464 3275 5523 divino
3306 5463 3575 5521 studium

1926 5563 2220 5638 negabant
2244 5565 2305 5620 et
2333 5576 2592 5635 operam,
2623 5557 2779 5616 unde
2809 5557 3025 5618 iactum
3072 5557 3184 5627 est,
3228 5557 3295 5612 ut
3322 5568 3575 5627 quorum
