3784 6000
1119 210 1322 275 HIST.
1368 209 1647 275 RERUM
1691 208 2244 277 TRANSMAmN.
2288 242 2369 257 —
2409 209 2554 273 Lm.
2600 211 2655 273 1.

3463 208 3588 273 230

170 339 408 413 gebant,
440 356 612 399 amor
636 339 739 399 Dei
768 345 827 398 et
856 342 1103 414 proximi
1136 345 1260 403 leve
1287 345 1444 415 iacit,
1478 346 1617 419 qnia
1656 349 1817 418 tonis
1848 349 1903 417 Α
1933 344 2259 404 detestabili
2288 344 2595 402 desisteret
2623 344 3098 418 przesumptione.
3129 345 3315 411 Quem
3366 359 3581 417 praece-

171 437 271 498 est,
300 435 366 486 ut
393 447 563 501 mors,
596 431 813 487 dilectio
840 431 1026 505 (Cant.
1060 450 1180 502 vin,
1201 435 1278 508 6).
1322 436 1474 493 Fides
1503 437 1684 508 igitur
1728 452 1825 508 per

171 519 527 576 &unionem
552 535 785 591 operans
810 529 887 578 est
908 521 1051 593 (Gal.
1073 539 1127 591 v,
1147 523 1228 594 6),
1261 539 1389 596 quae
1421 525 1575 596 apud
1610 529 1664 582 te
1697 542 1821 582 me·

176 613 452 668 returtet
484 610 715 678 merita,
746 611 897 682 apud
923 613 1112 667 tenon
1136 614 1495 670 suntotiosa.
1521 614 1685 671 Unde
1716 630 1821 671 nec

176 699 271 755 diu
302 698 596 755 fluctuare
626 699 914 769 permittis
936 715 1164 756 servum
1197 705 1365 758 tuum
1395 704 1522 769 ;se¹l
1548 703 1823 775 teipsum

179 787 533 843 manifestas
562 786 693 843 siet
720 790 823 843 tua
865 802 999 844 eum
1044 789 1390 846 revelatione
1441 793 1686 857 solidas,
1753 807 1825 847 ne

176 874 433 943 vacillet,
462 875 873 949 Apoealypsim
914 877 1242 947 insinuans,
1276 895 1379 951 per
1407 896 1582 952 quam
1620 897 1824 936 exsur-

174 973 266 1038 gat
298 964 515 1021 sortior
541 965 613 1021 ad
646 980 793 1036 opus
821 964 1125 1023 eharitatis
1163 967 1552 1038 implendum.
1606 969 1823 1026 Accidit

174 1055 329 1111 enim
362 1053 623 1125 quadam
651 1055 763 1122 die,
795 1054 937 1111 dum
960 1057 1269 1127 praedictus
1300 1056 1400 1112 Dei
1436 1057 1692 1114 famulus
1723 1075 1824 1131 pro

179 1144 367 1198 reditu
401 1143 480 1198 ad
502 1142 735 1215 propria
753 1148 812 1199 et
832 1160 935 1216 pro
954 1144 1247 1216 implenda
1276 1145 1557 1218 legatione
1589 1164 1824 1205 assum·

176 1238 293 1302 pta,
320 1229 591 1304 amplius
620 1230 790 1290 solito
811 1238 965 1290 esset
993 1233 1299 1302 sollicitus,
1324 1236 1394 1292 ad
1419 1235 1639 1293 fontem
1658 1236 1823 1293 mise·

176 1321 573 1377 ricordiarum
622 1325 745 1379 tota
812 1320 1113 1380 devotione
1158 1339 1485 1391 recurrens,
1518 1327 1823 1383 ecclesiam

178 1409 503 1466 Dominico
550 1410 1013 1470 Resurrectionis
1049 1415 1348 1484 ingressus
1396 1419 1504 1471 est.
1548 1413 1654 1470 Ubi
1688 1431 1823 1471 cum

177 1504 560 1570 pernoctans,
589 1501 954 1560 orationibus
981 1501 1316 1576 vigiliisque
1361 1505 1637 1576 fatigatus
1675 1509 1830 1561 esset

174 1586 508 1660 impendio,
532 1588 732 1647 labore
758 1589 966 1659 victus,
997 1591 1057 1648 in
1091 1594 1413 1664 pavimento
1436 1593 1731 1663 decubuit,
1765 1597 1831 1650 ut

178 1692 391 1737 somno
420 1678 790 1737 satisfaceret
826 1680 1090 1738 irruenti.
1124 1683 1386 1756 Cumque
1416 1700 1592 1756 sopor
1622 1685 1709 1754 (ut
1741 1699 1826 1739 so·
1862 1721 1906 1785 Β

180 1765 277 1838 let)
304 1764 706 1824 seinl'udisset
730 1768 933 1837 altius,
965 1769 1128 1827 visus
1156 1775 1246 1827 est
1260 1772 1309 1827 ei
1329 1771 1610 1829 Dominus
1633 1776 1825 1828 noster

182 1858 347 1913 lesus
378 1857 673 1928 Christus,
713 1859 881 1930 quasi
933 1874 1129 1915 coram
1176 1860 1401 1931 positus
1438 1861 1718 1928 astitisse,
1770 1865 1828 1917 et

183 1948 449 2003 eamdem
483 1947 805 2018 injunxisse
835 1946 1184 2020 legationem
1218 1950 1453 2006 dicens:
1504 1950 1695 2021 Surye,
1717 1950 1829 2006 Pe-

184 2045 283 2104 tre,
306 2051 586 2109 proper-cu
621 2042 677 2091 et
705 2051 826 2110 (με
881 2038 990 2094 tibi
1031 2046 1159 2093 sunt
1191 2039 1464 2107 iniuncta,
1515 2041 1830 2112 intrepidus

186 2141 383 2196 pet-aye
406 2142 425 2178 .·
447 2125 718 2196 eoofcnim
739 2132 918 2182 tecum
948 2143 1059 2184 ero.
1098 2128 1320 2198 Tempus
1334 2134 1417 2185 est
1447 2131 1592 2184 enim
1621 2135 1683 2183 ut
1698 2144 1829 2199 pur-

189 2224 383 2285 aeneur
409 2219 624 2281 sancta,
652 2221 706 2270 et
732 2219 908 2273 servis
932 2217 1069 2273 meis
1133 2216 1512 2273 subveniatur.
1550 2218 1831 2289 Experge-

193 2307 375 2360 iactus
410 2303 642 2373 Petrus,
674 2308 731 2361 et
748 2305 974 2363 visione
1001 2322 1180 2378 quam
1229 2308 1451 2363 viderat
1471 2307 1829 2364 confortatus

193 2396 245 2449 in
276 2393 556 2462 Domine,
577 2393 767 2451 factus
796 2395 865 2451 ad
889 2395 1277 2452 obediendum
1310 2396 1638 2467 proclivior,
1665 2396 1829 2452 etdi-

194 2484 385 2539 vinam
415 2483 875 2541 admonitionem
904 2489 1165 2552 secutus,
1200 2501 1394 2542 moras
1422 2487 1641 2558 rumpit
1665 2486 1834 2559 impi-

196 2587 305 2644 ger,
338 2573 415 2628 ad
450 2571 815 2629 redeundum
866 2573 1181 2629 accinctus.
1232 2574 1486 2631 Perectis
1539 2576 1716 2647 igitur
1763 2577 1836 2632 de

200 2675 351 2715 more
380 2659 775 2728 orationibus,
807 2666 1154 2734 sumptaque
1176 2678 1208 2718 a
1237 2664 1472 2718 domino
1504 2663 1835 2736 patriarcba

200 2748 428 2804 licentia
444 2752 506 2805 et
537 2748 846 2820 impetrata
868 2749 1269 2806 benedictione
1298 2752 1366 2807 ad
1404 2768 1559 2809 mare
1587 2751 1834 2809 descen-

201 2840 291 2909 dit,
326 2856 539 2897 navem
570 2842 652 2897 ibi
683 2841 973 2913 reperiens
1007 2847 1424 2914 mercatorum,
1461 2845 1556 2916 qui
1591 2845 1651 2901 in
1679 2848 1837 2917 Apu-

203 2929 326 2987 liam
360 2929 1194 3004 transfretareproposuerant.
1227 2932 1409 2997 Quam
1443 2934 1751 3005 ingressus,
1781 2938 1838 2991 et

1935 438 2049 508 ptis
2079 434 2435 491 salutaribus
2463 436 2906 499 commonitum,
2945 449 3078 491 cum
3128 448 3397 490 revocare
3453 448 3569 488 nou

1936 530 2149 597 posset,
2173 524 2403 580 vinculo
2416 524 2804 579 anathematis
2831 523 3149 579 innodavit.
3167 522 3330 587 Quod
3356 522 3575 577 iactum

1935 614 2112 671 nimis
2142 613 2376 686 indigne
2410 614 2596 669 ferens
2647 614 2980 683 imperator,
3025 611 3348 669 Romanam
3407 610 3580 682 coepit

1937 703 2249 760 Ecclesiam
2290 704 2582 775 persequi,
2614 709 2669 757 et
2717 702 2955 758 domino
3008 718 3169 774 papae
3224 699 3577 757 Guibertum

1935 797 2323 849 Ravennatem
2368 793 2892 864 archiepiscopum,
2923 790 3112 846 virum
3175 790 3490 846 litteratum
3525 795 3583 847 et

1934 882 2279 954 locupletem
2313 878 2846 947 nimis,'suscitavit
2894 879 3312 937 adversarium.
3355 878 3466 945 Qui
3513 878 3585 934 de

1935 970 2155 1027 viribus
2194 969 2563 1042 imperatoris
2604 985 2965 1040 proesumens
2999 974 3056 1024 et
3084 970 3154 1025 de
3201 967 3581 1024 multitudine

1935 1060 2267 1117 divitiarum
2300 1060 2572 1127 conlisus,
2604 1060 2838 1116 excluso
2869 1058 3149 1114 violenter
3176 1058 3452 1130 praedicto
3484 1073 3578 1114 ve-

1934 1148 2176 1206 nerabili
2208 1148 2352 1213 viro,
2383 1149 2580 1205 sedem
2613 1148 2824 1203 invasit
2856 1145 3246 1220 apostolicam
3282 1161 3295 1200 :
3333 1147 3412 1201 ita
3441 1144 3584 1201 deli-

1936 1256 2035 1296 rus
2071 1245 2129 1296 et
2159 1241 2231 1296 ab
2262 1238 2588 1296 intellectus
2621 1238 2956 1295 sinceritate
2985 1237 3287 1305 deficiens,
3313 1241 3380 1292 ut
3415 1235 3474 1291 id
3520 1249 3585 1292 se

1934 1345 2063 1385 esse
2092 1328 2364 1391 crederet,
2395 1327 2550 1400 quod
2581 1326 2721 1382 falso
2763 1326 3089 1382 dicebatur.
3124 1328 3390 1396 Cumque
3419 1322 3584 1396 prius

1936 1415 2134 1473 infelix
2168 1416 2493 1473 mundusin
2519 1414 2776 1487 maligno
2802 1415 3054 1486 positus,
3076 1413 3199 1469 vias
3240 1416 3587 1485 sequeretur

1938 1504 2314 1578 periculosas,
2339 1509 2401 1562 ut
2428 1503 2829 1575 praediximus,
2851 1511 2906 1559 et
2935 1501 3196 1565 inutiles,
3220 1500 3404 1573 huJus
3433 1496 3584 1557 schi-

1937 1594 2146 1651 smatis
2167 1593 2466 1650 occasione
2497 1593 2566 1649 ad
2600 1591 2890 1649 deteriora
2920 1591 3181 1660 declivis,
3216 1605 3448 1647 omnem
3475 1587 3584 1645 Dei

1936 1687 1994 1741 et
2024 1682 2326 1739 bominum
2359 1686 2487 1754 post
2518 1686 2742 1754 tergum
2767 1679 3022 1748 dederat,
3049 1679 3450 1744 reverentiam,
3483 1692 3589 1734 no·

1938 1773 2027 1829 xia
2075 1786 2323 1844 sequens
2380 1776 2437 1828 et
2493 1771 2792 1826 declinans
2843 1769 3139 1826 salutaria.
3190 1767 3587 1840 capiebantur

1937 1859 2598 1934 pontificeszetquilibet
2628 1857 3265 1929 ecclesiarumpraelati,
3299 1861 3583 1925 tanquam

1937 1949 2383 2009 homicidiorum
2405 1949 2507 2016 rei,
2530 1948 3020 2019 mancipabantur
3039 1945 3396 2010 carceribus,
3412 1943 3585 2002 bonis
3691 1940 3702 1957 “

1938 2054 2138 2096 eorum
2169 2039 2520 2107 confiscatis,
2543 2037 2873 2109 quicunque
2900 2033 3308 2107 imperatoriin
3339 2032 3450 2089 hac
3473 2048 3584 2089 sua

1941 2127 2308 2198 perversitate
2341 2144 2454 2183 non
2486 2130 2652 2182 erant
2682 2124 3130 2180 eonsentientes.
3155 2123 3269 2178 Nec
3300 2120 3488 2178 solum
3507 2121 3578 2177 ad

1939 2220 2170 2287 tempus
2201 2218 2285 2273 eis
2318 2215 2728 2287 irrogabantur
2758 2212 3006 2284 injurias,
3035 2228 3231 2269 verum
3247 2209 3496 2268 exclusis
3519 2208 3580 2265 in

1939 2312 2307 2380 perpetuum,
2334 2304 3181 2361 intrudebantursuccessores.
3199 2300 3453 2373 Fugiens
3472 2298 3585 2372 igi-

1942 2398 2039 2452 tur
2058 2395 2330 2452 dominus
2344 2410 2489 2466 papa
2510 2394 2821 2466 Gregorius
2843 2392 2921 2447 im
2929 2390 3209 2463 peratoris
3228 2387 3585 2462 indignatio-

1943 2501 2095 2546 nem.
2130 2486 2189 2540 iu
2213 2483 2479 2556 Apuliam
2512 2486 2846 2551 secesserat,
2880 2480 2978 2538 ubi
3002 2497 3036 2537 a
3064 2479 3303 2535 domino
3335 2476 3591 2534 Roberto

1941 2572 2311 2639 Guiscbardi,
2341 2571 2563 2644 Apuliae
2592 2573 2738 2628 duce
2766 2572 3005 2627 honeste
3031 2572 3344 2641 susceptus
3371 2570 3481 2631 est,
3533 2569 3592 2623 et

1944 2663 2194 2736 benigne
2224 2667 2523 2728 tractatus,
2544 2663 2712 2733 cujus
2757 2661 2930 2716 etism
2986 2656 3264 2715 beneflcio
3324 2653 3585 2728 praedicti

1945 2755 2024 2810 im
2034 2753 2311 2826 peratoris
2336 2770 2544 2809 manus
2572 2755 2849 2809 evaserat.
2872 2750 3129 2807 Tandem
3153 2747 3464 2806 Salernum
3496 2761 3589 2803 ve·

1948 2845 2139 2912 niens,
2161 2842 2241 2899 ibi
2263 2843 2419 2898 diem
2451 2842 2580 2897 vitae
2602 2841 2814 2897 clausit
2843 2848 3190 2895 extremum:
3215 2834 3593 2908 ubietsepul·

1947 2935 2043 2989 tus
2067 2936 2172 2988 est.
2196 2931 2321 3000 Cul,
2348 2933 2475 3004 post
2492 2930 2793 2986 dominum
2815 2927 3133 2997 Victorem,
3160 2923 3418 2998 quisolis
3442 2924 3592 2980 duo-

204 3037 466 3093 prospera
490 3036 640 3078 usus
670 3019 1066 3092 navigatione,
1111 3022 1321 3078 Barum
1369 3024 1649 3094 pervenit.
1696 3023 1837 3081 Inde
1949 3021 2057 3079 bus
2090 3019 2391 3077 mensibus
2406 3026 2680 3092 posteum
2714 3019 2906 3074 sedem
2936 3014 3288 3080 obtinuerat,
3312 3011 3594 3070 successit

206 3109 436 3166 Romam
473 3110 788 3182 proiectus,
810 3110 1115 3168 dominum
1131 3128 1335 3183 papam
1370 3112 1659 3169 Urbanam
1683 3113 1837 3170 circa
1866 3089 1911 3158 C
1950 3110 2221 3167 dominus
2251 3106 2559 3180 pradictus
2588 3107 2880 3178 Urbanus,
2910 3106 3012 3178 qui
3035 3102 3263 3161 ilenrici
3296 3100 3595 3160 nihilomi-

208 3207 379 3267 partes
410 3197 541 3254 illas
562 3197 799 3270 reperit,
819 3199 911 3256 cui
943 3199 1168 3255 domini
1203 3200 1547 3270 patriai-chre
1576 3206 1633 3257 et
1682 3201 1830 3258 lide-

206 3285 337 3342 lium
369 3287 471 3358 qui
504 3285 917 3358 Hierosolymis
942 3287 1540 3356 babitabant,litteras
1557 3291 1828 3363 porrigit3

208 3390 516 3448 eorumque
543 3376 780 3447 exponit
800 3375 1062 3434 miserius
1093 3382 1152 3433 et
1192 3379 1650 3436 abominationes
1708 3398 1831 3452 quae

212 3464 260 3517 in
289 3464 428 3521 locis
456 3465 676 3522 sanctis
705 3464 923 3522 flebant
949 3468 1238 3537 agentibu
1266 3468 1577 3525 immundis
1606 3489 1621 3539 ;
1653 3478 1706 3525 et
1736 3471 1830 3526 in·

211 3553 451 3622 junctam
470 3553 585 3610 sibi
605 3561 721 3610 tam
737 3553 1005 3624 fideliter,
1034 3572 1208 3627 quam
1234 3558 1569 3629 prudenter,
1585 3561 1836 3633 exsequi·

218 3648 300 3697 tur
328 3643 703 3716 legationem.

813 3753 1045 3811 CAPUT
1075 3755 1222 3811 xm.

218 3861 281 3916 De
302 3861 680 3918 controversia
703 3863 851 3918 inter
872 3864 1255 3934 imperatorem
1287 3867 1601 3936 Hem-icum,
1625 3871 1675 3926 ct
1705 3867 1837 3924 Gre-

275 3937 489 4001 eorium
544 3950 747 4005 papam
791 3934 1086 4004 septimum
1114 3951 1134 3989 .·
1165 3942 1221 3991 et
1265 3939 1526 4009 quomodo
1590 3940 1837 3998 Urbanus

274 4007 389 4074 ejus
415 4020 710 4070 successor,
741 4006 971 4062 Petrum
1015 4006 1082 4061 ab
1129 4008 1485 4080 let-osolymis
1533 4027 1837 4077 reversum,

276 4078 512 4149 benique
529 4076 789 4148 suscepit.

274 4189 449 4243 Porro
479 4203 584 4259 per
613 4200 797 4241 annos
827 4189 962 4242 ante
1000 4187 1245 4259 aliquot,
1308 4189 1589 4247 Henricus
1627 4191 1841 4247 Teuto-

216 4274 464 4333 nieorum
497 4290 620 4342 rex,
678 4282 733 4330 et
781 4274 936 4331 idem
988 4276 1386 4333 Romanorum
1428 4279 1764 4351 imperator,
1805 4297 1840 4338 a

216 4365 438 4421 domino
465 4363 747 4437 Gregorio
781 4380 931 4435 papa
962 4366 1232 4436 septimo,
1256 4368 1434 4434 buius
1453 4368 1667 4425 Urbani
1694 4387 1837 4442 proe-

1941 3217 2077 3266 nus,
2103 3198 2360 3271 praedicti
2394 3196 2619 3254 Henrici
2650 3195 3024 3262 successoris,
3052 3194 3108 3250 in
3133 3190 3335 3250 eadem
3366 3190 3595 3249 malitia

1940 3281 3592 3357 obstinati,fu¹·oremdeclinans,locismunitioribusapud

1940 3398 2081 3441 suos
2096 3380 2294 3437 fideles
2306 3377 2698 3444 delitescebat,
2721 3390 3004 3447 nusquam
3024 3369 3595 3445 plenesecurus.Hic

1942 3473 2000 3529 in
2016 3471 2234 3527 illasua
2247 3468 2595 3525 adversitate
2608 3466 2987 3533 constitutus,
3006 3462 3347 3536 pradictum
3361 3460 3590 3518 Petrum

1941 3560 2131 3617 virum
2162 3556 2553 3615 venerabilem
2568 3556 2639 3611 ab
2664 3552 3081 3626 Hierosolymis
3122 3565 3448 3621 reversum,
3468 3551 3593 3622 jam

1943 3651 2107 3710 dictoe
2137 3649 2445 3722 legationis
2460 3647 2795 3719 fungentem
2811 3640 3001 3700 officio
3026 3642 3278 3712 benigne
3305 3637 3589 3712 suscepit?

1945 3742 2001 3793 et
2019 3736 2070 3792 ei
2102 3735 2160 3790 in
2183 3733 2378 3800 verbe,
2411 3733 2582 3802 cujus
2614 3728 2841 3799 bajulus
2870 3730 3011 3791 erat,
3034 3741 3096 3782 se
3122 3724 3349 3780 fidelem
3390 3737 3592 3793 ooope-

1944 3829 2195 3881 ratorem
2226 3827 2485 3893 tempore
2514 3819 2745 3889 accepto
2763 3812 3130 3888 [repromisit.
3159 3813 3362 3869 Petrus
3400 3813 3599 3867 autem

1945 3929 2177 3971 omnem
2245 3916 2653 3967 transcurrens
2704 3904 2955 3971 ltaliam,
3000 3901 3124 3958 zelo
3190 3899 3388 3957 divino
3453 3913 3593 3955 suc-

1946 4019 2175 4069 census,
2224 4000 2399 4071 Alpes
2454 3994 2770 4061 transiens,
2828 3991 3228 4049 Occidentales
3285 3987 3586 4062 principes

1948 4108 2149 4153 omnes
2165 4088 2507 4162 singulatim
2536 4084 2759 4152 circuit,
2779 4083 2960 4139 instat
2972 4080 3282 4147 sollicitus,
3306 4078 3591 4151 increpat,

1948 4182 2137 4253 arguit
2167 4196 2182 4247 ;
2216 4183 2391 4251 atque
2419 4178 2765 4247 cooperante
2790 4172 2998 4246 gratia,
3030 4171 3318 4228 monendo
3350 4167 3595 4239 quibus-

1949 4271 2083 4328 dam
2120 4269 2446 4342 persuadet,
2490 4273 2550 4322 ut
2618 4262 2896 4321 tratribus
2944 4261 3004 4318 in
3057 4264 3220 4316 tanta
3275 4257 3599 4315 afflictione

1951 4361 2152 4434 positis
2197 4356 2504 4415 subvenire
2560 4370 2676 4412 non
2730 4352 3047 4419 differant;
3099 4359 3154 4406 st
3194 4348 3323 4406 loca
3365 4350 3598 4417 sancta,

218 4451 505 4511 decessore
536 4469 748 4525 passus
777 4454 966 4510 fuerat
992 4456 1372 4526 quaestionem
1415 4462 1469 4513 et
1508 4465 1836 4517 controver-
1871 4459 1920 4525 D
1950 4468 2076 4524 quae
2107 4449 2389 4506 Dominus
2421 4444 2652 4519 propria
2683 4443 2954 4515 dignatus
2986 4444 3077 4497 cst
3104 4439 3402 4496 illustrare
3455 4453 3607 4509 proe-

218 4540 351 4597 siam
372 4557 486 4598 non
506 4540 822 4608 modicam,
846 4556 1018 4611 super
1051 4542 1269 4600 annulo
1291 4544 1698 4602 defunctorum
1719 4547 1844 4620 epi·

216 4644 534 4703 scoporum,
564 4634 623 4686 et
650 4628 876 4687 baculo.
907 4631 1228 4689 luoleverat
1270 4634 1428 4690 enim
1460 4636 1840 4706 consuetudo,

217 4722 529 4793 presertim
560 4721 1067 4793 inimperio,quod
1083 4723 1540 4797 defungentibus
1570 4727 1839 4786 ecclesia-

219 4826 337 4867 rnm
369 4808 646 4884 prelatis,
679 4811 937 4867 annulus
965 4817 1023 4868 et
1047 4813 1209 4885 virga
1232 4814 1537 4885 pastoralis
1568 4818 1637 4874 ad
1664 4819 1846 4874 domi-

218 4913 349 4957 num
381 4901 796 4972 imperatorem
842 4900 1219 4973 dirigebatur.
1253 4902 1417 4960 Unde
1467 4908 1843 4977 postmodum

220 4987 710 5061 unumquemlibet
738 4988 810 5045 de
841 4989 1231 5047 familiaribus
1269 5000 1325 5048 et
1372 4994 1691 5066 capellanis
1720 4996 1844 5053 suis

214 5076 543 5147 investiens,
574 5078 646 5134 ad
678 5078 985 5136 ecclesiam
1011 5092 1308 5137 vacantem
1342 5082 1658 5155 diregebat,
1681 5085 1845 5158 ut3ibi

212 5167 461 5240 pastoris
520 5166 861 5240 iungeretur
905 5169 1118 5238 officio,
1170 5187 1284 5226 non
1343 5177 1673 5244 exspectata
1706 5174 1845 5231 cleri

212 5257 511 5315 electione.
541 5258 707 5325 Quod
738 5258 1011 5315 dominus
1041 5276 1191 5332 papa
1222 5266 1427 5317 contra
1455 5278 1689 5319 omnem
1722 5262 1846 5320 fleri

212 5345 578 5406 honestatem
608 5345 1009 5417 considerans,
1033 5353 1087 5405 et
1112 5348 1243 5419 iura
1265 5350 1322 5405 in
1354 5367 1420 5407 eo
1444 5351 1592 5407 iacto
1613 5350 1848 5408 concul-

214 5437 321 5493 cari
348 5434 750 5495 ecelesiastica
796 5437 1184 5510 perpendens,
1232 5437 1436 5507 semel,
1486 5441 1743 5497 secundo
1782 5456 1849 5498 ao

214 5527 379 5587 tertio
406 5525 687 5586 eumdem
717 5526 1126 5600 imperatorem
1153 5529 1538 5601 commonuit,
1570 5535 1629 5586 ut
1656 5546 1690 5587 a
1726 5534 1849 5588 tam

1957 4542 2167 4612 sentia,
2190 4538 2513 4598 infidelium
2545 4535 2820 4608 spurcitie
2850 4532 3076 4590 diutius
3134 4527 3421 4603 profanari
3480 4540 3602 4583 non

1949 4630 2312 4708 permittant.
2345 4626 2461 4682 Nec
2481 4628 2676 4681 visum
2708 4622 2760 4679 ei
2795 4621 3087 4686 sufficere,
3120 4617 3273 4690 quod
3304 4616 3413 4671 boe
3445 4614 3601 4686 apud

1950 4721 2247 4794 principes
2276 4714 2711 4782 disseminaret,
2739 4710 2851 4767 nisi
2878 4711 3053 4766 etiam
3085 4713 3142 4764 et
3170 4704 3364 4776 plebes
3393 4708 3447 4759 et
3503 4701 3604 4757 in-

1954 4811 2176 4870 ferioris
2202 4823 2411 4865 manus
2441 4804 2731 4872 homines,
2763 4797 2837 4855 ad
2870 4798 2928 4853 id
2962 4798 3156 4869 ipsum
3189 4794 3301 4865 piis
3327 4792 3604 4847 exhorta-

1952 4900 2209 4958 tionibus
2244 4896 2547 4954 animaret.
2606 4898 2952 4948 percurrens
2999 4900 3135 4957 ergo
3184 4881 3476 4950 nationes,
3518 4879 3610 4952 pie

1954 4989 2259 5055 sollicitus,
2315 4989 2371 5043 et
2417 4999 2617 5056 regna.
2680 4976 3044 5052 pauperibus
3079 4981 3132 5031 et
3191 4970 3611 5044 abjectissimis

1958 5077 2237 5152 personis,
2278 5071 2550 5146 legationi
2609 5084 2730 5126 suae
2785 5063 3042 5122 fideliter
3104 5062 3500 5131 satisfaciens,
3547 5059 3608 5115 id

1955 5168 2151 5241 ipsum
2167 5161 2615 5235 evangelizabat.
2639 5156 2742 5214 Cui
2763 5159 2984 5213 tantam
3007 5153 3280 5228 gratiam,
3316 5147 3603 5222 ejusfssdei

1957 5256 2232 5316 meritum
2279 5250 2616 5324 respiciens,
2644 5246 2964 5305 contulerat
3009 5243 3320 5311 Dominus,
3353 5244 3415 5295 ut
3472 5254 3606 5295 raro

1958 5362 2214 5418 unquam
2246 5341 2372 5399 sine
2403 5341 2592 5398 fructu
2642 5336 2893 5411 populos
2951 5332 3307 5391 conveniret.
3361 5328 3610 5400 Fuitque

1956 5436 2192 5494 domino
2215 5448 2398 5506 papas,
2430 5430 2681 5503 quicum
2718 5424 2871 5482 ultra
2904 5427 3127 5482 montes
3160 5421 3288 5478 sine
3320 5418 3605 5478 dilatione

1957 5524 2122 5599 sequi
2154 5525 2501 5592 decreverat,
2533 5518 2596 5574 in
2626 5514 2829 5574 eodem
2851 5512 3022 5571 verbo
3054 5510 3376 5587 plurimam
3411 5523 3614 5570 neces·
