3784 6000
309 167 414 224 839

1435 156 1826 218 GmLLELm
1862 138 2229 215 TYRENsis
2261 156 2597 217 saunier.

3670 80 3681 92 .
3755 38 3782 89 ,ι

3626 144 3726 221 840

306 291 611 349 dabantur
622 291 699 348 ad
712 291 977 364 proedam
996 306 1010 355 ;
1030 290 1110 346 ita
1124 285 1498 359 utimpletum
1512 284 1804 341 videretur
1815 281 1964 339 illud
1994 281 2041 338 A
2074 282 2156 339 ibi
2181 282 2357 354 juges
2368 289 2426 341 et
2454 282 2679 340 assidui
2703 283 3083 351 videbantur,
3105 243 3471 356 negligentia
3494 246 3726 360 torpen-

308 380 761 453 propheticum:
794 379 1114 437 Residuum
1143 379 1402 445 loeuseae,
1424 374 1671 431 comedit
1705 373 1967 429 bruchus

310 470 483 540 (Joel.
532 488 569 534 t,
611 473 711 537 iv).
763 469 825 522 ld
865 468 1023 522 enim
1071 465 1254 523 moris
1297 464 1436 519 huic
1481 459 1847 535 generationi
1868 476 1969 516 ne-

311 574 495 631 quam
528 573 660 613 esse
685 556 921 621 dicitur,
954 559 1020 610 ut
1056 553 1170 610 sub
1208 565 1572 626 quocunque
1601 551 1753 606 duce
1777 550 1971 622 ingre-

311 647 552 702 diantur
589 645 665 700 ad
711 644 934 716 praelia,
967 658 1186 714 anceps
1218 639 1764 697 soleantdeclinare
1786 643 1971 695 certa-

310 750 488 799 men;
536 739 593 789 et
636 732 929 805 quamdiu
968 731 1267 787 bellorum
1326 728 1548 786 dubius
1590 734 1676 784 est
1699 732 1966 790 eventus,

310 826 386 878 de
414 826 646 879 remoto
665 822 1008 893 conspicere
1038 821 1437 891 ;demumque
1459 818 1765 875 adhaerere
1789 817 1972 873 victo-

310 909 479 967 ribus
515 929 529 978 ;
562 910 752 967 victos
779 926 920 966 vero
956 915 1248 981 tanquam
1299 909 1502 965 hostes
1540 905 1777 978 insequi
1807 910 1864 961 et
1892 904 1969 960 de

311 998 882 1071 eorumlocupletari
913 997 1138 1070 spoliis.
1157 997 1336 1068 igitur
1356 1012 1462 1068 per
1490 995 1616 1052 dies
1646 992 1867 1051 multos
1892 993 1969 1049 de

314 1088 501 1154 silvis,
533 1088 608 1142 de
635 1085 961 1157 montibus,
989 1086 1065 1143 de
1091 1087 1228 1159 ipsa
1270 1085 1450 1142 etiam
1481 1083 1800 1140 solitudine
1825 1081 1969 1138 edu-

312 1176 605 1233 cebantur
627 1175 878 1249 captivi;
913 1175 1243 1247 aliquando
1304 1174 1485 1230 etiam
1515 1176 1726 1245 sponte
1748 1170 1967 1227 nostris

311 1265 730 1330 occurrebant,
745 1265 933 1320 satius
963 1263 1321 1322 arbitrantes
1377 1262 1599 1318 carceri
1630 1267 1690 1318 et
1718 1259 1967 1316 vinculis

312 1353 669 1425 mancipari,
691 1369 876 1425 quam
901 1353 1115 1423 frigore
1137 1357 1195 1408 et
1217 1350 1418 1407 inedia
1434 1350 1733 1407 tabescere
1751 1354 1808 1405 et
1837 1365 1967 1404 cru·

312 1442 477 1499 ciari.
501 1444 723 1497 interea
735 1441 1018 1497 dominus
1042 1455 1145 1495 rex
1165 1439 1369 1511 praeda
1398 1443 1453 1495 et
1485 1436 1808 1505 manubiis,
1835 1436 1965 1506 lege

311 1530 452 1588 belli
496 1529 848 1595 distributis,
909 1529 1140 1585 votivas
1181 1530 1508 1598 gratiarum
1539 1527 1804 1583 actiones
1853 1542 1963 1598 pro

2075 375 2162 426 tes
2193 371 2420 444 aliquid
2453 373 2717 429 utilitatis
2756 372 3183 446 operabantur,
3206 374 3483 432 terebant
3503 375 3648 441 otia,
3676 380 3728 432 et

2076 459 2370 532 palustres
2401 461 2716 518 trabebant
2744 462 2891 517 dies.
2928 463 3058 534 lpse
3083 463 3262 519 etiam
3291 478 3499 520 comes
3523 463 3729 534 singu-

2075 548 2147 605 lis
2176 549 2389 606 diebus
2419 550 2782 615 minabatur,
2814 550 2980 625 quod
3013 567 3153 607 eum
3184 550 3374 609 redire
3406 557 3728 626 oporteret,

2076 638 2361 711 quodque
2381 637 2601 694 invitus
2614 638 2696 694 ibi
2711 638 3092 696 detinebatur
3109 660 3124 707 ς
3142 641 3308 713 quod
3329 642 3593 697 verbum
3614 657 3728 699 non

2077 727 2270 782 solum
2286 743 2388 784 eos
2409 726 2511 799 qui
2542 727 2601 783 in
2623 727 2939 785 obsidione
2962 733 3130 784 erant
3150 731 3434 797 exterius,
3452 729 3534 786 ad
3552 729 3731 788 bone-

2078 824 2166 871 sto
2181 815 2503 873 revocabat
2522 818 2836 889 proposito
2852 833 2867 884 ;
2882 817 2984 874 sed
3006 819 3185 874 etiam
3209 818 3501 877 obsessos
3523 818 3731 876 redde·

2076 904 2181 961 bat
2195 904 2272 962 ad
2294 905 2693 961 resistendum
2711 906 3109 978 promptiores
3132 923 3147 974 ;
3166 912 3476 979 sperantes
3492 908 3728 966 enimin

2077 995 2272 1051 vicino
2307 994 2661 1051 solvendam
2700 994 3104 1061 obsidionem,
3155 996 3586 1069 proponebant
3621 998 3730 1055 boc

2077 1083 2317 1139 modico
2350 1089 2615 1155 tempore
2646 1083 2858 1139 melius
2896 1099 3029 1139 esse
3067 1088 3283 1140 cuncta
3310 1084 3590 1157 tolerare,
3627 1087 3729 1143 etsi

2075 1170 2225 1228 dura
2255 1171 2595 1227 viderentur
2623 1188 2760 1246 quae
2796 1177 3042 1243 possent
3072 1173 3293 1240 inferri,
3316 1189 3506 1247 quam
3538 1174 3728 1232 muni·

2074 1260 2298 1332 cipium
2318 1259 2455 1316 fidei
2472 1276 2597 1316 suae
2618 1260 2932 1326 creditum,
2956 1261 3165 1317 invisis
3179 1260 3435 1334 prodere
3451 1263 3728 1334 gentibus

2074 1354 2133 1404 et
2172 1348 2532 1421 proditionis
2578 1354 2783 1406 notam
2830 1349 3130 1406 incurrere
3169 1355 3553 1423 perpetuam.
3595 1354 3728 1410 Erat

2073 1444 2275 1495 autem
2308 1439 2664 1511 praedictum
2703 1444 2965 1494 castrum
2997 1439 3058 1494 in
3084 1438 3243 1496 edito
3268 1438 3403 1496 loco
3432 1440 3641 1510 situm,
3669 1441 3727 1497 in

2075 1526 2221 1583 colle
2252 1528 2668 1592 constitutum,
2693 1527 2797 1600 qui
2822 1542 2893 1584 ex
2926 1526 3189 1584 maxima
3217 1533 3385 1601 parte
3413 1527 3728 1587 videbatur

311 1619 543 1676 collatis
577 1618 691 1674 sibi
720 1617 1026 1674 aDomino
1057 1616 1362 1673 beneficiis
1402 1616 1723 1682 soluturus,
1762 1616 1965 1672 Hiero·
1994 1631 2044 1690 B
2074 1619 2416 1685 congestus,
2454 1630 2526 1670 ex
2554 1630 2675 1672 uuo
2706 1614 2833 1671 solo
2859 1614 3039 1671 latere
3064 1615 3569 1689 impugnantibus
3607 1616 3725 1674 adi·

311 1708 608 1781 solymam
640 1707 1000 1780 properavit.
1035 1705 1438 1762 salahadinus
1457 1706 1798 1777 autem,qui
1823 1720 1965 1762 cum

313 1801 479 1854 tanta
510 1795 789 1869 superbia
824 1802 879 1851 et
927 1801 1050 1851 tam
1094 1793 1406 1867 multiplici
1442 1795 1709 1867 equitatu
1753 1809 1966 1849 ascen-

313 1886 502 1952 derat,
539 1886 742 1942 divina
773 1900 1097 1956 percussus
1138 1899 1343 1948 manu,
1395 1884 1493 1938 vix
1533 1899 1671 1939 cum
1721 1888 1962 1939 centum

312 1974 614 2046 equitibus
638 1988 915 2028 reversus
944 1977 1065 2037 est;
1096 1971 1226 2043 ipse
1257 1985 1501 2044 quoque
1531 1972 1764 2026 camelo
1796 1970 1964 2026 inve-

311 2069 441 2119 ctus
463 2062 698 2118 dicitur.
740 2061 958 2117 intueri
989 2060 1132 2116 libet
1175 2064 1232 2116 et
1283 2060 1665 2116 considerare
1692 2059 1959 2125 interius,

310 2150 495 2207 divini
523 2149 706 2222 hujus
731 2149 998 2206 muneris
1027 2147 1363 2219 largitatem
1397 2164 1410 2214 ;
1468 2153 1526 2204 et
1552 2148 1861 2221 quomodo
1901 2149 1962 2204 in

310 2239 486 2296 nobis
516 2238 781 2295 exhibita
805 2238 979 2293 nobis
1003 2237 1377 2303 liberalitate,
1428 2237 1587 2293 hanc
1623 2236 1962 2293 universam

312 2328 424 2384 sibi
452 2327 635 2384 voluit
666 2325 1154 2399 piusconsolator
1182 2326 1435 2398 gloriam
1457 2325 1961 2394 vindicare.Nam,

310 2417 358 2474 si
382 2416 659 2488 praesenti
684 2415 849 2489 operi
879 2414 1163 2470 divinitus
1199 2418 1542 2486 procurato,
1567 2430 1770 2469 comes
1794 2414 1962 2471 Flan-

310 2506 470 2570 driae,
505 2506 782 2577 princeps
824 2503 1251 2569 Antiochenus,
1303 2518 1502 2558 comes
1543 2503 1960 2574 Tripolita'nus,

309 2598 368 2649 et
399 2592 495 2648 illa
527 2593 747 2648 militiae
799 2591 1117 2647 multitudo
1157 2606 1294 2662 quoe
1326 2592 1551 2657 aberat,
1580 2591 1960 2656 interfuisset,

310 2681 970 2753 moreimprudentum,
994 2686 1048 2735 et
1096 2680 1196 2752 qui
1230 2679 1377 2736 solet
1413 2680 1470 2734 iu
1498 2682 1797 2752 prosperis
1825 2680 1962 2736 irre·

307 2788 449 2845 pere
480 2772 685 2837 fastus,
708 2771 816 2826 etsi
842 2785 957 2826 non
975 2769 1177 2839 verb0,
1210 2769 1420 2825 saltem
1450 2770 1807 2840 cogitatione
1837 2785 1961 2826 non

310 2865 652 2917 vererentur
677 2861 870 2915 dicere
896 2876 908 2913 z
939 2859 1157 2914 Manus
1210 2865 1418 2915 nostra
1472 2860 1726 2924 excelsa,
1757 2866 1813 2915 et
1839 2876 1958 2915 non

310 2951 597 3007 Dominus
647 2949 788 3018 fecit
845 2948 970 3005 ltaec
1022 2947 1220 3004 omnia
1267 2946 1464 3019 (Deut.
1508 2962 1688 3012 xxxu,
1736 2946 1856 3020 27).
1890 2951 1961 3004 At

307 3055 471 3096 nunc
494 3040 667 3111 juxta
688 3038 936 3094 verbum
954 3054 1153 3103 suum,
1186 3037 1351 3110 quod
1371 3038 1658 3109 scriptum
1687 3040 1806 3093 est:
1831 3039 1961 3108 Eyo

308 3130 568 3200 qloriam
598 3143 788 3184 meam
830 3128 1011 3183 alteri
1058 3143 1174 3183 non
1204 3126 1358 3182 dabo
1398 3125 1537 3197 (Isa.
1564 3142 1705 3190 xm,
1731 3126 1788 3198 8)
1820 3144 1834 3195 ;
1873 3141 1959 3182 re·

311 3222 546 3273 servata
591 3216 703 3271 sibi
753 3217 990 3289 penitus
1028 3214 1375 3271 auctoritate
1411 3219 1469 3269 et
1504 3213 1713 3286 gloria,
1739 3230 1859 3270 non
1899 3214 1961 3271 in

309 3304 711 3368 multitudine,
741 3304 845 3360 sed
868 3320 1199 3377 paucorum
1226 3319 1369 3358 usus
1392 3303 1725 3359 ministerio
1751 3319 1766 3370 3
1790 3305 1963 3359 etGe-

310 3394 519 3450 deonis
540 3395 837 3449 innovans
868 3392 1192 3449 clementer
1238 3391 1544 3458 miracula,
1575 3392 1962 3448 innumeram

309 3484 516 3538 stravit
544 3481 986 3538 multitudinem
1022 3496 1037 3547 ;
1067 3480 1414 3550 significans
1435 3480 1600 3552 quod
1630 3481 1756 3551 ipse
1778 3480 1872 3545 sit,
1908 3488 1962 3538 et

309 3586 429 3627 mm
456 3570 631 3637 alius,
660 3573 832 3641 cujus
855 3570 1132 3639 beneficio
1158 3585 1313 3625 unus
1324 3570 1703 3640 persequitur
1718 3569 1963 3636 mille,et

308 3660 422 3717 duo
441 3662 665 3731 fuqam
696 3660 892 3717 decem
914 3658 1131 3715 millia.
1164 3658 1222 3713 Ei
1249 3673 1391 3728 ergo
1416 3658 1770 3724 ascribatur,
1787 3674 1824 3715 a
1845 3674 1962 3731 quo

309 3756 392 3806 est
419 3763 590 3805 omne
618 3748 826 3804 datum
864 3748 1174 3817 optimum,
1203 3752 1257 3802 et
1286 3761 1458 3803 omne
1485 3746 1707 3802 donum
1732 3746 1964 3816 perfec·

311 3843 431 3893 tum
467 3838 611 3906 (Jac.
642 3855 676 3901 t,
708 3837 795 3908 17)
829 3836 1017 3908 3quia
1050 3850 1171 3890 non
1210 3840 1298 3892 est
1326 3835 1386 3890 in
1418 3834 1533 3890 boc
1563 3836 1839 3907 praesenti
1871 3846 1963 3892 ar·'

283 3920 510 3992 'ticu10‚
541 3924 705 3998 quod
727 3924 1012 3997 operibus
1037 3924 1162 3978 suis
1193 3923 1491 3995 imputare
1530 3924 1722 3995 possit
1750 3923 1957 3980 homo.

296 4014 528 4069 Divinae
549 4014 708 4069 enim
741 4012 945 4083 gratiae
966 4027 1189 4067 munus
1219 4015 1308 4067 est
1331 4017 1388 4067 et
1406 4027 1526 4066 non
1556 4012 1777 4068 meritis
1801 4012 1959 4067 exhi·

311 4102 503 4159 bitum
532 4119 546 4157 :
609 4102 799 4156 Tuum
829 4105 909 4156 est
952 4116 1120 4169 opus,
1158 4101 1426 4162 Domine,
1454 4100 1773 4156 extendisti
1802 4100 1961 4158 enim

306 4207 553 4247 manum
571 4197 759 4255 tuam,
777 4195 832 4245 et
848 4188 1151 4245 devoravit
1178 4204 1271 4244 eos
1294 4196 1454 4245 terra
1481 4187 1694 4260 (Exod.
1714 4205 1814 4258 xv,
1832 4191 1917 4263 ¹2)
1942 4207 1957 4256 ;

306 4279 370 4333 in
397 4278 777 4333 multitudine
804 4277 1007 4347 ylonae
1031 4283 1148 4332 cuae
1167 4276 1493 4347 deposuisti
1521 4293 1714 4335 omnes
1739 4277 1960 4337 adver-

307 4369 498 4423 sarios
528 4380 680 4422 meos
714 4365 906 4436 (ibid.‚
936 4365 1015 4436 7).

923 4473 1149 4529 CAPUT
1187 4473 1337 4527 XXV.

383 4563 496 4631 Qui
509 4562 573 4618 in
591 4561 861 4634 portibus
879 4561 921 4617 A
937 4561 1266 4618 nliocltenis
1283 4568 1542 4619 castrum
1556 4561 1789 4621 Har-ene
1805 4564 1959 4621 obse·

343 4635 582 4699 derant,
612 4634 832 4703 infecto
861 4633 1092 4704 neyotio
1115 4632 1332 4690 reversi
1358 4636 1603 4690 suntad
1626 4635 1888 4706 propria.

381 4743 526 4797 Cum
557 4742 685 4797 hoec
715 4740 880 4813 apud
916 4756 1028 4796 nos
1071 4745 1461 4813 peraguntur,
1500 4756 1726 4812 comes,
1772 4741 1963 4815 etqui

309 4846 447 4886 cum
478 4846 550 4887 eo
567 4834 753 4895 erant,
777 4829 836 4885 in
861 4830 1174 4887 obsidione
1193 4828 1524 4902 supradicti
1550 4828 1726 4886 castri
1752 4845 1961 4902 perse-

313 4919 619 4983 verabant,
639 4919 745 4975 sed
760 4918 1075 4986 inutiliter3
1104 4918 1324 4975 namin
1346 4917 1793 4975 dissolutionem
1815 4918 1961 4986 dati,

310 5008 454 5063 aleis
471 5014 527 5065 et
543 5009 773 5064 caeteris
787 5008 978 5065 noxiis
993 5006 1405 5079 voluptatibus
1429 5007 1720 5078 majorem
1734 5006 1964 5065 dabant

308 5111 580 5169 operam,
614 5112 800 5170 quam
839 5096 1154 5166 disciplina
1185 5094 1457 5152 militaris
1489 5103 1593 5152 aut
1628 5095 1964 5153 obsidionis

308 5184 405 5242 lex
436 5190 830 5258 exposceret;
875 5184 1176 5240 continuis
1224 5183 1536 5240 itineribus
1587 5184 1962 5242 Antiochiam

309 5276 739 5348 properabant,
800 5274 902 5330 ubi
959 5272 1213 5338 balneis,
1276 5273 1838 5341 comessationibus,
1907 5278 1965 5329 et

308 5361 699 5420 ebrietatibus
731 5366 789 5418 et
811 5362 1039 5419 caeteris
1057 5360 1303 5418 lubricis
1322 5359 1733 5434 voluptatibus
1751 5360 1961 5428 dediti,

310 5449 559 5508 desidiis
608 5450 992 5509 obsidionem
1014 5450 1393 5509 deserebant.
1426 5450 1543 5509 Sed
1566 5466 1763 5527 neque
1785 5451 1828 5509 ii
1853 5452 1963 5526 qui

1994 2982 2036 3040 C

1991 4327 2039 4383 D

2075 1709 2200 1760 tum
2226 1703 2503 1776 praebens
2529 1722 2547 1774 ;
2579 1702 2641 1759 in
2667 1703 2909 1776 reliquis
2931 1709 3133 1760 autem
3159 1707 3268 1761 etsi
3294 1705 3562 1762 assultus
3586 1706 3721 1763 dare

2074 1792 2412 1848 volentibus
2434 1793 2682 1848 minime
2698 1793 2962 1866 pervius,
2989 1799 3191 1850 tamen
3214 1794 3486 1867 undique
3509 1794 3722 1853 machi·

2072 1882 2163 1936 nis
2190 1880 2372 1937 libere
2394 1886 2624 1954 poterat
2638 1881 2944 1951 flagellari.
2976 1882 3114 1939 Post
3140 1882 3336 1939 varios
3357 1883 3545 1955 igitur
3560 1900 3723 1942 even·

2073 1973 2167 2027 tus
2200 1975 2256 2027 et
2284 1968 2622 2042 frequentes
2651 1969 2932 2036 assultus,
2959 1971 3182 2045 quibus
3210 1971 3261 2027 si
3297 1988 3373 2028 ex
3402 1972 3613 2030 animo
3636 1989 3721 2031 res

2073 2064 2245 2128 gesta
2270 2065 2446 2126 esset,
2469 2065 2525 2115 et
2539 2060 2796 2131 propitia
2815 2058 3050 2116 adesset
3065 2059 3370 2127 Divinitas,
3389 2076 3574 2133 posse
3596 2063 3719 2136 capi

2072 2148 2389 2213 videretur,
2421 2148 2639 2204 decidit
2662 2163 2756 2204 res
2784 2148 2845 2203 in
2877 2148 3325 2218 negligentiam,
3354 2154 3421 2206 ut
3458 2151 3720 2223 praedixi·

2074 2253 2210 2294 mus
2257 2253 2271 2303 ;
2307 2242 2363 2293 et
2400 2237 2661 2309 peccatis
2698 2236 2922 2293 nostris
2952 2237 3348 2308 exigentibus,
3396 2239 3481 2296 ita
3527 2241 3715 2297 omnis

2074 2331 2412 2383 nostrorum
2445 2325 2735 2383 emarcuit
2762 2326 2971 2391 virtus,
3002 2332 3059 2383 et
3095 2334 3387 2385 evacuata
3412 2333 3503 2385 est
3532 2329 3715 2385 omnis

2075 2415 2410 2488 prudentia,
2437 2420 2498 2471 ut
2518 2431 2654 2471 cum
2672 2413 2800 2487 jam
2816 2414 2919 2488 qui
2938 2415 3149 2471 inclusi
3163 2416 3537 2484 tenebantur,
3562 2417 3621 2474 in
3632 2434 3714 2473 su·

2073 2519 2347 2578 premam
2360 2504 2839 2576 desperationem
2855 2505 3425 2570 incidissent,uostri
3438 2507 3714 2580 coeperint

2072 2594 2147 2649 de
2172 2592 2364 2649 reditu
2394 2592 2473 2648 ad
2498 2595 2741 2665 propria
2772 2599 3041 2650 tractare.
3078 2592 3376 2650 Admirari
3406 2609 3532 2651 non
3565 2596 3709 2650 suffi-

2071 2682 2265 2738 cimus
2297 2685 2448 2752 (esse
2475 2682 2635 2737 enim
2663 2681 2898 2738 videtur
2934 2681 3197 2754 amplius
3220 2682 3507 2754 opinione
3531 2683 3711 2740 homi·

2068 2773 2243 2842 num)
2272 2769 2437 2843 quod
2470 2770 2646 2826 tantis
2675 2770 3037 2844 principibus
3066 2775 3294 2827 tantam
3333 2771 3572 2829 induxit
3597 2772 3707 2829 Do-

2071 2860 2271 2915 minus
2290 2859 2503 2914 mentis
2524 2858 2839 2928 caliginem
2864 2875 2878 2926 ;
2910 2859 3069 2916 etita
3090 2860 3151 2915 in
3178 2860 3591 2929 indignatione
3609 2877 3708 2917 sua

2070 2964 2170 3005 eos
2197 2948 2456 3005 caecitate
2488 2947 2799 3021 percussit,
2840 2948 3006 3021 quod
3035 2949 3275 3005 nemine
3305 2950 3708 3023 compellente,

2070 3042 2331 3095 castrum
2341 3039 2470 3109 jam
2492 3052 2643 3111 pene
2664 3044 3094 3111 expugnatum,
3113 3038 3241 3095 sola
3266 3039 3613 3097 stimulante
3634 3041 3710 3096 in-

2072 3127 2251 3194 vidia,
2265 3133 2321 3183 et
2332 3127 2692 3197 negligentia
2706 3133 3040 3193 revocante,
3054 3127 3325 3183 hostibus
3337 3127 3708 3186 dimitterent.

2071 3216 2294 3273 Videns
2339 3231 2484 3287 ergo
2512 3216 2795 3272 dominus
2834 3216 3133 3289 princeps,
3187 3217 3355 3290 quod
3384 3218 3471 3274 ita
3521 3233 3710 3275 comes

2073 3304 2364 3363 Flandriae
2387 3305 3007 3378 fixeratpropositum,
3023 3304 3307 3378 quodque
3330 3305 3392 3361 in
3412 3304 3531 3364 boc
3541 3306 3709 3363 verbo

2071 3394 2536 3451 irrevocabiliter
2554 3399 2681 3450 erat
2704 3394 3065 3461 obstinatus,
3086 3400 3327 3467 sumpta
3347 3395 3427 3452 ab
3443 3394 3708 3466 obsessis,
3781 3402 3784 3539 ἐ

2071 3484 2132 3540 in
2165 3484 2390 3539 incerta
2437 3484 2611 3539 nobis
2648 3484 3001 3555 quantitate,
3032 3485 3310 3555 pecunia,
3341 3484 3712 3542 obsidionem

2072 3571 2267 3629 solvit.
2302 3574 2514 3629 Comes
2546 3576 2747 3628 autem
2786 3572 3077 3629 Flandriae
3118 3572 3594 3645 Hierosolymam
3630 3588 3711 3630 re·

2070 3662 2243 3717 diens
2270 3659 3066 3733 completisibisolemnibus
3094 3667 3313 3718 sanctoe
3341 3662 3715 3719 Pascboedie-

2069 3749 2289 3819 bus,ad
2301 3750 2557 3806 reditum
2572 3765 2634 3805 se
2647 3750 3186 3823 parat3aptatisque
3199 3750 3715 3821 galeisetnavibus

2070 3839 2148 3896 ad
2170 3853 2354 3895 onera
2377 3837 2732 3895 devehenda
2752 3838 3122 3905 necessariis,
3148 3855 3257 3913 per
3274 3839 3596 3897 dominum
3614 3841 3715 3896 im-
3781 3766 3784 3904 ⁴

2071 3933 2403 4001 peratorem
2431 3928 3183 4000 constantinopolitanum,
3203 3928 3279 3986 ad
3305 3928 3556 4002 propria
3574 3928 3715 3986 redi·

2070 4019 2258 4083 turus,
2278 4032 2315 4073 a
2330 4015 2612 4073 Laodicia
2634 4015 2838 4087 Syriae,
2860 4016 3263 4087 navigationis
3287 4033 3415 4074 suoe
3445 4017 3555 4076 iter
3576 4019 3714 4075 arri-

2070 4105 2220 4179 puit,
2250 4106 2312 4161 in
2355 4104 2516 4161 nullo
2548 4104 2897 4177 relinquens
2928 4111 3065 4177 post
3108 4121 3173 4162 se
3211 4105 3272 4162 in
3302 4106 3714 4164 benedictione

2069 4194 2451 4251 memoriam.
3783 4196 3784 4200 ’

2141 4282 2363 4339 Eodem
2378 4286 2645 4356 tempore
2657 4281 2940 4338 dominus
2951 4282 3298 4339 Fredericus
3311 4285 3717 4343 Romanorum

2069 4370 2149 4427 im
2159 4376 2414 4443 perator,
2429 4376 2565 4443 post
2580 4370 2933 4427 vicesimum
2956 4385 3185 4427 annum
3202 4370 3566 4445 schismatis,
3587 4388 3719 4431 cum

2068 4460 2318 4518 domino
2330 4459 2668 4516 Alexandro
2685 4474 2869 4532 papa,
2887 4458 3053 4532 apud
3072 4459 3346 4517 Venetias
3365 4462 3716 4535 pacificatus

2069 4554 2177 4607 est.

2139 4641 2247 4695 Per
2271 4637 2430 4695 idem
2454 4651 2700 4712 quoque
2721 4643 2979 4711 tempus,
3007 4652 3145 4694 cum
3165 4640 3381 4695 sanctoe
3411 4638 3584 4697 urbis
3606 4640 3721 4697 Hie·

2069 4726 2355 4791 rusalem,
2382 4733 2625 4799 propter
2641 4726 2891 4783 nimiam
2918 4729 3296 4793 vetustatem,
3319 4728 3479 4783 muri
3502 4728 3636 4799 jam
3656 4742 3722 4783 ex

2071 4818 2238 4887 parte
2269 4814 2650 4880 corruissent,
2692 4812 2849 4870 facta
2873 4812 3193 4871 collatione
3223 4814 3377 4871 inter
3398 4814 3722 4889 principes,

2073 4907 2198 4959 tam
2238 4902 2559 4958 saeculares
2597 4917 2784 4975 quam
2827 4902 3290 4969 ecclesiasticos,
3339 4902 3594 4961 collecta
3639 4905 3726 4960 est

2072 4994 2248 5047 certoe
2276 4991 2623 5063 quantitatis
2656 4991 2915 5063 pecunia
2944 4992 3254 5048 annuatim
3300 4991 3723 5063 persolvenda,

2070 5094 2411 5153 quousque,
2430 5084 2673 5136 auctore
2694 5080 2972 5151 Domine,
3000 5094 3154 5152 opus
3179 5088 3723 5147 consummaretur.

2073 5168 2493 5241 utimpleretur
2519 5167 2700 5225 iilud:
2728 5167 3002 5245 Beniqrte
3018 5170 3128 5239 fae
3147 5169 3209 5224 in
3229 5170 3382 5226 bona
3393 5171 3722 5237 voluntate,

2069 5259 2157 5315 sic
2176 5262 2238 5313 ut
2267 5257 2635 5328 aedificentur
2655 5258 2817 5314 muri
2838 5257 3212 5315 Hierusalem
3239 5258 3432 5331 (Psal.
3455 5275 3509 5325 ι,
3546 5260 3659 5333 19).
