3784 6000
1158 198 1530 263 EPISTOLAE
1571 200 1661 262 m·
1696 200 2143 266 mlvthmis.
2185 241 2255 254 —
2292 207 2413 270 AN.
2457 207 2611 270 1¹8⁴.

3433 165 3577 268 isse

177 330 569 392 ecclesianis.
590 329 1056 397 Viti,ecclesiam
1085 330 1143 388 S.
1164 326 1831 401 Augustini,ecclesiam
1862 331 1911 387 Α
1943 333 2217 401 Domino,
2267 337 2480 408 poterit
2526 334 2797 408 adipisci,
2831 333 3010 394 firma
3049 335 3226 393 vobis
3262 335 3598 408 vestrisque

181 425 239 479 S.
290 421 572 490 Gregorii,
613 419 910 492 hospitale
967 418 1028 475 S.
1084 418 1392 476 Leonardi.
1449 418 1833 474 Decernimus

180 527 349 582 ergo,
380 516 494 566 etc.
527 511 585 566 Si
614 525 762 580 qua,
805 514 915 565 etc.

256 603 375 670 Ego
404 600 615 655 Lucius
639 598 942 655 catholicoe
982 596 1258 655 Ecclesioe
1309 597 1631 670 episcopus
1692 595 1834 653 sub-

185 704 418 760 scripsi.

258 780 379 848 Ego
406 776 748 833 Theodinus
768 775 1102 833 portuensis
1127 780 1185 833 et
1213 778 1444 833 Sanctis
1474 773 1703 832 Ruflnae
1742 790 1836 830 se·

187 866 281 923 dis
305 867 627 938 episcopus
653 881 734 920 ss.

250 956 373 1027 Ego
401 955 686 1012 ilenricus
711 953 922 1011 Alban.
951 954 1134 1027 episc.
1175 970 1256 1010 ss.

264 1044 384 1113 Ego
413 1041 790 1099 Theobaldus
824 1043 1047 1100 Ostien.
1078 1047 1137 1098 et
1175 1042 1491 1099 velletren.
1516 1041 1699 1115 episc.
1752 1057 1834 1096 ss.

265 1134 382 1203 Ego
414 1135 584 1189 Joan.
610 1132 877 1205 presbyt.
909 1132 1072 1188 card.
1111 1131 1280 1189 titulo
1310 1131 1510 1189 Sancti
1549 1130 1724 1189 Marci
1752 1146 1835 1187 ss.

264 1223 382 1284 Ego
404 1220 710 1276 Laborans
740 1221 937 1292 presb.
965 1220 1131 1278 card.
1170 1221 1403 1277 Sanctoe
1442 1220 1633 1278 Μαι-ἰῶ
1672 1225 1836 1276 trans

191 1308 443 1365 Tiberim
476 1310 558 1364 tit.
589 1307 800 1364 Calixti
829 1326 906 1365 ss.

290 1399 410 1469 Ego
436 1396 731 1454 unbertus
755 1398 955 1470 presb.
983 1398 1149 1454 card.
1193 1397 1275 1454 tit.
1321 1397 1522 1455 Sancti
1543 1396 1843 1454 Laurentii

198 1487 259 1542 in
285 1488 544 1543 Damaso
572 1502 657 1540 ss.

271 1578 392 1646 Ego
421 1573 756 1633 willelmus
784 1577 1107 1633 Remorum
1131 1575 1396 1649 archiep.
1413 1576 1501 1634 tit.
1526 1578 1586 1634 S.
1609 1576 1844 1635 Sabinae

195 1663 814 1827 mxl-*ldg'ost’andulphus
844 1754 1042 1827 presb.
1094 1755 1259 1823 card,
1315 1757 1398 1813 tit.
1446 1755 1709 1814 Basilicas
1766 1770 1848 1812 ιιι

201 1842 624 1916 Apostolorum
651 1861 732 1899 ss.

275 1932 397 2005 Ego
436 1931 673 1989 ardicio
692 1931 1031 1989 diac.card.
1077 1933 1274 1990 Sancti
1304 1932 1593 1990 'theodori
1635 1950 1716 1990 ss.

279 2021 401 2094 Ego
443 2021 761 2078 Gratianus
801 2023 1154 2079 Sanctorum
1201 2022 1430 2079 Cosmae
1470 2027 1525 2080 et
1575 2022 1852 2080 Damiani

204 2110 495 2167 diaconus
521 2109 842 2167 cardinalis
870 2127 961 2166 ss.

278 2202 396 2272 Ego
416 2198 718 2255 Soffredus
743 2200 978 2256 Sanctae
1004 2200 1199 2257 Mariae
1224 2200 1285 2256 in
1345 2200 1458 2257 Via
1497 2201 1638 2258 Lata
1693 2200 1849 2258 diac.

205 2287 672 2448 ea{dg-osxlbinus
705 2378 936 2435 Sanctae
961 2376 1158 2434 Harioe
1188 2379 1366 2434 Novo
1387 2377 1542 2435 diac.
1567 2380 1733 2435 card.
1766 2394 1853 2435 ss.

281 2469 496 2523 Datum
541 2467 810 2534 Veronae,
851 2481 958 2539 per
994 2482 1244 2522 manum
1303 2468 1567 2540 Hugonis
1608 2467 1668 2526 S.
1696 2470 1761 2524 R.
1791 2469 1851 2523 E.

209 2561 428 2626 notar„
460 2554 587 2613 Kal.
621 2555 853 2622 octob„
882 2555 1009 2611 ind.
1037 2570 1121 2625 ιιι,
1146 2555 1441 2613 lucarnat.
1481 2556 1655 2613 Dom.
1692 2571 1856 2614 anno

219 2645 374 2711 ¹184,
409 2645 787 2717 pontificatus
818 2659 959 2701 vero
982 2644 1048 2699 D.
1083 2644 1244 2701 Lucii
1270 2645 1375 2703 ΡΡ.
1397 2645 1468 2701 111
1499 2661 1662 2702 anno
1681 2660 1758 2703 iv.

930 2750 1150 2808 CLXIV.

215 2839 663 2901 canonicorum
701 2839 1146 2898 Parvi-tinorum
1170 2842 1558 2911 possessiones
1587 2856 1658 2898 ac
1676 2840 1864 2912 priva·-

779 2913 937 2984 leqi'a
960 2912 1292 2980 confirmat.

762 3002 1056 3072 (Veronae,
1090 3004 1216 3059 Oct.
1247 3005 1335 3074 l.)

832 3112 839 3158 2,
853 3089 1050 3161 Uota„
1076 3089 1235 3165 533]

284 3183 484 3238 Lucius
511 3179 855 3253 episcopus,
884 3193 1091 3235 servus
1119 3193 1430 3237 servorum
1474 3177 1601 3247 Dei,
1628 3177 1865 3236 'dilectis

211 3270 348 3328 filiis
387 3271 612 3327 Ossnro
651 3268 884 3325 decano
918 3266 1206 3339 ecclesias,
1240 3269 1299 3326 S.
1337 3268 1486 3325 Petri
1521 3268 1864 3332 Tarvisium,

213 3360 468 3432 ejusque
493 3355 776 3415 fratribus
811 3363 933 3413 tam
967 3356 1369 3429 pnoesentibus
1405 3371 1589 3430 quam
1628 3355 1865 3423 futuris,

215 3448 505 3505 canonice
533 3443 971 3503 substituendis
1000 3444 1061 3500 in
1083 3450 1466 3518 perpetuum.

285 3537 400 3594 Piae
411 3534 732 3611 postulatio
744 3532 1287 3591 voluntatiseflectu
1298 3533 1870 3607 debetprosequente

217 3626 525 3700 compleri,
571 3628 631 3682 et
662 3630 726 3681 ut
764 3622 1105 3681 devotionis
1148 3623 1457 3680 sinceritas
1493 3622 1871 3680 laudabiliter

210 3719 523 3784 enitescat,
555 3719 612 3772 ct
640 3713 862 3772 utititas
874 3711 1174 3786 postulata
1186 3712 1338 3769 vires
1353 3711 1761 3769 indubitanter
1774 3727 1870 3769 as-

217 3809 440 3863 sumat.
468 3806 815 3877 Eapropter,
833 3801 1029 3858 dilecti
1052 3802 1111 3858 in
1137 3801 1391 3859 Domino
1410 3800 1535 3867 tilii,
1553 3801 1758 3859 vestris
1776 3802 1871 3874 Ju-

218 3895 322 3951 stis
368 3891 873 3967 postulationibus
929 3890 1250 3948 clementer
1291 3891 1636 3957 annuimus,
1686 3896 1744 3947 et
1790 3890 1871 3949 ad

216 3982 528 4055 exemplar
536 3987 776 4054 patrum
789 3984 848 4037 et
857 3980 1363 4053 praedecessorum
1374 3984 1563 4037 nostr.
1573 3980 1867 4038 S.record.

222 4071 469 4142 Eugenii
497 4077 556 4127 et
575 4068 898 4127 Alexandri
926 4069 1026 4125 PP.
1050 4069 1368 4142 praelatam
1383 4069 1698 4127 ecclesiam
1728 4071 1874 4127 San·

217 4162 295 4217 cti
328 4160 498 4229 Petri,
528 4160 588 4215 in
609 4174 734 4232 qua
762 4158 969 4216 divino
993 4159 1131 4215 estis
1174 4158 1473 4231 obsequio
1525 4160 1870 4232 mancipati,

222 4249 340 4305 sub
366 4249 521 4305 beati
555 4248 705 4305 Petri
730 4252 791 4304 et
825 4254 1030 4304 nostra
1077 4247 1442 4321 protectione
1488 4248 1875 4321 suscipimus,

226 4345 284 4396 et
313 4338 621 4410 praesentis
653 4336 853 4409 scripti
873 4335 1185 4409 privilegio
1211 4337 1684 4394 communimus.
1707 4339 1880 4396 Com-

1941 425 2389 480 successoribus
2403 424 2697 481 etillibata
2712 440 2877 496 perm
2888 431 3104 481 aneant
3124 426 3211 482 :in
3226 424 3450 498 quibus
3468 424 3598 481 hoec

1942 513 2201 584 propriis
2214 514 2498 570 duximus
2514 515 2908 586 exprimenda
2924 512 3231 572 vocabulis
3252 530 3269 569 ι
3296 515 3594 579 Decimae,

1942 599 2298 668 oblationes,
2342 603 2655 675 primitias,
2699 602 3060 676 sepulturas,
3100 606 3159 658 et
3198 603 3601 674 subjectiones

1942 689 2396 762 capellanorum
2422 699 2478 747 et
2498 691 2852 748 clericorum
2871 691 2931 747 in
2949 691 3161 748 eadem
3183 692 3419 749 civitate
3435 707 3603 749 com-

1946 780 2330 846 morantium,
2363 781 2514 836 sicut
2541 796 2644 836 eas
2674 781 2869 853 quiete
2897 786 2955 836 et
2994 782 3279 837 canonice
3306 781 3600 837 hactenus

1944 868 2297 940 possedistis
2338 887 2353 922 z
2384 871 2697 927 ecclesiam
2729 870 2788 927 S.
2821 869 3070 936 Nicolai,
3101 885 3239 942 qum
3269 873 3360 926 est
3398 869 3515 926 sita
3538 868 3601 925 in

1944 956 2209 1015 claustro
2248 963 2446 1016 vestro
2483 975 2624 1016 cum
2660 960 3032 1032 pertinentiis
3081 960 3230 1029 suis,
3280 958 3603 1016 ecclesiam

1947 1050 2006 1106 S.
2034 1050 2203 1104 ioan.
2237 1048 2529 1121 Baptistae,
2559 1047 2869 1105 ecclesiam
2903 1050 2958 1106 S.
2986 1049 3156 1105 loan.
3183 1047 3259 1105 de
3284 1048 3432 1121 Ripa
3458 1064 3600 1105 cum

1947 1136 2315 1209 pertinentiis
2352 1137 2499 1204 suis,
2544 1137 2858 1194 ecclesiam
2912 1139 2967 1194 S.
3010 1137 3428 1194 Bartholomaei
3461 1152 3604 1195 cum

1949 1226 2316 1299 pertinentiis
2335 1227 2479 1292 suis,
2512 1225 2826 1283 ecclesiam
2859 1229 2915 1284 S.
2950 1227 3206 1300 Sophias,
3235 1242 3370 1300 quae
3398 1232 3488 1284 est
3506 1240 3609 1283 ex-

1949 1319 2042 1371 tra
2080 1328 2285 1370 muros
2322 1314 2573 1370 civitatis
2622 1330 2760 1371 eum
2802 1315 3171 1387 pertinentiis
3215 1316 3361 1384 suis,
3409 1318 3606 1372 terras

1950 1417 2105 1475 quas
2124 1402 2360 1460 habetis
2392 1403 2452 1458 in
2471 1402 2711 1459 civitate
2747 1405 2992 1460 'tarvisii
3012 1402 3342 1460 adificatas
3371 1410 3429 1460 et
3455 1403 3607 1460 inoe·

1952 1490 2243 1558 dificatas,
2257 1492 2599 1549 clausuram
2614 1506 2800 1567 quam
2814 1492 3048 1548 habetis
3058 1491 3080 1563 j
3091 1499 3230 1549 uxta
3249 1493 3443 1548 fossas
3454 1492 3606 1565 eins-

1953 1579 2095 1637 dem
2113 1580 2396 1647 civitat-is,
2417 1585 2480 1638 et
2503 1585 2693 1637 terras
2716 1595 2870 1654 quas
2889 1581 3130 1638 habetis
3154 1582 3215 1637 in
3222 1620 3333 1637 .....
3359 1594 3608 1638 mansos

1874 1698 1925 1757 B
1955 1673 2014 1728 et
2037 1673 2230 1726 senas
2252 1684 2409 1742 quas
2440 1669 2673 1727 habetis
2693 1670 2755 1726 in
2781 1671 3143 1743 spauciano,
3175 1671 3312 1727 etin
3335 1671 3609 1737 maltuco,

1958 1764 2016 1816 et
2052 1759 2341 1825 Ursinico,
2377 1764 2433 1815 et
2469 1758 2763 1827 BauliacO,
2805 1772 3052 1816 mansos
3081 1775 3237 1832 quos
3274 1758 3511 1816 habetis
3546 1758 3612 1815 in

1953 1846 2320 1914 castaniola,
2353 1861 2600 1904 mansos
2627 1862 2782 1919 quos
2806 1846 3041 1903 habetis
3069 1848 3130 1903 in
3163 1847 3445 1919 Malsago,
3472 1845 3612 1904 etin

1961 1937 2278 2003 Postomia,
2320 1943 2378 1992 et
2412 1937 2472 1991 in
2504 1939 2773 2004 musano,
2804 1935 3124 1993 molosiam
3152 1937 3211 1992 S.
3257 1939 3433 1993 Bonae
3470 1949 3612 1992 cum

1955 2027 2327 2100 pertinentiis
2349 2027 2472 2082 suis
2503 2031 2560 2082 et
2592 2025 2970 2090 molendinis,
2994 2025 3311 2083 ecclesiam
3336 2027 3393 2083 S.
3418 2023 3616 2082 Mario

1961 2115 2037 2172 de
2063 2115 2344 2172 Fontanis
2366 2130 2504 2171 cum
2535 2116 2900 2186 pertinentiis
2921 2116 3065 2182 suis,
3097 2122 3154 2171 et
3185 2121 3401 2172 terram
3427 2128 3615 2188 quam

1962 2201 2195 2259 habetis
2208 2203 2377 2274 juxta
2394 2205 2662 2260 sedimen
2681 2204 2982 2278 Pelagium
3000 2210 3076 2261 de
3094 2205 3355 2277 Spineta,
3376 2217 3618 2259 mansos

1961 2306 2119 2364 quos
2146 2292 2377 2348 habetis
2395 2293 2453 2348 in
2483 2293 2843 2364 Lanzanigo,
2860 2301 2917 2350 et
2941 2293 3176 2363 Braida,
3199 2291 3617 2359 etMaceraida,

1964 2385 2021 2436 et
2049 2380 2377 2446 Luvadina,
2401 2380 2716 2438 ecclesiam
2749 2382 2809 2438 S.
2839 2381 3056 2452 Pelagii
3096 2382 3171 2438 de
3201 2381 3435 2437 Aurinis
3472 2394 3615 2438 cum

1963 2469 2337 2542 pertinentiis
2354 2471 2500 2536 suis,
2523 2477 2580 2526 et
2600 2485 2849 2527 mansos
2872 2485 3029 2544 quos
3060 2470 3295 2527 habetis
3313 2471 3372 2526 in
3393 2469 3614 2527 eodem

1965 2559 2119 2621 loco.
2147 2562 2208 2614 et
2218 2564 2431 2630 terras,
2456 2564 2514 2614 et
2529 2557 2797 2615 decimas
2813 2573 2967 2632 quas
2986 2558 3222 2616 habetis
3238 2559 3299 2615 in
3317 2561 3618 2627 Pontiano,

1967 2662 2217 2704 mansos
2244 2661 2401 2720 quos
2425 2646 2659 2704 habetis
2689 2647 2749 2703 in
2777 2647 3081 2712 Paduano,
3103 2647 3245 2704 etin
3274 2647 3417 2704 villa
3445 2646 3619 2712 orba,

1967 2736 2118 2795 etad
2131 2736 2338 2809 pedem
2352 2735 3380 2809 montelli,mansosquoshabetisin
3393 2739 3624 2807 storga.

1969 2827 2030 2883 in
2059 2825 2201 2882 villa
2218 2824 2502 2898 pendula,
2525 2826 2657 2881 etin
2678 2825 3068 2891 salimbercu,
3087 2831 3143 2882 et
3166 2825 3367 2882 locum
3392 2824 3468 2882 ad
3496 2838 3627 2882 mo-

1967 2914 2285 2972 lendinum
2303 2913 2669 2983 faciendum,
2691 2929 2937 2970 mansos
2957 2929 3112 2987 quos
3141 2914 3377 2971 habetis
3398 2912 3459 2970 in
3489 2914 3628 2970 Gar·

1974 3004 2225 3073 bonara,
2265 3004 2467 3060 villam
2494 3003 2719 3060 Melmae
2758 3020 2894 3060 cum
2936 3003 3186 3060 ecclesia
3227 3006 3283 3060 S.
3324 3000 3627 3061 Michaelis

1975 3093 2248 3165 ejusdem
2266 3091 2420 3149 villas
2440 3096 2499 3150 et
2514 3092 2796 3150 tredecim
2816 3092 2968 3150 rotis
2987 3093 3314 3150 molendini
3339 3108 3479 3149 cum
3495 3105 3633 3164 per-

1977 3182 2238 3239 tinentiis
2299 3182 2425 3237 suis
2469 3182 2716 3253 ibidem,
2779 3197 3028 3238 mansos
3072 3197 3229 3255 quos
3281 3181 3517 3238 habetis
3569 3180 3633 3237 in

1977 3274 2208 3344 Campo
2235 3275 2440 3337 storto,
2468 3278 2525 3326 et
2553 3271 2612 3326 in
2644 3273 2937 3341 Lansago,
2978 3272 3037 3327 in
3070 3270 3282 3337 Cunto,
3315 3270 3373 3327 in
3401 3268 3630 3328 Nerbo-

1973 3376 2080 3429 no,
2119 3373 2365 3415 mansos
2390 3373 2544 3432 quos
2571 3358 2806 3415 habetis
2845 3359 2907 3415 in
2948 3359 3292 3424 Luviniaco,
3324 3364 3384 3417 et
3414 3359 3473 3416 in
3497 3359 3633 3432 ripa

1977 3432 2176 3521 r‘upta,
2206 3452 2264 3503 et
2278 3461 2509 3515 severa,
2533 3452 2594 3502 et
2611 3452 2798 3504 terras
2828 3462 2982 3521 quas
3012 3448 3245 3504 habetis
3274 3450 3337 3503 in
3362 3445 3632 3517 Fuligno,

1977 3552 2226 3595 mansos
2243 3551 2401 3608 quos
2430 3535 2666 3592 habetis
2696 3535 2758 3591 in
2789 3533 3023 3592 Dulton.
3057 3536 3263 3592 Villam
3290 3550 3427 3592 cum
3460 3539 3635 3608 prato

1973 3625 2222 3692 Gulzoli,
2247 3624 2560 3681 ecclesiam
2597 3625 2653 3682 S.
2677 3626 2871 3682 narius
2890 3624 3167 3697 ejusdem
3193 3623 3347 3681 villae
3361 3637 3504 3681 cum
3527 3622 3636 3682 de-

1979 3715 2152 3773 cimis
2170 3720 2229 3771 et
2244 3713 2468 3771 caeteris
2488 3713 2854 3787 pertinentiis
2875 3713 3022 3780 suis,
3052 3727 3333 3771 mansum
3360 3712 3636 3770 nnumin

1980 3810 2145 3861 curte
2175 3802 2392 3872 natica,
2424 3807 2610 3859 terras
2628 3817 2784 3876 quas
2801 3801 3039 3859 habetis
3062 3803 3122 3859 in
3141 3805 3345 3860 mestre
3374 3801 3636 3859 aediflca·

1982 3900 2092 3960 tas,
2121 3899 2178 3949 et
2199 3892 2618 3959 inoediflcatas,
2650 3905 2901 3949 mansos
2920 3905 3075 3965 quos
3104 3891 3341 3948 habetis
3371 3891 3435 3948 in
3458 3889 3635 3963 zelle,

1981 3988 2040 4040 et
2062 3997 2277 4039 nemus
2301 3980 2553 4048 ibidem,
2581 3986 2802 4038 terram
2826 3996 2965 4037 cum
2992 3981 3167 4039 vinea
3190 3995 3378 4053 quam
3402 3979 3638 4038 habetis

1982 4073 2043 4129 in
2074 4070 2388 4137 Cellarino,
2419 4086 2697 4126 mansum
2736 4085 2923 4125 unum
2962 4070 3022 4127 in
3052 4070 3324 4141 Brenulo,
3357 4073 3416 4127 et
3445 4081 3635 4126 unum

1985 4175 2266 4218 mansum
2310 4161 2370 4216 in
2411 4158 2739 4224 Canollata,
2785 4173 3048 4231 mansos,
3096 4174 3252 4232 quos
3292 4158 3528 4216 habetis
3574 4157 3637 4215 in

1988 4249 2339 4315 burbiliaco,
2367 4255 2425 4305 et
2449 4253 2633 4306 terras
2654 4263 2810 4321 quas
2837 4247 3073 4305 habetis
3100 4248 3161 4304 in
3182 4248 3559 4314 Podensano,
3578 4251 3639 4305 et

1990 4344 2177 4395 terras
2202 4354 2354 4410 quas
2380 4336 2619 4394 habetis
2638 4336 2701 4393 in
2714 4335 3051 4407 scaltinico,
3071 4340 3132 4394 et
3144 4343 3329 4395 terras
3352 4351 3509 4411 quas
3534 4333 3639 4394 ha·

229 4442 470 4484 munem
502 4441 643 4483 vero
660 4426 869 4495 vitam,
885 4440 1073 4498 quam
1093 4426 1153 4482 in
1169 4425 1384 4483 eadem
1408 4425 1660 4483 ecclesia
1670 4426 1879 4485 obser·
1913 4421 1959 4479 D
1990 4428 2141 4484 betis
2157 4426 2219 4483 in
2247 4426 2524 4499 carpino,
2546 4425 2857 4483 ecclesiam
2881 4428 2939 4484 S.
2964 4426 3169 4497 Angeli
3193 4442 3332 4483 cum
3363 4427 3490 4483 suis
3510 4440 3643 4499 per·

225 4531 370 4573 vare
399 4514 777 4587 promisistis,
798 4514 960 4570 sedis
981 4512 1327 4586 apostolicas
1364 4515 1711 4572 auctoritate
1742 4528 1884 4574 con·

226 4606 566 4670 firmamus,
584 4607 640 4660 et
655 4619 730 4659 ne
745 4604 1030 4677 cuiquam
1049 4609 1309 4659 vestrum
1335 4609 1471 4675 post
1496 4602 1718 4661 factam
1748 4621 1884 4678 pro·

228 4694 580 4752 missionem
607 4693 722 4749 nisi
748 4693 997 4749 obtentu
1021 4691 1328 4763 religionis
1344 4696 1502 4749 retro
1521 4692 1691 4751 abire
1711 4693 1883 4752 liceat

225 4783 647 4859 prohibemus,
669 4787 730 4839 et
749 4782 798 4838 si
821 4782 957 4854 quis
985 4781 1102 4839 hoc
1129 4786 1418 4839 attentare
1433 4785 1885 4857 proesumpserit

226 4873 499 4946 ejusdem
525 4870 788 4928 ecelesiae
823 4870 1114 4928 beneflcio
1160 4871 1441 4944 privetur,
1472 4885 1584 4928 nec
1638 4872 1880 4946 aliquis,

137 5019 153 5046 ι
228 4963 342 5019 nisi
373 4962 477 5035 qui
507 4961 665 5018 hanc
692 4975 1078 5017 communem
1106 4959 1287 5017 vitam
1322 4975 1386 5017 se
1417 4960 1883 5019 observaturum

227 5050 587 5124 promiserit,
618 5050 677 5106 in
696 5050 909 5107 eadem
940 5048 1189 5106 ecclesia
1214 5048 1291 5105 de
1316 5057 1533 5107 eutero
1554 5052 1884 5109 canonicus

226 5140 591 5196 instituatur.
610 5140 945 5196 statuentes
960 5144 1433 5212 utquascunque
1445 5141 1880 5212 possessiones,

231 5242 611 5300 quascunque
635 5228 800 5285 bona
818 5229 1031 5285 eadem
1070 5226 1322 5285 ecclesia
1343 5230 1405 5285 in
1425 5229 1882 5301 praesentiarum

228 5317 412 5389 juste,
443 5332 513 5372 ac
551 5316 837 5374 canonice
855 5317 1138 5391 possidet,
1157 5318 1336 5374 autin
1354 5317 1620 5375 futurum
1642 5331 1886 5375 conm-

236 5405 407 5462 sione
433 5406 808 5479 pontificum,
833 5406 1146 5480 largitione
1173 5422 1381 5481 regum
1411 5405 1506 5464 vel
1521 5406 1884 5481 principum,

234 5494 541 5555 oblatione
566 5494 860 5563 fidelium,
885 5496 981 5555 vel
999 5498 1133 5556 aliis
1139 5497 1549 5571 justismodis,
1562 5502 1887 5572 prestante

1991 4516 2271 4582 tinentiis,
2298 4531 2586 4573 mansum
2609 4516 2876 4572 nnumin
2892 4514 3300 4582 mediolantiis,
3324 4513 3644 4573 ecelesiam

1993 4606 2051 4662 S.
2081 4604 2346 4663 Gervasii
2373 4620 2510 4662 cum
2542 4603 2913 4678 pertinentiis
2946 4602 3094 4672 suis,
3124 4602 3438 4660 ecclesiam
3467 4607 3523 4661 S.
3553 4602 3642 4659 Vi·

1992 4693 2125 4752 talis
2148 4710 2287 4750 cum
2315 4693 2685 4767 pertinentiis
2700 4695 2843 4759 suis,
2863 4698 2919 4749 et
2945 4708 3194 4750 mansos
3219 4708 3377 4766 quos
3404 4690 3641 4749 habetis

1979 4784 2238 4851 ibidem,
2258 4795 2506 4840 mansos
2530 4782 2939 4856 quos-habetis
2958 4782 3195 4849 inZero,
3215 4796 3461 4839 mansos
3489 4797 3645 4855 quos

1991 4872 2227 4931 habetis
2258 4873 2317 4929 in
2359 4873 2673 4939 Canisano,
2708 4876 2766 4929 et
2800 4871 2861 4927 in
2898 4871 3163 4943 Reveno,
3201 4885 3453 4928 mansos
3488 4885 3647 4943 quos

1991 4962 2226 5021 habetis
2249 4961 2310 5018 in
2340 4961 2577 5033 Quinto,
2606 4961 2731 5017 etin
2755 4960 3382 5028 Cervaria,ecc1esiam
3404 4959 3464 5016 S.
3483 4958 3647 5018 Chri·

1992 5053 2156 5109 stinae
2186 5066 2325 5107 cum
2357 5050 2724 5123 pertinentiis
2744 5050 2886 5117 suis,
2919 5055 2976 5107 et
3007 5065 3253 5107 mansos
3279 5064 3436 5123 quos
3462 5048 3648 5108 habe-

1985 5140 2068 5199 tis
2096 5140 2343 5205 ibidem,
2369 5145 2425 5196 et
2447 5140 2508 5196 in
2527 5138 3170 5209 Tiverono,eoclesiam
3197 5141 3254 5197 S.
3289 5138 3541 5196 Andreoe
3570 5138 3647 5196 de

1995 5232 2339 5302 cavasagra
2358 5242 2497 5285 cum
2513 5227 2886 5299 pertinentiis
2914 5228 3060 5296 suis,
3077 5243 3358 5285 mansum
3376 5242 3562 5284 unum
3585 5227 3647 5284 in

1992 5326 2178 5392 puteo
2227 5317 2413 5383 bono,
2464 5332 2710 5373 mansos
2753 5332 2908 5390 quos
2946 5317 3181 5374 habetis
3228 5318 3288 5373 in
3328 5315 3645 5388 vedelagO,

1991 5422 2242 5466 mansos
2257 5421 2412 5479 quos
2429 5406 2664 5465 habetis
2681 5407 2742 5463 in
2759 5406 2910 5463 silva
2923 5407 3209 5479 rotunda,
3229 5406 3431 5464 villam
3459 5405 3648 5464 Silvae·

1995 5499 2263 5567 nosmet
2281 5496 2603 5555 melesiam
2627 5497 2686 5555 S.
2714 5497 2986 5564 Andreas,
3011 5511 3149 5573 qnae
3175 5495 3239 5554 in
3267 5495 3481 5555 eadem
3508 5495 3652 5563 villa
