3784 6000
167 250 281 312 att

1233 249 1660 313 GUILLE'LMI
1700 248 2100 314 TYRENSIS
2141 242 2513 309 ARCHIEP.

3461 245 3589 307 412

168 398 298 438 esse
318 389 671 452 assecutum,
696 387 796 439 aut
815 387 980 439 terrae
1003 383 1310 456 pristinam
1333 384 1535 440 faciem
1560 387 1818 456 postmo-
1853 391 1902 454 Α
1936 383 2116 442 altera
2148 395 2331 453 usque
2359 378 2535 435 bodie
2564 375 2866 432 Probatica
2903 374 3133 448 piscina
3161 379 3490 450 reputatur,
3519 377 3586 435 in

170 471 311 527 dum
342 473 736 531 immutatam.
782 472 1015 529 Certum
1065 476 1154 528 est
1185 479 1377 530 tamen
1409 475 1563 546 quod
1590 473 1818 531 amicus

171 559 426 631 Domini,
459 559 731 616 Ezechias
762 576 860 615 rex
888 561 1059 629 Juda,
1092 563 1322 634 cognito
1372 563 1620 619 adventu
1670 562 1819 619 Sen-

173 649 470 715 nacherib,
494 647 595 704 mii
629 648 1035 707 salmanassar
1065 649 1218 723 regis
1253 651 1648 724 Assyriorum,
1690 653 1820 709 son-

174 741 260 793 tes
291 738 390 808 qui
422 742 588 792 erant
614 740 776 793 extra
833 739 1062 808 urbem,
1117 739 1426 796 obturavit.
1483 740 1562 797 De
1594 757 1708 813 quo
1737 740 1820 797 ita

169 825 383 897 legitur
410 825 470 881 in
530 828 789 883 secundo
819 827 1297 902 Paralipomenon
1333 846 1347 886 ε
1381 829 1533 894 Quod
1561 845 1684 889 cum
1717 846 1820 886 au·

171 913 335 970 disset
365 915 647 984 Ezechias,
696 918 902 973 venisse
929 917 1129 974 scilicet
1159 918 1545 990 Sennacherib,
1576 928 1629 976 et
1647 922 1819 976 totum

174 1003 304 1060 betti
334 1005 598 1075 impetum
619 1007 758 1062 verti
775 1011 967 1063 contra
988 1008 1348 1077 Hierusalem,
1370 1010 1506 1065 inito
1527 1025 1652 1065 cum
1670 1012 1821 1081 prin.

172 1092 389 1165 cipibus
417 1095 653 1150 consitio
682 1095 927 1168 virisque
949 1099 1293 1168 fortissimis,
1315 1105 1374 1154 ut
1393 1098 1716 1155 obturarent
1733 1116 1822 1155 ca-

174 1182 292 1253 pita
319 1183 563 1255 sontium
593 1201 711 1256 quae
739 1190 898 1242 erant
929 1191 1086 1243 extra
1114 1187 1324 1256 urbem,
1356 1194 1408 1245 et
1437 1187 1536 1244 boc
1564 1189 1820 1245 omnium

170 1269 492 1328 decernente
531 1274 820 1345 sententia,
852 1279 1198 1347 congregavit
1240 1277 1541 1349 plurimam
1569 1278 1818 1334 multitu·

177 1358 384 1430 diam,
413 1364 466 1416 et
495 1360 895 1420 obturaverunt
948 1369 1173 1422 cunctos
1208 1367 1403 1438 fontes.
1433 1376 1485 1424 et
1515 1369 1694 1424 rivum
1723 1369 1819 1439 qui

177 1448 383 1519 fluebat
408 1451 468 1505 in
491 1452 670 1508 medio
691 1462 876 1520 terrae,
899 1454 1141 1512 dicentes
1162 1474 1182 1510 .-
1203 1455 1278 1511 Ne
1300 1458 1524 1512 veniant
1550 1472 1701 1528 repes
1722 1456 1817 1513 As·

171 1540 475 1610 syriorum,
492 1544 544 1596 et
576 1541 857 1599 inveniant
877 1561 1148 1616 aquarum
1168 1546 1568 1603 abundantiam
1588 1548 1670 1618 (ΙΙ
1687 1548 1815 1603 Par.

173 1643 354 1696 xxxu,
384 1631 463 1702 2).
498 1631 651 1687 Inter
682 1648 828 1704 quos
862 1636 1191 1706 praecipuus
1221 1639 1344 1692 erat
1382 1635 1482 1707 qui
1514 1636 1818 1692 dicebatur

1930 491 2046 546 qua
2085 472 2227 530 olim
2260 465 2641 526 immolatitiae
2681 464 3029 523 lavabantur
3092 464 3313 536 boetio,
3363 482 3494 539 quae
3523 468 3589 525 in

1928 560 2238 633 Evangelio
2259 558 2519 632 quinque
2540 554 2797 629 porticus
2829 553 3040 611 dicitur
3059 554 3277 612 babere
3310 555 3494 630 (Joan.
3524 557 3588 630 v)

1929 655 1987 709 et
2014 651 2076 707 in
2107 665 2286 723 quam
2317 644 2558 717 angelus
2579 642 2886 700 dicebatur
2915 643 3269 702 descendere
3290 651 3344 701 et
3362 661 3584 717 aquam

1931 754 2181 807 movere,
2209 735 2310 793 illo
2343 735 2570 804 effectu,
2604 734 2671 790 ut
2715 732 2813 805 qui
2845 731 3069 804 primus
3100 739 3226 804 post
3258 733 3583 791 motionem

1930 846 2094 901 aquas
2124 825 2502 885 descenderet
2529 821 2590 880 in
2620 821 2931 894 piscinam,
2971 824 3272 879 sanaretur
3306 837 3321 880 :
3350 821 3411 879 in
3461 839 3584 897 qua

1929 923 1987 978 et
2013 919 2301 977 Dominus
2330 913 2712 991 paralyticum
2733 916 3024 983 curatum,
3054 911 3365 985 grabatum
3392 913 3586 986 ,iussit

1928 1007 2150 1068 tollere.

2568 1107 2802 1166 CAPUT
2856 1107 2928 1164 V.

1929 1209 2043 1279 Quo
2073 1211 2319 1277 tempore
2350 1208 2534 1260 noster
2558 1201 2828 1257 exercitus
2869 1202 2997 1282 ante
3024 1197 3214 1256 urbem
3241 1198 3525 1257 advenerit
3560 1219 3583 1268 ‚-

2000 1285 2055 1335 et
2079 1277 2205 1348 quis
2233 1275 2406 1348 suerit
2434 1277 2770 1338 nostrorum,
2827 1270 3132 1327 bestiamve
3158 1286 3424 1328 numerus
3456 1287 3477 1334 .·
3530 1279 3587 1330 et

2001 1366 2106 1423 quo
2135 1349 2326 1406 ordine
2352 1349 2545 1403 castra
2573 1347 2702 1400 sunt
2731 1345 2923 1399 tocata.

1999 1459 2166 1514 Anno
2191 1456 2370 1527 igitur
2398 1454 2470 1510 ab
2506 1450 2909 1508 lucarnatioue
2938 1446 3170 1506 Domini
3194 1448 3353 1520 1099,
3377 1464 3584 1508 mense

1925 1546 2124 1614 sunio,
2146 1543 2394 1618 septima
2424 1542 2517 1599 die
2550 1540 2792 1607 mensis,
2827 1542 3159 1596 nostrorum
3191 1546 3325 1597 ante
3355 1539 3579 1612 praedi-

1928 1640 2080 1694 ctam
2114 1635 2315 1691 urbem
2350 1631 2769 1688 castrametata
2796 1631 2938 1684 sunt
2982 1627 3281 1701 legiones;
3330 1628 3579 1686 dicitur-

175 1717 304 1775 tons
337 1717 507 1787 Gion‚
543 1721 614 1776 de
646 1739 761 1793 quo
788 1723 847 1778 in
900 1725 1105 1780 eodem
1165 1724 1373 1797 legitur
1405 1742 1418 1782 :
1453 1725 1551 1781 Hic
1578 1729 1659 1781 est
1687 1726 1821 1783 Eze-
1851 1743 1898 1809 Β
1928 1742 2040 1800 que
2065 1724 2248 1781 ruisse
2278 1718 2707 1779 advenientium
2733 1732 3013 1774 numerus
3032 1716 3352 1790 promiscui
3377 1733 3579 1787 sexus,

173 1809 349 1879 etuias,
371 1809 470 1880 qui
491 1809 768 1868 obturavit
788 1817 1126 1886 superiorem
1144 1817 1347 1887 sontem
1368 1832 1639 1889 aquarum
1660 1814 1815 1884 Gion,

172 1899 227 1952 et
247 1900 448 1952 avertit
469 1914 561 1954 eas
576 1900 762 1956 subter
790 1903 860 1958 ad
883 1903 1217 1960 occidentem
1237 1906 1390 1960 urbis
1413 1906 1594 1961 David
1631 1905 1818 1976 (ibid.,

171 1987 326 2057 xxx).
343 1985 488 2042 Gion
513 1994 706 2045 autem
731 1989 894 2048 locus
915 2002 999 2048 est
1031 1993 1101 2050 ab
1123 1999 1346 2065 austro,
1369 1996 1426 2050 in
1450 1994 1598 2051 valle
1616 1995 1819 2051 Ennon

173 2077 366 2133 media
395 2077 717 2136 Jerusalem
768 2082 1018 2154 positus,
1066 2084 1165 2138 ubi
1201 2084 1368 2141 bodie
1397 2089 1483 2142 est
1511 2084 1569 2140 in
1603 2085 1820 2141 bonore

172 2163 332 2221 Beati
360 2167 625 2239 Procopii
684 2171 958 2242 martyris
1011 2173 1272 2242 ecclesia,
1307 2174 1407 2230 ubi
1454 2173 1729 2230 Salomon
1759 2173 1820 2229 in

172 2268 365 2324 regem
400 2253 681 2312 inunctus
714 2258 895 2315 fuisse
925 2260 1342 2333 dicitur,juxta
1365 2262 1519 2335 quod
1560 2262 1617 2317 in
1650 2261 1821 2319 tertio

177 2343 400 2415 Regum
428 2343 579 2401 libro
609 2344 825 2418 legitur
855 2349 937 2404 ita
962 2365 975 2403 ε
1004 2351 1199 2408 Tollite
1218 2353 1490 2408 vobiscum
1517 2367 1695 2408 servos
1716 2353 1820 2408 Do·

171 2434 316 2487 mini
339 2433 522 2501 vestri,
552 2439 603 2490 et
634 2433 904 2507 imponite
933 2437 1282 2498 Salomonem
1312 2443 1496 2512 filium
1524 2459 1705 2500 meum
1734 2460 1818 2500 su·

167 2535 270 2592 per
295 2521 504 2575 mulam
534 2540 731 2594 meam,
771 2531 824 2581 et
872 2528 1049 2585 ducite
1094 2531 1311 2587 eumin
1358 2532 1514 2600 Gion,
1562 2535 1614 2589 et
1651 2526 1826 2602 πικραί

174 2623 290 2665 eum
320 2607 399 2664 ibi
440 2611 650 2668 sadoch
685 2616 935 2671 sacerdos
969 2621 1020 2672 et
1057 2619 1276 2674 Nathan
1309 2627 1598 2692 propheta,
1645 2624 1703 2678 in
1732 2638 1822 2679 re-

177 2714 309 2772 qem
336 2714 503 2771 super
530 2701 700 2758 lirae!
730 2712 780 2760 et
807 2706 1031 2774 ludam,
1069 2718 1120 2763 et
1148 2711 1353 2765 canetis
1380 2711 1630 2777 buccina,
1660 2715 1823 2784 atque

171 2785 362 2843 dicetis
381 2804 401 2844 .·
429 2790 595 2846 Vivat
633 2807 733 2848 rex
762 2792 1016 2850 Salomon
1034 2796 1135 2868 (111
1156 2798 1285 2868 Rea.
1319 2815 1359 2868 1,
1382 2799 1494 2872 33).
1529 2800 1589 2857 Id
1622 2804 1819 2858 tamen

176 2878 310 2931 ante
331 2877 591 2948 praedicti
614 2879 793 2937 Solini
811 2886 925 2939 tem
934 2899 1074 2955 pora
1095 2885 1275 2942 tuisse
1289 2893 1509 2944 certum
1537 2892 1658 2958 est;
1682 2906 1818 2946 nam

174 2979 309 3022 eum
332 2971 388 3023 et
412 2972 544 3040 post
562 2970 758 3028 Titum
786 2972 1180 3032 Romanorum
1209 2976 1557 3051 principem,
1579 2978 1679 3052 qui
1717 2995 1822 3035 ur-

173 3053 307 3112 bem
331 3056 560 3128 delevit,
587 3068 643 3115 et
662 3066 794 3118 ante
821 3062 1032 3120 AElium
1063 3065 1406 3128 Adrianum,
1430 3068 1531 3140 qui
1551 3069 1817 3125 eamdem

175 3147 480 3216 reparavit,
516 3147 715 3218 fuisse,
763 3152 1058 3208 evidenter
1084 3170 1152 3210 ex
1199 3156 1461 3226 ejusdem
1495 3157 1821 3230 Polyhisto-
1848 3117 1893 3185 C

176 3232 255 3290 ris
275 3233 517 3293 lectione
547 3236 856 3310 colligitur,
888 3239 949 3296 in
988 3243 1156 3314 cujus
1187 3247 1633 3317 quadragesimo
1656 3248 1820 3319 capi-

176 3322 299 3379 tulo
330 3325 411 3380 ita
441 3326 688 3398 legitur:
720 3329 928 3387 Judaeae
969 3342 1131 3402 caput
1152 3332 1263 3404 suit
1293 3334 1690 3408 Hierosolyma,
1728 3336 1820 3393 sed

176 3413 363 3470 excisa
384 3420 465 3471 est
491 3434 516 3481 ;
543 3421 791 3473 successit
830 3421 1095 3491 Hiericus,
1124 3430 1180 3479 et
1226 3424 1340 3480 hoec
1384 3430 1545 3497 caput
1575 3442 1690 3483 esse
1717 3428 1818 3483 de—

175 3504 294 3571 siit,
328 3503 466 3561 bello
493 3506 836 3565 Artaxerxis
863 3510 1106 3568 subacta.
1142 3513 1315 3571 Extra
1354 3515 1557 3572 urbem
1600 3518 1670 3573 ad
1702 3518 1818 3574 duo

176 3591 264 3648 vel
290 3594 399 3651 tria
421 3594 714 3665 milliaria,
739 3598 928 3657 fontes
945 3607 1084 3658 sunt
1106 3603 1370 3661 nonnulli
1393 3624 1408 3676 ;
1433 3606 1535 3662 sed
1571 3610 1627 3664 et
1646 3608 1818 3678 pauci

178 3698 442 3755 numere,
475 3691 530 3741 et
559 3688 843 3744 modicam
878 3691 1052 3748 nimis
1086 3694 1488 3752 ministrantes
1528 3713 1817 3769 aquarum

175 3775 669 3846 commoditatem,
698 3779 863 3848 juxta
895 3782 1097 3838 urbem
1124 3791 1314 3840 tamen
1349 3801 1382 3841 a
1401 3791 1562 3857 parte
1592 3791 1819 3844 austra-

176 3860 240 3933 li,
271 3862 371 3918 ubi
403 3864 529 3920 duae
585 3866 762 3924 valles
800 3870 1089 3942 praedicta
1133 3888 1196 3929 se
1249 3874 1615 3941 continuant,
1649 3875 1818 3946 quasi

177 3951 448 4011 milliario
471 3955 699 4013 distans
719 3958 789 4015 ab
814 3960 974 4032 urbe,
1013 3961 1141 4019 fons
1171 3968 1261 4020 est
1289 3964 1517 4036 quidam
1550 3965 1818 4022 famosis-

176 4040 386 4109 simus,
419 4041 603 4112 Siloe;
627 4045 698 4100 ad
724 4062 920 4118 quem,
952 4066 1085 4106 eum
1119 4053 1219 4124 qui
1242 4068 1274 4107 a
1305 4053 1600 4111 nativitate
1630 4071 1818 4112 caecus

178 4129 385 4196 fuerat,
415 4129 702 4189 Dominus
752 4136 934 4205 misit,
967 4143 1031 4193 ut
1072 4138 1151 4194 ibi
1196 4139 1489 4197 lavaretur
1517 4147 1573 4198 et
1600 4143 1816 4200 videret

174 4216 358 4286 (Joan.
393 4220 472 4291 rx)
493 4237 513 4275 .·
547 4222 675 4276 t'ons
703 4223 940 4292 quidem
964 4227 1247 4296 modicus,
1277 4229 1338 4286 in
1370 4231 1486 4288 imo
1503 4231 1669 4289 vallis
1691 4250 1817 4290 sca-

176 4304 425 4371 turiens,
457 4307 644 4378 etqui
693 4324 798 4365 nee
828 4312 1081 4384 sapidas,
1125 4331 1231 4372 nec
1281 4324 1587 4391 perpetuas
1645 4322 1816 4380 habet

175 4407 395 4461 aquas;
426 4394 839 4467 interpolatum
862 4402 1018 4457 enim
1046 4404 1268 4462 habens
1284 4406 1527 4477 fluxum,
1560 4410 1649 4468 die
1680 4414 1814 4467 tan-

1926 1817 2110 1873 oetatis
2141 1821 2194 1870 et
2225 1811 2598 1879 conditionis,
2632 1807 2798 1879 quasi
2831 1807 2902 1864 ad
2936 1806 3325 1879 quadraginta
3366 1807 3577 1876 millia,

1927 1905 2079 1962 inter
2110 1918 2254 1977 quos
2284 1900 2682 1972 expeditorum
2716 1898 2808 1953 vix
2873 1900 3140 1968 poterant
3185 1912 3314 1952 esse
3371 1896 3579 1970 viginti

1932 1993 2113 2051 millia
2145 1991 2437 2064 peditum;
2467 1987 2693 2060 equites
2715 1990 2910 2042 autem
2932 1984 3091 2040 mille
3113 1985 3418 2059 quingenti
3443 2003 3458 2054 ;
3484 2003 3582 2043 re-

1926 2081 2074 2155 liqui
2115 2084 2308 2136 autem
2342 2092 2569 2142 omnes,
2602 2078 2705 2130 aut
2736 2075 2959 2130 inerme
2973 2073 3201 2146 vulgus,
3225 2078 3327 2130 aut
3353 2073 3580 2132 valetu-

1928 2171 2136 2228 dinarii
2167 2174 2224 2225 et
2279 2167 2520 2224 debiles.
2577 2164 2637 2221 ln
2665 2163 2808 2220 urbe
2849 2167 3042 2219 autem
3074 2163 3423 2220 dicebantur
3447 2179 3581 2221 esse

1928 2263 2187 2319 virorum
2222 2257 2455 2315 fortium
2479 2263 2535 2313 et
2563 2255 2780 2327 optime
2810 2256 3165 2309 armatorum
3190 2251 3580 2325 quadraginta

1907 2351 2151 2420 ,millia3
2185 2349 2532 2406 convenerat
2551 2344 2704 2400 enim
2738 2357 2805 2398 ex
2844 2341 3052 2400 vicinis
3082 2342 3312 2415 oppidis
3340 2345 3401 2399 et
3429 2341 3579 2399 sub-

1932 2439 2172 2498 urbanis
2204 2435 2604 2508 adjacentibus
2631 2435 2691 2489 in
2724 2433 2925 2490 urbem
2951 2430 3204 2487 maxima
3233 2430 3574 2502 multitude,
3620 2499 3627 2504 ⁵

1931 2534 2053 2587 tum
2086 2535 2150 2585 ut
2172 2546 2204 2584 a
2235 2527 2377 2584 t'acie
2408 2524 2696 2583 exercitus
2724 2523 2784 2579 in
2823 2522 3025 2579 urbem
3074 2537 3136 2578 se
3183 2521 3572 2592 conferentes,

1932 2618 2174 2694 propriae
2203 2614 2373 2673 saluti
2401 2613 2770 2671 consulerent
2800 2628 2815 2680 ;
2848 2616 2977 2669 tum
3019 2615 3080 2667 ut
3111 2611 3314 2667 urbem
3344 2612 3570 2684 regiam

1932 2709 2004 2767 ab
2028 2706 2188 2764 immi
2200 2703 2474 2762 uentibus
2487 2706 2846 2777 protegerent
2862 2699 3158 2774 periculis,
3174 2715 3302 2757 eam
3324 2700 3507 2758 armis
3519 2704 3577 2757 et

1929 2797 2284 2856 victualibus
2306 2794 2791 2853 communientes.
2814 2792 3131 2863 Postquam
3156 2791 3225 2848 ad
3248 2791 3453 2848 urbem
3477 2807 3574 2848 ac·

1931 2891 2250 2956 cesserunt,
2283 2887 2482 2943 habito
2540 2883 2806 2956 diligenti
2838 2885 3112 2953 tractatu,
3145 2883 3297 2939 unde
3341 2881 3577 2939 facilius

1931 2984 1987 3039 et
2017 2976 2383 3036 commodius
2408 2974 2613 3033 urbem
2648 2976 2884 3047 possent
2919 2972 3286 3045 impugnare,
3317 2987 3453 3029 cum
3481 2970 3579 3029 bis

1933 3073 2029 3144 qui
2061 3070 2319 3127 locorum
2354 3065 2649 3123 habebant
2679 3062 2968 3136 peritiam,
3000 3062 3262 3119 videntes
3292 3062 3451 3135 quod
3483 3077 3581 3119 ne-

1934 3177 2046 3232 que
2077 3160 2149 3216 ab
2181 3157 2425 3226 oriente,
2465 3170 2652 3227 neque
2690 3154 2761 3210 ab
2812 3156 3008 3208 austro
3065 3154 3297 3224 propter
3323 3150 3579 3208 vellium

1930 3248 2332 3322 praedictarum
2382 3244 2836 3318 profunditatem
2897 3244 3135 3315 possent
3186 3239 3490 3313 proficere,
3542 3257 3577 3297 a

1929 3336 2323 3411 septentrione
2352 3350 2479 3392 eam
2515 3331 2780 3390 obsidere
2809 3331 3202 3387 decreverunt.
3243 3328 3327 3385 Ab
3368 3345 3440 3386 ea
3468 3329 3586 3403 igi-

1926 3432 2022 3485 tur
2052 3431 2239 3498 porta,
2271 3441 2401 3497 quae
2431 3422 2601 3479 hodie
2631 3420 2847 3478 dieitur
2873 3418 3068 3476 Sancti
3099 3417 3406 3490 Stephani,
3450 3434 3577 3492 qua!

1930 3518 2002 3573 ad
2035 3514 2363 3588 aquilonem
2389 3512 2650 3585 respicit,
2673 3526 2862 3582 usque
2882 3508 2952 3564 ad
2978 3522 3104 3563 eam
3130 3522 3258 3578 quae
3294 3506 3444 3563 turri
3467 3506 3576 3564 Da-

1927 3606 2022 3664 vid
2046 3606 2311 3677 subjecta
2340 3606 2429 3660 est
2449 3606 2506 3658 et
2528 3601 2599 3658 ab
2620 3601 2821 3658 eodem
2862 3612 2994 3670 rege
3024 3596 3572 3667 cognominabatur,

1927 3696 2097 3753 sicuti
2130 3700 2187 3751 et
2214 3693 2394 3750 turris
2424 3709 2552 3764 quas
2600 3691 2659 3746 in
2694 3693 2854 3763 parte
2884 3686 3144 3759 ejusdem
3175 3684 3427 3743 civitatis
3456 3686 3571 3743 sita

1927 3790 2017 3844 est
2036 3782 2407 3850 occidentati,
2441 3781 2623 3838 nostri
2670 3780 2955 3852 principes
2984 3778 3375 3833 castrametati
3405 3779 3567 3834 sunt.

1926 3878 1991 3934 In
2020 3888 2267 3948 quorum
2296 3871 2502 3928 ordine
2532 3865 2805 3925 dominus
2826 3863 3212 3937 Letharingiae
3243 3863 3361 3919 dux
3377 3860 3567 3917 Gode-

1929 3966 2111 4023 fridus
2142 3963 2366 4035 primus
2399 3960 2542 4030 tuin
2576 3960 2710 4031 post
2738 3971 2895 4023 eum,
2939 3953 3210 4012 dominus
3249 3949 3566 4007 Flandren·

1925 4057 2082 4115 sium
2103 4068 2300 4111 comes
2319 4050 2608 4107 Robertus
2632 4068 2647 4119 ;
2672 4046 2907 4103 tertium
2928 4045 3265 4102 verolocum
3289 4040 3567 4098 dominus

1925 4146 2061 4203 item
2085 4144 2371 4200 Robertus
2391 4140 2857 4196 Normannorum
2881 4150 3073 4192 comes
3097 4150 3112 4202 ;
3137 4134 3410 4205 quartum
3432 4145 3564 4187 vero

1925 4236 2121 4293 locum
2154 4234 2306 4289 circa
2325 4229 2535 4287 turrim
2588 4225 2947 4298 angularem,
2980 4240 3108 4297 quoe
3139 4223 3212 4279 ab
3241 4221 3446 4278 eodem
3477 4236 3567 4276 co-

1922 4322 2263 4398 gnominata
2290 4325 2398 4391 est,
2429 4316 2702 4375 dominus
2723 4314 3079 4381 1¹ancredus,
3123 4310 3299 4369 etalii
3322 4310 3565 4383 quidam

1926 4412 2148 4471 nobiles
2169 4410 2583 4479 obtinuerunt3
2616 4407 2686 4462 ab
2717 4404 2919 4461 eadem
2942 4418 3074 4459 vero
3104 4400 3251 4458 turri
3275 4413 3465 4472 usque
3493 4398 3563 4455 ad

179 4484 296 4538 turn
330 4483 497 4541 tertia
541 4502 724 4557 aquas
771 4489 987 4547 dicitur
1047 4493 1397 4553 ministrare.
1429 4498 1606 4554 Porro
1636 4498 1809 4569 cives,
1841 4486 1896 4555 D
1926 4510 2147 4576 portam
2203 4496 2659 4563 Occidentalem,
2692 4510 2888 4552 comes
2931 4491 3255 4549 Tolosanus
3293 4503 3431 4545 eum
3461 4503 3566 4544 suo

172 4574 521 4646 praecognito
554 4581 874 4636 nostrorum
905 4581 1179 4652 adventu,
1212 4599 1313 4640 ora
1358 4585 1602 4642 sontium
1642 4594 1696 4642 et
1725 4588 1812 4642 ci-

172 4665 502 4722 sternarum
532 4683 653 4738 quae
712 4669 771 4725 in
829 4673 1073 4730 circuitu
1106 4674 1267 4732 urbis
1296 4681 1480 4747 erant,
1524 4694 1706 4749 usque
1737 4678 1809 4734 ad

172 4753 430 4827 quinque
457 4756 546 4813 vel
577 4773 676 4815 sex
698 4760 989 4833 milliaria,
1022 4766 1087 4820 ut
1116 4765 1369 4838 populus
1392 4767 1487 4825 siti
1513 4767 1810 4841 fatigatus,

170 4844 244 4899 ab
280 4844 438 4903 urbis
487 4848 787 4907 obsidione
818 4853 1135 4925 desisteret,
1167 4855 1574 4914 obstruxerant
1607 4876 1620 4914 ε
1654 4859 1810 4918 unde

170 4936 543 5004 postmodum
583 4939 645 4995 in
693 4941 815 5013 ejus
843 4944 1171 5015 obsidione,
1218 4947 1481 5004 infinitas
1509 4948 1809 5008 molestias

173 5025 373 5078 noster
398 5041 608 5099 passus
639 5038 730 5087 est
767 5034 1074 5105 exercitus,
1127 5037 1276 5094 sicut
1324 5038 1383 5095 in
1423 5039 1809 5111 sequentibus

171 5111 414 5170 dicetur.
448 5116 556 5183 Qui
605 5123 796 5177 autem
848 5124 1007 5181 intus
1044 5131 1233 5198 erant,
1273 5133 1479 5201 prater
1525 5145 1807 5202 aquarum

172 5202 532 5275 pluvialium,
563 5222 742 5280 quam
775 5210 1088 5283 habebant,
1123 5220 1447 5275 ubertatem
1470 5217 1806 5289 maximam,

170 5292 358 5351 fontes
380 5294 555 5353 etiam
575 5314 610 5354 a
648 5301 915 5371 partibus
947 5305 1226 5364 deductos
1247 5308 1634 5366 exterioribus
1663 5314 1715 5365 et
1747 5324 1810 5364 a·

169 5383 491 5453 quaeductis
513 5387 784 5462 invectos,
809 5392 868 5449 in
891 5395 1145 5466 piscinas
1167 5398 1313 5455 duas
1335 5397 1599 5455 maximas
1617 5414 1809 5471 quan-

168 5468 371 5540 titatis,
393 5490 517 5546 quae
547 5478 701 5537 circa
723 5483 929 5556 templi
958 5486 1269 5556 ambitum,
1298 5487 1550 5546 exterius
1588 5490 1807 5561 tamen,

168 5559 274 5617 sed
304 5560 458 5621 intra
484 5566 689 5628 urbem
719 5570 1095 5631 continentur
1120 5573 1517 5650 recipiebant3
1556 5591 1809 5651 quarum

1920 4591 2196 4650 comitatu
2221 4589 2422 4645 urbem
2444 4585 2694 4654 obsedit;
2720 4598 2923 4640 verum
2950 4583 3310 4653 postea,tum
3332 4582 3568 4651 propter

1921 4680 2152 4747 turrim,
2185 4693 2313 4749 quae
2342 4674 2548 4731 castris
2606 4677 2736 4744 ejus
2790 4669 3165 4738 imminebat,
3220 4665 3564 4739 praedictam

1922 4774 2144 4842 portam
2171 4765 2337 4839 quasi
2358 4765 2466 4819 sub
2488 4779 2551 4820 se
2590 4761 2837 4834 positam
2871 4762 3136 4832 potenter
3165 4755 3479 4826 tuebatur;
3508 4758 3566 4811 et

1922 4861 2158 4936 propter
2174 4854 2384 4911 vallem
2408 4850 2790 4909 nibilominus
2811 4866 2940 4923 quoe
2962 4848 3116 4905 inter
3140 4846 3348 4903 urbem
3379 4848 3438 4901 et
3463 4860 3560 4901 ca·

1917 4955 2038 5009 stra
2065 4949 2193 5020 ejus
2217 4947 2338 5002 erat
2360 4943 2572 5012 media,
2594 4941 2798 4999 videns
2819 4940 2974 5013 quod
2995 4938 3057 4994 in
3087 4954 3153 4995 eo
3171 4939 3335 5010 parte
3357 4934 3562 4992 urbem

1917 5034 2315 5112 impugnando
2347 5050 2461 5090 non
2485 5032 2735 5089 multum
2758 5034 2958 5105 posset
2987 5028 3290 5102 proficere,
3319 5027 3393 5085 de
3421 5041 3563 5083 con-

1915 5128 2047 5189 silio
2069 5125 2460 5201 quorumdam
2482 5121 2863 5195 prudentum,
2880 5122 2938 5175 et
2966 5118 3068 5190 qui
3094 5116 3353 5174 locorum
3385 5113 3564 5172 babe-

1917 5220 2061 5278 bant
2086 5214 2376 5291 peritiam,
2408 5226 2587 5285 super
2614 5214 2868 5267 montem
2898 5207 2957 5264 iu
2990 5222 3104 5281 quo
3134 5204 3338 5262 civitas
3380 5204 3565 5261 adifi-

1917 5312 2046 5367 cata
2074 5310 2181 5375 est,
2212 5305 2368 5362 iuter
2425 5302 2629 5359 urbem
2676 5303 2734 5358 et
2778 5297 3109 5365 ecclesiam,
3168 5311 3294 5367 quo
3348 5293 3568 5350 dieitur

1917 5399 2228 5470 Sion,quae
2258 5394 2332 5453 ab
2363 5391 2505 5450 urbe
2535 5391 2707 5449 distat
2736 5393 3026 5464 quantum
3048 5401 3219 5445 arcus
3244 5382 3427 5441 semel
3457 5400 3566 5456 po-

1917 5490 2029 5545 test
2051 5487 2269 5558 jacere,
2304 5486 2361 5540 in
2394 5486 2557 5556 parte
2576 5477 3039 5552 septentrionali,
3069 5479 3398 5534 castrorum
3430 5489 3565 5547 par-

1918 5580 2041 5637 tem
2055 5572 2362 5635 transtulit
2384 5585 2400 5647 3
2430 5574 2595 5648 parte
2613 5569 2786 5630 etiam
2810 5568 3051 5639 ibidem,
3069 5564 3169 5623 ubi
3186 5565 3352 5639 prius
3372 5563 3565 5624 tuerat
