3784 6000
120 115 243 173 '113
562 113 768 174 Hts'r.
820 110 1100 174 RERUM
1144 107 1689 173 TRANSMARIN.
1739 140 1814 150 --
1861 104 2002 167 ΜΒ.
2051 106 2259 170 xvllt.
2309 107 2756 171 BALDtJtNUs
2799 108 2880 172 111
2927 111 3106 175 REX.
3416 117 3533 176 ἨΑ

119 244 252 303 sola
276 248 575 320 quarta,in
590 246 1065 319 quaSepuicrnm
1080 243 1452 301 Dominicum
1470 243 1645 299 situm
1658 243 1770 311 est,
1801 241 1855 309 Α
1882 239 1972 297 vei
2005 244 2349 313 aegrotantes
2379 243 2739 317 colligerent,
2773 260 2844 302 ne
2875 244 2948 302 de
2979 248 3150 304 nocte
3179 262 3285 320 per
3311 246 3432 305 vias
3452 262 3538 305 re·

124 333 402 390 fidelibus
460 352 740 393 concessa
782 342 905 390 erat
938 334 1009 390 ad
1058 333 1474 394 habitandum.
1527 331 1780 402 reliquas
1890 331 2037 402 perti
2082 333 2522 402 jugularentur;
2554 342 2606 390 et
2648 333 2709 389 in
2742 335 2943 391 eodem
2989 335 3114 393 loco
3145 338 3535 410 congregatis,

124 429 331 480 autem
363 441 498 481 cum
527 425 770 498 Templo
799 423 1053 491 Domini,
1078 425 1182 479 soli
1208 421 1471 478 infideles
1493 420 1783 476 habebant

125 514 513 572 domesticas.
547 517 901 587 Designatur
923 531 1059 587 ergo
1080 513 1164 570 eis
1186 514 1258 569 de
1280 512 1554 569 mandato
1578 509 1782 581 princi·

126 604 244 677 pis,
278 605 382 677 qui
414 605 719 661 sufficiens
748 603 1049 660 videbatur
1076 604 1146 659 ad
1173 603 1562 658 construenda
1592 614 1782 654 neces-

125 693 290 751 saria
321 693 512 765 locus,
546 698 905 768 sumptaque
933 711 967 749 a
997 692 1454 765 negotiatoribus
1481 689 1648 760 quasi
1679 703 1782 760 per

125 784 469 855 symbolum
511 784 779 857 pecunia,
810 788 946 841 ante
971 784 1215 855 januam
1246 780 1501 838 ecclosias
1532 778 1781 836 Domini·

126 889 211 929 cai
243 872 730 945 Resurrectionis,
763 877 1050 945 quantum
1080 872 1176 929 vix
1206 870 1419 944 lapidis
1443 871 1638 940 jactus
1669 872 1778 937 est,

126 962 566 1020 monasterium
597 964 858 1037 erigunt,
882 963 940 1019 in
965 962 1187 1019 honore
1208 963 1422 1018 sanctas
1443 963 1501 1015 et
1516 957 1783 1031 gloriosae

126 1051 236 1107 Die
264 1051 587 1124 genitricis,
632 1057 1043 1126 perpetuasque
1072 1050 1318 1123 virginis
1347 1048 1564 1118 Merite,
1601 1046 1781 1103 simul

124 1156 267 1197 eum
303 1147 357 1197 et
388 1142 460 1197 iis
506 1142 782 1211 officinis,
816 1159 942 1214 quae
974 1143 1045 1197 ad
1077 1157 1218 1198 usus
1260 1138 1678 1196 monachorum
1724 1140 1783 1192 et

126 1246 255 1285 suas
287 1231 476 1301 gentis
520 1232 819 1303 hospitum
865 1232 1320 1304 susceptionem,
1368 1234 1630 1301 poterant
1676 1225 1783 1283 ali·-

125 1331 313 1389 quam
344 1320 622 1388 prostare
653 1318 1149 1374 commoditatem.
1182 1319 1305 1383 Quo
1338 1317 1487 1372 facto
1518 1317 1588 1372 de
1612 1315 1784 1389 parti·

129 1407 249 1463 bns
281 1406 409 1463 suis
437 1411 559 1463 tam
592 1408 908 1465 monachos
938 1424 1116 1480 quam
1148 1406 1416 1464 abbatem
1442 1407 1783 1463 transferen-

128 1502 246 1563 tes,
280 1496 473 1552 locum
525 1498 865 1569 regulariter
919 1499 1254 1559 instituunt.
1281 1506 1335 1554 et
1365 1497 1613 1553 Domino
1643 1513 1781 1553 con-

130 1585 467 1641 versatione
494 1592 698 1641 sancta
728 1588 977 1644 reddunt
1008 1586 1371 1658 placabilem.
1405 1588 1474 1641 Et
1503 1585 1778 1657 quoniam
1808 1626 1862 1692 B

130 1675 247 1729 viri
282 1673 471 1730 Latini
499 1680 687 1741 erant,
717 1679 776 1732 et
802 1677 901 1746 qui
933 1674 1127 1731 locum
1159 1676 1563 1743 fundaverant,
1594 1682 1648 1730 et
1679 1675 1777 1746 qui

132 1763 195 1818 in
230 1762 515 1834 religione
539 1765 982 1833 conservabant,
1014 1765 1233 1820 idcirco
1264 1767 1338 1819 ab
1367 1781 1434 1821 ea
1473 1764 1566 1820 die
1598 1778 1781 1834 usque

132 1852 197 1908 in
229 1867 506 1923 praesens,
540 1852 700 1909 locus
731 1852 828 1910 ille
860 1853 1283 1909 monasterium
1316 1854 1388 1909 de
1418 1853 1619 1909 Latina
1641 1852 1779 1909 dici·

132 1947 254 1999 tur.
288 1941 658 1998 Accedebant
687 1943 862 1999 etiam
898 1960 1000 2016 per
1036 1943 1135 1999 illa
1160 1943 1547 1999 nihilominus
1566 1947 1782 2016 tempo·

132 2048 223 2101 ra,
256 2035 322 2087 ut
351 2031 477 2087 loca
507 2032 990 2089 deoscularentur
1015 2033 1392 2102 venerabilia,
1435 2039 1645 2089 sanctas
1694 2032 1780 2087 vi·-

133 2121 271 2178 duae
299 2125 359 2177 et
388 2120 776 2186 continentes,
810 2140 938 2195 quoe
968 2123 1194 2180 timoris
1215 2124 1406 2180 oblitae
1439 2122 1694 2190 feminei,
1726 2126 1783 2178 et

137 2209 551 2280 periculorum,
587 2226 714 2281 quae
736 2212 1086 2283 multiplicia
1117 2212 1521 2281 occurrebant,
1546 2228 1657 2268 non
1681 2211 1782 2267 ha-

136 2300 341 2355 bentes
394 2299 796 2369 formidinem;
856 2301 1074 2372 quibus
1125 2301 1584 2358 advenientibus.
1644 2315 1779 2357 cum

135 2404 256 2443 non
286 2392 442 2445 esset
467 2387 624 2444 intra
654 2395 818 2461 septa
850 2391 1211 2458 monasterii,
1245 2390 1346 2445 ubi
1367 2390 1783 2461 colligerentur

134 2477 403 2542 honeste,
432 2493 690 2549 congrua
733 2479 875 2534 satis
914 2480 1245 2549 provisione
1285 2488 1651 2551 procuratum
1692 2482 1783 2535 est

131 2565 209 2619 ab
258 2565 473 2621 eisdem
522 2568 741 2625 sanctis
787 2569 945 2637 viriS,
995 2569 1090 2640 qui
1141 2569 1334 2624 locum
1388 2571 1781 2624 fundaverunt

136 2662 223 2719 ut,
256 2654 694 2713 advenientibus
724 2658 946 2715 devotis
967 2659 1220 2714 feminis.
1248 2675 1358 2712 non
1383 2658 1610 2713 deesset
1629 2673 1780 2712 seor·

130 2758 270 2798 sum
305 2747 647 2812 oratorium,
679 2747 883 2802 domus
914 2747 1222 2803 familiaris
1253 2752 1310 2803 et
1334 2747 1495 2803 locus
1517 2750 1577 2802 in
1601 2749 1779 2801 diver·

129 2832 305 2889 sorio.
326 2833 730 2906 Tandemque,
750 2835 947 2892 divina
964 2838 1188 2891 favente
1205 2837 1535 2903 clementia,
1550 2835 1775 2891 ordina·

131 2926 256 2978 tum
288 2927 375 2979 est
404 2923 483 2978 ibi
518 2925 994 2981 monasteriolum
1029 2926 1086 2980 in
1121 2925 1339 2981 honore
1369 2926 1474 2997 piae
1497 2926 1777 2997 peccatri-

1887 419 1958 474 de
2001 421 2264 493 reliquiis
2311 423 2775 494 fragmentorum
2818 425 3130 496 utriusque
3173 426 3535 494 monasterii,

1890 511 2007 565 tam
2039 511 2298 567 virorum
2331 528 2503 584 quam
2529 512 2865 580 mulierum,
2890 513 2961 568 ad
2987 514 3392 585 quotidianam
3416 531 3537 573 sus·

1890 601 2269 655 tentationem
2292 600 2789 673 qualemqualem,
2826 601 3047 675 aliquid
3084 604 3534 662 ministraretur.

1892 687 2208 744 Erexerunt
2253 689 2425 745 etiam
2471 691 2530 746 in
2561 691 2761 746 eodem
2811 690 2938 747 loco
2984 690 3166 747 altare
3213 693 3273 748 in
3317 692 3538 750 honore

1893 775 2045 832 beati
2076 776 2329 835 Joannis
2360 778 2655 851 Eleymon.
2688 778 2792 835 Hic
2830 779 2915 836 vir
2942 779 3058 836 Deo
3090 779 3324 852 placens
3352 788 3408 838 et
3436 797 3538 854 per

1891 864 2601 934 omniacommendabilis,
2618 867 2853 923 natione
2869 866 2977 923 fuit
2997 867 3241 940 Cyprius
3260 887 3276 939 3
3301 868 3534 925 tandem

1890 952 2353 1024 suffragantibus
2379 955 2628 1026 meritis,
2661 956 2851 1013 factus
2882 961 2973 1014 est
2997 957 3425 1015 Alexandrinus
3447 974 3538 1032 pa·

1889 1041 2163 1110 triarcha,
2206 1044 2295 1100 vir
2323 1045 2381 1100 in
2433 1046 2705 1116 operibus
2755 1045 2988 1117 pietatis
3038 1045 3406 1118 singulariter
3437 1062 3537 1103 ex-

1890 1131 2127 1202 cellens,
2161 1134 2334 1206 cujus
2365 1135 2459 1207 pia
2499 1137 2690 1193 studia
2724 1141 2781 1193 et
2822 1135 3088 1193 liberales
3135 1135 3538 1210 eleemosynas

1890 1221 1948 1276 in
1991 1227 2338 1295 perpetuum
2372 1225 2664 1283 enarrabit
2693 1225 2882 1283 omnis
2911 1226 3157 1283 ecclesia
3179 1230 3537 1284 sanctorum.

1892 1309 2056 1367 Unde
2088 1319 2144 1367 et
2170 1329 2205 1369 a
2248 1314 2465 1371 sanctis
2513 1315 2780 1372 Patribus
2825 1321 3064 1373 vocatus
3111 1320 3197 1372 est
3239 1314 3535 1389 Bleymon,

1891 1401 2044 1470 quod
2072 1401 2490 1474 interpretatur
2517 1406 2852 1462 misericors.
2885 1404 3033 1461 Huic
3063 1409 3259 1462 autem
3289 1404 3416 1463 loco
3439 1420 3539 1463 ve·

1891 1490 2158 1560 nerabili,
2192 1492 2348 1563 quod
2389 1494 2469 1549 ita
2498 1493 2838 1550 charitative
2870 1510 2931 1550 se
2967 1496 3302 1567 porrigebat
3330 1495 3402 1550 ad
3433 1494 3541 1553 ho-

1892 1578 2104 1649 mines,
2141 1596 2327 1652 neque
2359 1582 2620 1638 redditus
2649 1592 2831 1653 erant,
2871 1599 3057 1656 neque
3095 1584 3536 1657 possessiones;

1893 1671 1990 1724 sed
2011 1671 2268 1740 praedicti
2294 1672 2627 1729 Amalfitani
2649 1674 2818 1729 annis
2836 1674 3114 1744 singulis,
3137 1679 3256 1730 tam
3278 1675 3379 1746 qui
3398 1675 3532 1730 dom

1891 1766 2082 1828 erant,
2106 1776 2279 1831 quam
2308 1763 2407 1833 qui
2423 1764 2844 1834 negotiationes
2861 1764 3278 1835 sequebantur,
3297 1763 3540 1820 collecta

1890 1849 2045 1905 inter
2084 1867 2145 1906 se
2176 1854 2345 1922 quasi
2376 1868 2478 1923 per
2507 1853 2839 1924 symbolum
2867 1852 3135 1926 pecunia,
3171 1868 3274 1924 per
3299 1855 3400 1909 eos
3436 1851 3538 1924 qui

1892 1939 2348 2010 Hierosolymam
2371 1942 2914 2013 proficiscebantur,
2936 1942 3151 2014 abbati,
3171 1941 3265 2013 qui
3279 1958 3384 2015 pro
3399 1946 3539 1999 tem·

1890 2044 2031 2099 pore
2061 2028 2137 2084 ibi
2180 2035 2325 2100 erat,
2355 2031 2696 2101 offerebant,
2730 2036 2795 2087 ut
2823 2033 2959 2089 inde
2990 2032 3269 2088 fratribus
3299 2035 3357 2088 et
3383 2047 3538 2089 soro-

1890 2117 2057 2172 ribus
2088 2119 2155 2173 ad
2186 2119 2403 2175 victum
2435 2127 2493 2176 et
2511 2124 2782 2192 tegumen
2805 2122 3205 2194 provideretur
3225 2121 3371 2177 etde
3392 2120 3538 2179 resi-

1892 2204 2009 2261 duo
2044 2206 2205 2263 lieret
2230 2208 2676 2266 advenientibus
2705 2209 3062 2266 Christicolis
3094 2209 3152 2265 in
3176 2208 3536 2267 xenodochio

1892 2293 2092 2366 aliqua
2113 2296 2526 2354 misericordia.
2550 2302 2632 2354 lta
2649 2314 2786 2370 ergo
2798 2315 2899 2370 per
2913 2296 3235 2354 multorum
3249 2315 3536 2356 annorum

1889 2385 2201 2454 curricula,
2234 2402 2540 2459 quousque
2571 2387 2789 2460 placuit
2821 2404 3056 2444 summo
3088 2405 3281 2444 rerum
3316 2387 3535 2461 opifici,

1888 2473 2176 2530 civitatem
2205 2474 2391 2541 illam,
2424 2493 2600 2548 quam
2632 2477 2868 2549 proprio
2899 2493 3102 2533 cruore
3131 2478 3532 2549 mundaverat,

1889 2577 1924 2615 a
1959 2564 2479 2633 superstitionibus
2517 2566 2820 2633 gentilium
2858 2582 3128 2638 purgare,
3161 2567 3268 2623 sub
3300 2567 3371 2624 iis
3400 2584 3537 2624 con-

1888 2651 2207 2707 ditionibus
2249 2654 2464 2709 mansit
2494 2654 2658 2711 locus
2702 2655 2819 2710 ille.
2872 2657 3229 2711 Adveniente
3279 2672 3530 2729 namque

1885 2738 2211 2798 Christiano
2261 2742 2473 2814 populo
2504 2750 2561 2799 et
2592 2745 2954 2815 principibus
2987 2762 3022 2800 a
3067 2744 3181 2800 Deo
3231 2745 3526 2816 protectis,

1884 2830 2098 2898 quibus
2147 2846 2383 2899 regnum
2418 2831 2558 2887 illud
2602 2833 2863 2888 Salvator
2892 2834 3039 2889 tradi
3074 2835 3274 2902 voluit,
3306 2834 3365 2889 in
3409 2850 3531 2892 mo·

1884 2920 2137 2973 nasterio
2172 2920 2511 2975 feminarum
2545 2922 2778 2976 inventa
2809 2932 2916 2989 est,
2942 2924 3251 2979 abbatissae
3276 2924 3526 2995 fungens

130 3013 240 3082 cis,
293 3011 486 3069 Marias
536 3013 803 3071 videlicet
849 3014 1235 3086 Magdalenae3
1283 3020 1340 3071 et
1389 3031 1615 3071 sorores
1664 3018 1775 3074 sub
1805 2986 1850 3051 C
1880 3007 2093 3075 Offissios
2123 3011 2390 3079 (llmdflm
2415 3012 2527 3066 ¹20⁰
2550 3013 2752 3066 ⁶0V⁰t⁸
2773 3017 2830 3067 Θῑ
2850 3019 3053 3067 sanctu
3077 3012 3313 3081 mulier·
3335 3020 3529 3085 ΑΒΠΘΒ

128 3108 288 3159 certo
320 3118 588 3172 numero,
623 3103 695 3159 ad
728 3105 1074 3175 obsequium
1105 3106 1542 3160 adventantium
1577 3105 1775 3162 mulie·

130 3207 260 3248 rum
290 3191 646 3249 eonstitutae.
680 3193 1067 3251 Confluebant
1090 3195 1265 3250 etiam
1299 3211 1401 3266 per
1432 3194 1534 3249 illa
1562 3194 1775 3267 pericu·

123 3282 253 3339 losa
280 3285 548 3354 tempora
576 3282 843 3339 nonnulli
874 3299 941 3339 ex
972 3283 1101 3339 aliis
1131 3285 1422 3354 gentibus,
1461 3289 1579 3339 tam
1613 3284 1776 3340 nobi-

122 3371 211 3428 les
239 3387 419 3445 quam
452 3372 721 3428 secundas
753 3372 959 3429 classis
1007 3373 1303 3438 homines,
1351 3374 1568 3444 quibus
1618 3389 1770 3444 quo-

125 3462 288 3518 niam
342 3462 414 3517 ad
465 3464 724 3518 sanctam
780 3461 1071 3519 civitatem
1122 3479 1234 3519 non
1286 3463 1400 3519 nisi
1450 3479 1548 3533 per
1586 3468 1772 3521 terras

122 3549 385 3608 hostium
419 3553 543 3607 erat
574 3566 861 3613 accessus.
910 3553 981 3607 de
1033 3553 1160 3608 suis
1190 3551 1476 3608 viaticulis
1514 3569 1647 3607 cum
1697 3551 1768 3607 ad

123 3640 325 3697 urbem
351 3639 773 3711 pervenissent,
805 3641 1041 3697 omnino
1083 3657 1197 3697 non
1229 3641 1399 3698 flebat
1431 3641 1766 3713 residuum3

123 3731 225 3788 sed
256 3730 505 3787 miseros
545 3736 601 3789 et
640 3732 841 3805 inopes
873 3737 1004 3787 ante
1060 3731 1309 3788 civitatis
1359 3736 1607 3804 portam,
1647 3738 1766 3788 tam

124 3820 225 3877 diu
272 3835 406 3878 cnm
439 3837 668 3879 summo
700 3823 913 3892 labore,
944 3822 1113 3885 fame,
1155 3822 1249 3877 siti
1281 3826 1337 3877 et
1367 3823 1630 3879 nuditate
1672 3838 1770 3879 ex-

121 3916 393 3985 spectare
413 3915 730 3987 oportebat,
760 3930 1085 3987 quousque,
1107 3914 1239 3970 dato
1269 3929 1442 3969 aureo
1457 3913 1771 3973 numisma-

123 4010 200 4071 te,
228 4001 437 4059 urbem
488 4003 572 4061 eis
603 4003 811 4061 licebat
854 4004 1086 4062 intoire.
1136 4002 1420 4075 Ingressis
1469 4012 1664 4059 autem
1712 4009 1771 4063 et

121 4091 271 4149 locis
307 4093 526 4150 sanctis
555 4109 625 4150 ex
654 4094 854 4150 ordine
885 4091 1223 4166 peragratis,
1258 4108 1373 4150 non
1405 4103 1525 4150 erat
1562 4094 1647 4151 eis
1675 4095 1765 4152 vel

117 4180 196 4238 ad
227 4197 409 4238 unum
440 4183 595 4240 diem
627 4183 956 4241 refectionis
996 4199 1129 4254 spes
1162 4184 1304 4252 ulla,
1335 4184 1447 4241 nisi
1480 4194 1766 4258 quantum

120 4272 206 4328 eis
235 4272 311 4328 de
338 4272 611 4344 praedicto
633 4275 989 4330 monasterio
1013 4274 1263 4331 fraterne
1286 4274 1728 4331 ministrabatur
1750 4291 1766 4345 ;

1886 3096 2143 3163 nomine,
2190 3098 2405 3154 nobilis
2462 3102 2784 3156 secundum
2831 3117 3090 3171 carnem,
3135 3103 3372 3158 natione
3420 3101 3527 3158 Ro·

1886 3199 2092 3253 mana;
2141 3202 2265 3258 ques
2317 3189 2489 3244 etiam
2537 3194 2844 3260 postquam
2893 3190 3094 3246 civitas
3140 3191 3400 3248 restituta
3441 3195 3528 3248 est

1884 3272 2015 3328 fidei
2042 3275 2402 3345 christinam,
2426 3293 2526 3348 per
2547 3278 2769 3348 aliquot
2783 3279 2923 3333 vixit
2949 3296 3166 3347 annos;
3192 3285 3248 3335 et
3275 3280 3331 3335 in
3359 3295 3525 3337 xeno·

1882 3362 2093 3419 dochio
2125 3364 2393 3420 similiter
2426 3371 2691 3437 repertus
2723 3371 2808 3421 est
2836 3367 3077 3437 quidam
3109 3366 3413 3434 Goraldus,
3439 3369 3528 3423 vir

1885 3453 2139 3525 probatae
2169 3452 2648 3513 conversationis.
2682 3454 2780 3524 qui
2828 3451 3181 3525 pauperibus
3222 3454 3279 3509 in
3320 3453 3523 3511 eodem

1885 3542 2015 3599 loco
2048 3548 2305 3614 tempore
2356 3541 2715 3611 hostilitatis,
2762 3543 2833 3598 de
2881 3542 3159 3599 mandato
3196 3542 3422 3599 abbatis
3468 3551 3523 3600 et

1882 3632 2327 3697 monachorum,
2364 3631 2546 3687 multo
2575 3634 2837 3703 tempore
2865 3630 3065 3689 devote
3092 3631 3400 3700 servieram
3426 3631 3521 3689 cui

1882 3728 2085 3795 postea
2124 3721 2406 3778 successit
2437 3720 2802 3777 Raimundus
2832 3720 2960 3787 iste,
2991 3721 3061 3777 de
3080 3737 3194 3793 quo
3215 3719 3385 3778 nobis
3404 3735 3524 3779 ser-

1880 3830 1976 3869 mo
2007 3816 2092 3869 est
2130 3810 2190 3868 in
2231 3810 2522 3884 praesenti.

2517 3954 2744 4012 CAPUT
2794 3955 2884 4013 VI.

1877 4068 2210 4127 Patriarcha
2238 4083 2361 4123 cum
2390 4065 2636 4138 plurima
2664 4072 2824 4137 parte
2867 4064 3238 4137 episcoporum
3283 4066 3522 4124 ortma-

1952 4142 2111 4207 lt'um,
2137 4142 2360 4196 Romam
2377 4138 2766 4210 proficiscitur,
2787 4137 2860 4193 ad
2883 4139 3209 4194 Acir-ionum
3227 4155 3450 4211 papam.

1950 4265 2046 4323 Sic
2076 4281 2213 4338 ergo
2245 4264 2316 4320 de
2346 4271 2463 4318 tam
2497 4262 2724 4320 modico
2755 4262 3176 4318 incrementum
3217 4261 3523 4330 habenteS,

119 4379 259 4418 nam
319 4378 526 4420 omnes
582 4364 681 4420 alii
735 4362 990 4421 civitatis
1050 4364 1404 4420 habitatores
1464 4364 1768 4423 Sarraceni
1805 4362 1849 4427 D
1882 4356 2168 4432 proediotae
2213 4355 2422 4410 domus
2471 4353 2701 4423 fratres,
2757 4352 2920 4424 prius
2951 4369 2982 4408 a
3015 4352 3422 4423 jurisdictione
3461 4367 3524 4410 se

116 4456 288 4509 erant
329 4456 387 4509 et
426 4453 716 4521 infideles,
759 4459 994 4526 excepto
1037 4454 1277 4511 domino
1317 4454 1667 4525 patriarcha,
1711 4459 1770 4512 et,
1876 4449 2294 4504 subtraxerunt
2336 4444 2595 4509 abbatis3
2643 4442 2850 4497 deinde
2883 4440 3286 4512 multiplicatis
3314 4438 3374 4495 in
3407 4439 3521 4495 im-

116 4547 280 4604 clsro
324 4547 384 4601 et
429 4544 658 4617 popello
710 4543 919 4600 misero
960 4544 1379 4613 Surianorum3
1418 4542 1518 4615 qui
1561 4544 1766 4601 diebus
1876 4551 2147 4592 mensum
2181 4531 2425 4598 ᾱίῑῑῐὶῖδ»
2459 4545 2560 4601 Ρθῐ·
2590 4527 2907 4585 Ecclesiam
2940 4528 3262 4584 Romanam
3286 4540 3521 4582 ⁸m⁸¹¹¹¹

113 4636 368 4708 singulis
411 4641 491 4692 tot
534 4634 815 4705 angariis,
863 4633 1245 4706 parangariis,
1290 4637 1348 4689 et
1391 4632 1764 4691 sordidorum
1874 4629 1934 4682 et
1973 4628 2255 4698 potestate
2290 4619 2513 4678 domini
2563 4618 2896 4689 patriarchas
2941 4621 3079 4673 sunt
3112 4614 3458 4687 emancipati
3496 4629 3514 4683 ς

116 4741 432 4782 munerum
497 4724 943 4798 praetationibus
989 4721 1372 4791 vexabantur,
1423 4725 1487 4778 ut
1531 4724 1625 4780 vix
1679 4724 1758 4779 si-

113 4814 199 4882 bi,
252 4815 313 4869 in
363 4828 630 4886 suprema
681 4815 1016 4886 paupertate
1070 4811 1392 4880 constituti,
1472 4812 1534 4868 in
1613 4827 1761 4869 con-

113 4907 285 4961 tinuo
342 4903 550 4962 timore
606 4903 837 4971 mortis,
901 4900 1098 4959 liceret
1163 4902 1465 4972 respirare.
1534 4901 1758 4960 Nostris

112 5009 248 5067 ergo
281 4994 536 5060 miseris,
567 4998 624 5050 et
645 4993 713 5049 ad
739 5006 1068 5062 supremum
1099 4990 1332 5047 afflictis
1352 4995 1409 5047 et
1429 4991 1757 5062 egentibus,

112 5099 252 5142 cum
287 5100 399 5140 non
430 5087 585 5142 esset
629 5082 729 5156 qui
772 5087 983 5137 tectum
1027 5080 1327 5153 praeberet,
1378 5083 1759 5152 procuratum

110 5178 200 5232 est
230 5190 267 5230 a
294 5173 653 5232 beatissimis
672 5171 835 5238 vicis,
860 5170 958 5242 qui
985 5171 1404 5227 monasterium
1426 5169 1761 5228 Latinorum

108 5263 473 5334 incolebant,
509 5272 569 5321 ut
601 5261 1055 5320 misericorditer
1098 5260 1277 5318 victui
1320 5264 1379 5317 et
1427 5264 1763 5333 tegumento

109 5352 514 5427 detrabentes,
559 5354 630 5410 ad
675 5369 825 5428 opus
871 5353 1102 5422 talium,
1144 5351 1294 5408 intra
1331 5348 1619 5408 ambitum
1652 5349 1764 5407 sibi

106 5443 507 5518 designatum,
530 5443 964 5504 xenodochium
981 5444 1291 5517 erigerent,
1314 5440 1578 5500 ubitales
1588 5456 1765 5502 sanos

438 5546 702 5610 Parnoi..
749 5545 890 5611 ccl.

1873 4731 1990 4790 qua
2018 4712 2343 4787 perniciosa
2374 4711 2641 4765 libertate
2677 4707 3003 4778 impetrata,
3040 4704 3239 4761 nulam
3273 4719 3514 4775 prorsus

1867 4802 2246 4860 ecclesiarum
2282 4798 2530 4871 praelatis
2566 4797 2839 4868 deinceps
2870 4795 3205 4852 exhibentes
3262 4807 3522 4852 reveren·

1868 4895 2036 4963 tiam,
2069 4891 2327 4949 decimas
2358 4889 2466 4944 sibi
2502 4903 2569 4943 ex
2599 4888 3047 4959 quibuscunque
3078 4885 3311 4959 praediis
3342 4886 3412 4942 ad
3459 4900 3523 4942 se

1870 4998 2221 5059 quocunque
2245 4983 2375 5054 ,iure
2404 4977 2709 5042 devolutis,
2745 4977 2978 5051 penitus
3007 4982 3246 5050 negant.
3277 4977 3397 5033 Hoc
3429 4992 3523 5033 ex·

1869 5075 2063 5148 emplo
2095 5073 2280 5131 multa
2310 5073 2383 5128 de
2411 5070 2484 5126 iis
2509 5069 2672 5137 locis,
2697 5086 2825 5142 quoe
2847 5069 3125 5126 dicuntur
3139 5066 3519 5135 venerabilia,

1870 5171 1991 5223 tam
2023 5162 2373 5221 monasteria
2401 5176 2581 5232 quarn
2607 5159 2986 5230 xenodochia,
3012 5158 3225 5231 quibus
3246 5155 3516 5213 Ecclesia

1873 5258 1945 5313 de
1977 5271 2131 5312 mera
2159 5252 2508 5309 liberalitate
2548 5255 2605 5307 et
2633 5250 2816 5307 solitas
2850 5249 3079 5323 pietatis
3109 5246 3301 5305 officio
3333 5247 3524 5318 prima

1873 5347 2273 5425 prestiterunt
2308 5344 2656 5401 fundamina
2694 5346 2750 5399 et
2778 5344 2849 5398 ad
2890 5345 3088 5415 optata
3125 5339 3524 5413 perduxerunt

1875 5438 2259 5509 incrementa,
2279 5435 2516 5495 tandem
2532 5449 2604 5491 ex
2623 5433 2795 5507 adipe
2814 5429 3271 5501 recalcitrantes,
3286 5427 3360 5486 ad
3381 5425 3525 5485 ube-

3127 5531 3204 5591 23
