3784 6000
309 160 442 222 ¹231

1732 152 1925 212 LUCII
1965 145 2043 213 111
2082 156 2172 213 ΡΑ
2183 152 2294 215 PAE

3580 158 3729 223 1231

307 291 687 345 mortuorum
717 299 972 358 corpora
1001 285 1411 340 assumuntur.
1437 280 1705 338 obeunte
1730 295 1870 338 vero
1899 283 1955 337 te
1984 280 2030 336 Α
2066 282 2270 340 tudine
2330 298 2451 341 non
2506 284 2815 343 recedunt.
2853 285 3003 352 Quia
3057 286 3237 358 igitur
3292 286 3727 362 appellationis

303 390 467 432 nunc
483 372 882 447 ejusdemloci
903 373 1147 438 abbate,
1162 369 1253 427 vel
1283 376 1520 428 tuorum
1543 369 1956 442 quolibetsuc-

2063 370 2395 429 remedium
2427 372 2739 430 inventum
2768 374 3014 431 nonfuit
3043 374 3122 432 ad
3168 375 3588 449 proestandum
3629 375 3729 433 in-

292 478 637 529 ·cessorum,
671 463 869 519 nullus
894 461 979 518 ibi
1006 459 1275 534 qualibet
1303 457 1705 531 subreptionis
1735 460 1956 515 astutia
2063 459 2362 515 centivum
2393 459 2567 517 alicui
2606 460 3015 535 delinquendi,
3053 462 3397 521 fraternitati
3433 470 3555 522 tuae
3583 479 3730 523 auc-

305 568 413 610 seu
441 552 720 610 violentia
752 555 1160 623 praeponatur,
1191 548 1304 605 nisi
1329 563 1509 622 quem
1548 547 1756 604 fratres
1786 563 1956 605 com·
2062 549 2295 605 toritate
2315 548 2645 622 apostolica
2664 549 3071 623 indulgemus,
3094 557 3157 609 ut
3194 551 3588 627 presbyteros
3618 554 3726 628 qui

304 641 471 700 muni
502 656 823 705 consensu,
856 639 952 697 vel
982 640 1234 696 fratrum
1266 653 1407 710 pars
1438 637 1669 694 consilii
1701 637 1953 695 sanioris

302 730 639 788 secundum
668 730 766 785 Dei
793 730 1070 786 timorem
1105 733 1162 784 et
1175 726 1334 784 beati
1347 728 1642 784 Benedicti
1658 725 1948 799 Regulam

300 818 666 893 providerint
693 817 1060 889 eligendum.

370 907 753 964 Decernimus
766 921 909 978 ergo
927 905 1149 963 utnulli
1163 904 1741 963 omninohominum
1773 904 1950 962 liceat

294 995 611 1072 praefatum
629 996 1061 1053 monasterium
1075 1000 1295 1052 temere
1307 994 1679 1068 perturbare,
1694 999 1801 1050 aut
1819 994 1871 1066 ej
1882 1011 1949 1050 us

297 1086 717 1162 possessiones
735 1084 989 1150 auterre,
1007 1083 1098 1141 vel
1108 1083 1343 1141 ablatas
1362 1083 1634 1149 retinere,
1655 1084 1945 1151 minuere,

297 1190 408 1232 seu
450 1173 820 1248 quibuslibet
851 1171 1262 1230 vexationibus
1293 1171 1562 1243 fatigare,
1600 1171 1705 1229 sed
1737 1171 1949 1229 omnia

293 1264 529 1335 integra
541 1267 974 1320 conserventur
984 1278 1217 1328 eorum,
1240 1277 1351 1335 pro
1365 1276 1627 1333 quorum
1643 1260 1949 1331 guberna-

291 1352 453 1410 tione
482 1356 540 1409 et
567 1351 997 1409 sustentatione
1015 1363 1304 1409 concessa
1325 1354 1483 1420 sunt,
1508 1350 1723 1406 usibus
1755 1351 1944 1406 omni·

292 1441 490 1499 modis
524 1441 856 1515 profutura,
901 1442 1067 1497 salva
1103 1440 1263 1497 sedis
1309 1439 1656 1513 apostolicas
1686 1438 1944 1495 auctori·

291 1534 413 1588 tate
442 1536 501 1587 et
530 1530 902 1586 cassinensis
932 1530 1280 1586 monasterii
1309 1529 1511 1585 debito
1535 1528 1669 1599 jnre
1699 1532 1756 1583 et
1783 1542 1948 1584 reve·

2060 636 2302 710 publica
2318 638 2623 711 superhoc
2638 639 2884 696 infamia
2897 642 3350 714 propulsantur,
3367 642 3418 700 si
3449 658 3727 701 commo·

2057 725 2184 793 niti,
2205 726 2359 784 infra
2381 744 2455 784 xi.
2472 727 2599 785 dies
2615 729 2971 787 canonicam
2996 730 3423 803 purgationem
3435 732 3728 807 nequive-

2058 814 2175 870 rint
2192 814 2285 871 vel
2308 815 2608 873 noluerint
2620 818 2922 888 exhibere,
2948 819 3424 878 contradictione
3439 826 3500 877 et
3516 821 3726 895 appel-

2054 900 2277 961 latione
2305 910 2558 977 remota,
2600 906 2962 979 suspendas,
2994 911 3072 974 et,
3105 907 3152 965 si
3196 924 3309 965 nec
3338 908 3419 966 sit
3453 909 3723 983 resipue-

2055 990 2194 1062 rint,
2220 993 2300 1050 ab
2316 993 2514 1051 officio
2535 994 2832 1052 reddaset
2847 995 3139 1053 beneflcio
3149 996 3566 1057 ecclesiastico
3588 997 3723 1057 alie-

2055 1094 2190 1137 nos.

2128 1169 2343 1227 Datum
2366 1173 2672 1242 Anagniae,
2700 1190 2738 1229 ii
2770 1176 2968 1232 Nonas
2989 1174 3280 1247 Ianuarii.

2769 1262 2995 1320 CXXVI.

2053 1346 2413 1406 Sententiam
2427 1365 2463 1406 a
2479 1350 2798 1418 Theodino,
2816 1353 3088 1422 episcopo
3103 1352 3448 1418 Parmensi,
3461 1361 3524 1413 et
3551 1355 3718 1415 Oeta-

2126 1420 2321 1484 viano,
2359 1420 2462 1478 SS.
2493 1421 2604 1479 Ser
2642 1422 2687 1478 ii
2733 1430 2787 1480 et
2821 1422 3039 1480 Bacchi
3081 1424 3339 1482 diacono
3383 1426 3714 1494 cardinali,

2127 1490 2313 1548 latam
2343 1491 2501 1549 inter
2527 1493 2574 1549 O
2617 1494 2859 1550 ericium
2894 1494 3231 1578 episcopum
3263 1498 3642 1557 pennensem
3665 1507 3715 1558 et

2123 1561 2520 1620 senebaldum
2572 1565 2846 1623 abbatem
2872 1564 2941 1637 S,
2978 1565 3207 1635 Quiris-1·
3240 1568 3315 1625 de
3345 1568 3711 1638 latetur-oco,

292 1619 502 1677 tentia.
537 1618 596 1676 Si
626 1634 748 1692 qua
765 1618 944 1690 igitur
972 1618 1321 1675 infuturum
1339 1617 1742 1675 ecclesiastica
1763 1632 1947 1674 saecu-
1973 1652 2018 1709 B
2125 1635 2458 1702 confirmat,

291 1706 507 1766 larisve
538 1722 820 1780 persona,
853 1712 964 1764 etc.

360 1799 484 1869 Ego
513 1796 733 1853 Lucius
787 1795 1095 1853 catholicae
1137 1796 1410 1853 Ecclesiae
1447 1795 1772 1868 episcopus
1803 1795 1944 1852 sub-

290 1900 523 1959 scripsi.

358 1977 481 2046 Ego
509 1974 859 2033 Theodorus
896 1975 1241 2032 portuensis
1272 1977 1329 2030 et
1364 1974 1421 2032 S.
1454 1973 1681 2031 Rufinae
1705 1972 1939 2045 episco-

292 2079 407 2137 pus
437 2063 785 2137 subscripsi.

358 2155 483 2225 Ego
515 2153 799 2210 ilenricus
840 2152 1200 2210 Albanensis
1229 2153 1552 2224 episcopus
1584 2151 1935 2226 subscripsi.

355 2244 481 2314 Ego
502 2242 715 2299 Paulus
737 2242 1132 2299 Praenestinus
1151 2242 1470 2315 episcopus
1491 2240 1837 2314 subscripsi.

355 2333 478 2404 Ego
514 2332 776 2388 loannes
818 2331 1132 2404 presbyter
1176 2329 1498 2388 cardinalis
1538 2329 1622 2386 tit.
1659 2331 1718 2384 S.
1764 2331 1936 2388 Marci

287 2419 632 2492 subscripsi.

352 2508 475 2579 Ego
494 2508 801 2565 Laborans
817 2508 1130 2581 presbyter
1150 2506 1469 2565 cardinalis
1482 2508 1541 2563 S.
1561 2508 1752 2565 lariae
1771 2513 1934 2565 trans

288 2595 584 2669 Tyberim,
617 2596 704 2652 tit.
737 2595 944 2653 Calixti
979 2595 1326 2669 subscripsi.

351 2686 475 2758 Ego
502 2688 707 2742 Petrus
737 2684 1057 2758 presbyter
1078 2684 1403 2742 cardinatis
1434 2684 1516 2740 tit.
1550 2686 1609 2742 S.
1641 2686 1931 2743 Susanuae

284 2773 636 2848 subscripsi.

348 2862 470 2935 Ego
500 2863 764 2921 lacobus
804 2862 962 2920 diac.
1005 2861 1330 2920 cardinalis
1367 2862 1425 2918 S.
1458 2862 1650 2920 Barim
1689 2862 1748 2920 in
1784 2865 1930 2921 Cos-

283 2950 490 3008 medin
524 2950 875 3025 subscripsi.

2551 1723 2895 1796 (Anagniae,
2924 1726 3058 1783 Jan.
3094 1726 3206 1800 19.)

2374 1810 2664 1885 [Πειειιι.
2695 1813 2881 1871 Italia
2904 1829 3100 1879 saera.
3130 1817 3172 1882 t,
3209 1814 3396 1891 tt2o.]

2121 1899 2321 1957 Lucius
2354 1901 2695 1974 episcopus,
2727 1918 2937 1960 servus
2965 1920 3276 1963 servorum
3309 1906 3437 1974 Dei,
3471 1924 3614 1965 ven.
3641 1908 3708 1967 fr.

2049 1989 2306 2047 Onnisio
2338 1992 2594 2046 Pennen.
2622 1991 2927 2066 episcopo,
2952 1992 3204 2051 salutem
3228 2001 3290 2052 et.
3311 1997 3709 2069 apostolicam

2046 2076 2547 2136 benedictionem.

2120 2166 2265 2223 Cum
2282 2167 2688 2226 controversia
2704 2184 2841 2241 quoe
2864 2169 3021 2227 inter
3040 2174 3094 2228 te
3111 2176 3170 2229 et
3196 2172 3492 2231 dilectum
3519 2174 3707 2235 fllium

2047 2253 2452 2312 senebaldum
2465 2254 2746 2313 abbatem
2771 2259 2828 2316 S.
2843 2259 3148 2325 Quiricide
3168 2263 3518 2321 lntrethoco
3533 2280 3708 2338 snper

2045 2342 2311 2400 ecclesiis
2332 2345 2767 2417 etquibusdam
2780 2346 2912 2404 aliis
2924 2349 3106 2405 rebus
3130 2349 3578 2410 fueratdiutius
3593 2354 3706 2425 agi-

2045 2432 2484 2499 tata,venerab.
2503 2433 2663 2491 tratri
2681 2441 2891 2494 nostro
2903 2434 3085 2495 Theo.
3102 2441 3700 2516 poi-tuemepiscupo,

2023 2525 2099 2577 -et
2139 2520 2353 2579 dilecto
2391 2521 2516 2580 filio
2554 2525 2800 2582 Octavio
2840 2525 2937 2583 88.
2982 2528 3165 2598 Sergii
3194 2535 3254 2585 et
3293 2530 3520 2588 Bacchi
3553 2532 3698 2589 diac.

2042 2609 2206 2667 card.
2232 2608 2444 2668 fuisset
2472 2611 2548 2668 de
2577 2613 2868 2671 mandato
2895 2619 3101 2672 nostro
3133 2618 3498 2685 commissa,
3527 2619 3698 2677 iidem

2040 2698 2287 2756 consilio
2298 2699 2659 2771 prudentum
2687 2701 2953 2760 virorum
2980 2702 3132 2762 inter
3157 2721 3267 2763 vos
3288 2706 3693 2783 subscriptam

2039 2788 2426 2846 concordiam
2449 2795 2786 2848 statuerunt
2813 2814 2826 2859 ;
2855 2792 2932 2850 ad
2962 2793 3256 2866 majorem
3285 2796 3344 2870 ej
3356 2813 3428 2853 us
3465 2798 3693 2857 eviden-

2039 2876 2184 2934 tiam
2209 2877 2497 2951 scriptum
2521 2879 2789 2951 ipsorum
2812 2880 3150 2940 confectum
3163 2900 3347 2957 super
3369 2885 3591 2945 eodem
3603 2902 3690 2945 ns-

1965 3003 2008 3063 Ο
2038 2966 2202 3037 gotio
2226 2964 2475 3025 inferius
2499 2968 2574 3025 de
2602 2968 2782 3027 verbo
2811 2969 2891 3028 ad
2922 2971 3171 3030 verbum
3200 2972 3500 3036 duximus
3523 2976 3692 3035 adno-

346 3040 1018 3112 EgoArdiciodiaconus
1039 3039 1364 3099 cardinalis
1383 3042 1439 3098 S.
1467 3040 1761 3098 Theodori
1791 3041 1931 3098 sub-
2038 3055 2292 3113 tandum
2321 3072 2332 3110 :
2372 3075 2400 3108 «
2421 3056 2598 3115 Theo,
2633 3058 2734 3115 nei
2760 3061 2954 3131 gratia
2984 3061 3260 3120 portum,
3297 3070 3357 3122 02
3383 3064 3446 3122 s,
3479 3065 3690 3124 Rufina

271 3143 507 3201 scripsi.

344 3217 469 3287 Ego
505 3216 820 3274 Gratianus
862 3217 960 3274 SS.
1002 3218 1234 3275 cosma>
1284 3221 1340 3274 et
1369 3216 1641 3274 Damiani
1682 3217 1922 3275 diacon.

274 3304 439 3363 card.
470 3302 828 3379 subscripsi.

340 3396 465 3466 Ego
494 3393 858 3452 Octavianus
890 3395 990 3452 88.
1024 3394 1209 3466 Sergii
1234 3399 1292 3452 et
1316 3393 1527 3451 Bacchi
1559 3395 1715 3452 diac.
1751 3396 1918 3453 card.

267 3482 616 3556 subscripsi.

333 3570 551 3629 Datum
580 3571 887 3643 Anagniae,
911 3587 1017 3645 per
1050 3587 1298 3629 manum
1321 3570 1542 3629 Alberti
1573 3577 1791 3630 sanctie
1811 3575 1919 3631 Ro·

260 3675 460 3719 manae
482 3659 756 3717 Ecclesiae
778 3660 1109 3734 presbyteri
1131 3660 1454 3718 cardinatis
1474 3667 1531 3718 et
1556 3661 1915 3730 cancellarii,

259 3764 391 3807 xviii
431 3748 675 3807 Kalend.
705 3749 997 3818 lanuarii,
1031 3748 1354 3806 indictione
1374 3750 1662 3818 secunda,
1719 3753 1919 3809 lucar-

257 3839 521 3896 nationis
548 3838 873 3897 Dominicis
895 3853 1014 3895 ano
1043 3838 1203 3904 1¹84,
1230 3839 1614 3912 pontificatus
1642 3855 1784 3897 vero
1803 3841 1913 3898 do-

258 3919 385 3975 mni
418 3919 579 3976 Lucii
610 3935 784 3994 papoe
816 3919 892 3975 ΙΙΙ
919 3933 1082 3976 anno
1114 3935 1194 3975 iii.

880 4108 1076 4165 ANNO
1118 4107 1284 4174 1¹84.

982 4294 1186 4352 CXXV.

2036 3144 2200 3201 sedis
2233 3145 2577 3219 episcopus,
2614 3152 2671 3204 et
2709 3149 2990 3207 Octavius
3029 3151 3130 3208 88.
3162 3152 3356 3224 Sergii
3385 3157 3454 3212 et
3495 3155 3692 3214 Bacchi

2034 3233 2185 3291 diac.
2214 3234 2405 3302 card„
2428 3236 2712 3294 omnibus
2732 3237 2807 3294 ad
2833 3254 2990 3312 quos
3017 3239 3222 3298 littere
3253 3242 3390 3302 isto
3423 3261 3694 3320 pervene-

2030 3322 2166 3391 rint,
2192 3327 2478 3381 aeternam
2518 3325 2577 3381 in
2610 3326 2841 3385 Christo
2880 3329 3155 3387 satutem.
3185 3329 3443 3392 Noverit
3476 3336 3694 3394 nniver-

2030 3411 2174 3469 sitas
2196 3417 2390 3470 vestra
2412 3413 2578 3487 quod
2604 3430 2744 3471 cum
2772 3416 2925 3473 inter
2937 3433 3138 3475 vener.
3152 3417 3410 3480 fratrem
3425 3427 3692 3482 nostrum

2028 3501 2363 3559 oderisium
2390 3501 2654 3560 Pennen.
2677 3504 3057 3580 episcopum,
3074 3513 3132 3566 et
3152 3509 3579 3571 senebaldum
3601 3512 3696 3572 ab·

2026 3588 2226 3647 batem
2269 3588 2331 3645 S.
2365 3591 2584 3657 Quirici
2612 3592 2688 3650 de
2733 3593 3078 3663 intrethoco,
3111 3613 3298 3672 super
3331 3600 3616 3661 ecclesiis
3645 3608 3697 3661 et

2025 3676 2155 3735 aliis
2193 3676 2351 3735 infra
2380 3678 2623 3753 scriptis
2664 3685 3070 3743 controversia
3103 3694 3450 3748 verteretur
3475 3693 3538 3750 in
3568 3708 3692 3759 nos,

2024 3767 2099 3823 de
2126 3766 2417 3826 mandato
2451 3769 2522 3829 D.
2558 3785 2730 3845 papae
2762 3773 2924 3830 Lucii
2951 3773 3028 3832 de
3068 3773 3210 3848 ipsa
3245 3793 3455 3838 cansa
3487 3795 3692 3857 cogno-

2023 3861 2275 3923 scentes,
2288 3859 2761 3929 praenominatus
2773 3861 2990 3932 abbas,
3010 3867 3070 3921 et
3088 3879 3258 3936 mag.
3284 3865 3458 3925 Bert.
3473 3870 3690 3944 prolati

2021 3944 2286 4016 episcopi
2298 3952 2671 4017 procurator,
2685 3949 2792 4023 qui
2819 3952 3225 4024 perenmdem
3253 3957 3689 4033 episcopumiii

2019 4049 2205 4092 causa
2220 4033 2333 4091 ista
2353 4035 2412 4092 in
2438 4039 2756 4109 praesentia
2786 4042 2851 4097 D.
2886 4056 3060 4113 papoe
3095 4040 3290 4110 Lucii,
3324 4050 3391 4104 et
3415 4063 3690 4123 quorun·

2020 4122 2162 4180 dam
2176 4122 2576 4183 cardinalium
2603 4133 2726 4186 tam
2744 4129 2826 4187 ad
2846 4129 3207 4201 litigandum
3219 4147 3428 4206 quam
3452 4137 3689 4196 adtraa-

2018 4210 2339 4283 sigendum
2369 4219 2726 4285 procurator
2753 4216 2946 4276 fuerat
2969 4219 3377 4291 constitutus,
3419 4223 3616 4286 libere
3647 4235 3692 4286 et

2016 4298 2285 4358 absolute
2332 4305 2886 4376 compromiserunt
2933 4323 2968 4365 c
3011 4307 3270 4368 librarm
3323 4317 3694 4387 provendere

254 4384 354 4441 Ad
376 4382 719 4440 Mam-itiam
752 4383 1143 4442 Parisiensem
1182 4385 1540 4455 episcopum.
1582 4415 1653 4427 -—
1682 4387 1907 4446 Contra
1939 4363 1985 4420 D
2016 4405 2260 4463 poenam
2293 4391 2404 4449 sibi
2439 4393 2699 4452 invicem
2730 4396 3115 4470 stipulatione
3139 4398 3544 4476 interposita,
3577 4423 3694 4484 pro-

475 4455 860 4528 presbyteros
893 4455 1314 4525 fornicationis
1351 4463 1684 4514 accusatos.

795 4543 1373 4617 (Anagniae,Jan.4.)

392 4634 745 4709 [collection
769 4634 871 4691 des
901 4631 1296 4702 cartulaires,
1345 4639 1386 4691 t.
1424 4635 1511 4702 lv,
1540 4651 1601 4709 p.
1634 4635 1747 4709 35.]

317 4724 515 4781 Lucius
543 4725 835 4790 municio,
867 4723 1173 4796 episcopo.

313 4812 583 4869 Relatum
617 4816 704 4869 est
733 4811 935 4879 nobis,
962 4827 1031 4868 ex
1061 4815 1231 4884 parte
1262 4815 1382 4878 tna,
1418 4811 1723 4882 quosdam
1761 4828 1901 4887 pre-

242 4899 517 4973 sbyteros
546 4901 607 4957 in
641 4905 744 4956 tua
777 4899 1024 4957 dioecesi
1063 4899 1415 4957 constitutos
1450 4900 1701 4960 infamia
1733 4902 1901 4963 labo·

238 5004 391 5056 rare,
414 4989 579 5063 quod
606 5004 726 5046 non
756 4988 1114 5046 erubescant
1133 4988 1393 5046 detinere
1421 4988 1661 5062 publice
1686 5008 1898 5051 concu-

235 5076 438 5136 binas.
471 5081 616 5136 Cum
648 5082 847 5135 autem
879 5077 1008 5135 illos
1033 5078 1250 5151 quaeris
1278 5078 1594 5149 corrigere,
1622 5078 1899 5137 obstacu-

234 5166 361 5224 lum
389 5166 807 5240 appellationis
835 5170 1175 5240 opponunt,
1210 5170 1275 5222 ut
1305 5166 1664 5223 canonicam
1704 5182 1897 5227 corre-

233 5257 494 5314 ctionem
523 5257 776 5325 evitent3
811 5261 866 5313 et
897 5263 1097 5313 tamen
1124 5270 1159 5311 a
1189 5254 1324 5313 vitio
1343 5260 1396 5310 ct
1427 5270 1618 5327 prava
1645 5272 1891 5316 consue·

305 5452 420 5526 (27)
449 5454 640 5512 Locus
666 5461 1007 5531 corruptus.

2014 4480 2255 4539 mittens
2285 4483 2417 4556 (27),
2450 4482 2498 4538 si
2537 4498 2610 4540 ea
2632 4499 2766 4558 quae
2793 4499 2905 4543 nos
2933 4484 3088 4543 inter
3111 4501 3226 4546 eos
3261 4496 3688 4564 statueremus.

2012 4568 2207 4628 abbas
2230 4572 2359 4646 ipse
2376 4571 2467 4629 vel
2489 4580 2845 4640 conventus,
2865 4578 2925 4631 et
2947 4582 3323 4649 procurator
3341 4581 3448 4642 vel
3479 4588 3692 4662 episeo-

2012 4673 2128 4733 pus
2159 4666 2289 4720 rata
2317 4676 2557 4734 semper
2584 4676 2707 4719 non
2735 4662 3052 4722 haberent.
3082 4666 3204 4722 Nos
3235 4676 3470 4732 autem
3503 4675 3690 4736 habito

2009 4746 2274 4806 virorum
2300 4750 2686 4825 prudentium
2706 4751 2959 4810 consilio
2979 4767 3092 4826 pro
3115 4753 3296 4815 bono
3313 4763 3508 4834 pacis
3523 4765 3602 4824 de
3617 4780 3686 4824 as·

2009 4851 2191 4895 sensu
2215 4839 2525 4913 utriusque
2547 4841 2732 4913 partis
2760 4841 3082 4900 statuimus
3112 4847 3180 4901 nt
3209 4847 3320 4922 epi

2006 4925 2138 4998 ejus
2156 4930 2403 4986 nuntius
2428 4928 2615 4986 semel
2635 4929 2695 4986 in
2716 4946 2877 4988 anno
2895 4930 2957 4987 in
2987 4929 3082 4988 tiis
3105 4931 3378 4996 duabus
3399 4943 3674 5009 ecclesiis.

2006 5014 2069 5072 id
2097 5021 2189 5074 est
2211 5016 2273 5073 S.
2297 5018 2542 5076 loannis
2563 5018 2623 5073 in
2651 5019 2871 5082 Insula.
2893 5025 2949 5077 et
2973 5020 3034 5076 S.
3055 5021 3273 5082 Uario
3293 5025 3388 5086 de
3419 5032 3676 5092 nonan

2004 5120 2142 5161 cum
2163 5110 2253 5163 tot
2266 5106 2557 5180 equituris
2577 5112 2637 5164 et
2652 5107 2852 5176 sociis,
2877 5124 3017 5165 cum
3032 5115 3194 5183 quot
3221 5113 3396 5174 alias
3415 5122 3672 5181 ecelesias

2003 5194 2385 5268 episcopatus
2413 5194 2637 5260 visitat,
2668 5198 3030 5271 suscipiatur
3059 5197 3454 5276 honorifice,
3483 5215 3544 5270 et
3565 5225 3670 5288 pic·

2001 5289 2240 5342 curetur
2253 5283 2384 5341 utin
2395 5283 2588 5342 reditu
2610 5301 2721 5344 suo
2733 5285 2808 5344 de
2832 5288 3011 5344 rebus
3035 5288 3334 5352 Ecclesi-
3355 5299 3662 5360 secunda·

3323 4865 3590 4930 scopus,
3614 4853 3680 4912 vd
