3784 6000
268 234 349 293 79
1320 235 1660 300 ARNULFI
1706 236 2227 300 LEXOVIENSIS
2269 233 2626 298 EPIScoP1
3599 236 3682 299 80

1054 372 1142 428 Ll.

266 472 341 514 Ao
377 470 568 517 unu
606 474 985 518 Amennnuu
1022 475 1096 516 ns
1132 474 1533 518 mesenum-rous
1571 477 1919 520 uoussrsau

880 564 1300 608 detumuere.

337 635 440 695 Est
466 637 530 696 in
556 637 894 711 episcopatu
924 639 1041 708 cul,
1064 643 1180 697 Deo
1209 639 1603 712 permittente.
1626 640 1914 710 deservio,

266 729 690 785 monasterium
721 728 1016 801 quoddam
1047 728 1284 787 nomine
1331 728 1730 799 Grlstanense,
1759 732 1915 804 quod

263 813 580 888 aliquando
598 817 904 875 suavitatis
917 819 1152 877 odorem
1169 818 1628 893 ctrcnmquaque
1646 819 1916 889 diffudit3

263 905 365 961 sed
410 903 475 963 in
502 904 713 964 diebus
759 906 988 964 abbatis
1025 906 1200 965 istius
1245 907 1459 966 merita
1485 908 1584 965 diu
1634 909 1919 966 laboravit

262 991 527 1061 infamia,
557 993 714 1053 sicut
743 999 1057 1067 preeuntes
1085 995 1295 1054 vidisse
1324 1000 1550 1054 constat
1575 1001 1636 1054 et
1664 1001 1918 1055 remotos

262 1083 517 1142 audisse.
549 1089 661 1144 Nec
678 1084 834 1144 enim
865 1086 1015 1144 infra
1045 1086 1398 1145 domesticos
1444 1087 1693 1160 parietes
1726 1088 1918 1146 conti·

260 1172 386 1231 neri
409 1173 686 1232 seandala
705 1178 1036 1249 potuerunt,
1054 1192 1183 1250 ques
1206 1177 1550 1249 procedente
1569 1177 1918 1235 temeritatis

261 1261 524 1332 audacie,
570 1263 823 1336 publicis
869 1266 1259 1324 offerebantur
1306 1266 1660 1338 aspectibus,
1710 1271 1768 1324 et
1814 1283 1917 1339 per

260 1365 363 1407 ora
382 1350 619 1424 publica
648 1354 1062 1423 personabant,
1087 1355 1370 1427 quoniam
1390 1354 1601 1413 fratres
1620 1355 1732 1413 loci
1752 1355 1915 1413 illins

259 1439 335 1496 ab
363 1439 638 1512 operibus
658 1441 950 1513 ejusmodi
981 1457 1089 1499 nec
1117 1443 1296 1500 timor
1324 1442 1449 1515 Dei,
1473 1460 1578 1501 nec
1606 1443 1913 1502 hominum

266 1531 590 1589 reverentia
617 1531 941 1591 cohibebat.
966 1536 1224 1599 Quorum
1254 1538 1472 1607 quanto
1501 1536 1692 1607 major
1711 1536 1917 1593 imma-

258 1619 413 1678 nitas
442 1622 680 1693 exstitit,
711 1625 871 1679 tanto
903 1622 1080 1681 latius
1110 1623 1471 1696 celeriusque
1502 1624 1656 1682 lama
1684 1625 1914 1683 discur-

261 1714 422 1769 rente
446 1709 686 1784 vulgata
713 1715 876 1783 sunt,
907 1713 1310 1786 maioremque
1355 1715 1510 1787 apud
1541 1729 1744 1772 omnes
1774 1732 1914 1772 con·
1947 1746 1994 1821 B

257 1798 438 1855 traxit
453 1797 759 1873 offensam,
781 1802 932 1873 quod
955 1800 1151 1875 palam
1181 1805 1346 1859 tanta
1364 1820 1396 1860 a
1424 1803 1760 1862 sanctuario
1781 1820 1913 1878 pro-

257 1888 463 1945 cedere
483 1888 707 1945 malitia
732 1889 1045 1947 videretur.
1068 1890 1367 1963 Siquidem
1389 1891 1550 1950 nulla
1577 1892 1665 1951 vel
1689 1895 1916 1953 modica

258 1982 381 2034 erat
405 1975 768 2035 intrinsecus
816 1978 1101 2051 regularis
1148 1980 1519 2039 observantia
1568 1981 1911 2056 disciplinas,

259 2064 455 2123 minor
496 2065 858 2125 extrinsecus
922 2066 1203 2125 exhibitio
1252 2069 1575 2140 charitatis,
1619 2071 1759 2144 quia
1807 2088 1914 2130 nec

257 2153 522 2227 hospites
550 2170 864 2227 agnoscere
892 2163 1336 2225 consueverant,
1368 2176 1558 2232 neque
1587 2161 1912 2234 quidquam

258 2244 618 2317 pauperibus
664 2245 987 2317 impartire,
1018 2247 1121 2303 sed
1168 2247 1326 2318 ipsas
1355 2249 1533 2305 etiam
1582 2251 1915 2309 communis

259 2346 473 2389 menen
486 2330 785 2405 reliquias.
800 2332 870 2389 ad
885 2332 1344 2406 impendendum
1359 2337 1597 2409 privatis
1609 2339 1914 2398 affectibus

257 2416 670 2480 dissolutionis
719 2422 1087 2496 impudentia
1143 2426 1499 2484 reservabat.
1548 2427 1731 2485 Parva
1777 2438 1915 2488 sunt

258 2514 404 2584 hoec,
422 2511 524 2569 sed
557 2512 629 2569 ad
652 2513 999 2584 sanguinem
1030 2518 1299 2588 prorupit
1328 2517 1579 2586 insania,
1601 2520 1722 2575 uta
1751 2519 1916 2577 nulla

258 2601 459 2675 specie
475 2599 737 2659 criminis
757 2618 972 2660 manue
987 2618 1188 2660 eorum
1209 2611 1578 2665 servarentur
1595 2607 1915 2667 immunes.

258 2690 506 2749 Constat
533 2689 715 2747 cosin
746 2691 1004 2749 claustro
1026 2692 1243 2751 strictis
1274 2694 1520 2753 invicem
1551 2698 1917 2757 concurrisse

263 2777 538 2849 cultellis,
570 2779 723 2836 sicut
765 2779 1062 2838 cicatrices
1108 2783 1203 2840 vix
1246 2784 1536 2853 obductu,
1567 2793 1620 2843 et
1661 2789 1918 2846 recentia

264 2881 498 2941 quoque
543 2865 785 2925 vnlnere
833 2875 1247 2940 protestantur.
1277 2876 1360 2929 Ac
1401 2873 1517 2931 nisi
1546 2876 1614 2932 de
1661 2874 1916 2935 cultellis

262 2972 468 3016 eorum
498 2957 811 3032 pugionem
835 2959 1075 3033 provida
1100 2960 1435 3021 sustulisset
1454 2963 1796 3038 antiquitas,
1816 2983 1919 3025 εω-

265 3047 402 3120 pius
434 3063 619 3120 usque
637 3048 709 3106 ad
739 3048 993 3108 alternas
1022 3050 1195 3108 etiam
1225 3056 1442 3110 mortes
1462 3054 1913 3128 intemperantia

266 3136 621 3194 deservisset.
670 3138 734 3194 In
784 3138 1139 3196 monasterio
1180 3140 1308 3212 ipso
1355 3143 1697 3201 immersam
1746 3163 1913 3219 aque

265 3225 548 3296 frigidiori
569 3225 875 3282 mulierem
897 3227 984 3283 vis
1005 3227 1217 3300 algoris
1238 3230 1530 3288 exstinxit.
1545 3231 1616 3289 Ut
1635 3233 1792 3290 enim
1816 3237 1918 3293 mi·

264 3313 461 3372 recula
488 3313 676 3372 facere
695 3314 1091 3386 crederentur,
1112 3321 1171 3375 et
1190 3317 1551 3390 quibuslibet
1568 3326 1918 3383 commentis

262 3405 630 3465 surcularium
674 3423 1056 3480 personarum
1094 3411 1421 3482 frequentes
1471 3411 1785 3470 invitarent
1815 3432 1919 3472 ac-

262 3511 493 3568 oeesue,
528 3497 800 3556 sanitatis
848 3500 1104 3556 remedia
1150 3501 1566 3571 promittebant
1610 3504 1662 3559 ei
1707 3505 1806 3576 qui
1853 3522 1919 3563 se

261 3586 577 3644 incantato
604 3585 679 3643 ab
707 3585 793 3644 eie
841 3587 1037 3644 nescio
1066 3588 1283 3661 quibus
1332 3591 1718 3660 carminibus,
1750 3610 1918 3665 aquae

262 3673 475 3748 septies
492 3674 805 3734 sustineret
826 3676 903 3734 im
913 3676 1117 3750 mergi.
1129 3676 1298 3749 AEgra
1316 3678 1515 3751 itaque
1531 3678 1740 3736 mulier
1757 3697 1916 3752 aqum

260 3764 491 3838 glaciali
539 3765 872 3838 {requenter
917 3766 1191 3824 immersa
1238 3768 1392 3825 inter
1436 3783 1647 3827 manus
1675 3773 1915 3843 compri-

263 3856 559 3914 mentium
584 3857 1006 3916 monachorum
1033 3856 1338 3932 congelata
1358 3858 1626 3929 decessit,
1646 3860 1785 3918 dum
1807 3863 1918 3920 vim

264 3941 489 4017 algoris
538 3945 817 4016 oegritudo
866 3963 981 4003 non
1029 3947 1296 4016 sustinet,
1330 3953 1389 4005 et
1426 3950 1670 4022 profana
1714 3950 1915 4025 religio

264 4033 532 4089 naturam
563 4032 759 4105 potins
778 4034 973 4092 irritat
1002 4036 1071 4092 ad
1104 4038 1442 4108 perniciem,
1468 4055 1641 4112 quam
1669 4039 1771 4097 Dei
1803 4042 1915 4097 mi-

262 4119 638 4177 sericordiam
672 4121 743 4176 ad
794 4121 1065 4180 salutem.
1098 4123 1432 4182 Ministrum
1472 4129 1736 4200 coquinas
1777 4145 1914 4186 cum

262 4208 524 4267 debitum
570 4225 792 4281 pronus
839 4219 1251 4285 exsequeretur
1296 4215 1578 4287 osticium,
1611 4218 1852 4289 quidam
1883 4234 1917 4275 e

260 4295 563 4353 monachis
610 4296 921 4372 interfecit,
952 4300 1092 4372 quia
1149 4301 1455 4360 dicebatur
1500 4304 1812 4378 aliquando
1844 4308 1916 4364 de

260 4383 447 4440 nimia
474 4383 638 4442 illius
651 4385 807 4442 circa
835 4402 1071 4445 uxorem
1100 4404 1266 4445 suam
1300 4390 1632 4463 trequentia
1651 4408 1917 4451 murmu-

1945 375 2003 444 A
2029 388 2231 431 eorum
2252 371 2561 444 disciplina
2591 371 2992 440 contemnitur,
3017 370 3078 426 in
3108 369 3325 442 quibus
3348 371 3494 428 bene
3521 388 3680 429 com-

2024 462 2223 535 posito
2253 459 2467 519 mentis
2505 475 2678 532 opera
2707 475 2822 517 non
2873 458 3165 517 videntur.
3199 459 3464 532 Augebat
3492 461 3682 518 auda·

2024 551 2169 609 ciam
2198 551 2351 623 quod
2383 550 2548 608 eisin
2578 548 2834 607 claustro
2856 548 3181 606 necessarie
3211 565 3329 606 non
3357 549 3675 619 debentur,

2023 642 2125 699 sed
2175 642 2247 697 ad
2294 639 2889 712 recompensationem
2939 639 3252 696 subtractae
3307 641 3679 698 necessitatis

2025 730 2263 789 liberior
2280 730 2364 787 eis
2386 727 2671 802 evagandi
2694 728 2929 786 licentia
2948 728 3276 786 laxabatur.
3297 728 3500 787 Solent
3518 732 3677 790 enim

2024 820 2126 892 huj
2136 819 2367 878 usmodi
2379 834 2635 891 persono
2648 817 2961 891 patientius
2976 818 3236 891 inopiam
3249 823 3483 892 portare
3493 836 3677 894 quam

2025 908 2310 982 regulam,
2324 912 2427 966 eta
2446 907 2701 981 praelatIs
2721 906 2845 965 suis
2859 907 3136 980 peccandi
3153 907 3480 968 libertatem
3496 928 3680 984 qnan-

2024 997 2226 1055 talibet
2252 996 2368 1069 (38)
2397 999 2653 1069 egestate
2678 1005 3029 1054 mercantur.

2095 1088 2178 1143 Ad
2194 1086 2335 1155 hese,
2351 1089 2416 1142 ut
2427 1085 2586 1143 nulle
2602 1086 2688 1143 eis
2699 1085 2974 1143 effluendi
2989 1087 3218 1144 deesset
3232 1088 3479 1158 occasio,
3491 1090 3676 1149 abbas

2022 1177 2237 1250 saepius
2268 1176 2439 1248 quasi
2467 1175 2537 1231 ad
2571 1174 2929 1246 disponenda
2959 1176 3112 1232 bona
3141 1178 3479 1236 monasterii
3510 1180 3676 1236 navi-

2022 1265 2193 1338 gabat
2211 1264 2274 1321 in
2294 1264 2588 1337 Angliam,
2603 1263 2702 1320 ubi
2719 1263 2843 1320 sine
2863 1269 3132 1322 consorte
3149 1267 3367 1340 degens
3381 1268 3674 1340 etjudice3

2022 1353 2173 1427 gula
2221 1356 2278 1408 et
2325 1350 2511 1412 lateri,
2544 1350 2696 1407 sicut
2742 1349 3064 1417 dicebatur,
3096 1351 3430 1426 indulgens,
3463 1370 3674 1427 parum

2021 1440 2243 1514 aliquid
2268 1442 2472 1513 praeter
2492 1455 2668 1513 vagos
2697 1439 3019 1503 discursus.
3043 1444 3099 1498 et
3127 1440 3260 1498 lites
3281 1459 3348 1499 su
3357 1457 3676 1515 pervacuus

2021 1531 2340 1590 exercebat.
2370 1529 2475 1586 Ubi
2501 1529 2818 1586 novissime
2847 1545 2950 1601 per
2991 1531 3332 1588 continuum
3367 1533 3487 1590 l'ere
3517 1533 3679 1590 bien-

2022 1620 2187 1678 nium
2207 1617 2927 1690 demoratus,episcopalis
2944 1619 3118 1676 edicti
3142 1622 3488 1680 necessitate
3509 1623 3606 1681 red
3616 1640 3679 1680 u-

2022 1714 2154 1767 ctus
2198 1712 2308 1781 est,
2352 1712 2690 1780 statumque
2736 1708 3072 1764 monasterii
3120 1709 3465 1767 deteriorem
3526 1712 3675 1770 satis

2022 1815 2198 1873 quam
2228 1797 2542 1870 reliquerat
2587 1812 2855 1854 reversus
2895 1797 3137 1855 invenit.
3166 1798 3429 1873 Cumque
3472 1800 3674 1858 statim

2019 1887 2291 1961 coepiseet
2319 1886 2734 1944 monachorum
2781 1887 3250 1946 contentionibus
3277 1888 3565 1957 infestari,
3591 1891 3676 1948 fe-

2020 1979 2336 2036 stinantem
2359 1976 2547 2033 redire
2576 1974 2869 2048 prohibui,
2894 1976 3006 2034 nisi
3026 1977 3292 2035 ordinato
3323 1980 3675 2037 monasterio

2020 2066 2183 2141 prius
2213 2065 2360 2121 mibi
2399 2081 2682 2136 personas
2721 2064 2960 2123 idoneas
3009 2081 3130 2138 quae
3175 2082 3375 2125 curam
3408 2071 3679 2140 gererent

2019 2156 2249 2214 vicarioe
2275 2153 2684 2212 sollicitudinis
2712 2154 3092 2228 assignasset.
3125 2156 3257 2227 Ipse
3283 2172 3417 2213 vero
3445 2156 3675 2229 episco-

2023 2245 2162 2319 pali,
2197 2261 2315 2318 qua
2343 2244 2393 2301 ei
2426 2244 2759 2316 praemineo,
2791 2244 3142 2302 auctoritate
3175 2244 3458 2318 neglecta,
3488 2249 3548 2302 et
3577 2246 3677 2303 de-

2024 2335 2145 2392 bito
2161 2333 2528 2401 obedientiae,
2550 2334 2621 2390 de
2650 2334 2821 2405 cujus
2842 2333 3200 2391 exhibitione
3223 2332 3454 2392 vinculo
3466 2334 3677 2407 jurate

2024 2423 2398 2497 professionis
2429 2427 2656 2480 tenetur
2684 2423 2982 2494 astrictus,
3003 2423 3131 2480 sine
3160 2422 3516 2481 conscientie
3546 2439 3678 2482 mea

2023 2528 2291 2570 reversus
2334 2515 2449 2578 est,
2481 2511 2713 2568 nemine
2757 2511 2917 2569 domi
2966 2512 3164 2569 relicto
3211 2510 3314 2584 qui
3364 2511 3541 2569 sciret
3587 2512 3674 2571 vel

2021 2617 2225 2661 curam
2271 2600 2494 2658 ordinis
2543 2616 2758 2674 gerere,
2780 2600 2868 2657 vel
2917 2600 3264 2674 temporalia
3311 2601 3673 2675 dispensare.

2023 2692 2184 2759 Quod
2235 2690 2436 2747 statim
2487 2689 2893 2748 miserabiliter
2936 2690 3064 2762 ipse
3120 2705 3317 2746 rerum
3365 2689 3679 2749 declaravit

2023 2789 2261 2841 eventus
2296 2797 2311 2837 τ
2361 2779 2500 2853 quia
2547 2781 2598 2837 ie
2628 2795 2804 2852 quem
2859 2785 3288 2852 procuratorem
3339 2779 3674 2854 reliquerat,

2023 2871 2222 2929 ebrius
2250 2871 2309 2926 in
2340 2869 2647 2926 relectorio
2663 2885 2838 2940 snper
2859 2884 3082 2925 emnam
3113 2869 3262 2926 duos
3292 2869 3364 2926 de
3393 2870 3678 2928 fratribus

2023 2960 2255 3022 cultello
2275 2959 2583 3034 percussit,
2606 2963 2782 3031 atque
2801 2957 2873 3015 ab
2897 2957 2976 3015 eis
2995 2965 3081 3015 est
3102 2957 3530 3017 incontinenter
3550 2976 3678 3033 por-

2023 3053 2161 3120 tica,
2192 3066 2367 3124 quam
2397 3065 2570 3107 casus
2599 3047 2831 3118 obtulit,
2862 3048 3216 3105 interiectus.
3248 3050 3373 3115 Quo
3399 3050 3548 3107 sacto
3577 3066 3677 3108 ve·

2023 3146 2216 3199 terum
2263 3139 2577 3198 criminum
2627 3140 2900 3194 renovata
2947 3136 3240 3208 memoria,
3284 3137 3358 3196 ab
3400 3139 3680 3197 omnibus

2021 3229 2221 3288 omnia
2265 3226 2433 3300 quasi
2476 3226 2587 3284 sub
2637 3242 2821 3282 unum
2862 3224 3290 3283 reducebantur
3345 3232 3677 3299 aspectum,

2019 3332 2343 3390 omnesque
2392 3314 2637 3387 publica
2678 3313 3125 3372 existimationis
3169 3319 3228 3373 et
3256 3315 3420 3373 t'amae
3443 3317 3680 3389 judicio

2020 3405 2386 3464 condemnati
2417 3409 2573 3466 sunt.
2600 3402 2702 3476 qui
2744 3403 2940 3460 nullus
2970 3412 3091 3461 erat
3130 3421 3307 3477 quem
3360 3412 3678 3465 nocentem

2019 3513 2138 3554 non
2167 3495 2401 3553 lecisset
2429 3494 2685 3567 operatio
2718 3493 2803 3549 vel
2834 3508 3170 3552 consensus.
3204 3495 3406 3567 ltaque
3435 3495 3681 3567 ejicien-

2020 3587 2126 3643 dos
2136 3600 2342 3642 omnes
2354 3582 2616 3656 plerique
2632 3582 2926 3655 dixerunt,
2939 3590 2991 3640 et
3010 3599 3288 3655 personas
3301 3583 3436 3641 novi
3450 3585 3679 3645 ordinis

2019 3676 2256 3747 penitus
2276 3672 2663 3738 inducendas,
2684 3675 2747 3729 ut
2766 3672 2902 3728 etin
2926 3672 3071 3729 istos
3101 3672 3420 3731 vindicaret
3437 3674 3672 3747 ejectio,

2018 3767 2077 3821 et
2096 3762 2316 3820 ordinis
2345 3761 2773 3819 observantiam
2805 3777 3086 3819 novorum
3139 3761 3424 3820 institutio
3450 3768 3679 3821 restau-

2021 3855 2188 3910 raret.
2221 3851 2398 3908 Porro
2425 3866 2531 3923 ego
2561 3850 2761 3920 ejectis
2781 3848 3264 3921 interfectoribus,
3286 3851 3425 3924 quia
3445 3851 3534 3910 sic
3555 3856 3678 3911 tam

2018 3941 2169 3998 ratio
2194 3955 2370 4013 quam
2393 3943 2584 3996 metue
2607 3939 2881 4012 potentias
2903 3939 3198 3998 soecularis
3220 3940 3429 4014 exegit,
3452 3942 3526 3999 ad
3550 3959 3678 4000 mo·

2021 4039 2285 4089 mentum
2298 4045 2427 4103 quas
2449 4029 2596 4085 mihi
2608 4029 2733 4085 visa
2746 4033 2885 4086 sunt
2899 4029 3263 4101 disponenda
3274 4029 3564 4104 disposui,
3579 4049 3686 4091 nec

2019 4121 2175 4177 enim
2200 4120 2518 4193 quidquam
2533 4122 2871 4191 perpetuum
2892 4118 3166 4176 constitui
3183 4123 3432 4193 poterat,
3456 4135 3588 4179 cum
3609 4123 3686 4182 de

2020 4209 2184 4268 nullo
2213 4226 2415 4267 eorum
2443 4209 2590 4266 satis
2618 4209 2763 4264 bene
2791 4207 2878 4265 vel
2904 4209 3061 4264 fama
3079 4207 3173 4264 vel
3203 4209 3564 4268 conscientia
3586 4226 3682 4269 re·

2018 4300 2349 4371 sponderet.
2384 4298 2511 4354 Feci
2554 4302 2751 4353 tamen
2782 4298 2938 4369 quod
2988 4298 3153 4370 potui
3210 4299 3391 4356 donec
3442 4298 3684 4358 fortiore

2020 4387 2263 4445 consilio
2285 4387 2472 4457 possit
2491 4388 2684 4442 omnis
2712 4386 3011 4457 plantatio,
3034 4404 3210 4459 quam
3232 4389 3406 4447 Pater
3428 4388 3683 4447 coelestis

261 4489 444 4532 rasse.
476 4474 767 4532 cervicem
809 4476 1005 4549 itaque
1033 4477 1222 4551 ipsius
1266 4480 1470 4537 adacto
1517 4482 1654 4540 totis
1696 4483 1917 4544 viribus
1947 4485 1996 4551 D
2028 4492 2142 4533 non
2175 4475 2482 4547 plantavit,
2513 4474 2701 4532 avelli.
2734 4474 2956 4532 Vestris
2989 4474 3097 4533 hoc
3128 4485 3457 4535 reservatur
3487 4478 3681 4536 mani·

260 4562 481 4636 pistillo
535 4563 842 4636 grandiore
888 4566 1194 4639 confregit,
1242 4572 1302 4624 et
1346 4570 1580 4627 innoxio
1627 4572 1916 4645 sanguine

260 4651 585 4726 pulmenta,
611 4669 741 4727 quer
773 4656 890 4713 tam
920 4655 1034 4730 ipsi
1065 4672 1240 4729 qnam
1262 4659 1484 4716 certeris
1512 4660 1793 4719 tratribus
1815 4679 1914 4735 pa·

261 4741 526 4816 rebatur,
555 4745 824 4817 aspersit.
878 4745 1069 4821 Super
1118 4747 1333 4820 quibus
1383 4765 1518 4805 cum
1572 4765 1679 4823 ego
1709 4752 1923 4824 saepius

260 4830 532 4888 abbatem
576 4831 859 4891 charitate
887 4834 1085 4892 debita
1128 4850 1586 4908 commonerem,
1617 4856 1723 4896 nec
1763 4845 1919 4898 enim

261 4920 520 4978 severim
541 4936 748 4994 cogere
776 4925 1183 4996 permittebar,
1205 4926 1700 4986 dissimulandum
1729 4932 1921 5004 potius

262 5023 440 5082 quam
467 5009 839 5069 distinctione
870 5015 1196 5073 monastica
1218 5016 1448 5074 censuit
1468 5022 1917 5079 occurrendum.

259 5096 432 5155 Dedit
452 5096 647 5171 itaque
667 5100 1062 5160 dissimulatio
1084 5107 1333 5163 remissa
1355 5106 1656 5178 fiduciam,
1680 5111 1783 5183 qul
1805 5109 1920 5166 sibi

265 5185 414 5244 nibil
442 5202 557 5245 non
587 5186 760 5245 licere
804 5191 1118 5249 credebant
1144 5210 1294 5265 quoe
1333 5210 1439 5252 nec
1470 5198 1617 5254 ratio
1664 5198 1917 5270 propria,

264 5295 371 5341 neo
402 5278 590 5338 aliena
616 5281 903 5353 correptio
932 5285 1278 5343 refrenabat.
1314 5288 1489 5346 Porro
1528 5287 1693 5348 nulla
1721 5290 1919 5350 abbati

262 5367 587 5442 disprlinoe
607 5370 860 5429 restabat
886 5374 1226 5444 auotoritas,
1247 5376 1384 5449 quia
1403 5378 1579 5436 etiarn
1609 5395 1645 5436 a
1662 5380 1925 5453 reprobis

337 5552 454 5628 (38)
481 5553 543 5610 B.
553 5594 571 5625 ,
600 5554 919 5627 quamlibet.

2028 4565 2158 4634 bus,
2179 4565 2379 4621 vestris
2407 4564 2518 4622 erit
2538 4563 2758 4620 viribus
2788 4563 3249 4637 adimplendum,
3272 4566 3412 4638 quia
3439 4566 3492 4625 ei
3521 4568 3681 4640 quod

2025 4654 2248 4712 radices
2271 4653 2450 4710 altius
2467 4655 2587 4726 egit
2615 4668 2830 4710 manus
2850 4670 2965 4710 non
2991 4654 3307 4726 praevalent
3327 4654 3678 4714 imbecilles.

2024 4749 2213 4817 Super
2229 4760 2343 4816 quo
2364 4744 2415 4800 si
2434 4744 2506 4800 ad
2537 4743 2876 4801 communia
2904 4745 3081 4802 totius
3115 4745 3233 4801 t'ere
3263 4744 3521 4818 regionis
3542 4749 3683 4804 vota

2023 4833 2338 4905 respicitis,
2370 4832 2410 4887 ii
2440 4848 2588 4904 quos
2619 4833 2689 4890 ad
2722 4838 3061 4906 perpetuam
3095 4832 3538 4892 dissolutionem
3571 4851 3684 4909 par

2022 4922 2344 4990 convictus,
2357 4922 2684 4993 alternique
2703 4937 3025 4980 consensus
3047 4924 3235 4995 gratia
3255 4922 3572 4993 foederavit,
3590 4941 3680 4982 ee·

2022 5012 2302 5085 gregandi
2325 5017 2555 5083 sunt,et
2574 5012 2874 5086 sigillatim
2897 5030 3001 5086 per
3018 5013 3303 5087 regularia
3320 5015 3681 5072 monasteria

2023 5103 2497 5177 dispergendi,ut
2510 5104 2868 5162 occasionem
2885 5106 3189 5177 peccandi,
3201 5121 3381 5178 quam
3402 5106 3681 5179 deprava

2023 5192 2433 5250 familiaritatis
2462 5194 2749 5251 consortio
2771 5194 3148 5267 quaesierunt,
3162 5196 3315 5268 apud
3349 5197 3581 5269 ignotos
3602 5199 3677 5255 de

2023 5281 2308 5340 divisione
2327 5287 2385 5340 et
2394 5283 2726 5341 diversitate
2736 5285 3193 5344 conversationis
3206 5286 3500 5343 amittant.
3513 5287 3681 5348 Com.

2022 5387 2203 5429 mune
2221 5376 2419 5431 votum
2442 5380 2550 5440 est,
2565 5373 2795 5445 ipsique
2813 5372 2989 5430 etiam
3004 5375 3254 5449 principi
3265 5376 3682 5450 complaceret,
