3784 6000
211 214 348 272 1329

937 344 1116 401 cclx.

201 448 301 504 Ad
310 447 655 519 Philippum
668 448 1240 578 archietssitz‘igssss‘nfc
1252 450 1326 507 B.
1354 447 1727 520 praepositum
1744 446 1855 506 Co·

730 611 1020 681 (Veronoe,
1047 611 1172 666 Oct.
1210 612 1326 680 3¹.)

236 695 548 770 [Gnarum
582 697 726 756 God.
762 699 1009 769 diplom.
1060 698 1539 769 Rheno-Mosen„
1573 696 1619 764 1,
1663 695 1816 767 447.]

274 803 475 861 Lucius
504 804 846 879 episcopus,
865 822 1074 863 servus
1106 821 1416 863 servorum
1447 804 1571 871 Dei,
1605 818 1852 862 venera-

197 892 299 950 bili
346 894 534 951 fratiri
574 895 674 950 Pu.
723 895 1200 969 archiepiscope,
1257 900 1315 952 et
1358 893 1574 952 dilecto
1602 892 1753 950 finio
1784 894 1846 952 B.

200 983 517 1055 praeposito
535 983 1159 1057 Coloniensi‚salutem
1185 989 1242 1042 et
1257 983 1645 1058 apostolicam
1670 982 1846 1040 bene·

198 1069 545 1128 dictionem.

266 1161 644 1218 Transmissa
671 1162 842 1218 nobis
871 1161 1224 1218 dilectarum
1251 1161 1310 1217 in
1338 1161 1565 1218 Christo
1589 1160 1848 1217 filiarum

196 1253 537 1305 nostrarum
586 1250 883 1322 magistras
929 1254 989 1306 et
1042 1250 1394 1307 monialium
1424 1249 1500 1307 de
1543 1248 1849 1306 Dunewalt

192 1339 573 1411 querimonia
594 1338 886 1410 patefecit,
918 1339 1083 1412 quod
1101 1338 1292 1396 abbas
1322 1345 1379 1395 et
1397 1337 1608 1396 fratres
1630 1337 1847 1394 Lacen-

194 1428 274 1483 sis
299 1427 561 1485 ecclesias
600 1444 779 1500 super
807 1430 1178 1486 decimarum
1209 1428 1590 1501 praestatione
1624 1443 1844 1484 novem

193 1532 543 1573 mansorum
573 1533 609 1573 a
638 1532 762 1590 qua
789 1518 1121 1575 secundum
1154 1521 1559 1575 Romanorum
1602 1516 1846 1590 pontifi-

190 1621 329 1661 cum
346 1606 656 1679 privilegia
687 1611 828 1663 sunt
854 1607 1174 1675 immunes,
1203 1607 1353 1664 etde
1378 1606 1600 1681 quibus
1628 1606 1844 1663 dioece·

1115 215 1488 274 EPISTOLAE
1526 214 1612 271 ET
1648 210 2093 278 PRtvtLEGIA.
2137 253 2202 265 —
2230 228 2349 287 AN.
2379 230 2702 291 ltu-1¹85.

3474 196 3620 297 iaso

1884 338 1934 396 Α
1965 343 2076 405 fice
2098 350 2380 413 obtinetis
2407 357 2492 415 vel
2519 359 2858 432 possidetis,
2886 360 3237 418 auctoritate
3267 362 3437 418 vobis
3469 378 3619 436 apo-

1964 437 2170 497 stolica
2210 445 2681 514 confirmamus3
2732 447 3125 506 nihilominus
3155 450 3325 508 vobis
3353 466 3618 523 proesen·

1964 526 2123 583 tibus
2176 530 2377 589 titteris
2423 535 2807 606 indulgemus
2863 543 2926 594 ut
2952 539 3107 595 sicut
3158 539 3223 596 in
3273 539 3620 599 authentico

1962 619 2320 677 venerabilis
2369 623 2565 680 fratris
2598 627 2785 681 nostri
2818 627 3128 682 Remensis
3182 628 3623 703 archiepiscopi

1964 703 2096 779 [W.]
2124 707 2275 766 tituli
2323 712 2379 767 S.
2426 712 2664 769 Sabinas
2712 713 3049 778 cardinalis,
3088 716 3431 788 apostolicas
3461 718 3622 775 sedis

1958 791 2159 864 legati,
2189 800 2618 859 rationabiliter
2635 803 2993 869 continetur,
3023 805 3379 861 sententiam
3406 806 3468 862 in
3493 822 3620 864 ma-

1957 882 2270 942 lefactores
2289 896 2517 947 vestros
2543 892 2832 949 canonice
2852 893 3319 965 promulgatam,
3341 894 3468 951 sine
3484 909 3620 967 pro·

1960 973 2137 1030 missa
2170 977 2474 1050 condigna
2521 981 2942 1048 satisfactione,
2985 980 3080 1038 vel
3123 982 3444 1041 sufficienti
3474 999 3618 1042 cau-

1960 1061 2120 1119 tione
2143 1064 2219 1121 de
2244 1068 2514 1138 parendo
2547 1069 2835 1126 mandato
2866 1070 3150 1135 ecclesioe.
3183 1072 3410 1128 nemini
3435 1071 3612 1130 liceat

1958 1150 2241 1209 relaxare.
2293 1158 2720 1214 Mansionarios
2767 1159 3010 1232 insuper
3068 1160 3346 1218 villarum
3400 1162 3458 1218 S.
3491 1158 3622 1220 'Re-

1960 1240 2144 1312 migii.
2190 1243 2237 1298 si
2270 1244 2417 1301 alias
2464 1247 2743 1303 dun-rint
2785 1247 3228 1316 divertendum,
3275 1249 3392 1305 nisi
3423 1254 3613 1308 terras

1956 1328 2250 1390 dimittere
2292 1340 2503 1406 sponte
2547 1335 2864 1408 voluerint,
2897 1337 3181 1395 solutioni
3227 1338 3618 1398 nihilominus

1958 1425 2355 1491 proventuum
2404 1429 2461 1481 et
2495 1425 2800 1482 redditum
2853 1431 2910 1482 et
2963 1431 3254 1484 terrarum
3308 1428 3613 1498 oneribus,

1954 1507 2104 1564 sicut
2157 1510 2217 1567 in
2274 1511 2485 1569 eodem
2551 1515 2866 1572 memorati
2935 1501 3241 1573 Remensi‘s
3293 1517 3616 1589 (archiepi-

1953 1598 2198 1671 scopii)
2230 1600 2541 1672 privilegio
2589 1605 2877 1660 canonice
2908 1605 3210 1663 invenitur
3236 1621 3614 1678 expressum,

189 1711 340 1752 sano
369 1696 653 1768 episcopo
682 1695 950 1753 debitam
961 1695 1250 1768 justitiam
1280 1696 1540 1763 solvunt,
1565 1712 1668 1753 cas
1698 1697 1843 1752 irra·
1873 1680 1921 1739 Β
1950 1684 2329 1745 dessffl'ssimus
2355 1690 2685 1762 subjacflffi·
2718 1691 2807 1748 Ad
2836 1693 2965 1749 haec
2996 1698 3221 1756 autem·
3264 1710 3402 1750 cum
3428 1695 3491 1751 in
3518 1711 3618 1752 00-

189 1783 551 1841 tionabiliter
589 1800 800 1841 vexare
836 1789 1227 1858 proesumunt.
1276 1786 1440 1843 Unde
1495 1785 1842 1842 discretioni

187 1877 395 1930 vestras
422 1888 530 1947 per
551 1873 877 1947 apostolica
899 1874 1118 1945 scripta
1139 1874 1524 1940 mandamus,
1542 1878 1840 1947 quatenus

185 1962 503 2035 praedictos
521 1962 730 2020 fratres
758 1963 1040 2019 Lucensis
1060 1963 1324 2020 ecclesiae
1344 1963 1421 2020 ad
1434 1963 1843 2036 complemen-

186 2053 314 2107 tum
324 2051 463 2122 justi
472 2051 563 2107 tiae
579 2052 922 2109 memoratis
935 2051 1300 2108 monialibus
1313 2051 1721 2109 exhibendum
1735 2067 1842 2126 per

184 2154 501 2195 censuram
529 2139 994 2196 ecclesiasticam
1029 2139 1158 2197 sine
1186 2139 1611 2214 appellationis
1641 2141 1843 2198 obsta·

186 2227 322 2284 culo
355 2227 747 2300 compellatis.

260 2315 477 2373 Datum
530 2318 797 2383 Veronoe,
853 2335 893 2373 u
931 2318 1058 2375 Kal.
1106 2318 1481 2376 Novembris.

945 2425 1090 2482 CCX.

188 2528 476 2600 Episcopo
563 2530 1002 2602 Senoaalliemi
1069 2532 1339 2599 mandat,
1402 2547 1476 2591 ne
1553 2533 1840 2593 Ecclesia

458 2603 823 2660 Ravennatis
846 2602 1168 2676 privilegia
1207 2603 1348 2662 toedi
1376 2603 1554 2662 sinat.

725 2692 1011 2761 (Veronoe,
1040 2693 1183 2747 Nov.
1213 2691 1296 2764 4.)

506 2778 722 2853 [Rosea
751 2782 907 2838 Hire.
941 2782 1235 2848 flaventi..
1274 2798 1333 2856 p.
1367 2781 1515 2855 356]

257 2867 456 2926 Luctus
507 2869 844 2941 episcopus,
876 2887 1080 2927 servus
1138 2886 1447 2928 servorum
1504 2871 1624 2938 Dei,
1667 2888 1837 2930 vene·

181 2956 354 3014 rabili
391 2956 556 3014 fratri
590 2996 604 3011 .
640 2999 653 3014 .
691 2996 704 3012 .
734 2958 1113 3032 senogalien.
1144 2961 1454 3033 episcopo,
1483 2960 1738 3019 salutem
1780 2966 1836 3019 et

181 3046 573 3118 apostolicam
602 3046 1080 3104 benedictionem
1095 3091 1109 3107 .

254 3135 398 3190 Cum
436 3151 508 3192 ex
560 3136 827 3206 injuncto
876 3136 1052 3193 nobis
1094 3136 1292 3195 officio
1324 3139 1617 3197 universis
1642 3140 1833 3197 simus

179 3222 445 3279 ecclesiis
491 3224 811 3291 debitores,
842 3241 914 3282 eo
967 3226 1293 3283 Ravennati
1331 3228 1649 3300 specialius
1675 3234 1834 3288 tene·

180 3329 316 3369 mur
344 3312 578 3382 adesse,
604 3329 727 3385 quo
766 3315 1072 3387 antiquius
1097 3315 1159 3372 in
1211 3315 1524 3373 Christiani
1572 3319 1833 3376 nominis

178 3400 554 3458 confessione
574 3401 846 3470 fundata,
869 3408 1084 3477 prteest
1100 3404 1397 3476 pluribus,
1415 3410 1471 3462 et
1493 3406 1728 3478 proficit
1754 3405 1832 3465 ad

180 3489 457 3546 salutem.
484 3493 631 3548 Cum
663 3492 841 3563 igitur
868 3493 931 3548 in
956 3493 1304 3568 episcopatu
1337 3497 1457 3562 tuo,
1504 3503 1561 3550 et
1601 3494 1664 3552 in
1695 3495 1829 3553 aliis

171 3579 311 3649 jura
358 3579 547 3652 ipsius
597 3596 634 3638 a
673 3580 944 3653 pluribus
1008 3582 1450 3655 perturbentur,
1500 3583 1659 3640 unde
1706 3599 1829 3643 non

181 3667 486 3725 modicum
542 3684 649 3741 per
704 3670 1102 3742 reproborum
1137 3672 1450 3739 malitiam,
1478 3673 1540 3729 in
1570 3672 1695 3730 suis
1728 3689 1829 3732 no·

177 3756 361 3812 scitur
382 3758 867 3830 possessionibus
893 3759 1206 3828 diminuta,
1225 3759 1649 3819 fraternitatem
1665 3768 1828 3820 tuam

175 3844 485 3902 hortamur
511 3848 572 3904 in
613 3848 890 3915 nominc,
921 3853 977 3906 et
1006 3848 1413 3922 praecipiendo
1444 3850 1824 3920 mandamus,

174 3939 474 4007 quatenus
511 3935 563 3992 ei
590 3936 651 3992 in
683 3937 809 3994 suis
842 3936 1086 4010 justitiis
1117 3944 1240 3995 tam
1293 3944 1576 4013 prompta
1624 3944 1682 3998 et
1710 3940 1825 3998 sol·

171 4021 333 4079 licita
375 4023 662 4080 charitate
714 4026 981 4093 assistas,
1012 4030 1069 4082 et
1105 4026 1511 4100 parochianos
1559 4032 1713 4098 tuos,
1749 4029 1826 4086 de

173 4111 395 4184 quibus
423 4111 502 4168 ad
541 4117 593 4169 te
621 4113 867 4186 querela
924 4115 1278 4187 pervenerit,
1306 4116 1707 4188 appellatione
1738 4133 1826 4175 re-

175 4204 358 4265 mota,
427 4203 1062 4260 excommunicationis
1087 4219 1342 4262 censura
1369 4205 1719 4278 compellas,
1763 4210 1825 4264 ut

173 4289 594 4346 archidiacono
649 4296 705 4348 et
756 4290 1040 4349 fratribus
1090 4293 1283 4365 ipsius
1331 4292 1603 4351 Ecclesiae
1645 4312 1827 4368 super

1950 1774 2129 1832 etesia
2162 1778 2217 1833 S.
2246 1775 2538 1835 Timothei
2574 1778 2895 1837 duodecim
2939 1782 3058 1839 sint
3086 1782 3358 1839 canonici
3389 1783 3612 1841 consti-

1950 1863 2078 1936 tuti,
2108 1869 2171 1921 ut
2200 1865 2288 1921 vel
2332 1867 2392 1923 in
2421 1870 2664 1940 propria
2702 1885 2961 1942 persona
2992 1870 3296 1927 beneflciis
3323 1869 3439 1929 sibi
3465 1887 3610 1930 con-

1950 1953 2133 2008 cessis
2158 1953 2518 2023 deserviant,
2545 1957 2635 2013 vel
2663 1959 2712 2013 si
2738 1958 3020 2015 absentes
3051 1974 3182 2016 esse
3213 1959 3606 2028 decreverint,

1952 2042 2208 2101 vicarios
2236 2045 2485 2103 idoneos
2515 2062 2626 2119 pro
2652 2063 2715 2105 se
2745 2047 3069 2105 servituros
3101 2048 3438 2118 instituant,
3463 2065 3616 2123 prm-

1953 2131 2136 2188 sentis
2165 2133 2368 2205 scripti
2419 2134 2644 2207 pagina
2674 2151 2995 2193 censemus
3024 2136 3083 2193 in
3118 2141 3423 2210 posterum
3455 2138 3615 2197 obti-
3733 2186 3738 2191 .

1950 2234 2111 2289 nere,
2156 2221 2422 2296 alioquin
2473 2223 2767 2282 beneficia
2812 2241 3023 2282 eorum
3053 2226 3182 2283 aliis
3211 2228 3315 2301 qui
3342 2228 3616 2286 serviant

1948 2309 2294 2367 conferendi
2323 2310 2494 2367 vobis
2516 2311 2771 2370 liberam
2794 2314 3182 2371 concedimus
3212 2317 3490 2390 praesenti
3520 2315 3610 2374 in·

1949 2398 2260 2470 dulgentia
2312 2399 2659 2459 facultatem
2698 2421 2710 2470 ;
2768 2407 3092 2460 statuentes
3146 2409 3210 2461 ut
3270 2404 3417 2462 nulli
3469 2422 3600 2464 om-

1947 2486 2112 2551 nino,
2144 2492 2258 2545 etc.
2283 2532 2295 2545 .
2318 2530 2331 2543 .

2024 2577 2236 2633 Datum
2267 2578 2533 2648 Veronae,
2559 2593 2615 2634 vt
2641 2578 2783 2635 Idus
2811 2579 3184 2636 Novembris.

2681 2707 2881 2764 CCXII.

1946 2809 2310 2869 Sententiam
2335 2811 2408 2869 de
2424 2812 2747 2879 praebenda
2762 2812 3015 2871 ecclesiae
3042 2814 3099 2869 S.
3137 2814 3437 2884 Exuperii
3464 2815 3606 2873 Gor-

2019 2882 2289 2940 boliensis
2313 2883 2389 2939 ab
2411 2883 2478 2949 1.‚
2533 2884 2792 2941 nondam
2805 2885 3075 2955 episcopo
3116 2886 3485 2952 carnotensi,
3513 2888 3605 2944 la·

2017 2958 2139 3011 tam
2170 2955 2325 3011 inter
2354 2968 2482 3012 eam
2528 2970 2617 3012 em
2648 2957 2956 3014 ecclesiam
2984 2964 3040 3013 et
3071 2959 3497 3015 monasterium
3530 2959 3598 3017 S.

1865 3026 1906 3083 C
2017 3026 2293 3096 Dionysii
2322 3027 2663 3095 confirmat.

2450 3115 2740 3187 (Veronoe,
2790 3118 2935 3173 Nov.
2986 3118 3095 3188 13.)

2018 3199 2322 3275 [Densum
2371 3201 2520 3259 Hist.
2553 3201 2626 3260 de
2664 3203 2733 3261 S.
2785 3203 3003 3276 Deum,
3073 3210 3112 3261 t.
3173 3208 3215 3271 l,
3265 3222 3327 3278 p.
3375 3206 3529 3280 5154

2016 3291 2212 3346 Lucius
2240 3290 2583 3363 episcopus,
2633 3307 2839 3348 servus
2870 3309 3180 3351 servorum
3207 3293 3331 3365 Dei,
3369 3294 3605 3354 dilectis

1941 3376 2080 3432 filiis
2099 3375 2302 3433 abbati
2325 3380 2382 3434 et
2412 3376 2728 3433 monachis
2753 3379 2908 3435 beati
2939 3380 3226 3453 Dionysii,
3256 3381 3512 3439 salutem
3545 3389 3603 3441 et

1940 3464 2334 3537 apostolicam
2359 3464 2861 3523 benedictionem.

2012 3556 2093 3611 Ea
2114 3570 2253 3626 quae
2273 3552 2505 3626 judicio
2533 3553 2624 3610 vel
2661 3555 3001 3612 rationabili
3032 3557 3360 3615 concordia
3390 3560 3599 3616 termi-

1939 3648 2163 3701 nantur
2185 3641 2362 3700 firma
2386 3642 2555 3700 decet
2579 3647 2637 3699 et
2683 3643 2914 3700 illibata
2941 3660 3205 3714 manere,
3232 3650 3290 3704 et
3313 3662 3388 3704 ne
3419 3645 3603 3706 alicu-

1935 3731 2032 3803 ius
2071 3730 2311 3789 valeant
2356 3731 2580 3789 malitia
2626 3733 2964 3805 perturbari
3000 3733 3203 3809 scripti
3229 3734 3450 3793 debent
3475 3752 3604 3795 me-

1937 3820 2144 3879 moriae
2171 3820 2609 3886 commendari,
2640 3821 3095 3896 apostolicoque
3127 3825 3410 3896 praesidio
3440 3841 3603 3883 com-

1938 3910 2180 3967 muniri.
2230 3911 2380 3966 Cum
2423 3913 2622 3966 autem
2669 3911 2820 3967 inter
2862 3912 3297 3969 monasterium
3330 3918 3601 3972 vestrum

1935 4002 1992 4056 et
2041 3997 2357 4055 ecclesiam
2405 3998 2601 4055 Sancti
2649 3997 2925 4071 Exuperii
2972 4000 3372 4058 corboliensis
3416 4017 3603 4077 super

1936 4086 2272 4157 integritate
2296 4085 2637 4158 praebendoe
2666 4087 2854 4158 ipsius
2879 4087 3144 4146 ecclesias
3167 4106 3354 4163 quam
3390 4106 3496 4150 vos
3518 4089 3601 4149 ad

1936 4176 2267 4248 prioratum
2311 4176 2504 4232 Beatae
2545 4174 2746 4232 Marioe
2792 4176 2869 4232 de
2915 4176 3157 4252 Campis
3198 4179 3490 4238 dicebatis
3523 4180 3602 4237 de

1931 4264 2065 4335 Jure
2108 4270 2395 4337 spectare,
2434 4265 2837 4323 controversia
2890 4272 3238 4336 verteretur,
3279 4269 3458 4327 bonoe
3480 4273 3606 4327 me·

172 4378 481 4445 omnibus,
534 4394 673 4452 quas
726 4381 1048 4454 requirent,
1082 4380 1330 4453 justitiae
1382 4397 1504 4439 non
1547 4382 1826 4443 differant
1858 4368 1905 4422 D
1937 4352 2141 4410 ¹¹¹⁰&oe
2162 4352 2477 4426 q⁰⁰⁰d⁸m
2505 4354 2890 4411 carnotensis
2917 4356 3262 4431 episwpus’
3294 4358 3393 4416 cni
3414 4373 3602 4416 ⁰³¹¹st

171 4466 608 4541 plenitudinem
641 4468 941 4527 exhibere.

244 4556 373 4613 Dat.
415 4558 683 4630 Verouae,
717 4573 755 4614 u
772 4560 923 4615 Non.
953 4558 1273 4617 Novembr.

916 4665 1093 4724 ccxl.

170 4770 500 4828 Conveniat·
524 4772 582 4827 8.
614 4771 865 4855 Βεηιίρίι·
890 4771 1189 4831 Remensis
1218 4778 1275 4830 et
1304 4773 1593 4858 decimam
1618 4777 1693 4835 de
1717 4779 1828 4835 Be-

417 4857 579 4900 senes
604 4849 660 4900 et
689 4845 1012 4915 privileqia
1039 4844 1311 4919 qaudam
1345 4852 1578 4904 assent.

706 4941 997 5013 (Veronae,
1040 4945 1185 4998 Nov.
1214 4942 1296 5013 8.)

250 5027 472 5102 [vanna
523 5031 812 5089 Archives
835 5031 1349 5090 administrativa
1373 5033 1446 5091 de
1476 5034 1693 5103 Reims,
1722 5039 1762 5093 t.
1782 5037 1826 5105 1,

708 5124 863 5194 part.
892 5138 928 5188 ι,
962 5133 1119 5193 page
1143 5120 1297 5191 4064

245 5225 447 5283 Lucius
477 5226 820 5300 episcopus,
860 5242 1071 5285 servus
1111 5242 1420 5286 servorum
1451 5228 1573 5295 Dei,
1603 5231 1829 5290 dilectis

173 5312 308 5369 filiis
336 5314 542 5372 abbati
571 5320 628 5373 et
656 5315 979 5373 conventui
1011 5317 1069 5374 S.
1097 5316 1347 5388 Remigii
1358 5357 1512 5378 .....

244 5402 461 5459 Vestris
499 5403 1007 5475 postulationibus
1062 5409 1238 5477 grato
1279 5412 1701 5467 concurrentes
1740 5425 1833 5468 as·

174 5506 383 5560 sensu,
430 5492 598 5566 quod
641 5492 706 5552 in
750 5493 992 5556 decima
1020 5493 1097 5554 de
1126 5496 1380 5554 Benene·
1396 5494 1559 5568 juste
1587 5503 1644 5556 et
1673 5500 1833 5574 paci-

1937 4441 2067 4513 ipsa
2100 4440 2293 4498 fuerat
2316 4441 2393 4498 de
2438 4442 2766 4516 apostolico
2795 4444 3083 4502 mandato
3128 4448 3482 4514 commissa,
3509 4447 3603 4505 in-

1936 4535 2024 4587 ter
2056 4545 2162 4586 vos
2193 4530 2387 4588 taliter
2416 4532 2621 4589 statuit
2645 4532 2707 4588 in
2736 4531 2808 4587 iis
2836 4535 2943 4606 qui
2972 4549 3081 4606 pro
3127 4539 3399 4607 tempore
3427 4535 3605 4595 fuerit

1935 4618 2101 4693 prior
2126 4619 2185 4675 in
2207 4620 2338 4691 jam
2361 4619 2518 4677 dicta
2563 4620 2811 4677 ecclesia
2843 4623 3073 4679 Sanctae
3100 4624 3299 4681 Mariae
3329 4624 3405 4681 de
3427 4626 3603 4683 Cam-

1938 4707 2032 4780 pis
2075 4709 2466 4781 praebendam
2502 4710 2702 4782 ipsam
2741 4726 2881 4766 cum
2912 4711 3250 4783 integritate
3283 4712 3599 4786 percipiat,

1938 4800 1995 4854 et
2039 4797 2336 4854 deserviat
2374 4814 2479 4869 per
2510 4798 2824 4857 vicarium.
2868 4802 2929 4857 tn
2960 4800 3175 4857 eadem
3204 4801 3461 4859 ecclesia
3495 4801 3605 4876 qui

1939 4883 2231 4956 maJorem
2275 4885 2522 4943 missam
2562 4886 2787 4943 ibidem
2816 4887 3053 4945 infesto
3080 4889 3279 4947 Sancti
3322 4883 3607 4963 Exuperii

1938 4971 2284 5039 celebrabit,
2329 4973 2423 5031 vel
2467 4975 2517 5030 si
2570 4974 2848 5033 maluerit
2885 4992 2995 5049 per
3024 4976 3211 5035 alium
3239 4977 3420 5036 faciet
3448 4977 3597 5036 cele·

1937 5061 2120 5118 brari.
2144 5063 2261 5119 Nos
2284 5062 2465 5134 igitur
2483 5062 2651 5137 quod
2675 5064 2998 5137 episcopus
3026 5066 3229 5123 statuit
3252 5081 3433 5139 super
3452 5081 3608 5139 pras*

1938 5148 2141 5206 benda
2194 5150 2347 5221 ipsa.
2379 5150 2529 5208 sicut
2557 5151 2989 5209 rationabiliter
3035 5152 3258 5210 factum
3310 5158 3402 5211 est
3449 5154 3600 5213 etin

1941 5236 2163 5312 scripto
2203 5238 2477 5312 eiusdem
2520 5239 2790 5313 episcopi
2826 5240 3062 5314 plenius
3106 5243 3465 5309 continetur,
3498 5257 3607 5301 au·

1939 5327 2209 5384 ctoritate
2269 5327 2600 5399 apostolica
2670 5329 3105 5388 confirmamus
3176 5336 3235 5388 et
3289 5331 3605 5405 praesentis

1942 5416 2142 5487 scripti
2158 5416 2494 5488 patrocinio
2509 5416 2979 5475 communimus.
3008 5419 3346 5477 statuentes
3372 5424 3437 5478 ut
3452 5419 3603 5478 nulli

1942 5507 2196 5564 omnino
2248 5504 2568 5566 hominum
2613 5505 2793 5568 liceat
2835 5508 2994 5567 hanc
3027 5510 3341 5584 paginam
3361 5516 3616 5575 :nonttff
