3784 6000
112 241 233 308 3¹17

1027 233 1235 300 msw.
1282 233 1566 317 RERUM
1606 236 2138 303 TRANSMARIN.
2183 274 2264 289 —
2303 244 2454 309 Lm.
2498 244 2634 308 vn.

3411 238 3531 301 3¹¹8

111 377 259 436 bere
292 375 663 450 dignitatem,
708 370 1134 431 constituentes
1170 369 1491 443 episcopos.
1535 370 1759 429 Nostris
1795 375 1852 443 Α
1879 376 2241 448 expeditione
2269 379 2576 437 dominum
2613 379 2963 439 podiensem
2992 377 3334 450 episcopum
3355 391 3526 434 secu-

86 483 257 525 ,νοω
285 466 610 524 Latinitatis
640 462 1060 537 patriarcham,
1083 477 1151 518 eo
1170 460 1398 518 vivente
1420 460 1522 534 qui
1545 462 1769 532 pridem

112 556 199 613 ibi
250 555 561 612 ordinatus
608 554 818 621 luerat,
864 549 1077 624 eligere
1126 548 1212 606 vel
1256 562 1599 607 consecrare
1649 566 1764 607 non

110 646 641 717 presumpserunt,
674 656 747 699 ne
773 641 890 698 duo
923 655 1107 698 unum
1130 643 1189 696 et
1206 639 1480 697 eumdem
1502 639 1767 698 obtinere

111 735 395 792 thronum
423 733 799 791 viderentur:
830 731 986 804 quod
1017 730 1326 788 manifeste
1344 735 1547 788 contra
1568 747 1765 789 sacros

111 840 372 882 canones
390 831 447 881 et
464 827 669 880 contra
686 826 1022 879 sanctorum
1044 820 1359 878 constituta
1377 821 1619 878 Petrum
1635 836 1766 880 esse

107 914 495 986 dignoscitur.
542 912 657 969 Sed
700 913 900 967 tamen
946 911 1320 982 postmodum
1379 910 1475 967 vix
1532 910 1765 968 evoluto

106 1005 372 1074 biennio,
392 1003 599 1061 videns
620 1003 747 1075 ipse
762 1002 917 1074 quod
938 1017 1057 1058 non
1079 1000 1223 1058 satis
1240 1001 1462 1058 utiliter
1482 1006 1763 1073 praeesset

111 1096 350 1154 Graecus
362 1094 609 1164 Latinis,
626 1095 765 1152 urbe
776 1095 1010 1163 cedens,
1021 1091 1581 1164 Constantinopolim
1596 1091 1762 1149 abiit.

111 1189 257 1242 Post
302 1186 478 1258 cujus
515 1185 837 1243 discessum
867 1182 1279 1242 convenientes
1307 1181 1574 1253 eiusdem
1622 1181 1765 1238 civi-

111 1276 251 1333 tatis
270 1274 469 1333 clerus
480 1280 540 1333 et
563 1272 831 1347 populus,
846 1271 1240 1331 Artasiensem
1264 1271 1606 1344 episcopum
1628 1272 1762 1330 Ber-

110 1366 365 1425 nardum
384 1366 643 1434 nomine,
666 1367 903 1423 natione
916 1363 1314 1433 Valentinum,
1338 1362 1443 1437 qui
1469 1362 1533 1420 in
1552 1364 1757 1422 eadem

1876 469 1996 534 tus,
2028 468 2217 525 fuerat
2244 470 2581 541 capellanus
2621 472 2771 544 ejus,
2812 468 2927 528 sibi
2967 468 3366 541 praeiecerunt,
3417 481 3519 538 pa-

1873 556 2229 630 triarcham„
2260 558 2428 616 Urbis
2469 564 2661 617 autem
2700 562 3050 632 potestatem
3097 559 3157 614 et
3199 554 3529 613 dominium

1874 644 2049 702 sicuti
2069 646 2141 703 ab
2164 647 2327 705 initio
2350 650 2759 721 promiserant,
2786 664 2945 706 omes
2966 646 3327 704 unanimiter
3345 644 3534 703 domi·

1877 751 1952 791 no
1999 735 2341 795 Boamundo
2379 743 2808 808 concesserunt,
2856 740 3096 810 excepto
3127 742 3319 793 comte
3348 732 3522 792 Tolo-

1876 840 2042 895 sano,
2072 826 2171 898 qui
2193 836 2414 899 portam
2447 830 2608 901 ponti
2640 829 3063 886 conterminam
3087 842 3221 883 curn
3246 824 3522 896 adjacen-

1874 913 2034 970 tibus
2051 915 2342 984 turribus,
2360 916 2483 973 suis
2504 917 2789 973 munitam
2807 914 3170 973 satellitibus
3185 911 3517 969 detinebat:

1872 1017 2022 1074 quas
2049 1007 2423 1075 postmodum
2455 1010 2587 1078 post
2615 1007 2940 1063 discessum
2967 1003 3199 1061 comitis
3248 1018 3317 1058 ex
3348 1001 3514 1069 urbe,

1872 1094 2074 1164 eiectis
2087 1094 2223 1151 inde
2241 1096 2539 1166 militibus,
2553 1096 2725 1153 sicuti
2739 1097 2982 1153 interius
3016 1094 3266 1161 dicetur,
3282 1092 3519 1165 reecpit.

1870 1184 2159 1250 Quoniam
2188 1188 2382 1242 autem
2412 1187 2565 1258 apud
2597 1202 2730 1243 suos
2759 1184 2996 1243 nomine
3025 1182 3329 1256 dignitatis
3357 1180 3514 1253 prin·

1871 1289 2008 1346 ceps
2039 1274 2230 1332 dictus
2259 1276 2469 1345 suerat,
2509 1275 2760 1333 obtinuit
2788 1273 3167 1340 consuetudo,
3194 1276 3262 1329 ut
3302 1272 3376 1329 de
3405 1286 3524 1329 on-

1873 1366 1995 1421 tero
2023 1362 2342 1422 Antiocbioe
2373 1364 2672 1434 dominus,
2701 1363 2976 1438 princeps
3010 1360 3355 1435 appelletur.

1078 1742 1487 1832 INCIPIT
1554 1741 1892 1835 LIBER
1969 1742 2558 1833 SEPTIMUS.

652 2074 885 2133 CAPUT
925 2073 1231 2133 PRIMUM.

112 2186 450 2259 Diriquntnr
486 2182 681 2240 nuntii
716 2182 787 2239 ad
819 2183 1210 2252 imperatorem
1243 2182 1395 2253 Huqo
1447 2180 1670 2250 neonus
1710 2185 1763 2237 et

180 2272 363 2316 comes
395 2260 839 2320 Heumscorumr
866 2253 1175 2310 Baldut‘nus
1201 2268 1376 2309 comes
1404 2255 1465 2307 in
1492 2255 1595 2310 via
1622 2252 1764 2322 dese·

186 2333 303 2394 cit:
330 2331 485 2398 Ηιιοο
514 2331 758 2398 udonus
788 2341 900 2383 non
946 2328 1260 2382 revertitur.
1306 2323 1598 2382 Podt‘ensis
1643 2327 1762 2397 epi·

182 2416 384 2475 scopus
412 2400 682 2461 moritur:
710 2399 825 2455 ιω
853 2404 1053 2454 oritur.

182 2508 389 2567 Rebus
414 2505 595 2581 igitur
619 2504 683 2563 in
713 2504 858 2562 urbe
886 2505 972 2561 sic
1013 2503 1337 2576 dispositis,
1368 2503 1441 2560 de
1469 2501 1765 2560 communi

112 2601 442 2658 decernunt
474 2595 742 2667 consilio,
783 2599 850 2652 ut
877 2594 1180 2652 dominum
1221 2592 1763 2666 Constantinopoli-

114 2696 322 2747 tannm
350 2687 768 2760 imperatorem
816 2698 920 2757 per
958 2683 1200 2741 nuntios
1241 2700 1380 2741 suos
1422 2683 1762 2754 sollicitent,

114 2782 416 2853 quatenus
438 2776 612 2849 juxta
642 2778 811 2848 pacta
841 2790 969 2847 quo
991 2788 1126 2830 cum
1148 2773 1231 2829 eis
1246 2773 1474 2844 inierat,
1496 2774 1579 2831 eis
1600 2773 1766 2831 auxi-

119 2868 265 2926 lium
294 2867 361 2923 in
400 2865 640 2940 propria
682 2879 934 2937 persona
972 2879 1089 2921 non
1126 2863 1355 2920 differat
1393 2862 1763 2932 ministrare;

116 2960 213 3017 ssd
243 2956 690 3032 proficiscentes
721 2953 1211 3025 Hierosolymam,
1259 2952 1410 3011 sicut
1456 2953 1767 3011 tenebatur

114 3068 181 3109 ex
210 3048 531 3123 promisso,
560 3051 791 3104 mature
820 3045 1243 3119 subsequatur;
1274 3045 1532 3118 alioquin
1567 3049 1766 3117 pacto-

116 3155 245 3196 rum
278 3138 495 3196 seriem
542 3134 881 3208 negligenti,
918 3133 1030 3206 ipsi
1069 3133 1406 3191 nullatenus
1452 3132 1665 3191 vellent
1703 3151 1765 3191 se

114 3225 412 3299 obligatos
440 3223 648 3281 teneri.
693 3220 874 3279 Electi
906 3224 1102 3278 autem
1134 3225 1275 3277 sunt
1302 3221 1374 3277 ad
1406 3221 1461 3277 iri
1507 3220 1766 3279 muneris

116 3312 595 3387 prosequendum
628 3310 736 3368 viri
773 3310 1001 3368 nobiles
1031 3315 1088 3367 ot
1115 3309 1450 3378 clarissimi,
1488 3310 1767 3368 dominus

1792 2080 1839 2144 Β
1868 2074 2020 2146 quod
2051 2072 2124 2130 de
2154 2072 2368 2147 populo
2399 2075 2722 2146 supererat,
2744 2071 2869 2144 jam
2900 2070 3071 2144 quasi
3102 2071 3338 2143 penitus
3359 2069 3514 2128 dele-

1871 2168 2050 2221 retur.
2101 2165 2227 2230 Qua
2273 2162 2369 2220 lue
2426 2162 2700 2236 pestifera
2756 2168 2811 2220 et
2857 2163 3216 2236 contagione,
3268 2163 3512 2218 cunctos

1871 2253 2043 2326 longe
2071 2253 2305 2327 lateque
2332 2252 2731 2311 indifferenter
2759 2252 3108 2323 involvente,
3140 2251 3230 2309 vir
3257 2250 3386 2307 vitae
3407 2266 3517 2309 ve-

1872 2342 2155 2400 nerabilis
2185 2348 2244 2401 et
2263 2343 2611 2401 immortalis
2632 2341 2948 2411 memorias,
2969 2341 3246 2398 dominus
3265 2339 3517 2399 Adema-

1871 2449 1972 2490 rus
1999 2432 2301 2490 Podiensis
2339 2432 2648 2505 episcopus
2677 2432 2833 2488 viam
2864 2430 3151 2487 universa
3188 2428 3383 2486 carnis
3422 2428 3520 2486 in-

1870 2538 2111 2597 gressus
2132 2525 2243 2589 est,
2265 2528 2439 2593 atque
2450 2538 2585 2581 oum
2602 2521 2829 2594 gemitu
2853 2525 2911 2576 et
2928 2519 3201 2592 lacrymis
3219 2523 3277 2574 et
3292 2517 3519 2575 intimis

1871 2611 2135 2669 omnium
2185 2611 2477 2683 suspiriis,
2529 2614 2815 2683 tanquam
2867 2615 3033 2683 pater
3076 2612 3137 2665 et
3192 2606 3520 2681 precipuus

1873 2700 2060 2772 plebis
2089 2701 2371 2759 universa
2406 2701 2757 2769 moderator,
2787 2699 2848 2758 in
2878 2698 3123 2757 basilica
3152 2699 3309 2757 beati
3339 2698 3514 2768 Petri,

1869 2790 1931 2848 in
1961 2807 2029 2848 ec
2061 2791 2185 2849 loco
2216 2791 2318 2848 ubi
2350 2790 2552 2848 lancea
2581 2791 2812 2848 Domini
2861 2795 3090 2862 reperta
3130 2789 3316 2847 ruisse
3355 2788 3518 2847 dice·

1873 2881 2062 2944 batur.
2094 2897 2229 2938 cum
2254 2882 2436 2938 multa
2453 2880 2727 2953 sepultus
2745 2884 2835 2936 est
2857 2878 3323 2937 honoriticentia.
3348 2879 3520 2951 Eius-

1872 2972 2008 3029 dem
2037 2969 2219 3028 cladis
2250 2969 2560 3029 acerbitate
2603 2968 2888 3028 Henricus
2935 2969 3006 3026 de
3057 2968 3272 3039 Ascba,
3321 2966 3409 3026 vir
3456 2970 3518 3027 et

1871 3059 2105 3135 generis
2133 3059 2304 3118 titulo
2333 3063 2390 3117 et
2417 3060 2761 3118 strenuitate
2810 3057 3314 3125 commendabilis,
3362 3056 3520 3131 apud

1872 3154 2136 3208 castrum
2172 3150 2481 3208 Turbessel
2520 3152 2910 3220 consumptus
2947 3151 3059 3220 est,
3093 3148 3289 3220 ibique
3317 3146 3518 3218 sepul·

1870 3245 1986 3298 tus.
2019 3240 2135 3298 Sed
2161 3245 2219 3299 et
2247 3240 2573 3298 Rainardus
2601 3240 2673 3296 de
2701 3237 3054 3305 Amesbacb,
3088 3236 3258 3295 miles
3303 3235 3519 3309 pariter

1872 3334 1928 3386 et
1957 3344 2134 3386 manu
2164 3333 2225 3387 et
2261 3329 2541 3401 sanguine
2569 3327 2949 3395 clarissimus,
2999 3327 3205 3384 eodem
3245 3325 3519 3382 occubuit

112 3403 387 3462 ’ίᾶθιὶωῐ
402 3401 570 3475 3080
590 3401 858 3472 ”Quum
879 3399 1100 3458 domini
1124 3400 1164 3457 P
1173 3399 1376 3473 bffiPDi
1405 3400 1762 3458 Fffl¹²⁰⁰f⁰m
1874 3433 2072 3488 casus,
2102 3418 2371 3489 sepultus
2400 3417 2460 3474 in
2490 3415 2772 3474 vestibulo
2795 3416 3050 3474 basilicis
3080 3414 3367 3486 Principis
3384 3429 3519 3488 apo·

115 3494 265 3565 ¹²⁰ssss
291 3492 495 3561 “⁸2⁰¹'’
524 3494 582 3549 ⁰²
633 3490 904 3547 d⁰¹¹¹i¹¹¹¹⁸
941 3488 1262 3546 Baldfflml'
1298 3488 1766 3546 3⁰⁰m⁸¹¹⁰⁰¹⁸¹¹m
1799 3470 1844 3539 c
1876 3504 2182 3565 stolorum.
2215 3508 2395 3564 Sexus
2425 3522 2660 3579 quoque
2694 3505 2981 3563 leminsus
3010 3504 3090 3561 ibi
3109 3520 3263 3578 pene
3293 3504 3522 3561 univer-

112 3596 342 3639 comes:
376 3595 628 3654 quorum
660 3578 808 3637 alter
844 3578 1206 3636 irruentibus
1238 3579 1299 3635 in
1330 3580 1537 3637 itinere
1575 3578 1762 3636 bosti-

116 3672 255 3740 bus,
305 3685 644 3743 comparere
674 3668 867 3739 desiit,
898 3669 1072 3740 cujus
1110 3685 1296 3740 usque
1331 3668 1503 3726 bodie
1547 3667 1762 3726 dubius

112 3770 201 3819 est
226 3761 453 3830 exitus,
496 3758 627 3816 aliis
663 3758 992 3817 dicentibus
1031 3774 1169 3815 eum
1200 3758 1261 3815 in
1297 3760 1419 3817 acie
1457 3757 1761 3830 cecidisse,

116 3850 254 3909 aliis
283 3849 359 3907 ab
390 3848 662 3907 hostibus
690 3851 928 3919 captum
958 3851 1017 3904 et
1054 3847 1450 3921 mancipatum
1489 3847 1761 3919 vinculis,

113 3940 171 3997 in
228 3938 519 3997 ulteriora
565 3938 886 3996 deductum
934 3937 1211 4006 Orientis,
1273 3938 1758 3994 asseverantibus.

114 4028 409 4088 Dominus
433 4042 574 4088 vero
613 4031 776 4102 Engo
821 4027 1066 4100 Magnus
1114 4026 1466 4084 irruentium
1514 4025 1760 4083 insidias

117 4116 423 4178 destinans
449 4116 729 4188 hostium,
761 4116 835 4174 ad
861 4115 1274 4189 imperatorem
1305 4116 1566 4189 pervenit
1591 4114 1762 4173 inco-

108 4207 313 4277 lumis,
338 4205 444 4265 ubi
499 4206 828 4281 insignibus
866 4208 1047 4279 gestis
1083 4208 1213 4277 ejus
1252 4204 1493 4263 multam
1542 4204 1758 4262 nubem

110 4297 361 4369 induxit,
397 4301 461 4356 et
486 4296 658 4355 titulo
703 4295 937 4370 generis
961 4296 1264 4370 derogavit
1292 4312 1409 4353 non
1440 4294 1756 4353 modicum·

109 4386 259 4446 Nam
296 4401 439 4446 cum
468 4386 533 4445 in
572 4385 935 4460 expeditione
973 4384 1159 4442 multa
1187 4385 1468 4458 gessisset
1506 4384 1758 4457 egregie,

111 4477 267 4535 unde
285 4476 405 4536 sibi
425 4476 646 4534 famam
671 4478 975 4549 pepererat
992 4474 1414 4542 immortalem,
1437 4473 1498 4530 in
1523 4488 1592 4530 ea
1610 4472 1761 4545 lega-

110 4567 273 4624 tione
296 4566 579 4626 meritum
607 4565 952 4639 denigravit,
982 4566 1121 4623 dum
1153 4564 1378 4637 expleto
1399 4563 1653 4637 negotio,
1684 4563 1758 4621 ad

122 4673 223 4716 sos
262 4657 373 4731 qni
416 4673 555 4716 eum
606 4656 888 4715 miserant
932 4672 1041 4714 nec
1086 4673 1363 4728 responsa
1391 4654 1619 4727 detulit,
1649 4671 1756 4714 nec

112 4747 335 4804 curavit
364 4745 578 4804 redire.
608 4745 862 4819 Fuitque
906 4746 968 4803 in
998 4762 1066 4804 eo
1095 4744 1376 4804 delictum
1419 4745 1551 4817 boc,
1593 4749 1759 4803 tanto

1870 3614 1975 3654 sus
1991 3597 2197 3654 eadem
2221 3597 2317 3654 lue
2336 3595 2604 3667 deperiit,
2628 3596 2705 3652 ita
2725 3600 2789 3651 ut
2810 3594 2963 3651 infra
2985 3610 3200 3666 paucos
3223 3593 3346 3651 dies
3367 3607 3517 3664 pene

1866 3688 2295 3761 quinquaginta
2338 3683 2529 3742 millia
2563 3684 2896 3742 deficerent.
2938 3681 3123 3754 Cuius
3162 3682 3307 3740 tanti
3356 3681 3518 3748 mali,

1871 3776 2110 3849 quidam
2158 3776 2314 3832 circa
2357 3775 2467 3832 hoo
2524 3773 2764 3840 curiosi,
2812 3788 3019 3830 causas
3061 3770 3363 3843 assignare
3409 3786 3517 3826 cu·

1869 3868 2114 3939 pientes,
2145 3863 2566 3921 dissentiebant
2594 3863 2666 3919 ab
2697 3862 2973 3930 invicem;
3010 3858 3344 3917 dicentibus
3378 3857 3515 3916 aliis

1868 3955 2023 4027 quod
2056 3968 2124 4010 ex
2152 3952 2393 4010 occultis
2422 3951 2777 4023 quibusdam
2816 3950 2966 4006 aeris
2997 3947 3370 4022 passionibus
3401 3947 3512 4005 boc

1868 4044 2186 4111 accideret3
2219 4042 2349 4100 aliis
2390 4058 2527 4100 vero
2565 4040 2624 4099 id
2674 4057 2778 4114 pro
2825 4056 3001 4098 causa
3048 4038 3511 4112 assignantibus,

1869 4132 2023 4206 quod
2055 4130 2308 4205 populus
2334 4130 2509 4203 longo
2537 4134 2798 4201 tempore
2828 4127 2997 4186 tamis
3019 4127 3337 4185 acerbitate
3355 4143 3523 4184 vexa-

1868 4225 1986 4289 tus,
2017 4226 2325 4294 postquam
2363 4219 2783 4277 alimentorum
2821 4218 3018 4291 attigit
3054 4215 3504 4285 abundantiam,

1866 4311 2030 4368 cibos
2074 4326 2208 4367 cum
2253 4310 2522 4367 aviditate
2569 4325 2813 4366 sumens
2843 4308 3050 4374 nimia,
3074 4305 3393 4379 preteritos
3413 4305 3519 4363 de-

1864 4401 2052 4459 fectus
2081 4416 2352 4474 quoerens
2380 4400 2688 4470 redimere,
2719 4398 2834 4456 sibi
2872 4398 2987 4470 ipsi
3033 4411 3269 4453 causam
3302 4393 3508 4453 mortis

1864 4491 2252 4550 immoderata
2291 4490 2600 4565 gulositate
2645 4487 2956 4547 interebat.
3006 4486 3190 4558 quue
3237 4501 3342 4558 pro
3389 4497 3508 4540 sno

1864 4579 2157 4653 opinionis
2185 4580 2508 4637 assertione
2527 4578 2590 4635 in
2618 4577 2854 4636 evidens
2886 4574 3516 4646 trabebantargumen-

1864 4674 2016 4742 tum,
2045 4671 2203 4744 quod
2233 4669 2447 4728 sobriis
2475 4673 2536 4727 et
2562 4668 2638 4726 iis
2661 4668 2762 4740 qui
2807 4665 2920 4724 sibi
2970 4679 3144 4737 parce
3190 4661 3509 4721 sumebant

1866 4759 2168 4828 alimenta,
2202 4759 2385 4819 multo
2413 4758 2626 4818 melius
2655 4760 2798 4827 erat,
2830 4758 2889 4814 et
2907 4751 3177 4812 redibant
3199 4751 3271 4809 ad
3293 4764 3512 4809 conva-

113 4833 457 4904 notabilius,
476 4839 701 4908 quanto
723 4836 850 4910 ipse
869 4850 1081 4909 genere
1101 4839 1226 4895 erat
1242 4834 1597 4910 praeclarior:
1620 4851 1759 4895 nam
1790 4820 1836 4886 D
1865 4848 2209 4908 lesmntiam
2224 4890 2239 4908 ,

108 4923 273 4994 juxta
297 4924 549 4982 verbum
572 4925 759 4985 nostri
784 4923 1119 4985 Iuvenalis:

178 5030 351 5089 Onne
378 5033 562 5089 ssimi
588 5034 792 5090 vitiam
818 5037 969 5091 tanto
997 5035 1341 5105 conspectius
1372 5034 1431 5090 ἰη
1448 5049 1509 5091 se

176 5103 401 5162 crimes
432 5104 623 5176 boba,
652 5114 861 5179 quanto
881 5107 983 5179 qai
1008 5113 1193 5179 uocat
1222 5107 1402 5179 major
1430 5106 1681 5164 habetur.

178 5208 471 5268 suscitata
500 5217 588 5269 est
632 5212 849 5285 itaque,
883 5229 952 5271 ex
998 5213 1196 5270 causis
1242 5211 1509 5282 occultis,
1554 5210 1754 5269 statim

116 5297 255 5354 urbe
280 5302 447 5374 capta
474 5303 536 5359 et
562 5306 978 5359 consummata
1014 5301 1277 5368 victoria,
1309 5305 1624 5374 postquam
1662 5315 1755 5357 res

116 5385 227 5458 ism
256 5393 425 5448 srsnt
452 5390 514 5447 in
544 5391 867 5464 tranquillo
910 5390 1222 5461 collocatas,
1252 5395 1418 5447 tanta
1455 5389 1654 5448 clades
1691 5390 1753 5448 in

14 5547 21 5560 ι
120 5477 341 5552 pop-lo,
374 5484 439 5539 ut
462 5479 559 5537 vis
608 5479 810 5553 aliqua
848 5482 1169 5553 preteriret
1205 5480 1353 5551 dies,
1384 5479 1449 5540 in
1486 5494 1603 5553 qus
1640 5478 1757 5537 tri-

120 5567 274 5638 nata
314 5567 407 5627 vel
449 5568 841 5645 quadraginta
868 5587 987 5630 non
1023 5571 1371 5631 efferrentur
1396 5570 1639 5643 (οισι-ας
1666 5570 1755 5632 its

2532 4954 2762 5012 CAPUT
2803 4954 2875 5010 II.

1870 5048 2215 5119 Vociferatur
2257 5046 2488 5119 populus
2523 5049 2584 5101 ut
2625 5042 3058 5114 Hierosolymam
3084 5045 3287 5109 eatur,-
3326 5040 3514 5114 differ·

1937 5127 2033 5176 ειη·
2058 5120 2173 5174 iter
2227 5133 2395 5190 nsque
2421 5116 2493 5173 ad
2538 5118 2665 5173 Kal.
2717 5114 2984 5172 Octobris.
3036 5112 3406 5171 Boamsmtus
3451 5115 3509 5168 in

1937 5192 2195 5250 Ciliciam
2220 5189 2515 5255 descendit,
2547 5194 2598 5245 et
2627 5190 2908 5260 teotonem
2937 5187 3140 5259 recepit
3169 5187 3507 5242 uniuersam.

1939 5301 2161 5355 interea
2189 5314 2320 5356 vero
2365 5300 2491 5352 tum
2520 5294 2704 5353 cladis
2732 5293 3074 5364 effugiendo
3120 5290 3339 5363 gratia,
3387 5297 3514 5348 tum

1863 5392 2182 5461 assumptae
2225 5385 2710 5460 peregrinationis
2745 5383 2965 5440 intuitu
3011 5382 3183 5455 coepit
3213 5379 3515 5438 vociferari

1865 5478 2137 5553 populus,
2170 5481 2228 5535 et
2265 5476 2554 5534 instanter
2579 5472 2922 5544 acclamare,
2961 5475 3026 5529 ut
3062 5471 3137 5530 ad
3169 5470 3281 5528 iter
3305 5485 3506 5528 versus

1862 5568 2348 5642 Hierosolymam,
2375 5566 2549 5641 cujus
2573 5580 2756 5626 causa
2782 5566 3063 5624 venerant
3092 5560 3312 5623 iterum
3341 5558 3507 5634 prin-
