3784 6000
282 160 424 219 1¹27

280 301 459 361 posse
487 283 759 360 pluribus
786 282 999 341 merito
1020 283 1352 351 videantur,
1384 282 1583 355 ipsum
1613 297 1932 340 numerum

280 386 529 443 minime
557 381 1009 449 transcendatis,
1041 385 1150 439 etc.

351 475 567 533 Datum
596 472 892 540 Laterani,
922 488 976 527 vi
1001 471 1141 527 ldus
1160 469 1364 527 Martii.

278 635 380 693 Ad
403 635 700 707 episcopos
728 638 782 689 el
809 632 1054 689 clericos
1088 632 1324 688 Scoliae.
1360 661 1425 671 —
1450 631 1536 687 De
1569 629 1935 689 absolutione

745 702 1045 769 willelmi,
1079 717 1236 773 reqts
1265 701 1488 758 Scotiae.

803 774 1078 847 (velletri,
1106 777 1266 832 Mart.
1305 778 1364 829 17

675 845 897 920 [Mai-isi,
928 845 1174 912 Cone-il„
1198 846 1353 911 ΧΧΙΙ,

350 937 552 994 Lucius
582 936 924 1008 episcopus,
950 949 1159 991 servus
1188 949 1498 991 servorum
1532 934 1650 1001 Dei,
1686 934 1936 991 'venera-

279 1025 504 1084 bilibus
521 1025 818 1091 lratribus,
835 1025 1161 1098 episcopis,
1178 1022 1522 1089 abbatibus,
1549 1022 1706 1080 clero
1733 1030 1790 1081 et
1831 1038 1940 1095 po·

284 1115 428 1191 pulo
439 1131 545 1189 per
560 1114 822 1172 Scotiam
841 1115 1184 1184 constituto,
1198 1112 1454 1170 salutem
1471 1119 1527 1169 et
1540 1112 1937 1185 apostolicam

281 1204 793 1263 benedictionem.

353 1296 499 1352 Cum
522 1293 763 1365 regibus
789 1297 1077 1365 tanquam
1098 1291 1579 1364 praecellentibus
1605 1291 1935 1365 Apostolus

282 1381 1290 1453 statuerintdeferendum,dignum
1313 1386 1403 1439 est
1420 1390 1829 1440 etconsonum
1846 1397 1938 1439 ra-

280 1471 454 1540 tioni,
475 1478 537 1529 ut
554 1487 656 1528 eos
685 1476 974 1544 tanquam
996 1470 1150 1527 tilios
1166 1470 1559 1528 charissimos
1580 1472 1938 1545 propensius

275 1561 669 1627 honoremus,
715 1567 773 1615 et
800 1560 861 1616 in
895 1561 1215 1617 devotione
1249 1560 1409 1616 beati
1448 1561 1596 1617 Petri
1646 1564 1704 1617 et
1733 1576 1940 1617 sacro-

1375 772 1536 918 '2744

280 1656 505 1709 sanctae
524 1652 805 1706 Romanas
831 1647 1123 1714 Ecclesiae,
1158 1649 1485 1706 annuendo
1501 1648 1677 1720 justis
1698 1648 1938 1706 illorum
1971 1665 2016 1721 Β

275 1737 1392 1810 desideriis,attendamus.Accepimus
1405 1755 1481 1795 au
1491 1744 1607 1795 tem
1619 1738 1785 1811 quod
1800 1754 1940 1795 cum

278 1829 672 1889 charissimus
699 1827 761 1883 in
789 1826 1023 1884 Christo
1068 1826 1224 1882 tilius
1262 1834 1462 1884 noster
1492 1827 1849 1899 willermus,
1880 1827 1946 1884 il-

279 1919 480 1979 lustris
503 1934 607 1975 rex
634 1917 971 1983 Scotorum,
1002 1915 1273 1973 electioni
1300 1924 1356 1973 et
1382 1917 1823 1975 consecrationi
1848 1933 1946 1975 ve·

277 2007 566 2067 nerabilis
600 2006 796 2064 fratris
816 2008 1003 2063 nostri
1036 2007 1286 2063 loannis
1307 2007 1575 2080 episcopi
1603 2006 1950 2064 inexorabi-

282 2099 417 2157 liter
459 2096 746 2163 obviaret,
778 2095 1026 2153 obtentu
1064 2094 1398 2152 litterarum
1426 2102 1647 2153 sanctae
1669 2097 1946 2154 recorda.

278 2188 426 2247 tioni
448 2186 766 2244 Alexandri
793 2201 989 2259 papas,
1012 2185 1475 2258 praedecessoris
1497 2187 1736 2253 nostris,
1761 2186 1941 2244 bonae

275 2279 583 2337 memoriae
607 2278 873 2347 Roget-us
908 2274 1300 2331 Eboracensis
1341 2275 1851 2349 archiepiscopus,
1887 2281 1944 2333 et

266 2368 395 2442 jam
409 2365 959 2440 episcopusdictus,
981 2363 1040 2419 in
1061 2379 1199 2419 eum
1215 2370 1268 2419 et
1293 2379 1547 2434 reguum
1560 2372 1615 2420 et
1637 2365 1939 2438 quosdam

276 2457 353 2514 de
368 2472 556 2528 regno
572 2471 675 2511 sen
687 2454 929 2511 tentiam
946 2454 1578 2510 excommunicationis
1597 2469 1768 2526 prom
1778 2454 1945 2524 ulga-

275 2552 435 2604 runt.
468 2548 755 2602 Caeterum
790 2541 1142 2599 venerabilis
1172 2542 1350 2598 frater
1377 2550 1578 2599 noster
1608 2544 1941 2628 locelinus,

275 2634 651 2693 Glascuensis
692 2632 1025 2705 episcopus,
1067 2639 1124 2687 et
1153 2631 1347 2688 dilecti
1387 2631 1488 2687 filii
1534 2631 1831 2688 Arualdus
1868 2631 1944 2688 de

276 2723 482 2783 Meiros
496 2730 551 2780 et
573 2723 864 2780 osbertus
891 2719 1251 2777 Kalkoensis
1275 2720 1628 2794 [Kairensis]
1657 2722 1940 2790 abbates,

276 2821 333 2873 et
352 2813 665 2879 Walter-us,
693 2812 856 2884 prior
875 2812 1110 2866 Sanctae
1126 2810 1430 2866 Columbae
1458 2812 1531 2866 de
1556 2810 1776 2878 insula,
1805 2827 1946 2883 pro-

276 2909 409 2979 pter
422 2904 537 2960 hoc
552 2903 627 2959 ad
658 2902 863 2957 sedem
886 2898 1282 2971 apostolicam
1311 2898 1685 2970 accedentes,
1710 2916 1819 2957 sua
1838 2916 1944 2957 no·

1702 156 1891 215 Lucu
1937 154 2014 214 111
2055 154 2267 212 PAPAE

3562 171 3708 234 1¹28

2046 280 2186 338 tiliis
2197 281 2402 340 abbati
2420 284 2764 342 monasterii
2778 284 2854 343 de
2865 286 3144 348 Bellelaia
3155 292 3406 367 ejusque
3421 296 3706 365 fratribus

2047 377 2167 428 tam
2210 372 2603 443 praesentibus
2643 391 2831 448 quam
2862 375 3097 447 futuris,
3131 383 3470 455 regularem
3518 393 3706 453 vitam

2045 460 2328 534 professis
2353 460 2412 517 in
2441 469 2819 536 perpetuum.

2116 549 2473 622 Religiosam
2493 552 2680 609 vitam
2697 552 3052 626 eligentibus
3068 562 3468 632 apostolicum
3488 585 3706 629 conve-

2043 638 2350 697 nitadesse
2369 641 2737 712 praesidium,
2763 659 2836 703 ne
2853 644 3002 703 forte
3019 650 3333 720 cujuslibet
3351 660 3703 718 temeritatis

2043 727 2322 785 incursus
2355 734 2455 786 aut
2493 745 2597 787 eos
2636 747 2672 789 a
2717 737 3038 806 praeposito
3069 746 3322 810 revocet,
3370 751 3477 804 aut
3514 748 3705 807 robur

2046 817 2235 890 (quod
2248 819 2398 876 absit
2412 819 2452 890 l)
2468 835 2652 878 sacrae
2670 822 2970 895 religionis
2989 825 3704 911 infringat.Quapropter,

2045 905 2243 963 dilecti
2260 906 2321 963 in
2341 907 2596 964 Domino
2625 908 2748 977 filii,
2772 912 2978 968 vestris
2989 914 3166 985 justis
3197 921 3710 991 postulationibus

2046 994 2367 1052 clementer
2382 999 2791 1064 annuimus,et
2807 1000 3113 1073 praefatam
3145 1006 3460 1070 ecclesiam
3487 1013 3565 1072 de
3586 1016 3712 1074 Bel·

2045 1082 2240 1150 lelaia,
2277 1085 2337 1141 in
2362 1102 2485 1159 qua
2512 1087 2713 1144 divino
2742 1092 3068 1165 mancipati
3095 1097 3239 1151 estis
3269 1098 3597 1177 obsequio,
3629 1104 3704 1164 ad

2046 1173 2343 1245 exemplar
2353 1174 2864 1247 praedecessorum
2880 1188 3219 1241 nostrorum
3237 1185 3422 1247 felicis
3436 1196 3714 1253 recorda-

2048 1255 2556 1320 tionisln'nocentii
2569 1271 2625 1321 et
2640 1268 3311 1337 Eugenii,Romanorum
3327 1282 3711 1352 pontificum,

2049 1352 2162 1408 sub
2181 1352 2338 1408 beati
2360 1352 2510 1410 Petri
2536 1360 2594 1411 et
2621 1362 2830 1414 nostra
2855 1362 3219 1431 protectione
3251 1368 3628 1443 suscipimus
3657 1380 3712 1433 et

2049 1441 2362 1514 praesentis
2380 1443 2901 1518 scriptiprivilegio
2913 1455 3382 1525 communimus,
3404 1459 3708 1534 imprimis

2049 1530 2348 1603 siquidem
2369 1538 2695 1590 statuentes
2723 1539 2785 1591 ut
2804 1538 2954 1594 ordo
2977 1543 3325 1613 canonicus,
3352 1549 3459 1620 qui
3501 1565 3712 1609 secun·

2049 1617 2195 1675 dum
2222 1621 2407 1676 Deum
2439 1626 2497 1677 et
2519 1621 2681 1679 Beati
2708 1625 3021 1696 Augustini
3055 1631 3364 1703 Regulam,
3406 1642 3597 1712 atque
3627 1640 3712 1697 in·

2052 1709 2371 1767 stitutionis
2397 1709 2986 1772 Praemonstratensis
3020 1717 3363 1791 formulam,
3393 1725 3454 1782 in
3497 1728 3710 1787 eadem

2053 1799 2301 1857 ecclesia
2321 1798 2625 1857 institutus
2639 1816 2770 1859 esse
2783 1804 3486 1885 dignoscitur,perpetuis
3499 1817 3710 1876 ibidem

2054 1888 3712 1979 temporibusinviolabiliterobserveturProetereaqnas-

2056 1993 2293 2051 cunque
2305 1979 3712 2058 possessiones,quae0unquebonasademeects·

2055 2065 2698 2138 siaimpraesentiarum
2725 2070 2882 2141 juste
2904 2078 2960 2128 et
2979 2078 3264 2135 canonice
3301 2084 3594 2152 possidet,
3616 2093 3714 2144 aut

2053 2156 2115 2213 in
2151 2155 2417 2212 futurum
2445 2160 2834 2215 concessione
2860 2162 3233 2233 pontificum,
3255 2167 3586 2241 largitione
3630 2190 3713 2233 re-

2055 2260 2199 2316 gum
2233 2250 2335 2302 aut
2365 2246 2727 2318 principum,
2757 2248 3061 2308 oblatione
3094 2253 3388 2327 fidelium,
3435 2276 3542 2319 seu
3575 2264 3710 2322 aliis

2049 2333 2228 2406 justis
2264 2335 2476 2402 modis,
2516 2342 2833 2407 praestante
2863 2338 3139 2409 Domino,
3173 2347 3393 2417 poterit
3432 2351 3711 2424 adipisci,

2055 2423 2232 2480 firma
2259 2421 2426 2479 vobis
2454 2425 2782 2497 vestrisque
2799 2431 3246 2489 successoribus
3263 2436 3571 2498 etillibata
3593 2458 3714 2513 per-

2055 2518 2358 2569 maneant.
2395 2515 2456 2568 in
2494 2513 2720 2586 quibus
2751 2515 2880 2572 haec
2907 2520 3164 2591 propriis
3198 2523 3488 2585 duximus
3521 2531 3706 2603 expri-

2057 2602 2277 2658 menda
2308 2600 2618 2658 vocabulis
2657 2622 2672 2663 ε

2129 2710 2348 2764 Locum
2396 2709 2600 2781 ipsum
2639 2711 2696 2766 in
2726 2727 2850 2785 quo
2890 2714 3136 2785 proersta
3179 2721 3434 2781 ecclesia
3471 2726 3592 2784 sita
3627 2734 3710 2786 est

2051 2812 2191 2854 cum
2213 2797 2498 2855 omnibus
2522 2800 2894 2871 pertinentiis
2934 2805 3077 2873 suis,
3106 2808 3423 2869 ecclesiam
3464 2815 3544 2873 de
3566 2818 3710 2875 Thu·

2053 2903 2252 2944 venna
2272 2902 2412 2943 cum
2424 2888 2659 2960 capella
2684 2889 2759 2947 de
2782 2893 3171 2953 Reconvilber
3196 2914 3336 2958 cum
3367 2917 3583 2963 earum
3609 2922 3709 2981 ap-

275 2992 711 3055 bisassertione
725 2988 1308 3063 monstraruntquod
1335 2989 1824 3064 archiepiscopus
1838 3008 1944 3048 ex·
1978 3028 2020 3087 C
2052 2975 2350 3049 pendulis»
2387 2981 2507 3034 (ΜΠ
2553 2977 2692 3036 ἀθῑθ
2730 2995 2915 3053 <luam
2960 2982 3210 3044 decimis
3238 3004 3254 3057 ἱ
3281 2991 3601 3053 ecelesiam
3639 2997 3710 3054 de

276 3081 840 3140 communicationis
868 3079 930 3136 in
947 3095 1171 3151 regem,
1188 3085 1245 3135 et
1268 3079 1562 3136 interdicti
1590 3079 1938 3155 inregnum,

277 3176 335 3230 et
356 3173 673 3245 episcopus
697 3170 824 3242 jam
853 3170 1041 3225 dictus
1080 3169 1140 3225 in
1172 3167 1471 3242 quosdam
1501 3167 1576 3226 de
1625 3185 1811 3241 regno
1841 3187 1940 3228 ex-

276 3260 858 3324 communicationis,
872 3258 1232 3315 seutentiam
1247 3258 1635 3331 protulerunt,
1660 3275 1844 3332 quam
1864 3276 1939 3317 ex

276 3349 589 3422 multiplici
615 3350 845 3405 ratione
877 3347 1324 3405 retractandam
1350 3348 1475 3405 lore
1501 3347 1939 3408 rationabiliter

278 3454 486 3497 eoram
514 3440 688 3495 nobis
717 3446 773 3495 et
804 3437 1087 3494 fratribus
1118 3436 1531 3493 ostenderunt.
1566 3438 1708 3494 Inde
1733 3439 1937 3512 utique

276 3528 564 3602 fuitquod
588 3527 835 3601 praefato
856 3526 1741 3599 regi,tanquamcharissimoin
1774 3528 1940 3586 Chri-

277 3624 368 3676 sto
398 3617 519 3675 lilio
554 3616 905 3689 deferentes,
939 3631 1185 3674 omnem
1227 3617 1580 3674 sententiam
1620 3617 1750 3689 jam
1794 3617 1943 3702 dicti

275 3707 542 3781 episcopi
584 3723 691 3779 pro
713 3704 961 3779 praefata
1004 3722 1189 3762 causa
1211 3706 1269 3762 in
1289 3721 1428 3761 eum
1451 3705 1542 3762 vel
1572 3722 1710 3762 suos
1734 3707 1825 3763 vel
1849 3724 1946 3765 re-

277 3811 466 3868 gnum
498 3796 793 3869 prolatam
824 3796 897 3850 de
937 3795 1243 3851 communi
1278 3793 1524 3850 consilio
1560 3796 1807 3852 fratrum
1837 3813 1941 3854 au-

279 3888 551 3943 ctoritate
571 3885 901 3960 apostolica
917 3884 1745 3949 relaxavimus,etstatuimus
1773 3885 1941 3943 illum

278 3974 1220 4039 etsuosexcommunicatione,et
1252 3989 1507 4043 regnum
1537 3974 1854 4032 interdicto
1868 3991 1939 4032 ex

278 4064 626 4138 praescripta
674 4063 970 4120 sententia
1008 4069 1212 4120 nostra
1238 4078 1357 4120 non
1400 4065 1604 4120 teneri.
1651 4064 1942 4130 Quocirca

277 4153 641 4210 universitati
656 4158 859 4209 vestrae
875 4167 976 4224 per
988 4151 1543 4226 apostolicascripta
1555 4153 1943 4225 praecipiendo

280 4241 649 4297 mandamus
668 4247 967 4314 quatenus
984 4243 1035 4297 ei
1063 4247 1351 4313 tanquam
1381 4243 1505 4313 regi
1533 4242 1852 4308 catholico,
1884 4248 1944 4298 et

278 4328 520 4386 habenti
536 4331 1026 4387 communionem
1040 4330 1380 4403 apostolicae
1395 4331 1940 4405 sedis,participare

282 4417 534 4475 minime
547 4419 826 4475 dubitetis
842 4438 856 4489 ;
872 4419 975 4475 sed
998 4420 1059 4475 in
1076 4419 1357 4476 omnibus
1373 4418 1454 4475 illi
1489 4420 1779 4476 honorem
1796 4435 1942 4477 con-

279 4522 497 4580 gruum
512 4509 896 4582 impendatis.
920 4507 1153 4577 Quanto
1166 4510 1326 4564 enim
1339 4511 1617 4566 certiores
1638 4526 1850 4566 sumus
1863 4510 1940 4566 de

280 4597 614 4655 sinceritate
651 4598 987 4655 devotionis
1017 4596 1174 4654 illius
1187 4597 1448 4654 ecclesiis
1478 4606 1536 4655 et
1562 4600 1834 4670 personis
1848 4615 1942 4660 ec.

280 4686 626 4744 clesiasticis
638 4687 931 4758 regnisui,
948 4693 1110 4744 tanto
1135 4688 1394 4759 amplius
1414 4703 1552 4743 eum
1578 4687 1935 4746 volumusin

278 4777 565 4835 omnibus
591 4778 650 4834 in
664 4776 888 4851 quibus
903 4775 1237 4833 secundum
1253 4776 1438 4833 Deum
1454 4792 1801 4850 possumus,
1826 4777 1939 4835 ho-

282 4880 506 4924 norari.

352 4959 568 5014 Datum
600 4959 854 5026 veletrae,
886 4958 1123 5014 decimo
1152 4961 1320 5014 sexto
1360 4957 1660 5014 Kalendas
1690 4957 1930 5030 Aprilis.

279 5117 635 5178 Monosterii
653 5046 1527 5193 Bellelaqien’s‘ilsfflctectionem
1541 5118 1785 5190 suscipit
1798 5135 1933 5191 pos-

599 5195 991 5265 sessionesque
1015 5207 1088 5273 ac
1102 5192 1251 5264 jura
1271 5191 1606 5260 confirmat.

284 5330 486 5409 Ulmo,
500 5338 662 5398 sacri
674 5340 727 5396 el
739 5264 1617 5396 οαξιζξιιέἒιέἑῗάξέἰὲιῇᾂέὲιοηεε.
1630 5333 1679 5390 Α
1688 5334 1926 5405 nnales,

795 5413 833 5465 t.
856 5410 900 5474 l,
930 5407 1191 5471 Probat„
1215 5422 1276 5479 p.
1296 5405 1454 5479 2t7.]

354 5500 556 5560 Lucius
595 5500 940 5574 episcopus,
974 5511 1177 5554 servus
1202 5509 1511 5554 servorum
1540 5495 1659 5564 Dei,
1690 5495 1926 5554 dilectis

208 5615 277 5658 k-

2051 3067 2302 3123 Boecurt
2340 3082 2480 3123 cum
2529 3073 2694 3125 curte
2722 3069 2992 3142 ejusdem
3032 3073 3148 3132 loci
3177 3082 3232 3135 et
3289 3079 3422 3138 aliis
3445 3085 3572 3141 suis
3607 3103 3710 3161 ap-

2050 3155 2324 3228 penditiis
2355 3173 2369 3224 ;
2406 3156 2723 3214 ecclesiam
2784 3161 2986 3218 Sancti
3056 3165 3301 3224 Ursicini
3332 3168 3410 3227 de
3460 3174 3711 3246 Nugerol

2047 3260 2186 3302 cum
2201 3249 2363 3302 curte
2392 3245 2813 3317 quamibidem
2842 3248 3175 3322 habetis,et
3198 3256 3710 3334 aliisappenditiis

2046 3334 2188 3402 suis,
2207 3334 2494 3392 Salmuris
2507 3340 2734 3392 curtem
2748 3352 2887 3394 cuin
2913 3341 3098 3398 vineis
3128 3361 3143 3413 ;
3183 3345 3458 3406 Corceles
3479 3355 3542 3408 et
3579 3355 3713 3411 Har·

2047 3437 2171 3492 ves,
2204 3421 2449 3479 Cascale
2482 3439 2621 3480 cum
2641 3425 2827 3496 agris,
2860 3430 3182 3490 Loueresce
3210 3440 3267 3492 et
3292 3439 3596 3512 Tar-agna,
3635 3441 3713 3498 al·

2046 3510 2278 3569 lodium
2299 3512 2360 3568 in
2380 3513 2540 3582 agris
2567 3515 2845 3584 etpratis,
2879 3516 3169 3578 allodium
3196 3525 3539 3598 Manegoldi
3569 3531 3712 3587 mili-

2047 3599 2122 3664 tis
2136 3599 2296 3672 apud
2327 3600 2569 3659 Belvilar
2596 3605 2828 3674 etapud
2845 3610 3300 3680 monasterium,
3336 3613 3708 3676 allodiumde

2049 3688 2329 3755 vernath,
2367 3694 2490 3747 tam
2521 3690 2580 3747 in
2615 3691 2763 3750 silva
2780 3710 2967 3767 quam
2992 3697 3052 3753 in
3082 3700 3242 3770 agris
3271 3707 3332 3760 et
3373 3706 3570 3776 pratis
3599 3709 3706 3778 3al·

2048 3778 2279 3837 lodium
2299 3778 2375 3836 de
2395 3780 2635 3845 Fornas,
2655 3787 2883 3839 curtem
2900 3785 2975 3842 de
3003 3787 3230 3847 Racina
3256 3807 3399 3850 oum
3427 3797 3704 3869 appendi-

2051 3868 2157 3925 ciis
2181 3869 2327 3934 suis,
2345 3875 2572 3925 curtem
2588 3871 2664 3926 de
2689 3872 2998 3931 corcelum
3020 3892 3157 3933 cum
3180 3883 3568 3954 appendiciis
3597 3887 3700 3942 suis

2050 3957 2218 4030 apud
2235 3956 2492 4026 Divilier,
2516 3958 2804 4017 allodium
2823 3965 2986 4036 apud
3003 3965 3078 4022 de
3092 3967 3397 4036 Laimunt,
3427 3973 3696 4033 allodium

2051 4046 2217 4119 apud
2243 4046 2560 4112 corfawre,
2578 4047 2875 4108 allodium
2902 4054 3067 4126 apud
3091 4055 3388 4126 Sonillier,
3429 4063 3698 4121 allodium

2050 4135 2214 4209 apud
2226 4134 2557 4207 wingelies,
2574 4135 2863 4196 allodium
2877 4142 3309 4214 chunegundis
3329 4152 3504 4221 apud
3521 4154 3699 4210 zazin-

2049 4225 2232 4299 geim,
2259 4224 2545 4282 allodium
2571 4225 2978 4286 Fridelvonnis
2993 4232 3157 4305 apud
3186 4236 3556 4308 Bethelaiea,
3573 4241 3700 4298 allo·

2050 4315 2217 4371 dium
2237 4315 2494 4372 Cononis
2511 4317 2675 4388 apud
2699 4317 3070 4390 corginnart,
3089 4321 3388 4384 allodium
3411 4330 3582 4403 apud
3603 4331 3704 4388 Vil-

2047 4404 2157 4471 lar,
2197 4403 2486 4461 allodium
2530 4406 2695 4479 apud
2735 4408 2955 4476 Ruit-es,
2995 4410 3311 4483 allodium,
3363 4426 3602 4478 curtem
3641 4420 3702 4478 de

2049 4494 2339 4566 Montagis
2359 4510 2500 4551 cum
2526 4497 2888 4569 appenditiis
2921 4500 3048 4556 suis
3077 4503 3244 4575 apud
3271 4505 3556 4580 Chouna,
3577 4510 3704 4568 alio-

2046 4583 2238 4651 dium,
2272 4585 2704 4642 monasterium
2733 4587 2808 4643 de
2823 4586 3123 4661 Grangurt
3151 4607 3294 4651 cum
3323 4600 3702 4670 appenditiis,

2048 4672 2323 4730 videlicet
2349 4673 2570 4731 allodio
2594 4672 2670 4731 de
2693 4675 3168 4748 cordemasche;
3193 4690 3440 4744 curtem
3465 4688 3547 4746 de
3573 4689 3702 4746 Lan·

2045 4763 2174 4834 gier
2193 4778 2332 4819 cum
2352 4762 2714 4835 appenditiis
2729 4765 2873 4833 suis,
2897 4773 3123 4826 curtem
3146 4770 3223 4828 de
3259 4774 3562 4836 Girevilar
3581 4793 3698 4836 cum

2043 4851 2406 4925 appenditiis
2419 4852 2560 4920 suis,
2576 4853 2864 4912 allodium
2876 4858 3043 4930 apud
3061 4858 3415 4923 Althorielie
3437 4883 3578 4925 cum
3589 4883 3700 4926 oin-

2041 4940 2222 4999 nibus
2248 4957 2458 4998 eorum
2484 4943 2876 5015 pertinentiis.

2113 5050 2266 5106 Sane
2277 5048 2585 5106 novalium
2603 5057 2937 5110 vestrorum
2965 5069 3103 5128 quoe
3124 5059 3400 5132 propriis
3437 5065 3696 5124 manibus

2039 5137 3343 5210 autsumptibuscolitis,sivedenutrimentis
3357 5153 3692 5214 animalium
3747 5177 3766 5228 ς

2040 5235 2394 5299 vestrorum,
2427 5227 2626 5285 nullus
2656 5245 2693 5287 a
2710 5230 2883 5288 vobis
2926 5231 3196 5291 decimas
3223 5239 3480 5312 exigere
3505 5259 3694 5320 prosu·

2038 5325 2183 5375 mat.
2213 5317 2411 5375 Liceat
2441 5332 2686 5393 quoque
2717 5320 2894 5377 vobis
2919 5321 3165 5381 clericos
3192 5325 3290 5384 vel
3319 5327 3527 5392 laicos
3553 5349 3585 5393 s
3617 5351 3690 5390 st·
3757 5343 3764 5348 ·

2037 5405 2173 5464 culo
2201 5406 2522 5478 fugientes,
2549 5405 2773 5466 liberos
2805 5415 2859 5467 et
2890 5409 3226 5480 absolutos,
3255 5417 3344 5474 ad
3379 5423 3690 5482 conversic-
3747 5475 3752 5480 .

2035 5508 2176 5555 nem
2205 5496 2488 5569 recipere,
2521 5500 2577 5556 et
2599 5512 2704 5556 eos
2731 5498 2965 5574 absque
2993 5501 3490 5571 contradictione
3511 5511 3688 5590 aliqu
3749 5489 3758 5496 ’
