<?xml version="1.0" encoding="UTF-8"?>
<!DOCTYPE html PUBLIC "-//W3C//DTD XHTML 1.0 Transitional//EN"
    "http://www.w3.org/TR/xhtml1/DTD/xhtml1-transitional.dtd">
<html xmlns="http://www.w3.org/1999/xhtml" xml:lang="en" lang="en">
 <head>
  <title>
</title>
<meta http-equiv="Content-Type" content="text/html;charset=utf-8" />
  <meta name='ocr-system' content='tesseract 3.04.00' />
  <meta name='ocr-capabilities' content='ocr_page ocr_carea ocr_par ocr_line ocrx_word'/>
</head>
<body>
  <div class='ocr_page' id='page_1' title='image "./patrologiaecurs32goog_0208.png"; bbox 0 0 3784 6000; ppageno 0'>
   <div class='ocr_carea' id='block_1_1' title="bbox 162 225 281 289">
    <p class='ocr_par' dir='ltr' id='par_1_1' title="bbox 162 225 281 289">
     <span class='ocr_line' id='line_1_1' title="bbox 162 225 281 289; baseline 0 -2"><span class='ocrx_word' id='word_1_1' title='bbox 162 225 281 289; x_wconf 66' lang='lat'>⁴0⁷</span> 
     </span>
    </p>
   </div>
   <div class='ocr_carea' id='block_1_2' title="bbox 96 446 1820 1663">
    <p class='ocr_par' dir='ltr' id='par_1_2' title="bbox 96 446 1820 1663">
     <span class='ocr_line' id='line_1_2' title="bbox 166 446 1813 519; baseline -0.003 -13"><span class='ocrx_word' id='word_1_2' title='bbox 166 450 408 519; x_wconf 78' lang='lat' dir='ltr'><strong><em>lapidem</em></strong></span> <span class='ocrx_word' id='word_1_3' title='bbox 465 448 678 519; x_wconf 66' lang='lat' dir='ltr'>(Natta.</span> <span class='ocrx_word' id='word_1_4' title='bbox 737 463 889 513; x_wconf 77' lang='lat' dir='ltr'>xxrv,</span> <span class='ocrx_word' id='word_1_5' title='bbox 943 446 1021 517; x_wconf 85' lang='lat'>2).</span> <span class='ocrx_word' id='word_1_6' title='bbox 1079 446 1237 502; x_wconf 87' lang='lat' dir='ltr'>Hanc</span> <span class='ocrx_word' id='word_1_7' title='bbox 1296 446 1559 502; x_wconf 85' lang='lat' dir='ltr'>eamdem</span> <span class='ocrx_word' id='word_1_8' title='bbox 1609 449 1813 519; x_wconf 87' lang='lat' dir='ltr'>postea</span> 
     </span>
     <span class='ocr_line' id='line_1_3' title="bbox 165 536 1812 607; baseline -0.003 -11"><span class='ocrx_word' id='word_1_9' title='bbox 165 539 349 596; x_wconf 77' lang='lat' dir='ltr'>AElius</span> <span class='ocrx_word' id='word_1_10' title='bbox 378 539 686 602; x_wconf 74' lang='lat' dir='ltr'>AdrianuS,</span> <span class='ocrx_word' id='word_1_11' title='bbox 720 542 962 607; x_wconf 82' lang='lat' dir='ltr'>quartus</span> <span class='ocrx_word' id='word_1_12' title='bbox 1011 537 1084 592; x_wconf 90' lang='lat' dir='ltr'>ab</span> <span class='ocrx_word' id='word_1_13' title='bbox 1143 552 1209 592; x_wconf 91' lang='lat' dir='ltr'>eo</span> <span class='ocrx_word' id='word_1_14' title='bbox 1248 536 1646 593; x_wconf 84' lang='lat' dir='ltr'>Romanorum</span> <span class='ocrx_word' id='word_1_15' title='bbox 1707 552 1812 591; x_wconf 90' lang='lat' dir='ltr'>au·</span> 
     </span>
     <span class='ocr_line' id='line_1_4' title="bbox 172 625 1817 699; baseline -0.004 -15"><span class='ocrx_word' id='word_1_16' title='bbox 172 632 403 699; x_wconf 81' lang='lat' dir='ltr'>gustus,</span> <span class='ocrx_word' id='word_1_17' title='bbox 456 625 766 698; x_wconf 87' lang='lat' dir='ltr'>reparavit,</span> <span class='ocrx_word' id='word_1_18' title='bbox 825 626 981 680; x_wconf 86' lang='lat' dir='ltr'>unde</span> <span class='ocrx_word' id='word_1_19' title='bbox 1031 628 1088 681; x_wconf 87' lang='lat' dir='ltr'>et</span> <span class='ocrx_word' id='word_1_20' title='bbox 1141 626 1213 681; x_wconf 89' lang='lat' dir='ltr'>ab</span> <span class='ocrx_word' id='word_1_21' title='bbox 1264 626 1465 682; x_wconf 90' lang='lat' dir='ltr'>eodem</span> <span class='ocrx_word' id='word_1_22' title='bbox 1515 625 1675 680; x_wconf 90' lang='lat' dir='ltr'>dicta</span> <span class='ocrx_word' id='word_1_23' title='bbox 1731 626 1817 678; x_wconf 89' lang='lat' dir='ltr'>est</span> 
     </span>
     <span class='ocr_line' id='line_1_5' title="bbox 169 712 1817 786; baseline -0.003 -14"><span class='ocrx_word' id='word_1_24' title='bbox 169 717 332 782; x_wconf 79' lang='lat' dir='ltr'>AElia,</span> <span class='ocrx_word' id='word_1_25' title='bbox 367 715 519 771; x_wconf 84' lang='lat' dir='ltr'>elcut</span> <span class='ocrx_word' id='word_1_26' title='bbox 576 714 634 768; x_wconf 91' lang='lat' dir='ltr'>in</span> <span class='ocrx_word' id='word_1_27' title='bbox 695 713 884 770; x_wconf 65' lang='lat' dir='ltr'>Nicaea</span> <span class='ocrx_word' id='word_1_28' title='bbox 940 714 1158 786; x_wconf 81' lang='lat' dir='ltr'>synodo</span> <span class='ocrx_word' id='word_1_29' title='bbox 1211 714 1467 786; x_wconf 87' lang='lat' dir='ltr'>legitur:</span> <span class='ocrx_word' id='word_1_30' title='bbox 1525 712 1817 784; x_wconf 76' lang='lat' dir='ltr'><em>Episcopus</em></span> 
     </span>
     <span class='ocr_line' id='line_1_6' title="bbox 167 801 1817 873; baseline -0.003 -11"><span class='ocrx_word' id='word_1_31' title='bbox 167 805 333 862; x_wconf 77' lang='lat' dir='ltr'>AEliae</span> <span class='ocrx_word' id='word_1_32' title='bbox 369 804 436 858; x_wconf 85' lang='lat' dir='ltr'>ab</span> <span class='ocrx_word' id='word_1_33' title='bbox 467 802 721 857; x_wconf 80' lang='lat' dir='ltr'>omnibus</span> <span class='ocrx_word' id='word_1_34' title='bbox 773 801 1087 869; x_wconf 70' lang='lat' dir='ltr'>honoretur,</span> <span class='ocrx_word' id='word_1_35' title='bbox 1157 807 1211 859; x_wconf 90' lang='lat' dir='ltr'>et</span> <span class='ocrx_word' id='word_1_36' title='bbox 1275 805 1500 858; x_wconf 81' lang='lat' dir='ltr'>eaetera.</span> <span class='ocrx_word' id='word_1_37' title='bbox 1552 801 1817 873; x_wconf 81' lang='lat' dir='ltr'>Cumque</span> 
     </span>
     <span class='ocr_line' id='line_1_7' title="bbox 169 891 1817 965; baseline -0.001 -16"><span class='ocrx_word' id='word_1_38' title='bbox 169 893 331 965; x_wconf 89' lang='lat' dir='ltr'>prius</span> <span class='ocrx_word' id='word_1_39' title='bbox 364 894 422 948; x_wconf 88' lang='lat' dir='ltr'>in</span> <span class='ocrx_word' id='word_1_40' title='bbox 453 892 598 947; x_wconf 87' lang='lat' dir='ltr'>clivo</span> <span class='ocrx_word' id='word_1_41' title='bbox 621 892 1210 964; x_wconf 80' lang='lat' dir='ltr'>sitaessetpraecipiti,</span> <span class='ocrx_word' id='word_1_42' title='bbox 1246 893 1324 948; x_wconf 87' lang='lat' dir='ltr'>ita</span> <span class='ocrx_word' id='word_1_43' title='bbox 1356 897 1420 948; x_wconf 92' lang='lat' dir='ltr'>ut</span> <span class='ocrx_word' id='word_1_44' title='bbox 1449 892 1509 947; x_wconf 90' lang='lat' dir='ltr'>in</span> <span class='ocrx_word' id='word_1_45' title='bbox 1531 891 1817 948; x_wconf 88' lang='lat' dir='ltr'>orientem</span> 
     </span>
     <span class='ocr_line' id='line_1_8' title="bbox 170 981 1815 1053; baseline 0.001 -17"><span class='ocrx_word' id='word_1_46' title='bbox 170 981 411 1053; x_wconf 87' lang='lat' dir='ltr'>partim,</span> <span class='ocrx_word' id='word_1_47' title='bbox 446 981 662 1052; x_wconf 89' lang='lat' dir='ltr'>partim</span> <span class='ocrx_word' id='word_1_48' title='bbox 686 981 743 1035; x_wconf 92' lang='lat' dir='ltr'>in</span> <span class='ocrx_word' id='word_1_49' title='bbox 775 986 1041 1036; x_wconf 79' lang='lat' dir='ltr'><strong>austrum</strong></span> <span class='ocrx_word' id='word_1_50' title='bbox 1079 984 1195 1038; x_wconf 90' lang='lat' dir='ltr'>tota</span> <span class='ocrx_word' id='word_1_51' title='bbox 1225 982 1440 1038; x_wconf 85' lang='lat' dir='ltr'>devexa</span> <span class='ocrx_word' id='word_1_52' title='bbox 1489 981 1815 1053; x_wconf 81' lang='lat' dir='ltr'>respiceret,</span> 
     </span>
     <span class='ocr_line' id='line_1_9' title="bbox 168 1069 1814 1142; baseline 0 -16"><span class='ocrx_word' id='word_1_53' title='bbox 168 1070 226 1127; x_wconf 89' lang='lat' dir='ltr'>in</span> <span class='ocrx_word' id='word_1_54' title='bbox 259 1070 432 1127; x_wconf 86' lang='lat' dir='ltr'>latere</span> <span class='ocrx_word' id='word_1_55' title='bbox 463 1075 582 1126; x_wconf 85' lang='lat' dir='ltr'>tam</span> <span class='ocrx_word' id='word_1_56' title='bbox 618 1070 830 1126; x_wconf 90' lang='lat' dir='ltr'>montis</span> <span class='ocrx_word' id='word_1_57' title='bbox 852 1071 1016 1139; x_wconf 86' lang='lat' dir='ltr'>Sion,</span> <span class='ocrx_word' id='word_1_58' title='bbox 1049 1087 1220 1142; x_wconf 88' lang='lat' dir='ltr'>quam</span> <span class='ocrx_word' id='word_1_59' title='bbox 1248 1069 1440 1127; x_wconf 80' lang='lat' dir='ltr'>Moriae</span> <span class='ocrx_word' id='word_1_60' title='bbox 1473 1071 1814 1141; x_wconf 88' lang='lat' dir='ltr'>constituta,</span> 
     </span>
     <span class='ocr_line' id='line_1_10' title="bbox 172 1158 1817 1231; baseline 0 -16"><span class='ocrx_word' id='word_1_61' title='bbox 172 1162 236 1215; x_wconf 88' lang='lat' dir='ltr'>ut</span> <span class='ocrx_word' id='word_1_62' title='bbox 265 1158 455 1217; x_wconf 91' lang='lat' dir='ltr'>solum</span> <span class='ocrx_word' id='word_1_63' title='bbox 488 1159 770 1228; x_wconf 87' lang='lat' dir='ltr'>templum</span> <span class='ocrx_word' id='word_1_64' title='bbox 805 1164 860 1215; x_wconf 90' lang='lat' dir='ltr'>et</span> <span class='ocrx_word' id='word_1_65' title='bbox 890 1159 1251 1231; x_wconf 60' lang='lat' dir='ltr'>praesidium,</span> <span class='ocrx_word' id='word_1_66' title='bbox 1282 1159 1377 1217; x_wconf 91' lang='lat' dir='ltr'>cui</span> <span class='ocrx_word' id='word_1_67' title='bbox 1422 1176 1633 1216; x_wconf 88' lang='lat' dir='ltr'>nomen</span> <span class='ocrx_word' id='word_1_68' title='bbox 1691 1163 1817 1215; x_wconf 86' lang='lat' dir='ltr'>An-</span> 
     </span>
     <span class='ocr_line' id='line_1_11' title="bbox 170 1247 1815 1321; baseline 0.001 -18"><span class='ocrx_word' id='word_1_69' title='bbox 170 1247 478 1318; x_wconf 89' lang='lat' dir='ltr'>toniaerat,</span> <span class='ocrx_word' id='word_1_70' title='bbox 496 1248 554 1302; x_wconf 89' lang='lat' dir='ltr'>in</span> <span class='ocrx_word' id='word_1_71' title='bbox 580 1247 670 1303; x_wconf 89' lang='lat' dir='ltr'>sui</span> <span class='ocrx_word' id='word_1_72' title='bbox 696 1247 935 1304; x_wconf 90' lang='lat' dir='ltr'>haberet</span> <span class='ocrx_word' id='word_1_73' title='bbox 953 1248 1189 1320; x_wconf 81' lang='lat' dir='ltr'>lastigie</span> <span class='ocrx_word' id='word_1_74' title='bbox 1219 1252 1276 1305; x_wconf 88' lang='lat' dir='ltr'>et</span> <span class='ocrx_word' id='word_1_75' title='bbox 1307 1251 1468 1321; x_wconf 89' lang='lat' dir='ltr'>parte</span> <span class='ocrx_word' id='word_1_76' title='bbox 1489 1248 1815 1320; x_wconf 89' lang='lat' dir='ltr'>superiore;</span> 
     </span>
     <span class='ocr_line' id='line_1_12' title="bbox 171 1335 1819 1408; baseline -0.001 -13"><span class='ocrx_word' id='word_1_77' title='bbox 171 1337 247 1395; x_wconf 77' lang='lat' dir='ltr'>ab</span> <span class='ocrx_word' id='word_1_78' title='bbox 266 1337 467 1394; x_wconf 90' lang='lat' dir='ltr'>eodem</span> <span class='ocrx_word' id='word_1_79' title='bbox 486 1335 908 1408; x_wconf 85' lang='lat' dir='ltr'>imperatorein</span> <span class='ocrx_word' id='word_1_80' title='bbox 942 1339 1155 1394; x_wconf 85' lang='lat' dir='ltr'>montis</span> <span class='ocrx_word' id='word_1_81' title='bbox 1179 1339 1449 1395; x_wconf 88' lang='lat' dir='ltr'>verticem</span> <span class='ocrx_word' id='word_1_82' title='bbox 1481 1342 1601 1395; x_wconf 88' lang='lat' dir='ltr'>tota</span> <span class='ocrx_word' id='word_1_83' title='bbox 1632 1342 1819 1394; x_wconf 86' lang='lat' dir='ltr'>trans-</span> 
     </span>
     <span class='ocr_line' id='line_1_13' title="bbox 96 1425 1820 1500; baseline 0.001 -17"><span class='ocrx_word' id='word_1_84' title='bbox 96 1462 101 1469; x_wconf 88' lang='lat'>·</span> <span class='ocrx_word' id='word_1_85' title='bbox 172 1426 291 1484; x_wconf 87' lang='lat' dir='ltr'>lata</span> <span class='ocrx_word' id='word_1_86' title='bbox 317 1430 427 1494; x_wconf 88' lang='lat' dir='ltr'>est,</span> <span class='ocrx_word' id='word_1_87' title='bbox 460 1425 546 1483; x_wconf 86' lang='lat' dir='ltr'>ita</span> <span class='ocrx_word' id='word_1_88' title='bbox 567 1430 631 1481; x_wconf 91' lang='lat' dir='ltr'>ut</span> <span class='ocrx_word' id='word_1_89' title='bbox 673 1428 991 1484; x_wconf 76' lang='lat' dir='ltr'>Dominicae</span> <span class='ocrx_word' id='word_1_90' title='bbox 1023 1427 1310 1500; x_wconf 74' lang='lat' dir='ltr'>passionis</span> <span class='ocrx_word' id='word_1_91' title='bbox 1346 1434 1406 1485; x_wconf 87' lang='lat' dir='ltr'>et</span> <span class='ocrx_word' id='word_1_92' title='bbox 1451 1428 1820 1485; x_wconf 86' lang='lat' dir='ltr'>resurrectio·</span> 
     </span>
     <span class='ocr_line' id='line_1_14' title="bbox 172 1515 1816 1588; baseline 0 -16"><span class='ocrx_word' id='word_1_93' title='bbox 172 1515 266 1572; x_wconf 86' lang='lat' dir='ltr'>nis</span> <span class='ocrx_word' id='word_1_94' title='bbox 299 1515 482 1582; x_wconf 88' lang='lat' dir='ltr'>locus,</span> <span class='ocrx_word' id='word_1_95' title='bbox 506 1520 600 1587; x_wconf 88' lang='lat' dir='ltr'>qui</span> <span class='ocrx_word' id='word_1_96' title='bbox 633 1515 796 1588; x_wconf 89' lang='lat' dir='ltr'>prius</span> <span class='ocrx_word' id='word_1_97' title='bbox 827 1523 983 1573; x_wconf 86' lang='lat' dir='ltr'>extra</span> <span class='ocrx_word' id='word_1_98' title='bbox 1028 1518 1232 1573; x_wconf 90' lang='lat' dir='ltr'>urbem</span> <span class='ocrx_word' id='word_1_99' title='bbox 1289 1517 1494 1586; x_wconf 79' lang='lat' dir='ltr'>fuerat,</span> <span class='ocrx_word' id='word_1_100' title='bbox 1537 1517 1678 1573; x_wconf 89' lang='lat' dir='ltr'>urbe</span> <span class='ocrx_word' id='word_1_101' title='bbox 1725 1532 1816 1572; x_wconf 89' lang='lat' dir='ltr'>re-</span> 
     </span>
     <span class='ocr_line' id='line_1_15' title="bbox 172 1605 1820 1663; baseline -0.001 0"><span class='ocrx_word' id='word_1_102' title='bbox 172 1605 616 1663; x_wconf 62' lang='lat' dir='ltr'>edificatainsra</span> <span class='ocrx_word' id='word_1_103' title='bbox 638 1621 935 1662; x_wconf 90' lang='lat' dir='ltr'>murorum</span> <span class='ocrx_word' id='word_1_104' title='bbox 981 1607 1270 1663; x_wconf 85' lang='lat' dir='ltr'>ambitum</span> <span class='ocrx_word' id='word_1_105' title='bbox 1306 1607 1698 1663; x_wconf 90' lang='lat' dir='ltr'>clauderetur.</span> <span class='ocrx_word' id='word_1_106' title='bbox 1724 1607 1820 1662; x_wconf 85' lang='lat' dir='ltr'>Est</span> 
     </span>
    </p>
   </div>
   <div class='ocr_carea' id='block_1_3' title="bbox 1236 212 2509 283">
    <p class='ocr_par' dir='ltr' id='par_1_3' title="bbox 1236 212 2509 283">
     <span class='ocr_line' id='line_1_16' title="bbox 1236 212 2509 283; baseline -0.009 0"><span class='ocrx_word' id='word_1_107' title='bbox 1236 219 1665 283; x_wconf 75' lang='lat' dir='ltr'><strong>GUILLELMI</strong></span> <span class='ocrx_word' id='word_1_108' title='bbox 1706 215 2102 282; x_wconf 79' lang='lat' dir='ltr'><strong>TYRENSIS</strong></span> <span class='ocrx_word' id='word_1_109' title='bbox 2144 212 2509 275; x_wconf 71' lang='lat' dir='ltr'>aucun-31³.</span> 
     </span>
    </p>
   </div>
   <div class='ocr_carea' id='block_1_4' title="bbox 162 316 1902 425">
    <p class='ocr_par' dir='ltr' id='par_1_4' title="bbox 162 316 1902 425">
     <span class='ocr_line' id='line_1_17' title="bbox 162 316 1902 425; baseline -0.004 -11"><span class='ocrx_word' id='word_1_110' title='bbox 162 358 405 416; x_wconf 77' lang='lat' dir='ltr'>verbum</span> <span class='ocrx_word' id='word_1_111' title='bbox 455 356 720 415; x_wconf 83' lang='lat' dir='ltr'>Domini:</span> <span class='ocrx_word' id='word_1_112' title='bbox 756 358 870 412; x_wconf 82' lang='lat' dir='ltr'>Non</span> <span class='ocrx_word' id='word_1_113' title='bbox 918 357 1223 411; x_wconf 79' lang='lat' dir='ltr'>remaneret</span> <span class='ocrx_word' id='word_1_114' title='bbox 1263 354 1322 410; x_wconf 88' lang='lat' dir='ltr'>in</span> <span class='ocrx_word' id='word_1_115' title='bbox 1370 369 1434 411; x_wconf 82' lang='lat' dir='ltr'>ea</span> <span class='ocrx_word' id='word_1_116' title='bbox 1478 355 1617 425; x_wconf 83' lang='lat' dir='ltr'>lapis</span> <span class='ocrx_word' id='word_1_117' title='bbox 1654 316 1902 425; x_wconf 38' lang='lat' dir='ltr'>saper&#39;A</span> 
     </span>
    </p>
   </div>
   <div class='ocr_carea' id='block_1_5' title="bbox 3457 206 3580 268">
    <p class='ocr_par' dir='ltr' id='par_1_5' title="bbox 3457 206 3580 268">
     <span class='ocr_line' id='line_1_18' title="bbox 3457 206 3580 268; baseline 0 0"><span class='ocrx_word' id='word_1_118' title='bbox 3457 206 3580 268; x_wconf 64' lang='lat'>408</span> 
     </span>
    </p>
   </div>
   <div class='ocr_carea' id='block_1_6' title="bbox 2563 340 2937 399">
    <p class='ocr_par' dir='ltr' id='par_1_6' title="bbox 2563 340 2937 399">
     <span class='ocr_line' id='line_1_19' title="bbox 2563 340 2937 399; baseline -0.005 0"><span class='ocrx_word' id='word_1_119' title='bbox 2563 341 2801 399; x_wconf 76' lang='lat' dir='ltr'>CAPUT</span> <span class='ocrx_word' id='word_1_120' title='bbox 2843 340 2937 398; x_wconf 89' lang='lat'>111.</span> 
     </span>
    </p>
   </div>
   <div class='ocr_carea' id='block_1_7' title="bbox 1926 446 3582 744">
    <p class='ocr_par' dir='ltr' id='par_1_7' title="bbox 1926 446 3582 744">
     <span class='ocr_line' id='line_1_20' title="bbox 1926 446 3580 526; baseline -0.004 -15"><span class='ocrx_word' id='word_1_121' title='bbox 1926 457 2080 526; x_wconf 83' lang='lat' dir='ltr'>Quod</span> <span class='ocrx_word' id='word_1_122' title='bbox 2107 462 2317 525; x_wconf 73' lang='lat' dir='ltr'>partem</span> <span class='ocrx_word' id='word_1_123' title='bbox 2345 452 2581 509; x_wconf 80' lang='lat' dir='ltr'>duorum</span> <span class='ocrx_word' id='word_1_124' title='bbox 2600 450 2869 507; x_wconf 75' lang='lat' dir='ltr'>montium</span> <span class='ocrx_word' id='word_1_125' title='bbox 2917 449 3071 503; x_wconf 79' lang='lat' dir='ltr'>intra</span> <span class='ocrx_word' id='word_1_126' title='bbox 3097 447 3252 503; x_wconf 79' lang='lat' dir='ltr'>muri</span> <span class='ocrx_word' id='word_1_127' title='bbox 3300 446 3580 505; x_wconf 77' lang='lat' dir='ltr'>ambitum</span> 
     </span>
     <span class='ocr_line' id='line_1_21' title="bbox 1995 517 3581 596; baseline -0.004 -12"><span class='ocrx_word' id='word_1_128' title='bbox 1995 529 2294 591; x_wconf 79' lang='lat' dir='ltr'>contineat,</span> <span class='ocrx_word' id='word_1_129' title='bbox 2326 523 2548 596; x_wconf 79' lang='lat' dir='ltr'>ecquod</span> <span class='ocrx_word' id='word_1_130' title='bbox 2580 525 2651 578; x_wconf 83' lang='lat' dir='ltr'>sit</span> <span class='ocrx_word' id='word_1_131' title='bbox 2680 519 2978 578; x_wconf 76' lang='lat' dir='ltr'>Dominicae</span> <span class='ocrx_word' id='word_1_132' title='bbox 3009 517 3472 585; x_wconf 66' lang='lat' dir='ltr'>Restat-rectionis,</span> <span class='ocrx_word' id='word_1_133' title='bbox 3518 522 3581 577; x_wconf 80' lang='lat' dir='ltr'>in</span> 
     </span>
     <span class='ocr_line' id='line_1_22' title="bbox 1994 591 3582 669; baseline -0.005 -14"><span class='ocrx_word' id='word_1_134' title='bbox 1994 600 2105 656; x_wconf 84' lang='lat' dir='ltr'>alto</span> <span class='ocrx_word' id='word_1_135' title='bbox 2137 613 2259 655; x_wconf 80' lang='lat' dir='ltr'>vero</span> <span class='ocrx_word' id='word_1_136' title='bbox 2280 597 2543 669; x_wconf 79' lang='lat' dir='ltr'>templum</span> <span class='ocrx_word' id='word_1_137' title='bbox 2566 595 2799 661; x_wconf 82' lang='lat' dir='ltr'>Domini,</span> <span class='ocrx_word' id='word_1_138' title='bbox 2823 601 2874 648; x_wconf 81' lang='lat' dir='ltr'>et</span> <span class='ocrx_word' id='word_1_139' title='bbox 2905 606 3030 664; x_wconf 72' lang='lat' dir='ltr'>quse</span> <span class='ocrx_word' id='word_1_140' title='bbox 3051 591 3126 647; x_wconf 80' lang='lat' dir='ltr'>sit</span> <span class='ocrx_word' id='word_1_141' title='bbox 3152 593 3335 660; x_wconf 75' lang='lat' dir='ltr'>forma</span> <span class='ocrx_word' id='word_1_142' title='bbox 3360 592 3547 648; x_wconf 80' lang='lat' dir='ltr'>utrius</span> <span class='ocrx_word' id='word_1_143' title='bbox 3563 621 3582 633; x_wconf 91' lang='lat'><strong>·</strong></span> 
     </span>
     <span class='ocr_line' id='line_1_23' title="bbox 1998 671 2380 744; baseline -0.021 -16"><span class='ocrx_word' id='word_1_144' title='bbox 1998 687 2103 744; x_wconf 80' lang='lat' dir='ltr'>que</span> <span class='ocrx_word' id='word_1_145' title='bbox 2123 671 2380 726; x_wconf 79' lang='lat' dir='ltr'>ecclesiae.</span> 
     </span>
    </p>
   </div>
   <div class='ocr_carea' id='block_1_8' title="bbox 1925 785 3587 1667">
    <p class='ocr_par' dir='ltr' id='par_1_8' title="bbox 1925 785 3587 1667">
     <span class='ocr_line' id='line_1_24' title="bbox 1998 785 3576 855; baseline -0.004 -5"><span class='ocrx_word' id='word_1_146' title='bbox 1998 795 2118 850; x_wconf 86' lang='lat' dir='ltr'>Sita</span> <span class='ocrx_word' id='word_1_147' title='bbox 2147 797 2233 849; x_wconf 90' lang='lat' dir='ltr'>est</span> <span class='ocrx_word' id='word_1_148' title='bbox 2256 795 2451 848; x_wconf 90' lang='lat' dir='ltr'>autem</span> <span class='ocrx_word' id='word_1_149' title='bbox 2481 789 2544 844; x_wconf 89' lang='lat' dir='ltr'>in</span> <span class='ocrx_word' id='word_1_150' title='bbox 2576 786 2874 843; x_wconf 88' lang='lat' dir='ltr'>montibus</span> <span class='ocrx_word' id='word_1_151' title='bbox 2904 786 3154 855; x_wconf 88' lang='lat' dir='ltr'>duobus,</span> <span class='ocrx_word' id='word_1_152' title='bbox 3184 786 3342 842; x_wconf 80' lang='lat' dir='ltr'>sicut</span> <span class='ocrx_word' id='word_1_153' title='bbox 3393 785 3576 843; x_wconf 82' lang='lat' dir='ltr'>David</span> 
     </span>
     <span class='ocr_line' id='line_1_25' title="bbox 1927 875 3581 947; baseline -0.005 -6"><span class='ocrx_word' id='word_1_154' title='bbox 1927 884 2347 941; x_wconf 84' lang='lat' dir='ltr'>commemorat</span> <span class='ocrx_word' id='word_1_155' title='bbox 2372 879 2573 937; x_wconf 87' lang='lat' dir='ltr'>dicens</span> <span class='ocrx_word' id='word_1_156' title='bbox 2597 895 2609 932; x_wconf 92' lang='lat'>:</span> <span class='ocrx_word' id='word_1_157' title='bbox 2646 876 3039 932; x_wconf 74' lang='lat' dir='ltr'>Fundamenta</span> <span class='ocrx_word' id='word_1_158' title='bbox 3062 877 3180 947; x_wconf 83' lang='lat' dir='ltr'>ejus</span> <span class='ocrx_word' id='word_1_159' title='bbox 3201 875 3264 931; x_wconf 90' lang='lat' dir='ltr'>in</span> <span class='ocrx_word' id='word_1_160' title='bbox 3304 876 3581 933; x_wconf 80' lang='lat' dir='ltr'>montibus</span> 
     </span>
     <span class='ocr_line' id='line_1_26' title="bbox 1925 964 3581 1041; baseline -0.005 -11"><span class='ocrx_word' id='word_1_161' title='bbox 1925 974 2133 1030; x_wconf 79' lang='lat' dir='ltr'>sanctis</span> <span class='ocrx_word' id='word_1_162' title='bbox 2153 971 2329 1041; x_wconf 86' lang='lat' dir='ltr'>(Psal.</span> <span class='ocrx_word' id='word_1_163' title='bbox 2351 984 2575 1036; x_wconf 62' lang='lat' dir='ltr'>cxxxvi,</span> <span class='ocrx_word' id='word_1_164' title='bbox 2613 969 2695 1036; x_wconf 84' lang='lat'>1);</span> <span class='ocrx_word' id='word_1_165' title='bbox 2722 981 2967 1038; x_wconf 91' lang='lat' dir='ltr'>quorum</span> <span class='ocrx_word' id='word_1_166' title='bbox 2992 964 3390 1037; x_wconf 78' lang='lat' dir='ltr'>lastigiaint&#39;ra</span> <span class='ocrx_word' id='word_1_167' title='bbox 3422 967 3581 1023; x_wconf 90' lang='lat' dir='ltr'>muri</span> 
     </span>
     <span class='ocr_line' id='line_1_27' title="bbox 1930 1053 3582 1129; baseline -0.005 -11"><span class='ocrx_word' id='word_1_168' title='bbox 1930 1063 2213 1118; x_wconf 85' lang='lat' dir='ltr'>ambitum</span> <span class='ocrx_word' id='word_1_169' title='bbox 2230 1074 2298 1115; x_wconf 86' lang='lat' dir='ltr'>ex</span> <span class='ocrx_word' id='word_1_170' title='bbox 2315 1061 2476 1129; x_wconf 80' lang='lat' dir='ltr'>parte</span> <span class='ocrx_word' id='word_1_171' title='bbox 2497 1055 2751 1128; x_wconf 86' lang='lat' dir='ltr'>plurima</span> <span class='ocrx_word' id='word_1_172' title='bbox 2763 1054 3035 1125; x_wconf 90' lang='lat' dir='ltr'>continet,</span> <span class='ocrx_word' id='word_1_173' title='bbox 3062 1053 3289 1110; x_wconf 89' lang='lat' dir='ltr'>modica</span> <span class='ocrx_word' id='word_1_174' title='bbox 3300 1053 3449 1111; x_wconf 87' lang='lat' dir='ltr'>valle</span> <span class='ocrx_word' id='word_1_175' title='bbox 3462 1054 3582 1111; x_wconf 90' lang='lat' dir='ltr'>dis-</span> 
     </span>
     <span class='ocr_line' id='line_1_28' title="bbox 1929 1143 3582 1223; baseline -0.004 -16"><span class='ocrx_word' id='word_1_176' title='bbox 1929 1152 2131 1222; x_wconf 88' lang='lat' dir='ltr'>tincta,</span> <span class='ocrx_word' id='word_1_177' title='bbox 2155 1165 2279 1223; x_wconf 77' lang='lat' dir='ltr'>quse</span> <span class='ocrx_word' id='word_1_178' title='bbox 2310 1148 2487 1205; x_wconf 87' lang='lat' dir='ltr'>etiam</span> <span class='ocrx_word' id='word_1_179' title='bbox 2512 1145 2712 1202; x_wconf 88' lang='lat' dir='ltr'>urbem</span> <span class='ocrx_word' id='word_1_180' title='bbox 2729 1160 2826 1217; x_wconf 88' lang='lat' dir='ltr'>per</span> <span class='ocrx_word' id='word_1_181' title='bbox 2840 1144 3097 1201; x_wconf 90' lang='lat' dir='ltr'>medium</span> <span class='ocrx_word' id='word_1_182' title='bbox 3115 1143 3339 1200; x_wconf 90' lang='lat' dir='ltr'>dividit.</span> <span class='ocrx_word' id='word_1_183' title='bbox 3361 1147 3582 1201; x_wconf 84' lang='lat' dir='ltr'>Horum</span> 
     </span>
     <span class='ocr_line' id='line_1_29' title="bbox 1929 1234 3585 1313; baseline -0.004 -14"><span class='ocrx_word' id='word_1_184' title='bbox 1929 1241 2074 1299; x_wconf 89' lang='lat' dir='ltr'>alter</span> <span class='ocrx_word' id='word_1_185' title='bbox 2105 1242 2207 1313; x_wconf 85' lang='lat' dir='ltr'>qui</span> <span class='ocrx_word' id='word_1_186' title='bbox 2239 1240 2311 1295; x_wconf 89' lang='lat' dir='ltr'>ab</span> <span class='ocrx_word' id='word_1_187' title='bbox 2341 1237 2641 1295; x_wconf 90' lang='lat' dir='ltr'>occidente</span> <span class='ocrx_word' id='word_1_188' title='bbox 2697 1243 2803 1304; x_wconf 86' lang='lat' dir='ltr'>est,</span> <span class='ocrx_word' id='word_1_189' title='bbox 2856 1235 2992 1292; x_wconf 90' lang='lat' dir='ltr'>Sion</span> <span class='ocrx_word' id='word_1_190' title='bbox 3035 1234 3385 1306; x_wconf 86' lang='lat' dir='ltr'>appellatur,</span> <span class='ocrx_word' id='word_1_191' title='bbox 3427 1236 3585 1292; x_wconf 89' lang='lat' dir='ltr'>unde</span> 
     </span>
     <span class='ocr_line' id='line_1_30' title="bbox 1931 1323 3587 1405; baseline -0.004 -18"><span class='ocrx_word' id='word_1_192' title='bbox 1931 1332 2270 1405; x_wconf 86' lang='lat' dir='ltr'>plerumque</span> <span class='ocrx_word' id='word_1_193' title='bbox 2299 1332 2354 1385; x_wconf 86' lang='lat' dir='ltr'>et</span> <span class='ocrx_word' id='word_1_194' title='bbox 2376 1332 2496 1385; x_wconf 87' lang='lat' dir='ltr'>tota</span> <span class='ocrx_word' id='word_1_195' title='bbox 2525 1324 2938 1383; x_wconf 80' lang='lat' dir='ltr'>denominatur</span> <span class='ocrx_word' id='word_1_196' title='bbox 2957 1323 3182 1394; x_wconf 85' lang='lat' dir='ltr'>civitas,</span> <span class='ocrx_word' id='word_1_197' title='bbox 3208 1329 3271 1380; x_wconf 90' lang='lat' dir='ltr'>ut</span> <span class='ocrx_word' id='word_1_198' title='bbox 3290 1324 3367 1381; x_wconf 92' lang='lat' dir='ltr'>ibi</span> <span class='ocrx_word' id='word_1_199' title='bbox 3394 1342 3408 1381; x_wconf 75' lang='grc' dir='ltr'><strong>ε</strong></span> <span class='ocrx_word' id='word_1_200' title='bbox 3440 1325 3587 1381; x_wconf 81' lang='lat' dir='ltr'>Dili-</span> 
     </span>
     <span class='ocr_line' id='line_1_31' title="bbox 1929 1414 3584 1493; baseline -0.005 -15"><span class='ocrx_word' id='word_1_201' title='bbox 1929 1424 2004 1493; x_wconf 71' lang='lat' dir='ltr'>9it</span> <span class='ocrx_word' id='word_1_202' title='bbox 2025 1419 2286 1478; x_wconf 80' lang='lat' dir='ltr'>Dominus</span> <span class='ocrx_word' id='word_1_203' title='bbox 2303 1424 2489 1490; x_wconf 83' lang='lat' dir='ltr'>portas</span> <span class='ocrx_word' id='word_1_204' title='bbox 2519 1417 2671 1484; x_wconf 84' lang='lat' dir='ltr'>Sion,</span> <span class='ocrx_word' id='word_1_205' title='bbox 2692 1431 2858 1486; x_wconf 83' lang='lat' dir='ltr'>super</span> <span class='ocrx_word' id='word_1_206' title='bbox 2883 1415 3071 1470; x_wconf 89' lang='lat' dir='ltr'>omnia</span> <span class='ocrx_word' id='word_1_207' title='bbox 3099 1414 3458 1470; x_wconf 80' lang='lat' dir='ltr'>tabernacula</span> <span class='ocrx_word' id='word_1_208' title='bbox 3487 1415 3584 1472; x_wconf 79' lang='lat' dir='ltr'>Ja-</span> 
     </span>
     <span class='ocr_line' id='line_1_32' title="bbox 1926 1503 3582 1583; baseline -0.006 -13"><span class='ocrx_word' id='word_1_209' title='bbox 1926 1512 2021 1570; x_wconf 81' lang='lat' dir='ltr'>cob</span> <span class='ocrx_word' id='word_1_210' title='bbox 2053 1511 2231 1583; x_wconf 81' lang='lat' dir='ltr'>(Psat.</span> <span class='ocrx_word' id='word_1_211' title='bbox 2265 1525 2489 1575; x_wconf 65' lang='lat' dir='ltr'>cxxxvi,</span> <span class='ocrx_word' id='word_1_212' title='bbox 2522 1508 2594 1579; x_wconf 83' lang='lat'>1).</span> <span class='ocrx_word' id='word_1_213' title='bbox 2626 1505 2782 1561; x_wconf 84' lang='lat' dir='ltr'>Alter</span> <span class='ocrx_word' id='word_1_214' title='bbox 2820 1520 2952 1561; x_wconf 86' lang='lat' dir='ltr'>vero</span> <span class='ocrx_word' id='word_1_215' title='bbox 2984 1503 3083 1577; x_wconf 88' lang='lat' dir='ltr'>qui</span> <span class='ocrx_word' id='word_1_216' title='bbox 3116 1503 3188 1559; x_wconf 89' lang='lat' dir='ltr'>ab</span> <span class='ocrx_word' id='word_1_217' title='bbox 3218 1503 3444 1560; x_wconf 89' lang='lat' dir='ltr'>oriente</span> <span class='ocrx_word' id='word_1_218' title='bbox 3473 1513 3582 1575; x_wconf 87' lang='lat' dir='ltr'>eet,</span> 
     </span>
     <span class='ocr_line' id='line_1_33' title="bbox 1928 1592 3583 1667; baseline -0.005 -9"><span class='ocrx_word' id='word_1_219' title='bbox 1928 1597 2710 1667; x_wconf 78' lang='lat' dir='ltr'>monsMoriadicitur,cujus</span> <span class='ocrx_word' id='word_1_220' title='bbox 2724 1594 2939 1650; x_wconf 90' lang='lat' dir='ltr'>mentio</span> <span class='ocrx_word' id='word_1_221' title='bbox 2957 1594 3013 1648; x_wconf 78' lang='lat' dir='ltr'>[it</span> <span class='ocrx_word' id='word_1_222' title='bbox 3029 1594 3088 1650; x_wconf 90' lang='lat' dir='ltr'>in</span> <span class='ocrx_word' id='word_1_223' title='bbox 3101 1592 3583 1665; x_wconf 76' lang='lat' dir='ltr'>Paralipomenon</span> 
     </span>
    </p>
   </div>
   <div class='ocr_carea' id='block_1_9' title="bbox 174 1682 3584 1793">
    <p class='ocr_par' dir='ltr' id='par_1_9' title="bbox 174 1682 3584 1793">
     <span class='ocr_line' id='line_1_34' title="bbox 174 1682 3584 1793; baseline -0.004 -42"><span class='ocrx_word' id='word_1_224' title='bbox 174 1698 369 1751; x_wconf 86' lang='lat' dir='ltr'>autem</span> <span class='ocrx_word' id='word_1_225' title='bbox 417 1694 618 1750; x_wconf 84' lang='lat' dir='ltr'>civitas</span> <span class='ocrx_word' id='word_1_226' title='bbox 666 1698 723 1749; x_wconf 90' lang='lat' dir='ltr'>et</span> <span class='ocrx_word' id='word_1_227' title='bbox 782 1694 970 1751; x_wconf 87' lang='lat' dir='ltr'>minor</span> <span class='ocrx_word' id='word_1_228' title='bbox 1019 1694 1287 1752; x_wconf 86' lang='lat' dir='ltr'>maximis</span> <span class='ocrx_word' id='word_1_229' title='bbox 1326 1700 1385 1752; x_wconf 89' lang='lat' dir='ltr'>et</span> <span class='ocrx_word' id='word_1_230' title='bbox 1432 1695 1818 1752; x_wconf 76' lang='lat' dir='ltr'>mediocribus</span> <span class='ocrx_word' id='word_1_231' title='bbox 1852 1729 1900 1793; x_wconf 79' lang='grc' dir='ltr'>Β</span> <span class='ocrx_word' id='word_1_232' title='bbox 1931 1691 2207 1759; x_wconf 81' lang='lat' dir='ltr'>secunde,</span> <span class='ocrx_word' id='word_1_233' title='bbox 2241 1688 2347 1745; x_wconf 89' lang='lat' dir='ltr'>hoe</span> <span class='ocrx_word' id='word_1_234' title='bbox 2377 1687 2545 1744; x_wconf 89' lang='lat' dir='ltr'>modo</span> <span class='ocrx_word' id='word_1_235' title='bbox 2578 1702 2592 1741; x_wconf 90' lang='lat'>:</span> <span class='ocrx_word' id='word_1_236' title='bbox 2624 1689 2690 1741; x_wconf 73' lang='lat' dir='ltr'>Et</span> <span class='ocrx_word' id='word_1_237' title='bbox 2716 1685 2874 1756; x_wconf 77' lang='lat' dir='ltr'>caepic</span> <span class='ocrx_word' id='word_1_238' title='bbox 2891 1683 3169 1755; x_wconf 75' lang='lat' dir='ltr'>aedificare</span> <span class='ocrx_word' id='word_1_239' title='bbox 3197 1682 3455 1739; x_wconf 80' lang='lat' dir='ltr'>Salomon</span> <span class='ocrx_word' id='word_1_240' title='bbox 3484 1682 3584 1740; x_wconf 82' lang='lat' dir='ltr'>do-</span> 
     </span>
    </p>
   </div>
   <div class='ocr_carea' id='block_1_10' title="bbox 171 1782 1833 4093">
    <p class='ocr_par' dir='ltr' id='par_1_10' title="bbox 171 1782 1833 4093">
     <span class='ocr_line' id='line_1_35' title="bbox 177 1782 1814 1857; baseline -0.001 -16"><span class='ocrx_word' id='word_1_241' title='bbox 177 1784 394 1855; x_wconf 77' lang='lat' dir='ltr'>major3</span> <span class='ocrx_word' id='word_1_242' title='bbox 431 1785 617 1839; x_wconf 78' lang='lat' dir='ltr'>forma</span> <span class='ocrx_word' id='word_1_243' title='bbox 647 1783 884 1855; x_wconf 82' lang='lat' dir='ltr'>quidem</span> <span class='ocrx_word' id='word_1_244' title='bbox 907 1784 1176 1854; x_wconf 77' lang='lat' dir='ltr'>oblonga,</span> <span class='ocrx_word' id='word_1_245' title='bbox 1199 1789 1256 1841; x_wconf 89' lang='lat' dir='ltr'>et</span> <span class='ocrx_word' id='word_1_246' title='bbox 1286 1790 1448 1857; x_wconf 91' lang='lat' dir='ltr'>parte</span> <span class='ocrx_word' id='word_1_247' title='bbox 1475 1784 1650 1841; x_wconf 89' lang='lat' dir='ltr'>altera</span> <span class='ocrx_word' id='word_1_248' title='bbox 1682 1782 1814 1841; x_wconf 91' lang='lat' dir='ltr'>lon-</span> 
     </span>
     <span class='ocr_line' id='line_1_36' title="bbox 176 1872 1820 1946; baseline 0.002 -21"><span class='ocrx_word' id='word_1_249' title='bbox 176 1872 358 1946; x_wconf 80' lang='lat' dir='ltr'>giore,</span> <span class='ocrx_word' id='word_1_250' title='bbox 372 1874 674 1944; x_wconf 88' lang='lat' dir='ltr'>tetragona</span> <span class='ocrx_word' id='word_1_251' title='bbox 690 1879 879 1927; x_wconf 87' lang='lat' dir='ltr'>tamen</span> <span class='ocrx_word' id='word_1_252' title='bbox 896 1872 1142 1929; x_wconf 82' lang='lat' dir='ltr'>vallibus</span> <span class='ocrx_word' id='word_1_253' title='bbox 1158 1873 1459 1946; x_wconf 73' lang='lat' dir='ltr'>profundis</span> <span class='ocrx_word' id='word_1_254' title='bbox 1477 1874 1820 1930; x_wconf 77' lang='lat' dir='ltr'>admodum·</span> 
     </span>
     <span class='ocr_line' id='line_1_37' title="bbox 174 1959 1822 2035; baseline 0.001 -19"><span class='ocrx_word' id='word_1_255' title='bbox 174 1959 461 2016; x_wconf 85' lang='lat' dir='ltr'>extribus</span> <span class='ocrx_word' id='word_1_256' title='bbox 510 1960 769 2032; x_wconf 85' lang='lat' dir='ltr'>partibus</span> <span class='ocrx_word' id='word_1_257' title='bbox 816 1962 1226 2035; x_wconf 77' lang='lat' dir='ltr'>circumsepta.</span> <span class='ocrx_word' id='word_1_258' title='bbox 1281 1963 1427 2021; x_wconf 88' lang='lat' dir='ltr'>Nam</span> <span class='ocrx_word' id='word_1_259' title='bbox 1481 1964 1553 2019; x_wconf 90' lang='lat' dir='ltr'>ab</span> <span class='ocrx_word' id='word_1_260' title='bbox 1598 1961 1822 2020; x_wconf 91' lang='lat' dir='ltr'>oriente</span> 
     </span>
     <span class='ocr_line' id='line_1_38' title="bbox 175 2047 1819 2125; baseline 0.002 -21"><span class='ocrx_word' id='word_1_261' title='bbox 175 2048 382 2105; x_wconf 76' lang='lat' dir='ltr'>vallem</span> <span class='ocrx_word' id='word_1_262' title='bbox 415 2047 591 2106; x_wconf 87' lang='lat' dir='ltr'>hadet</span> <span class='ocrx_word' id='word_1_263' title='bbox 615 2050 936 2122; x_wconf 87' lang='lat' dir='ltr'>Josaphat,·</span> <span class='ocrx_word' id='word_1_264' title='bbox 960 2051 1138 2123; x_wconf 87' lang='lat' dir='ltr'>hujus</span> <span class='ocrx_word' id='word_1_265' title='bbox 1155 2053 1503 2109; x_wconf 90' lang='lat' dir='ltr'>mentionem</span> <span class='ocrx_word' id='word_1_266' title='bbox 1533 2053 1667 2109; x_wconf 75' lang='lat' dir='ltr'>lacit</span> <span class='ocrx_word' id='word_1_267' title='bbox 1687 2068 1819 2125; x_wconf 89' lang='lat' dir='ltr'>pro-</span> 
     </span>
     <span class='ocr_line' id='line_1_39' title="bbox 174 2136 1822 2216; baseline 0.002 -21"><span class='ocrx_word' id='word_1_268' title='bbox 174 2136 352 2211; x_wconf 85' lang='lat' dir='ltr'>pheta</span> <span class='ocrx_word' id='word_1_269' title='bbox 402 2137 550 2206; x_wconf 82' lang='lat' dir='ltr'>Joel,</span> <span class='ocrx_word' id='word_1_270' title='bbox 603 2139 847 2197; x_wconf 89' lang='lat' dir='ltr'>dicens:</span> <span class='ocrx_word' id='word_1_271' title='bbox 899 2141 1037 2196; x_wconf 83' lang='lat' dir='ltr'>Cum</span> <span class='ocrx_word' id='word_1_272' title='bbox 1085 2151 1396 2199; x_wconf 75' lang='lat' dir='ltr'>convertero</span> <span class='ocrx_word' id='word_1_273' title='bbox 1451 2142 1822 2216; x_wconf 72' lang='lat' dir='ltr'>captivitatem</span> 
     </span>
     <span class='ocr_line' id='line_1_40' title="bbox 172 2227 1824 2303; baseline 0.002 -18"><span class='ocrx_word' id='word_1_274' title='bbox 172 2227 316 2285; x_wconf 66' lang='lat' dir='ltr'>Inda</span> <span class='ocrx_word' id='word_1_275' title='bbox 343 2236 394 2285; x_wconf 83' lang='lat' dir='ltr'>ct</span> <span class='ocrx_word' id='word_1_276' title='bbox 421 2229 743 2296; x_wconf 76' lang='lat' dir='ltr'>Ierusalem,</span> <span class='ocrx_word' id='word_1_277' title='bbox 774 2231 1111 2301; x_wconf 74' lang='lat' dir='ltr'>conqreqabo</span> <span class='ocrx_word' id='word_1_278' title='bbox 1158 2248 1343 2288; x_wconf 81' lang='lat' dir='ltr'>omnes</span> <span class='ocrx_word' id='word_1_279' title='bbox 1387 2237 1595 2303; x_wconf 74' lang='lat' dir='ltr'>pentes,</span> <span class='ocrx_word' id='word_1_280' title='bbox 1640 2240 1691 2288; x_wconf 81' lang='lat' dir='ltr'>et</span> <span class='ocrx_word' id='word_1_281' title='bbox 1734 2231 1824 2288; x_wconf 78' lang='lat' dir='ltr'>de·</span> 
     </span>
     <span class='ocr_line' id='line_1_41' title="bbox 172 2318 1823 2393; baseline 0.003 -18"><span class='ocrx_word' id='word_1_282' title='bbox 172 2318 372 2376; x_wconf 75' lang='lat' dir='ltr'>ducam</span> <span class='ocrx_word' id='word_1_283' title='bbox 397 2334 487 2376; x_wconf 82' lang='lat' dir='ltr'>eas</span> <span class='ocrx_word' id='word_1_284' title='bbox 515 2320 575 2374; x_wconf 84' lang='lat' dir='ltr'>in</span> <span class='ocrx_word' id='word_1_285' title='bbox 604 2320 801 2376; x_wconf 79' lang='lat' dir='ltr'>vallem</span> <span class='ocrx_word' id='word_1_286' title='bbox 820 2322 1082 2392; x_wconf 78' lang='lat' dir='ltr'>Iosophat</span> <span class='ocrx_word' id='word_1_287' title='bbox 1102 2340 1122 2387; x_wconf 91' lang='lat'>,·</span> <span class='ocrx_word' id='word_1_288' title='bbox 1144 2324 1196 2378; x_wconf 79' lang='lat' dir='ltr'>ei</span> <span class='ocrx_word' id='word_1_289' title='bbox 1216 2321 1525 2393; x_wconf 76' lang='lat' dir='ltr'>disceptabo</span> <span class='ocrx_word' id='word_1_290' title='bbox 1565 2325 1646 2380; x_wconf 77' lang='lat' dir='ltr'>ibi</span> <span class='ocrx_word' id='word_1_291' title='bbox 1699 2339 1823 2380; x_wconf 82' lang='lat' dir='ltr'>cum</span> 
     </span>
     <span class='ocr_line' id='line_1_42' title="bbox 171 2409 1822 2479; baseline 0.001 -12"><span class='ocrx_word' id='word_1_292' title='bbox 171 2410 257 2467; x_wconf 68' lang='lat' dir='ltr'>eie</span> <span class='ocrx_word' id='word_1_293' title='bbox 295 2422 460 2479; x_wconf 78' lang='lat' dir='ltr'>super</span> <span class='ocrx_word' id='word_1_294' title='bbox 508 2409 709 2479; x_wconf 81' lang='lat' dir='ltr'>populo</span> <span class='ocrx_word' id='word_1_295' title='bbox 783 2426 922 2475; x_wconf 86' lang='lat' dir='ltr'>meo,</span> <span class='ocrx_word' id='word_1_296' title='bbox 968 2419 1020 2466; x_wconf 78' lang='lat' dir='ltr'>et</span> <span class='ocrx_word' id='word_1_297' title='bbox 1068 2410 1386 2468; x_wconf 79' lang='lat' dir='ltr'>haereditate</span> <span class='ocrx_word' id='word_1_298' title='bbox 1454 2430 1578 2470; x_wconf 87' lang='lat' dir='ltr'>mea</span> <span class='ocrx_word' id='word_1_299' title='bbox 1648 2414 1822 2469; x_wconf 80' lang='lat' dir='ltr'>lsrael</span> 
     </span>
     <span class='ocr_line' id='line_1_43' title="bbox 178 2495 1823 2566; baseline 0.004 -12"><span class='ocrx_word' id='word_1_300' title='bbox 178 2496 335 2566; x_wconf 76' lang='lat' dir='ltr'>(leet.</span> <span class='ocrx_word' id='word_1_301' title='bbox 367 2512 450 2564; x_wconf 85' lang='lat'>111,</span> <span class='ocrx_word' id='word_1_302' title='bbox 484 2496 562 2566; x_wconf 78' lang='lat'>2).</span> <span class='ocrx_word' id='word_1_303' title='bbox 596 2495 770 2566; x_wconf 87' lang='lat' dir='ltr'>Cujus</span> <span class='ocrx_word' id='word_1_304' title='bbox 823 2495 883 2553; x_wconf 88' lang='lat' dir='ltr'>in</span> <span class='ocrx_word' id='word_1_305' title='bbox 935 2498 1051 2554; x_wconf 89' lang='lat' dir='ltr'>imo</span> <span class='ocrx_word' id='word_1_306' title='bbox 1110 2505 1448 2559; x_wconf 89' lang='lat' dir='ltr'>constructa</span> <span class='ocrx_word' id='word_1_307' title='bbox 1477 2510 1563 2560; x_wconf 90' lang='lat' dir='ltr'>est</span> <span class='ocrx_word' id='word_1_308' title='bbox 1610 2502 1823 2560; x_wconf 88' lang='lat' dir='ltr'>nobilis</span> 
     </span>
     <span class='ocr_line' id='line_1_44' title="bbox 172 2583 1823 2663; baseline 0.004 -20"><span class='ocrx_word' id='word_1_309' title='bbox 172 2584 418 2643; x_wconf 86' lang='lat' dir='ltr'>ecclesia</span> <span class='ocrx_word' id='word_1_310' title='bbox 449 2583 506 2640; x_wconf 89' lang='lat' dir='ltr'>in</span> <span class='ocrx_word' id='word_1_311' title='bbox 539 2583 755 2640; x_wconf 88' lang='lat' dir='ltr'>honore</span> <span class='ocrx_word' id='word_1_312' title='bbox 798 2585 897 2642; x_wconf 88' lang='lat' dir='ltr'>Dei</span> <span class='ocrx_word' id='word_1_313' title='bbox 948 2587 1278 2659; x_wconf 89' lang='lat' dir='ltr'>Genitricis‚</span> <span class='ocrx_word' id='word_1_314' title='bbox 1334 2590 1432 2644; x_wconf 87' lang='lat' dir='ltr'>ubi</span> <span class='ocrx_word' id='word_1_315' title='bbox 1491 2596 1549 2647; x_wconf 93' lang='lat' dir='ltr'>et</span> <span class='ocrx_word' id='word_1_316' title='bbox 1595 2591 1823 2663; x_wconf 85' lang='lat' dir='ltr'>sepulta</span> 
     </span>
     <span class='ocr_line' id='line_1_45' title="bbox 177 2673 1821 2751; baseline 0.004 -19"><span class='ocrx_word' id='word_1_317' title='bbox 177 2675 473 2744; x_wconf 89' lang='lat' dir='ltr'>creditur;</span> <span class='ocrx_word' id='word_1_318' title='bbox 507 2677 562 2730; x_wconf 91' lang='lat' dir='ltr'>et</span> <span class='ocrx_word' id='word_1_319' title='bbox 592 2673 905 2745; x_wconf 84' lang='lat' dir='ltr'>gloriosum</span> <span class='ocrx_word' id='word_1_320' title='bbox 936 2676 1066 2748; x_wconf 84' lang='lat' dir='ltr'>ejus</span> <span class='ocrx_word' id='word_1_321' title='bbox 1098 2692 1284 2750; x_wconf 88' lang='lat' dir='ltr'>usque</span> <span class='ocrx_word' id='word_1_322' title='bbox 1312 2679 1508 2751; x_wconf 89' lang='lat' dir='ltr'>bodie,</span> <span class='ocrx_word' id='word_1_323' title='bbox 1541 2682 1821 2739; x_wconf 87' lang='lat' dir='ltr'>acceden-</span> 
     </span>
     <span class='ocr_line' id='line_1_46' title="bbox 178 2763 1821 2844; baseline 0.004 -21"><span class='ocrx_word' id='word_1_324' title='bbox 178 2765 342 2823; x_wconf 85' lang='lat' dir='ltr'>tibus</span> <span class='ocrx_word' id='word_1_325' title='bbox 361 2763 616 2836; x_wconf 84' lang='lat' dir='ltr'>populis,</span> <span class='ocrx_word' id='word_1_326' title='bbox 634 2768 996 2822; x_wconf 88' lang='lat' dir='ltr'>monstratur</span> <span class='ocrx_word' id='word_1_327' title='bbox 1015 2767 1368 2838; x_wconf 88' lang='lat' dir='ltr'>sepulcrum.</span> <span class='ocrx_word' id='word_1_328' title='bbox 1384 2770 1505 2827; x_wconf 90' lang='lat' dir='ltr'>Sub</span> <span class='ocrx_word' id='word_1_329' title='bbox 1517 2787 1631 2844; x_wconf 86' lang='lat' dir='ltr'>qua</span> <span class='ocrx_word' id='word_1_330' title='bbox 1647 2773 1821 2829; x_wconf 87' lang='lat' dir='ltr'>etiam</span> 
     </span>
     <span class='ocr_line' id='line_1_47' title="bbox 176 2852 1820 2932; baseline 0.004 -21"><span class='ocrx_word' id='word_1_331' title='bbox 176 2859 410 2911; x_wconf 85' lang='lat' dir='ltr'>torrens</span> <span class='ocrx_word' id='word_1_332' title='bbox 434 2852 875 2925; x_wconf 84' lang='lat' dir='ltr'>Cedron,aquis</span> <span class='ocrx_word' id='word_1_333' title='bbox 915 2853 1265 2925; x_wconf 73' lang='lat' dir='ltr'>pluvialibus</span> <span class='ocrx_word' id='word_1_334' title='bbox 1292 2857 1482 2916; x_wconf 77' lang='lat' dir='ltr'>lactus</span> <span class='ocrx_word' id='word_1_335' title='bbox 1525 2860 1820 2932; x_wconf 77' lang='lat' dir='ltr'>tumidior,</span> 
     </span>
     <span class='ocr_line' id='line_1_48' title="bbox 174 2939 1818 3020; baseline 0.007 -25"><span class='ocrx_word' id='word_1_336' title='bbox 174 2939 434 2996; x_wconf 85' lang='lat' dir='ltr'>hibernis</span> <span class='ocrx_word' id='word_1_337' title='bbox 457 2939 759 2996; x_wconf 88' lang='lat' dir='ltr'>mensibus</span> <span class='ocrx_word' id='word_1_338' title='bbox 778 2941 1033 2998; x_wconf 86' lang='lat' dir='ltr'>defluere</span> <span class='ocrx_word' id='word_1_339' title='bbox 1062 2947 1386 3015; x_wconf 85' lang='lat' dir='ltr'>consuevit,</span> <span class='ocrx_word' id='word_1_340' title='bbox 1434 2947 1604 3020; x_wconf 88' lang='lat' dir='ltr'>cujus</span> <span class='ocrx_word' id='word_1_341' title='bbox 1655 2964 1818 3006; x_wconf 86' lang='lat' dir='ltr'>men·</span> 
     </span>
     <span class='ocr_line' id='line_1_49' title="bbox 180 3029 1820 3106; baseline 0.005 -18"><span class='ocrx_word' id='word_1_342' title='bbox 180 3030 395 3088; x_wconf 83' lang='lat' dir='ltr'>tionem</span> <span class='ocrx_word' id='word_1_343' title='bbox 428 3029 636 3086; x_wconf 88' lang='lat' dir='ltr'>beatus</span> <span class='ocrx_word' id='word_1_344' title='bbox 691 3033 945 3087; x_wconf 80' lang='lat' dir='ltr'>Joannes</span> <span class='ocrx_word' id='word_1_345' title='bbox 1001 3033 1359 3106; x_wconf 86' lang='lat' dir='ltr'>evangelista</span> <span class='ocrx_word' id='word_1_346' title='bbox 1394 3037 1530 3093; x_wconf 72' lang='lat' dir='ltr'>facit</span> <span class='ocrx_word' id='word_1_347' title='bbox 1587 3039 1820 3096; x_wconf 87' lang='lat' dir='ltr'>dicens:</span> 
     </span>
     <span class='ocr_line' id='line_1_50' title="bbox 174 3119 1826 3191; baseline 0.005 -14"><span class='ocrx_word' id='word_1_348' title='bbox 174 3122 446 3189; x_wconf 68' lang='lat' dir='ltr'>Epi-ossus</span> <span class='ocrx_word' id='word_1_349' title='bbox 502 3119 655 3175; x_wconf 75' lang='lat' dir='ltr'>Iesus</span> <span class='ocrx_word' id='word_1_350' title='bbox 707 3128 860 3177; x_wconf 77' lang='lat' dir='ltr'>trans</span> <span class='ocrx_word' id='word_1_351' title='bbox 898 3124 1196 3179; x_wconf 80' lang='lat' dir='ltr'>torrentem</span> <span class='ocrx_word' id='word_1_352' title='bbox 1254 3124 1482 3191; x_wconf 83' lang='lat' dir='ltr'>Cedron,</span> <span class='ocrx_word' id='word_1_353' title='bbox 1550 3130 1646 3184; x_wconf 79' lang='lat' dir='ltr'>ubi</span> <span class='ocrx_word' id='word_1_354' title='bbox 1700 3136 1826 3185; x_wconf 82' lang='lat' dir='ltr'>erat</span> 
     </span>
     <span class='ocr_line' id='line_1_51' title="bbox 178 3210 1826 3282; baseline 0.007 -16"><span class='ocrx_word' id='word_1_355' title='bbox 178 3210 898 3282; x_wconf 74' lang='lat' dir='ltr'>hortus(soan.xv111,1),</span> <span class='ocrx_word' id='word_1_356' title='bbox 940 3219 993 3268; x_wconf 91' lang='lat' dir='ltr'>et</span> <span class='ocrx_word' id='word_1_357' title='bbox 1038 3216 1262 3271; x_wconf 78' lang='lat' dir='ltr'>caetera.</span> <span class='ocrx_word' id='word_1_358' title='bbox 1311 3215 1396 3271; x_wconf 82' lang='lat' dir='ltr'>Ab</span> <span class='ocrx_word' id='word_1_359' title='bbox 1452 3226 1648 3275; x_wconf 88' lang='lat' dir='ltr'>austro</span> <span class='ocrx_word' id='word_1_360' title='bbox 1695 3236 1826 3277; x_wconf 85' lang='lat' dir='ltr'>vero</span> 
     </span>
     <span class='ocr_line' id='line_1_52' title="bbox 174 3292 1827 3373; baseline 0.007 -19"><span class='ocrx_word' id='word_1_361' title='bbox 174 3298 388 3355; x_wconf 76' lang='lat' dir='ltr'>vallem</span> <span class='ocrx_word' id='word_1_362' title='bbox 419 3298 597 3355; x_wconf 89' lang='lat' dir='ltr'>habet</span> <span class='ocrx_word' id='word_1_363' title='bbox 627 3299 906 3370; x_wconf 64' lang='lat' dir='ltr'>predictae</span> <span class='ocrx_word' id='word_1_364' title='bbox 932 3292 1291 3373; x_wconf 76' lang='lat' dir='ltr'>contiguam,</span> <span class='ocrx_word' id='word_1_365' title='bbox 1322 3303 1417 3360; x_wconf 89' lang='lat' dir='ltr'>cui</span> <span class='ocrx_word' id='word_1_366' title='bbox 1448 3309 1674 3363; x_wconf 84' lang='lat' dir='ltr'>&#39;nomen</span> <span class='ocrx_word' id='word_1_367' title='bbox 1706 3312 1827 3366; x_wconf 83' lang='lat' dir='ltr'>En-</span> 
     </span>
     <span class='ocr_line' id='line_1_53' title="bbox 181 3388 1828 3461; baseline 0.006 -17"><span class='ocrx_word' id='word_1_368' title='bbox 181 3403 322 3456; x_wconf 86' lang='lat' dir='ltr'>non,</span> <span class='ocrx_word' id='word_1_369' title='bbox 356 3403 484 3459; x_wconf 66' lang='lat' dir='ltr'>qum</span> <span class='ocrx_word' id='word_1_370' title='bbox 516 3388 1011 3459; x_wconf 84' lang='lat' dir='ltr'>eurtieBenjamin</span> <span class='ocrx_word' id='word_1_371' title='bbox 1029 3391 1274 3461; x_wconf 65' lang='lat' dir='ltr'>eunde,</span> <span class='ocrx_word' id='word_1_372' title='bbox 1311 3391 1368 3449; x_wconf 89' lang='lat' dir='ltr'>in</span> <span class='ocrx_word' id='word_1_373' title='bbox 1394 3393 1652 3452; x_wconf 72' lang='lat' dir='ltr'>funiculo</span> <span class='ocrx_word' id='word_1_374' title='bbox 1708 3399 1828 3455; x_wconf 91' lang='lat' dir='ltr'>dis-</span> 
     </span>
     <span class='ocr_line' id='line_1_54' title="bbox 180 3474 1831 3547; baseline 0.007 -15"><span class='ocrx_word' id='word_1_375' title='bbox 180 3476 540 3535; x_wconf 81' lang='lat' dir='ltr'>tributionis</span> <span class='ocrx_word' id='word_1_376' title='bbox 596 3474 767 3534; x_wconf 87' lang='lat' dir='ltr'>limes</span> <span class='ocrx_word' id='word_1_377' title='bbox 822 3478 955 3547; x_wconf 76' lang='lat' dir='ltr'>luit,</span> <span class='ocrx_word' id='word_1_378' title='bbox 999 3478 1172 3537; x_wconf 86' lang='lat' dir='ltr'>sicuti</span> <span class='ocrx_word' id='word_1_379' title='bbox 1224 3481 1283 3537; x_wconf 92' lang='lat' dir='ltr'>in</span> <span class='ocrx_word' id='word_1_380' title='bbox 1338 3486 1515 3541; x_wconf 81' lang='lat' dir='ltr'>Josue</span> <span class='ocrx_word' id='word_1_381' title='bbox 1557 3486 1831 3545; x_wconf 86' lang='lat' dir='ltr'>scribitur</span> 
     </span>
     <span class='ocr_line' id='line_1_55' title="bbox 188 3564 1825 3645; baseline 0.007 -25"><span class='ocrx_word' id='word_1_382' title='bbox 188 3564 338 3637; x_wconf 84' lang='lat' dir='ltr'>(cap.</span> <span class='ocrx_word' id='word_1_383' title='bbox 369 3581 460 3635; x_wconf 83' lang='lat' dir='ltr'>xv,</span> <span class='ocrx_word' id='word_1_384' title='bbox 490 3566 583 3639; x_wconf 89' lang='lat'>8):</span> <span class='ocrx_word' id='word_1_385' title='bbox 625 3565 980 3639; x_wconf 78' lang='lat' dir='ltr'>Ascenditquc</span> <span class='ocrx_word' id='word_1_386' title='bbox 1000 3583 1102 3641; x_wconf 77' lang='lat' dir='ltr'>por·</span> <span class='ocrx_word' id='word_1_387' title='bbox 1128 3571 1429 3629; x_wconf 79' lang='lat' dir='ltr'>convallem</span> <span class='ocrx_word' id='word_1_388' title='bbox 1458 3573 1571 3645; x_wconf 78' lang='lat' dir='ltr'>filii</span> <span class='ocrx_word' id='word_1_389' title='bbox 1609 3575 1825 3644; x_wconf 75' lang='lat' dir='ltr'>Ennea,</span> 
     </span>
     <span class='ocr_line' id='line_1_56' title="bbox 197 3654 1830 3730; baseline 0.009 -21"><span class='ocrx_word' id='word_1_390' title='bbox 197 3669 272 3710; x_wconf 77' lang='lat' dir='ltr'>ex</span> <span class='ocrx_word' id='word_1_391' title='bbox 299 3654 471 3711; x_wconf 79' lang='lat' dir='ltr'>latere</span> <span class='ocrx_word' id='word_1_392' title='bbox 488 3654 725 3714; x_wconf 67' lang='lat' dir='ltr'>lebusaei</span> <span class='ocrx_word' id='word_1_393' title='bbox 752 3655 824 3712; x_wconf 83' lang='lat' dir='ltr'>ad</span> <span class='ocrx_word' id='word_1_394' title='bbox 867 3658 1185 3729; x_wconf 79' lang='lat' dir='ltr'>meridiem,</span> <span class='ocrx_word' id='word_1_395' title='bbox 1236 3661 1334 3717; x_wconf 81' lang='lat' dir='ltr'>hoc</span> <span class='ocrx_word' id='word_1_396' title='bbox 1376 3665 1453 3719; x_wconf 80' lang='lat' dir='ltr'>est</span> <span class='ocrx_word' id='word_1_397' title='bbox 1496 3664 1830 3730; x_wconf 77' lang='lat' dir='ltr'>Jerusalem,-</span> 
     </span>
     <span class='ocr_line' id='line_1_57' title="bbox 182 3742 1832 3823; baseline 0.007 -23"><span class='ocrx_word' id='word_1_398' title='bbox 182 3750 236 3800; x_wconf 65' lang='grc' dir='ltr'>οἱ</span> <span class='ocrx_word' id='word_1_399' title='bbox 260 3742 389 3800; x_wconf 77' lang='lat' dir='ltr'>inde</span> <span class='ocrx_word' id='word_1_400' title='bbox 405 3744 690 3815; x_wconf 75' lang='lat' dir='ltr'>sceripens</span> <span class='ocrx_word' id='word_1_401' title='bbox 719 3744 789 3800; x_wconf 83' lang='lat' dir='ltr'>ad</span> <span class='ocrx_word' id='word_1_402' title='bbox 813 3748 1073 3803; x_wconf 77' lang='lat' dir='ltr'>verticem</span> <span class='ocrx_word' id='word_1_403' title='bbox 1114 3752 1317 3807; x_wconf 78' lang='lat' dir='ltr'>montis</span> <span class='ocrx_word' id='word_1_404' title='bbox 1365 3753 1464 3823; x_wconf 80' lang='lat' dir='ltr'>qui</span> <span class='ocrx_word' id='word_1_405' title='bbox 1520 3762 1599 3810; x_wconf 80' lang='lat' dir='ltr'>est</span> <span class='ocrx_word' id='word_1_406' title='bbox 1640 3758 1832 3811; x_wconf 81' lang='lat' dir='ltr'>contra</span> 
     </span>
     <span class='ocr_line' id='line_1_58' title="bbox 184 3831 1831 3913; baseline 0.007 -25"><span class='ocrx_word' id='word_1_407' title='bbox 184 3831 482 3888; x_wconf 74' lang='lat' dir='ltr'>Gchennon</span> <span class='ocrx_word' id='word_1_408' title='bbox 515 3831 588 3887; x_wconf 82' lang='lat' dir='ltr'>ad</span> <span class='ocrx_word' id='word_1_409' title='bbox 633 3833 998 3904; x_wconf 79' lang='lat' dir='ltr'>occidentem,·</span> <span class='ocrx_word' id='word_1_410' title='bbox 1058 3835 1115 3891; x_wconf 90' lang='lat' dir='ltr'>in</span> <span class='ocrx_word' id='word_1_411' title='bbox 1149 3854 1265 3909; x_wconf 88' lang='lat' dir='ltr'>qua</span> <span class='ocrx_word' id='word_1_412' title='bbox 1315 3838 1489 3896; x_wconf 89' lang='lat' dir='ltr'>hodie</span> <span class='ocrx_word' id='word_1_413' title='bbox 1521 3841 1590 3898; x_wconf 89' lang='lat' dir='ltr'>de</span> <span class='ocrx_word' id='word_1_414' title='bbox 1648 3843 1831 3913; x_wconf 90' lang='lat' dir='ltr'>pretio</span> 
     </span>
     <span class='ocr_line' id='line_1_59' title="bbox 184 3920 1832 4004; baseline 0.008 -28"><span class='ocrx_word' id='word_1_415' title='bbox 184 3920 528 3989; x_wconf 75' lang='lat' dir='ltr'>SalvatoriS,</span> <span class='ocrx_word' id='word_1_416' title='bbox 563 3938 664 3991; x_wconf 87' lang='lat' dir='ltr'>pro</span> <span class='ocrx_word' id='word_1_417' title='bbox 699 3938 813 3993; x_wconf 87' lang='lat' dir='ltr'>quo</span> <span class='ocrx_word' id='word_1_418' title='bbox 841 3924 1050 3994; x_wconf 75' lang='lat' dir='ltr'>sudas,</span> <span class='ocrx_word' id='word_1_419' title='bbox 1087 3932 1368 3985; x_wconf 81' lang='lat' dir='ltr'>mercator</span> <span class='ocrx_word' id='word_1_420' title='bbox 1390 3929 1700 4004; x_wconf 89' lang='lat' dir='ltr'>pessimus,</span> <span class='ocrx_word' id='word_1_421' title='bbox 1724 3933 1832 3989; x_wconf 87' lang='lat' dir='ltr'>Do·</span> 
     </span>
     <span class='ocr_line' id='line_1_60' title="bbox 189 4009 1833 4093; baseline 0.009 -29"><span class='ocrx_word' id='word_1_422' title='bbox 189 4009 417 4065; x_wconf 87' lang='lat' dir='ltr'>minum</span> <span class='ocrx_word' id='word_1_423' title='bbox 447 4009 666 4066; x_wconf 80' lang='lat' dir='ltr'>Judaeis</span> <span class='ocrx_word' id='word_1_424' title='bbox 705 4013 967 4081; x_wconf 77' lang='lat' dir='ltr'>tradidit,</span> <span class='ocrx_word' id='word_1_425' title='bbox 1020 4032 1155 4086; x_wconf 81' lang='lat' dir='ltr'>ager</span> <span class='ocrx_word' id='word_1_426' title='bbox 1201 4022 1430 4090; x_wconf 87' lang='lat' dir='ltr'>emptus</span> <span class='ocrx_word' id='word_1_427' title='bbox 1481 4022 1833 4093; x_wconf 76' lang='lat' dir='ltr'>ostenditur,</span> 
     </span>
    </p>
   </div>
   <div class='ocr_carea' id='block_1_11' title="bbox 190 4097 1841 4448">
    <p class='ocr_par' dir='ltr' id='par_1_11' title="bbox 190 4097 1841 4448">
     <span class='ocr_line' id='line_1_61' title="bbox 190 4097 1832 4177; baseline 0.01 -26"><span class='ocrx_word' id='word_1_428' title='bbox 190 4097 249 4152; x_wconf 88' lang='lat' dir='ltr'>in</span> <span class='ocrx_word' id='word_1_429' title='bbox 280 4097 644 4168; x_wconf 84' lang='lat' dir='ltr'>sepulturam</span> <span class='ocrx_word' id='word_1_430' title='bbox 670 4100 1104 4172; x_wconf 83' lang='lat' dir='ltr'>peregrinorum</span> <span class='ocrx_word' id='word_1_431' title='bbox 1137 4105 1469 4177; x_wconf 86' lang='lat' dir='ltr'>deputatus,</span> <span class='ocrx_word' id='word_1_432' title='bbox 1502 4109 1593 4166; x_wconf 90' lang='lat' dir='ltr'>cui</span> <span class='ocrx_word' id='word_1_433' title='bbox 1619 4126 1832 4167; x_wconf 91' lang='lat' dir='ltr'>nomen</span> 
     </span>
     <span class='ocr_line' id='line_1_62' title="bbox 192 4184 1834 4269; baseline 0.01 -29"><span class='ocrx_word' id='word_1_434' title='bbox 192 4184 601 4242; x_wconf 65' lang='lat' dir='ltr'>acheldemac.</span> <span class='ocrx_word' id='word_1_435' title='bbox 635 4186 714 4242; x_wconf 88' lang='lat' dir='ltr'>De</span> <span class='ocrx_word' id='word_1_436' title='bbox 741 4186 844 4242; x_wconf 88' lang='lat' dir='ltr'>hae</span> <span class='ocrx_word' id='word_1_437' title='bbox 874 4190 1043 4246; x_wconf 84' lang='lat' dir='ltr'>etiam</span> <span class='ocrx_word' id='word_1_438' title='bbox 1072 4191 1223 4249; x_wconf 83' lang='lat' dir='ltr'>valle</span> <span class='ocrx_word' id='word_1_439' title='bbox 1260 4195 1317 4249; x_wconf 90' lang='lat' dir='ltr'>in</span> <span class='ocrx_word' id='word_1_440' title='bbox 1358 4195 1834 4269; x_wconf 72' lang='lat' dir='ltr'>Paralipomenon</span> 
     </span>
     <span class='ocr_line' id='line_1_63' title="bbox 198 4271 1837 4360; baseline 0.011 -33"><span class='ocrx_word' id='word_1_441' title='bbox 198 4271 482 4327; x_wconf 73' lang='lat' dir='ltr'>scribitur</span> <span class='ocrx_word' id='word_1_442' title='bbox 511 4273 609 4341; x_wconf 85' lang='lat' dir='ltr'>ita,</span> <span class='ocrx_word' id='word_1_443' title='bbox 645 4271 824 4344; x_wconf 81' lang='lat' dir='ltr'>litque</span> <span class='ocrx_word' id='word_1_444' title='bbox 852 4292 1046 4334; x_wconf 89' lang='lat' dir='ltr'>sermo</span> <span class='ocrx_word' id='word_1_445' title='bbox 1077 4279 1149 4335; x_wconf 90' lang='lat' dir='ltr'>de</span> <span class='ocrx_word' id='word_1_446' title='bbox 1189 4281 1413 4339; x_wconf 79' lang='lat' dir='ltr'>Achaz:</span> <span class='ocrx_word' id='word_1_447' title='bbox 1460 4286 1577 4356; x_wconf 82' lang='lat' dir='ltr'>Ipse</span> <span class='ocrx_word' id='word_1_448' title='bbox 1632 4288 1837 4360; x_wconf 78' lang='lat' dir='ltr'>estqui</span> 
     </span>
     <span class='ocr_line' id='line_1_64' title="bbox 192 4358 1841 4448; baseline 0.013 -34"><span class='ocrx_word' id='word_1_449' title='bbox 192 4358 431 4415; x_wconf 77' lang='lat' dir='ltr'>adolevit</span> <span class='ocrx_word' id='word_1_450' title='bbox 457 4362 743 4416; x_wconf 75' lang='lat' dir='ltr'>incensum</span> <span class='ocrx_word' id='word_1_451' title='bbox 775 4362 833 4418; x_wconf 81' lang='lat' dir='ltr'>in</span> <span class='ocrx_word' id='word_1_452' title='bbox 868 4364 1013 4421; x_wconf 78' lang='lat' dir='ltr'>valle</span> <span class='ocrx_word' id='word_1_453' title='bbox 1057 4369 1278 4437; x_wconf 76' lang='lat' dir='ltr'>Ennea,</span> <span class='ocrx_word' id='word_1_454' title='bbox 1310 4376 1361 4427; x_wconf 82' lang='lat' dir='ltr'>et</span> <span class='ocrx_word' id='word_1_455' title='bbox 1398 4374 1653 4434; x_wconf 76' lang='lat' dir='ltr'>lustravit</span> <span class='ocrx_word' id='word_1_456' title='bbox 1696 4377 1841 4448; x_wconf 78' lang='lat' dir='ltr'>filios</span> 
     </span>
    </p>
   </div>
   <div class='ocr_carea' id='block_1_12' title="bbox 1929 1772 3600 4449">
    <p class='ocr_par' dir='ltr' id='par_1_12' title="bbox 1929 1772 3600 4449">
     <span class='ocr_line' id='line_1_65' title="bbox 1929 1772 3579 1845; baseline -0.005 -8"><span class='ocrx_word' id='word_1_457' title='bbox 1929 1797 2082 1837; x_wconf 76' lang='lat' dir='ltr'>mum</span> <span class='ocrx_word' id='word_1_458' title='bbox 2111 1780 2322 1836; x_wconf 87' lang='lat' dir='ltr'>domini</span> <span class='ocrx_word' id='word_1_459' title='bbox 2338 1780 2398 1834; x_wconf 89' lang='lat' dir='ltr'>in</span> <span class='ocrx_word' id='word_1_460' title='bbox 2414 1775 2720 1834; x_wconf 77' lang='lat' dir='ltr'>Jerusalem</span> <span class='ocrx_word' id='word_1_461' title='bbox 2744 1774 2804 1830; x_wconf 89' lang='lat' dir='ltr'>in</span> <span class='ocrx_word' id='word_1_462' title='bbox 2824 1777 3004 1830; x_wconf 78' lang='lat' dir='ltr'>monte</span> <span class='ocrx_word' id='word_1_463' title='bbox 3022 1773 3218 1845; x_wconf 63' lang='lat' dir='ltr'>floria,</span> <span class='ocrx_word' id='word_1_464' title='bbox 3240 1775 3340 1844; x_wconf 80' lang='lat' dir='ltr'>qui</span> <span class='ocrx_word' id='word_1_465' title='bbox 3353 1772 3579 1830; x_wconf 79' lang='lat' dir='ltr'>demon-</span> 
     </span>
     <span class='ocr_line' id='line_1_66' title="bbox 1930 1862 3587 1940; baseline -0.005 -13"><span class='ocrx_word' id='word_1_466' title='bbox 1930 1876 2137 1927; x_wconf 80' lang='lat' dir='ltr'>stratus</span> <span class='ocrx_word' id='word_1_467' title='bbox 2153 1871 2343 1940; x_wconf 74' lang='lat' dir='ltr'>fuerat</span> <span class='ocrx_word' id='word_1_468' title='bbox 2372 1866 2550 1923; x_wconf 80' lang='lat' dir='ltr'>David</span> <span class='ocrx_word' id='word_1_469' title='bbox 2575 1866 2757 1937; x_wconf 76' lang='lat' dir='ltr'>patris</span> <span class='ocrx_word' id='word_1_470' title='bbox 2769 1865 2905 1936; x_wconf 52' lang='grc' dir='ltr'>σίας,</span> <span class='ocrx_word' id='word_1_471' title='bbox 2930 1864 2991 1919; x_wconf 90' lang='lat' dir='ltr'>in</span> <span class='ocrx_word' id='word_1_472' title='bbox 3011 1862 3124 1919; x_wconf 84' lang='lat' dir='ltr'>loco</span> <span class='ocrx_word' id='word_1_473' title='bbox 3153 1877 3313 1935; x_wconf 79' lang='lat' dir='ltr'>quem</span> <span class='ocrx_word' id='word_1_474' title='bbox 3339 1878 3587 1935; x_wconf 79' lang='lat' dir='ltr'>parave-</span> 
     </span>
     <span class='ocr_line' id='line_1_67' title="bbox 1931 1951 3588 2024; baseline -0.006 -7"><span class='ocrx_word' id='word_1_475' title='bbox 1931 1968 2020 2017; x_wconf 82' lang='lat' dir='ltr'>rat</span> <span class='ocrx_word' id='word_1_476' title='bbox 2040 1958 2211 2016; x_wconf 81' lang='lat' dir='ltr'>David</span> <span class='ocrx_word' id='word_1_477' title='bbox 2233 1958 2292 2013; x_wconf 87' lang='lat' dir='ltr'>in</span> <span class='ocrx_word' id='word_1_478' title='bbox 2323 1956 2613 2012; x_wconf 79' lang='lat' dir='ltr'>areaOrna</span> <span class='ocrx_word' id='word_1_479' title='bbox 2631 1954 2861 2011; x_wconf 77' lang='lat' dir='ltr'>lebusaei</span> <span class='ocrx_word' id='word_1_480' title='bbox 2882 1953 2952 2024; x_wconf 87' lang='lat'>(11</span> <span class='ocrx_word' id='word_1_481' title='bbox 2972 1957 3096 2008; x_wconf 81' lang='lat' dir='ltr'>Par.</span> <span class='ocrx_word' id='word_1_482' title='bbox 3132 1967 3216 2020; x_wconf 88' lang='grc' dir='ltr'>ιιι,</span> <span class='ocrx_word' id='word_1_483' title='bbox 3240 1951 3313 2024; x_wconf 91' lang='grc'>1).</span> <span class='ocrx_word' id='word_1_484' title='bbox 3341 1953 3407 2009; x_wconf 86' lang='lat' dir='ltr'>ln</span> <span class='ocrx_word' id='word_1_485' title='bbox 3421 1951 3588 2009; x_wconf 88' lang='lat' dir='ltr'>oeci-</span> 
     </span>
     <span class='ocr_line' id='line_1_68' title="bbox 1933 2040 3591 2121; baseline -0.005 -15"><span class='ocrx_word' id='word_1_486' title='bbox 1933 2049 2154 2106; x_wconf 88' lang='lat' dir='ltr'>dentali</span> <span class='ocrx_word' id='word_1_487' title='bbox 2172 2063 2307 2121; x_wconf 86' lang='lat' dir='ltr'>ergo</span> <span class='ocrx_word' id='word_1_488' title='bbox 2326 2045 2492 2120; x_wconf 83' lang='lat' dir='ltr'>quasi</span> <span class='ocrx_word' id='word_1_489' title='bbox 2508 2046 2566 2101; x_wconf 90' lang='lat' dir='ltr'>in</span> <span class='ocrx_word' id='word_1_490' title='bbox 2589 2059 2862 2115; x_wconf 88' lang='lat' dir='ltr'>supremo</span> <span class='ocrx_word' id='word_1_491' title='bbox 2879 2042 3095 2098; x_wconf 88' lang='lat' dir='ltr'>montis</span> <span class='ocrx_word' id='word_1_492' title='bbox 3107 2040 3321 2098; x_wconf 86' lang='lat' dir='ltr'>vertice</span> <span class='ocrx_word' id='word_1_493' title='bbox 3338 2041 3591 2098; x_wconf 86' lang='lat' dir='ltr'>ecclesia</span> 
     </span>
     <span class='ocr_line' id='line_1_69' title="bbox 1932 2130 3592 2211; baseline -0.004 -15"><span class='ocrx_word' id='word_1_494' title='bbox 1932 2142 2038 2209; x_wconf 89' lang='lat' dir='ltr'>est,</span> <span class='ocrx_word' id='word_1_495' title='bbox 2071 2155 2202 2211; x_wconf 78' lang='lat' dir='ltr'>quae</span> <span class='ocrx_word' id='word_1_496' title='bbox 2222 2136 2458 2194; x_wconf 88' lang='lat' dir='ltr'>nomine</span> <span class='ocrx_word' id='word_1_497' title='bbox 2480 2132 2693 2190; x_wconf 80' lang='lat' dir='ltr'>montis</span> <span class='ocrx_word' id='word_1_498' title='bbox 2716 2131 2932 2189; x_wconf 89' lang='lat' dir='ltr'>dicitur</span> <span class='ocrx_word' id='word_1_499' title='bbox 2961 2131 3137 2197; x_wconf 90' lang='lat' dir='ltr'>Sion,·</span> <span class='ocrx_word' id='word_1_500' title='bbox 3167 2134 3225 2188; x_wconf 88' lang='lat' dir='ltr'>et</span> <span class='ocrx_word' id='word_1_501' title='bbox 3253 2146 3372 2188; x_wconf 88' lang='lat' dir='ltr'>non</span> <span class='ocrx_word' id='word_1_502' title='bbox 3409 2130 3592 2205; x_wconf 84' lang='lat' dir='ltr'>longe</span> 
     </span>
     <span class='ocr_line' id='line_1_70' title="bbox 1933 2219 3584 2294; baseline -0.005 -8"><span class='ocrx_word' id='word_1_503' title='bbox 1933 2230 2005 2286; x_wconf 86' lang='lat' dir='ltr'>ab</span> <span class='ocrx_word' id='word_1_504' title='bbox 2036 2245 2103 2285; x_wconf 87' lang='lat' dir='ltr'>ea</span> <span class='ocrx_word' id='word_1_505' title='bbox 2136 2226 2311 2284; x_wconf 89' lang='lat' dir='ltr'>turris</span> <span class='ocrx_word' id='word_1_506' title='bbox 2363 2225 2563 2292; x_wconf 87' lang='lat' dir='ltr'>David,</span> <span class='ocrx_word' id='word_1_507' title='bbox 2606 2239 2777 2294; x_wconf 90' lang='lat' dir='ltr'>opere</span> <span class='ocrx_word' id='word_1_508' title='bbox 2826 2225 3167 2279; x_wconf 85' lang='lat' dir='ltr'>constructa</span> <span class='ocrx_word' id='word_1_509' title='bbox 3216 2219 3584 2278; x_wconf 88' lang='lat' dir='ltr'>solidissimo</span> 
     </span>
     <span class='ocr_line' id='line_1_71' title="bbox 1933 2311 3588 2391; baseline -0.004 -17"><span class='ocrx_word' id='word_1_510' title='bbox 1933 2334 2060 2391; x_wconf 81' lang='lat' dir='ltr'>quae</span> <span class='ocrx_word' id='word_1_511' title='bbox 2084 2316 2251 2390; x_wconf 85' lang='lat' dir='ltr'>quasi</span> <span class='ocrx_word' id='word_1_512' title='bbox 2279 2314 2618 2389; x_wconf 74' lang='lat' dir='ltr'>praesidium</span> <span class='ocrx_word' id='word_1_513' title='bbox 2644 2312 2894 2369; x_wconf 88' lang='lat' dir='ltr'>civitatis</span> <span class='ocrx_word' id='word_1_514' title='bbox 2924 2327 3059 2368; x_wconf 88' lang='lat' dir='ltr'>cum</span> <span class='ocrx_word' id='word_1_515' title='bbox 3081 2311 3365 2381; x_wconf 86' lang='lat' dir='ltr'>turribus,</span> <span class='ocrx_word' id='word_1_516' title='bbox 3397 2311 3588 2368; x_wconf 76' lang='lat' dir='ltr'>muris</span> 
     </span>
     <span class='ocr_line' id='line_1_72' title="bbox 1933 2401 3585 2472; baseline -0.005 -4"><span class='ocrx_word' id='word_1_517' title='bbox 1933 2413 1989 2468; x_wconf 87' lang='lat' dir='ltr'>et</span> <span class='ocrx_word' id='word_1_518' title='bbox 2017 2407 2482 2467; x_wconf 71' lang='lat' dir='ltr'>antemuralibus</span> <span class='ocrx_word' id='word_1_519' title='bbox 2534 2404 2641 2460; x_wconf 84' lang='lat' dir='ltr'>sibi</span> <span class='ocrx_word' id='word_1_520' title='bbox 2695 2402 2957 2472; x_wconf 81' lang='lat' dir='ltr'>annexis,</span> <span class='ocrx_word' id='word_1_521' title='bbox 3011 2402 3292 2458; x_wconf 77' lang='lat' dir='ltr'>universae</span> <span class='ocrx_word' id='word_1_522' title='bbox 3341 2401 3455 2458; x_wconf 87' lang='lat' dir='ltr'>sub</span> <span class='ocrx_word' id='word_1_523' title='bbox 3518 2417 3585 2460; x_wconf 82' lang='lat' dir='ltr'>se</span> 
     </span>
     <span class='ocr_line' id='line_1_73' title="bbox 1933 2492 3579 2574; baseline -0.006 -16"><span class='ocrx_word' id='word_1_524' title='bbox 1933 2501 2134 2574; x_wconf 77' lang='lat' dir='ltr'>positoe</span> <span class='ocrx_word' id='word_1_525' title='bbox 2167 2497 2508 2571; x_wconf 77' lang='lat' dir='ltr'>praeeminet</span> <span class='ocrx_word' id='word_1_526' title='bbox 2534 2495 2778 2553; x_wconf 82' lang='lat' dir='ltr'>civitati.</span> <span class='ocrx_word' id='word_1_527' title='bbox 2813 2496 2876 2550; x_wconf 88' lang='lat' dir='ltr'>ln</span> <span class='ocrx_word' id='word_1_528' title='bbox 2919 2494 3123 2549; x_wconf 89' lang='lat' dir='ltr'>eodem</span> <span class='ocrx_word' id='word_1_529' title='bbox 3171 2508 3430 2566; x_wconf 86' lang='lat' dir='ltr'>quoque,</span> <span class='ocrx_word' id='word_1_530' title='bbox 3478 2492 3579 2549; x_wconf 79' lang='lat' dir='ltr'>sed</span> 
     </span>
     <span class='ocr_line' id='line_1_74' title="bbox 1929 2581 3579 2660; baseline -0.005 -13"><span class='ocrx_word' id='word_1_531' title='bbox 1929 2590 1991 2646; x_wconf 88' lang='lat' dir='ltr'>in</span> <span class='ocrx_word' id='word_1_532' title='bbox 2021 2590 2235 2646; x_wconf 85' lang='lat' dir='ltr'>devexo</span> <span class='ocrx_word' id='word_1_533' title='bbox 2254 2587 2407 2660; x_wconf 90' lang='lat' dir='ltr'>quod</span> <span class='ocrx_word' id='word_1_534' title='bbox 2430 2586 2497 2642; x_wconf 88' lang='lat' dir='ltr'>ad</span> <span class='ocrx_word' id='word_1_535' title='bbox 2529 2585 2810 2641; x_wconf 80' lang='lat' dir='ltr'>orientem</span> <span class='ocrx_word' id='word_1_536' title='bbox 2836 2582 3092 2654; x_wconf 78' lang='lat' dir='ltr'>respicit,</span> <span class='ocrx_word' id='word_1_537' title='bbox 3115 2581 3231 2638; x_wconf 87' lang='lat' dir='ltr'>sita</span> <span class='ocrx_word' id='word_1_538' title='bbox 3249 2589 3338 2639; x_wconf 88' lang='lat' dir='ltr'>est</span> <span class='ocrx_word' id='word_1_539' title='bbox 3357 2585 3579 2641; x_wconf 68' lang='lat' dir='ltr'>sancto</span> 
     </span>
     <span class='ocr_line' id='line_1_75' title="bbox 1933 2672 3580 2744; baseline -0.003 -9"><span class='ocrx_word' id='word_1_540' title='bbox 1933 2677 2395 2736; x_wconf 87' lang='lat' dir='ltr'>Resurrectionis</span> <span class='ocrx_word' id='word_1_541' title='bbox 2433 2673 2693 2743; x_wconf 86' lang='lat' dir='ltr'>eeclesia,</span> <span class='ocrx_word' id='word_1_542' title='bbox 2754 2673 2937 2729; x_wconf 79' lang='lat' dir='ltr'>forma</span> <span class='ocrx_word' id='word_1_543' title='bbox 2992 2672 3223 2744; x_wconf 87' lang='lat' dir='ltr'>quidem</span> <span class='ocrx_word' id='word_1_544' title='bbox 3289 2674 3580 2742; x_wconf 81' lang='lat' dir='ltr'>rotunda;</span> 
     </span>
     <span class='ocr_line' id='line_1_76' title="bbox 1932 2761 3578 2840; baseline -0.004 -15"><span class='ocrx_word' id='word_1_545' title='bbox 1932 2785 2055 2840; x_wconf 67' lang='lat' dir='ltr'>quai</span> <span class='ocrx_word' id='word_1_546' title='bbox 2077 2765 2345 2837; x_wconf 85' lang='lat' dir='ltr'>quoniam</span> <span class='ocrx_word' id='word_1_547' title='bbox 2369 2763 2429 2821; x_wconf 88' lang='lat' dir='ltr'>in</span> <span class='ocrx_word' id='word_1_548' title='bbox 2455 2763 2677 2821; x_wconf 87' lang='lat' dir='ltr'>declivo</span> <span class='ocrx_word' id='word_1_549' title='bbox 2726 2761 2985 2835; x_wconf 80' lang='lat' dir='ltr'>praedieti</span> <span class='ocrx_word' id='word_1_550' title='bbox 3033 2761 3253 2818; x_wconf 89' lang='lat' dir='ltr'>montis</span> <span class='ocrx_word' id='word_1_551' title='bbox 3301 2761 3416 2818; x_wconf 83' lang='lat' dir='ltr'>sita</span> <span class='ocrx_word' id='word_1_552' title='bbox 3466 2767 3578 2830; x_wconf 82' lang='lat' dir='ltr'>eat,</span> 
     </span>
     <span class='ocr_line' id='line_1_77' title="bbox 1934 2849 3580 2921; baseline -0.002 -9"><span class='ocrx_word' id='word_1_553' title='bbox 1934 2860 1997 2912; x_wconf 89' lang='lat' dir='ltr'>ut</span> <span class='ocrx_word' id='word_1_554' title='bbox 2043 2855 2228 2912; x_wconf 88' lang='lat' dir='ltr'>clivus</span> <span class='ocrx_word' id='word_1_555' title='bbox 2283 2854 2472 2911; x_wconf 90' lang='lat' dir='ltr'>eidem</span> <span class='ocrx_word' id='word_1_556' title='bbox 2530 2853 2797 2908; x_wconf 90' lang='lat' dir='ltr'>eminens</span> <span class='ocrx_word' id='word_1_557' title='bbox 2852 2855 2911 2906; x_wconf 89' lang='lat' dir='ltr'>et</span> <span class='ocrx_word' id='word_1_558' title='bbox 2948 2850 3274 2921; x_wconf 81' lang='lat' dir='ltr'>contiguus,</span> <span class='ocrx_word' id='word_1_559' title='bbox 3303 2849 3580 2910; x_wconf 62' lang='lat' dir='ltr'>Ecclesia</span> 
     </span>
     <span class='ocr_line' id='line_1_78' title="bbox 1931 2940 3581 3020; baseline -0.003 -17"><span class='ocrx_word' id='word_1_560' title='bbox 1931 2961 2077 3020; x_wconf 89' lang='lat' dir='ltr'>pene</span> <span class='ocrx_word' id='word_1_561' title='bbox 2100 2947 2363 3018; x_wconf 82' lang='lat' dir='ltr'>superest</span> <span class='ocrx_word' id='word_1_562' title='bbox 2393 2940 2785 3008; x_wconf 86' lang='lat' dir='ltr'>altitudinem,</span> <span class='ocrx_word' id='word_1_563' title='bbox 2802 2946 2853 2996; x_wconf 88' lang='lat' dir='ltr'>et</span> <span class='ocrx_word' id='word_1_564' title='bbox 2876 2956 3004 2997; x_wconf 90' lang='lat' dir='ltr'>eam</span> <span class='ocrx_word' id='word_1_565' title='bbox 3021 2940 3209 2996; x_wconf 86' lang='lat' dir='ltr'>reddit</span> <span class='ocrx_word' id='word_1_566' title='bbox 3228 2941 3581 3014; x_wconf 86' lang='lat' dir='ltr'>obscuram;</span> 
     </span>
     <span class='ocr_line' id='line_1_79' title="bbox 1937 3031 3584 3105; baseline -0.002 -12"><span class='ocrx_word' id='word_1_567' title='bbox 1937 3041 2153 3093; x_wconf 87' lang='lat' dir='ltr'>tectum</span> <span class='ocrx_word' id='word_1_568' title='bbox 2186 3035 2385 3105; x_wconf 87' lang='lat' dir='ltr'>habet,</span> <span class='ocrx_word' id='word_1_569' title='bbox 2415 3033 2622 3091; x_wconf 88' lang='lat' dir='ltr'>erectis</span> <span class='ocrx_word' id='word_1_570' title='bbox 2652 3033 2712 3088; x_wconf 90' lang='lat' dir='ltr'>in</span> <span class='ocrx_word' id='word_1_571' title='bbox 2739 3031 2993 3089; x_wconf 89' lang='lat' dir='ltr'>sublime</span> <span class='ocrx_word' id='word_1_572' title='bbox 3013 3031 3306 3097; x_wconf 85' lang='lat' dir='ltr'>trabibus,</span> <span class='ocrx_word' id='word_1_573' title='bbox 3324 3036 3383 3088; x_wconf 89' lang='lat' dir='ltr'>et</span> <span class='ocrx_word' id='word_1_574' title='bbox 3434 3033 3584 3090; x_wconf 83' lang='lat' dir='ltr'>miro</span> 
     </span>
     <span class='ocr_line' id='line_1_80' title="bbox 1937 3121 3583 3193; baseline -0.002 -12"><span class='ocrx_word' id='word_1_575' title='bbox 1937 3125 2184 3182; x_wconf 81' lang='lat' dir='ltr'>artifieio</span> <span class='ocrx_word' id='word_1_576' title='bbox 2216 3126 2275 3182; x_wconf 91' lang='lat' dir='ltr'>in</span> <span class='ocrx_word' id='word_1_577' title='bbox 2298 3124 2539 3181; x_wconf 90' lang='lat' dir='ltr'>modum</span> <span class='ocrx_word' id='word_1_578' title='bbox 2569 3138 2794 3180; x_wconf 71' lang='lat' dir='ltr'>coronae</span> <span class='ocrx_word' id='word_1_579' title='bbox 2844 3121 3151 3187; x_wconf 80' lang='lat' dir='ltr'>contextis,</span> <span class='ocrx_word' id='word_1_580' title='bbox 3201 3127 3474 3193; x_wconf 88' lang='lat' dir='ltr'>apertum</span> <span class='ocrx_word' id='word_1_581' title='bbox 3524 3126 3583 3181; x_wconf 85' lang='lat' dir='ltr'>et</span> 
     </span>
     <span class='ocr_line' id='line_1_81' title="bbox 1933 3210 3590 3287; baseline -0.001 -16"><span class='ocrx_word' id='word_1_582' title='bbox 1933 3218 2209 3287; x_wconf 87' lang='lat' dir='ltr'>perpetuo</span> <span class='ocrx_word' id='word_1_583' title='bbox 2242 3218 2466 3285; x_wconf 88' lang='lat' dir='ltr'>patens,</span> <span class='ocrx_word' id='word_1_584' title='bbox 2498 3212 2655 3269; x_wconf 89' lang='lat' dir='ltr'>unde</span> <span class='ocrx_word' id='word_1_585' title='bbox 2702 3213 2902 3268; x_wconf 89' lang='lat' dir='ltr'>lumen</span> <span class='ocrx_word' id='word_1_586' title='bbox 2950 3210 3206 3268; x_wconf 70' lang='lat' dir='ltr'>ecelesia</span> <span class='ocrx_word' id='word_1_587' title='bbox 3257 3210 3590 3269; x_wconf 79' lang='lat' dir='ltr'>infunditur</span> 
     </span>
     <span class='ocr_line' id='line_1_82' title="bbox 1932 3299 3592 3376; baseline -0.002 -15"><span class='ocrx_word' id='word_1_588' title='bbox 1932 3303 2362 3373; x_wconf 78' lang='lat' dir='ltr'>necessarium3</span> <span class='ocrx_word' id='word_1_589' title='bbox 2394 3303 2502 3360; x_wconf 89' lang='lat' dir='ltr'>sub</span> <span class='ocrx_word' id='word_1_590' title='bbox 2528 3318 2642 3375; x_wconf 90' lang='lat' dir='ltr'>quo</span> <span class='ocrx_word' id='word_1_591' title='bbox 2674 3301 2838 3358; x_wconf 86' lang='lat' dir='ltr'>hiatu</span> <span class='ocrx_word' id='word_1_592' title='bbox 2869 3299 3067 3372; x_wconf 89' lang='lat' dir='ltr'>patulo</span> <span class='ocrx_word' id='word_1_593' title='bbox 3089 3299 3410 3359; x_wconf 73' lang='lat' dir='ltr'>Salvator-is</span> <span class='ocrx_word' id='word_1_594' title='bbox 3440 3302 3592 3376; x_wconf 86' lang='lat' dir='ltr'>posi·</span> 
     </span>
     <span class='ocr_line' id='line_1_83' title="bbox 1931 3392 3588 3450; baseline 0 -1"><span class='ocrx_word' id='word_1_595' title='bbox 1931 3396 2059 3450; x_wconf 87' lang='lat' dir='ltr'>tum</span> <span class='ocrx_word' id='word_1_596' title='bbox 2091 3396 2656 3450; x_wconf 88' lang='lat' dir='ltr'>estmonumentum.</span> <span class='ocrx_word' id='word_1_597' title='bbox 2680 3394 2859 3449; x_wconf 88' lang='lat' dir='ltr'>Porro</span> <span class='ocrx_word' id='word_1_598' title='bbox 2890 3398 3023 3447; x_wconf 80' lang='lat' dir='ltr'>ante</span> <span class='ocrx_word' id='word_1_599' title='bbox 3053 3394 3391 3448; x_wconf 85' lang='lat' dir='ltr'>nostrorum</span> <span class='ocrx_word' id='word_1_600' title='bbox 3429 3392 3588 3449; x_wconf 86' lang='lat' dir='ltr'>Lati-</span> 
     </span>
     <span class='ocr_line' id='line_1_84' title="bbox 1935 3480 3587 3554; baseline 0 -16"><span class='ocrx_word' id='word_1_601' title='bbox 1935 3498 2141 3540; x_wconf 87' lang='lat' dir='ltr'>norum</span> <span class='ocrx_word' id='word_1_602' title='bbox 2202 3481 2528 3551; x_wconf 87' lang='lat' dir='ltr'>introitum,</span> <span class='ocrx_word' id='word_1_603' title='bbox 2572 3481 2737 3539; x_wconf 89' lang='lat' dir='ltr'>loeus</span> <span class='ocrx_word' id='word_1_604' title='bbox 2790 3480 3109 3538; x_wconf 76' lang='lat' dir='ltr'>Dominieoe</span> <span class='ocrx_word' id='word_1_605' title='bbox 3159 3480 3458 3553; x_wconf 78' lang='lat' dir='ltr'>passionis</span> <span class='ocrx_word' id='word_1_606' title='bbox 3488 3482 3587 3554; x_wconf 88' lang='lat' dir='ltr'>qui</span> 
     </span>
     <span class='ocr_line' id='line_1_85' title="bbox 1935 3567 3587 3642; baseline -0.002 -17"><span class='ocrx_word' id='word_1_607' title='bbox 1935 3570 2153 3627; x_wconf 87' lang='lat' dir='ltr'>dicitur</span> <span class='ocrx_word' id='word_1_608' title='bbox 2184 3569 2457 3627; x_wconf 80' lang='lat' dir='ltr'>Calvariae</span> <span class='ocrx_word' id='word_1_609' title='bbox 2490 3569 2610 3626; x_wconf 86' lang='lat' dir='ltr'>sive</span> <span class='ocrx_word' id='word_1_610' title='bbox 2640 3569 2960 3642; x_wconf 84' lang='lat' dir='ltr'>Golgatha;</span> <span class='ocrx_word' id='word_1_611' title='bbox 2994 3575 3052 3628; x_wconf 91' lang='lat' dir='ltr'>et</span> <span class='ocrx_word' id='word_1_612' title='bbox 3087 3570 3188 3628; x_wconf 87' lang='lat' dir='ltr'>ubi</span> <span class='ocrx_word' id='word_1_613' title='bbox 3247 3571 3430 3629; x_wconf 86' lang='lat' dir='ltr'>etiam</span> <span class='ocrx_word' id='word_1_614' title='bbox 3471 3567 3587 3624; x_wconf 82' lang='lat' dir='ltr'>vivi</span> 
     </span>
     <span class='ocr_line' id='line_1_86' title="bbox 1937 3655 3589 3732; baseline -0.002 -16"><span class='ocrx_word' id='word_1_615' title='bbox 1937 3658 2057 3716; x_wconf 67' lang='lat' dir='ltr'>ficte</span> <span class='ocrx_word' id='word_1_616' title='bbox 2088 3660 2281 3716; x_wconf 88' lang='lat' dir='ltr'>crucis</span> <span class='ocrx_word' id='word_1_617' title='bbox 2303 3660 2527 3732; x_wconf 85' lang='lat' dir='ltr'>lignum</span> <span class='ocrx_word' id='word_1_618' title='bbox 2561 3664 2856 3732; x_wconf 88' lang='lat' dir='ltr'>repertum</span> <span class='ocrx_word' id='word_1_619' title='bbox 2891 3657 3077 3715; x_wconf 72' lang='lat' dir='ltr'>luisse</span> <span class='ocrx_word' id='word_1_620' title='bbox 3109 3658 3365 3729; x_wconf 87' lang='lat' dir='ltr'>dicitur;</span> <span class='ocrx_word' id='word_1_621' title='bbox 3400 3661 3461 3716; x_wconf 82' lang='lat' dir='ltr'>et</span> <span class='ocrx_word' id='word_1_622' title='bbox 3491 3655 3589 3714; x_wconf 87' lang='lat' dir='ltr'>ubi</span> 
     </span>
     <span class='ocr_line' id='line_1_87' title="bbox 1935 3748 3591 3820; baseline -0.002 -13"><span class='ocrx_word' id='word_1_623' title='bbox 1935 3749 2112 3807; x_wconf 86' lang='lat' dir='ltr'>etiam</span> <span class='ocrx_word' id='word_1_624' title='bbox 2142 3749 2215 3804; x_wconf 87' lang='lat' dir='ltr'>de</span> <span class='ocrx_word' id='word_1_625' title='bbox 2244 3763 2405 3805; x_wconf 90' lang='lat' dir='ltr'>cruce</span> <span class='ocrx_word' id='word_1_626' title='bbox 2428 3749 2755 3819; x_wconf 88' lang='lat' dir='ltr'>depositum</span> <span class='ocrx_word' id='word_1_627' title='bbox 2818 3748 3136 3806; x_wconf 87' lang='lat' dir='ltr'>Salvatoris</span> <span class='ocrx_word' id='word_1_628' title='bbox 3188 3764 3431 3820; x_wconf 90' lang='lat' dir='ltr'>corpus,</span> <span class='ocrx_word' id='word_1_629' title='bbox 3487 3761 3591 3804; x_wconf 88' lang='lat' dir='ltr'>un-</span> 
     </span>
     <span class='ocr_line' id='line_1_88' title="bbox 1937 3837 3591 3913; baseline -0.001 -17"><span class='ocrx_word' id='word_1_630' title='bbox 1937 3839 2168 3913; x_wconf 79' lang='lat' dir='ltr'>guentis</span> <span class='ocrx_word' id='word_1_631' title='bbox 2198 3843 2256 3896; x_wconf 89' lang='lat' dir='ltr'>et</span> <span class='ocrx_word' id='word_1_632' title='bbox 2274 3837 2635 3895; x_wconf 83' lang='lat' dir='ltr'>aromatibus</span> <span class='ocrx_word' id='word_1_633' title='bbox 2656 3838 2867 3895; x_wconf 84' lang='lat' dir='ltr'>dicitur</span> <span class='ocrx_word' id='word_1_634' title='bbox 2888 3839 3222 3896; x_wconf 88' lang='lat' dir='ltr'>delibutum</span> <span class='ocrx_word' id='word_1_635' title='bbox 3251 3844 3311 3896; x_wconf 87' lang='lat' dir='ltr'>et</span> <span class='ocrx_word' id='word_1_636' title='bbox 3343 3838 3591 3895; x_wconf 86' lang='lat' dir='ltr'>sindone</span> 
     </span>
     <span class='ocr_line' id='line_1_89' title="bbox 1936 3928 3594 4003; baseline -0.002 -17"><span class='ocrx_word' id='word_1_637' title='bbox 1936 3928 2288 3999; x_wconf 86' lang='lat' dir='ltr'>involutum,</span> <span class='ocrx_word' id='word_1_638' title='bbox 2321 3928 2478 3985; x_wconf 85' lang='lat' dir='ltr'>sieut</span> <span class='ocrx_word' id='word_1_639' title='bbox 2507 3945 2635 3986; x_wconf 91' lang='lat' dir='ltr'>mos</span> <span class='ocrx_word' id='word_1_640' title='bbox 2676 3934 2799 3985; x_wconf 81' lang='lat' dir='ltr'>erat</span> <span class='ocrx_word' id='word_1_641' title='bbox 2832 3930 3052 3987; x_wconf 82' lang='lat' dir='ltr'>Judaeis</span> <span class='ocrx_word' id='word_1_642' title='bbox 3106 3930 3375 4003; x_wconf 86' lang='lat' dir='ltr'>sepelire,</span> <span class='ocrx_word' id='word_1_643' title='bbox 3428 3933 3594 3987; x_wconf 86' lang='lat' dir='ltr'>extra</span> 
     </span>
     <span class='ocr_line' id='line_1_90' title="bbox 1941 4017 3594 4091; baseline 0 -16"><span class='ocrx_word' id='word_1_644' title='bbox 1941 4018 2226 4091; x_wconf 64' lang='lat' dir='ltr'>praedictae</span> <span class='ocrx_word' id='word_1_645' title='bbox 2255 4017 2544 4076; x_wconf 87' lang='lat' dir='ltr'>ambitum</span> <span class='ocrx_word' id='word_1_646' title='bbox 2575 4024 2743 4075; x_wconf 87' lang='lat' dir='ltr'>erant</span> <span class='ocrx_word' id='word_1_647' title='bbox 2772 4021 3052 4088; x_wconf 77' lang='lat' dir='ltr'>ecclesiae,</span> <span class='ocrx_word' id='word_1_648' title='bbox 3110 4021 3365 4077; x_wconf 79' lang='lat' dir='ltr'>oratoria</span> <span class='ocrx_word' id='word_1_649' title='bbox 3425 4018 3594 4078; x_wconf 83' lang='lat' dir='ltr'>valde</span> 
     </span>
     <span class='ocr_line' id='line_1_91' title="bbox 1945 4108 3595 4182; baseline -0.001 -17"><span class='ocrx_word' id='word_1_650' title='bbox 1945 4110 2191 4166; x_wconf 85' lang='lat' dir='ltr'>modica.</span> <span class='ocrx_word' id='word_1_651' title='bbox 2250 4108 2383 4168; x_wconf 86' lang='lat' dir='ltr'>Sed.</span> <span class='ocrx_word' id='word_1_652' title='bbox 2427 4111 2742 4181; x_wconf 76' lang='lat' dir='ltr'>postquam</span> <span class='ocrx_word' id='word_1_653' title='bbox 2793 4112 2976 4167; x_wconf 85' lang='lat' dir='ltr'>nostri</span> <span class='ocrx_word' id='word_1_654' title='bbox 3026 4111 3351 4182; x_wconf 86' lang='lat' dir='ltr'>opitulante</span> <span class='ocrx_word' id='word_1_655' title='bbox 3398 4108 3595 4167; x_wconf 84' lang='lat' dir='ltr'>divina</span> 
     </span>
     <span class='ocr_line' id='line_1_92' title="bbox 1942 4196 3594 4269; baseline -0.001 -14"><span class='ocrx_word' id='word_1_656' title='bbox 1942 4196 2273 4263; x_wconf 88' lang='lat' dir='ltr'>clementia,</span> <span class='ocrx_word' id='word_1_657' title='bbox 2305 4196 2507 4254; x_wconf 91' lang='lat' dir='ltr'>urbem</span> <span class='ocrx_word' id='word_1_658' title='bbox 2537 4198 2915 4257; x_wconf 86' lang='lat' dir='ltr'>obtinuerunt</span> <span class='ocrx_word' id='word_1_659' title='bbox 2937 4200 2995 4256; x_wconf 89' lang='lat' dir='ltr'>in</span> <span class='ocrx_word' id='word_1_660' title='bbox 3018 4216 3195 4256; x_wconf 89' lang='lat' dir='ltr'>manu</span> <span class='ocrx_word' id='word_1_661' title='bbox 3220 4199 3381 4269; x_wconf 78' lang='lat' dir='ltr'>forti,</span> <span class='ocrx_word' id='word_1_662' title='bbox 3403 4199 3594 4254; x_wconf 83' lang='lat' dir='ltr'>visum</span> 
     </span>
     <span class='ocr_line' id='line_1_93' title="bbox 1944 4286 3600 4361; baseline -0.001 -18"><span class='ocrx_word' id='word_1_663' title='bbox 1944 4291 2031 4343; x_wconf 87' lang='lat' dir='ltr'>est</span> <span class='ocrx_word' id='word_1_664' title='bbox 2061 4287 2142 4343; x_wconf 79' lang='lat' dir='ltr'>eis</span> <span class='ocrx_word' id='word_1_665' title='bbox 2172 4286 2512 4360; x_wconf 59' lang='lat' dir='ltr'>praedictum</span> <span class='ocrx_word' id='word_1_666' title='bbox 2556 4288 2730 4347; x_wconf 87' lang='lat' dir='ltr'>nimis</span> <span class='ocrx_word' id='word_1_667' title='bbox 2774 4295 3094 4361; x_wconf 80' lang='lat' dir='ltr'>augustum</span> <span class='ocrx_word' id='word_1_668' title='bbox 3131 4289 3481 4347; x_wconf 66' lang='lat' dir='ltr'>edificium:</span> <span class='ocrx_word' id='word_1_669' title='bbox 3541 4291 3600 4343; x_wconf 91' lang='lat' dir='ltr'>et</span> 
     </span>
     <span class='ocr_line' id='line_1_94' title="bbox 1945 4374 3598 4449; baseline 0 -18"><span class='ocrx_word' id='word_1_670' title='bbox 1945 4374 2226 4448; x_wconf 85' lang='lat' dir='ltr'>ampliata</span> <span class='ocrx_word' id='word_1_671' title='bbox 2245 4392 2315 4432; x_wconf 87' lang='lat' dir='ltr'>ex</span> <span class='ocrx_word' id='word_1_672' title='bbox 2343 4392 2514 4449; x_wconf 90' lang='lat' dir='ltr'>opere</span> <span class='ocrx_word' id='word_1_673' title='bbox 2538 4376 2892 4435; x_wconf 85' lang='lat' dir='ltr'>solidissimo</span> <span class='ocrx_word' id='word_1_674' title='bbox 2913 4383 2971 4436; x_wconf 90' lang='lat' dir='ltr'>et</span> <span class='ocrx_word' id='word_1_675' title='bbox 2998 4377 3243 4436; x_wconf 86' lang='lat' dir='ltr'>sublimi</span> <span class='ocrx_word' id='word_1_676' title='bbox 3274 4377 3598 4435; x_wconf 88' lang='lat' dir='ltr'>admodum</span> 
     </span>
    </p>
   </div>
   <div class='ocr_carea' id='block_1_13' title="bbox 191 4448 3598 4536">
    <p class='ocr_par' dir='ltr' id='par_1_13' title="bbox 191 4448 3598 4536">
     <span class='ocr_line' id='line_1_95' title="bbox 191 4448 3598 4536; baseline 0.006 -33"><span class='ocrx_word' id='word_1_677' title='bbox 191 4462 322 4504; x_wconf 80' lang='lat' dir='ltr'>snos</span> <span class='ocrx_word' id='word_1_678' title='bbox 356 4449 416 4502; x_wconf 92' lang='lat' dir='ltr'>in</span> <span class='ocrx_word' id='word_1_679' title='bbox 463 4449 597 4518; x_wconf 75' lang='lat' dir='ltr'>iane</span> <span class='ocrx_word' id='word_1_680' title='bbox 621 4448 790 4520; x_wconf 77' lang='lat' dir='ltr'>juxta</span> <span class='ocrx_word' id='word_1_681' title='bbox 837 4452 1010 4509; x_wconf 79' lang='lat' dir='ltr'>ritum</span> <span class='ocrx_word' id='word_1_682' title='bbox 1047 4456 1315 4526; x_wconf 67' lang='lat' dir='ltr'>pentium.</span> <span class='ocrx_word' id='word_1_683' title='bbox 1372 4478 1507 4532; x_wconf 81' lang='lat' dir='ltr'>quas</span> <span class='ocrx_word' id='word_1_684' title='bbox 1560 4466 1844 4534; x_wconf 79' lang='lat' dir='ltr'>interfecit</span> <span class='ocrx_word' id='word_1_685' title='bbox 1875 4466 1919 4533; x_wconf 87' lang='lat' dir='ltr'>D</span> <span class='ocrx_word' id='word_1_686' title='bbox 1949 4463 2194 4523; x_wconf 84' lang='lat' dir='ltr'>ecclesia</span> <span class='ocrx_word' id='word_1_687' title='bbox 2220 4464 2429 4536; x_wconf 87' lang='lat' dir='ltr'>priore,</span> <span class='ocrx_word' id='word_1_688' title='bbox 2464 4465 2618 4524; x_wconf 90' lang='lat' dir='ltr'>intra</span> <span class='ocrx_word' id='word_1_689' title='bbox 2639 4484 2853 4524; x_wconf 87' lang='lat' dir='ltr'>novum</span> <span class='ocrx_word' id='word_1_690' title='bbox 2885 4467 3198 4526; x_wconf 62' lang='lat' dir='ltr'>{edificium</span> <span class='ocrx_word' id='word_1_691' title='bbox 3228 4465 3410 4525; x_wconf 84' lang='lat' dir='ltr'>veteri</span> <span class='ocrx_word' id='word_1_692' title='bbox 3457 4482 3598 4524; x_wconf 89' lang='lat' dir='ltr'>con·</span> 
     </span>
    </p>
   </div>
   <div class='ocr_carea' id='block_1_14' title="bbox 192 4537 1849 5247">
    <p class='ocr_par' dir='ltr' id='par_1_14' title="bbox 192 4537 1849 5247">
     <span class='ocr_line' id='line_1_96' title="bbox 195 4537 1841 4625; baseline 0.01 -31"><span class='ocrx_word' id='word_1_693' title='bbox 195 4539 458 4594; x_wconf 78' lang='lat' dir='ltr'>Dominus</span> <span class='ocrx_word' id='word_1_694' title='bbox 497 4539 554 4593; x_wconf 87' lang='lat' dir='ltr'>in</span> <span class='ocrx_word' id='word_1_695' title='bbox 590 4537 828 4596; x_wconf 80' lang='lat' dir='ltr'>adventu</span> <span class='ocrx_word' id='word_1_696' title='bbox 858 4541 1102 4612; x_wconf 77' lang='lat' dir='ltr'>filiorum</span> <span class='ocrx_word' id='word_1_697' title='bbox 1141 4544 1316 4603; x_wconf 81' lang='lat' dir='ltr'>Israel</span> <span class='ocrx_word' id='word_1_698' title='bbox 1353 4549 1425 4621; x_wconf 85' lang='grc' dir='ltr'>(ΙΙ</span> <span class='ocrx_word' id='word_1_699' title='bbox 1462 4551 1598 4608; x_wconf 87' lang='lat' dir='ltr'>Par.</span> <span class='ocrx_word' id='word_1_700' title='bbox 1641 4569 1841 4625; x_wconf 84' lang='lat' dir='ltr'>xxvm,</span> 
     </span>
     <span class='ocr_line' id='line_1_97' title="bbox 192 4623 1844 4714; baseline 0.01 -31"><span class='ocrx_word' id='word_1_701' title='bbox 192 4625 274 4699; x_wconf 88' lang='lat'>3).</span> <span class='ocrx_word' id='word_1_702' title='bbox 307 4623 392 4680; x_wconf 82' lang='lat' dir='ltr'>Ab</span> <span class='ocrx_word' id='word_1_703' title='bbox 421 4625 726 4683; x_wconf 89' lang='lat' dir='ltr'>occidente</span> <span class='ocrx_word' id='word_1_704' title='bbox 756 4644 913 4699; x_wconf 87' lang='lat' dir='ltr'>vero,</span> <span class='ocrx_word' id='word_1_705' title='bbox 945 4630 1074 4704; x_wconf 87' lang='lat' dir='ltr'>ejus</span> <span class='ocrx_word' id='word_1_706' title='bbox 1127 4632 1293 4692; x_wconf 82' lang='lat' dir='ltr'>vallis</span> <span class='ocrx_word' id='word_1_707' title='bbox 1340 4641 1591 4709; x_wconf 89' lang='lat' dir='ltr'>partem,</span> <span class='ocrx_word' id='word_1_708' title='bbox 1632 4640 1693 4697; x_wconf 91' lang='lat' dir='ltr'>in</span> <span class='ocrx_word' id='word_1_709' title='bbox 1728 4658 1844 4714; x_wconf 86' lang='lat' dir='ltr'>qua</span> 
     </span>
     <span class='ocr_line' id='line_1_98' title="bbox 193 4711 1844 4796; baseline 0.01 -25"><span class='ocrx_word' id='word_1_710' title='bbox 193 4720 359 4772; x_wconf 82' lang='lat' dir='ltr'>vetus</span> <span class='ocrx_word' id='word_1_711' title='bbox 392 4715 637 4789; x_wconf 87' lang='lat' dir='ltr'>piscina,</span> <span class='ocrx_word' id='word_1_712' title='bbox 681 4734 809 4789; x_wconf 73' lang='lat' dir='ltr'>ques</span> <span class='ocrx_word' id='word_1_713' title='bbox 843 4723 1109 4794; x_wconf 88' lang='lat' dir='ltr'>tempore</span> <span class='ocrx_word' id='word_1_714' title='bbox 1152 4739 1352 4796; x_wconf 86' lang='lat' dir='ltr'>regum</span> <span class='ocrx_word' id='word_1_715' title='bbox 1394 4728 1542 4785; x_wconf 87' lang='lat' dir='ltr'>Juda</span> <span class='ocrx_word' id='word_1_716' title='bbox 1598 4711 1844 4788; x_wconf 78' lang='lat' dir='ltr'>celebris</span> 
     </span>
     <span class='ocr_line' id='line_1_99' title="bbox 196 4804 1845 4892; baseline 0.01 -32"><span class='ocrx_word' id='word_1_717' title='bbox 196 4804 327 4870; x_wconf 77' lang='lat' dir='ltr'>tuit,</span> <span class='ocrx_word' id='word_1_718' title='bbox 361 4804 739 4875; x_wconf 77' lang='lat' dir='ltr'>designatur:</span> <span class='ocrx_word' id='word_1_719' title='bbox 768 4808 1020 4882; x_wconf 85' lang='lat' dir='ltr'>indeque</span> <span class='ocrx_word' id='word_1_720' title='bbox 1052 4815 1420 4884; x_wconf 88' lang='lat' dir='ltr'>protenditur</span> <span class='ocrx_word' id='word_1_721' title='bbox 1463 4818 1533 4874; x_wconf 86' lang='lat' dir='ltr'>ad</span> <span class='ocrx_word' id='word_1_722' title='bbox 1581 4819 1845 4892; x_wconf 90' lang='lat' dir='ltr'>superio·</span> 
     </span>
     <span class='ocr_line' id='line_1_100' title="bbox 199 4893 1849 4977; baseline 0.012 -29"><span class='ocrx_word' id='word_1_723' title='bbox 199 4907 321 4949; x_wconf 90' lang='lat' dir='ltr'>rem</span> <span class='ocrx_word' id='word_1_724' title='bbox 345 4893 656 4964; x_wconf 84' lang='lat' dir='ltr'>piscinam,</span> <span class='ocrx_word' id='word_1_725' title='bbox 682 4912 806 4966; x_wconf 66' lang='lat' dir='ltr'>quie</span> <span class='ocrx_word' id='word_1_726' title='bbox 839 4897 1009 4957; x_wconf 89' lang='lat' dir='ltr'>bodie</span> <span class='ocrx_word' id='word_1_727' title='bbox 1037 4902 1261 4975; x_wconf 83' lang='lat' dir='ltr'>vulgari</span> <span class='ocrx_word' id='word_1_728' title='bbox 1289 4905 1676 4977; x_wconf 86' lang='lat' dir='ltr'>appellatione</span> <span class='ocrx_word' id='word_1_729' title='bbox 1705 4910 1849 4967; x_wconf 90' lang='lat' dir='ltr'>dici-</span> 
     </span>
     <span class='ocr_line' id='line_1_101' title="bbox 199 4980 1846 5065; baseline 0.014 -29"><span class='ocrx_word' id='word_1_730' title='bbox 199 4984 300 5038; x_wconf 87' lang='lat' dir='ltr'>tur</span> <span class='ocrx_word' id='word_1_731' title='bbox 325 4980 512 5037; x_wconf 86' lang='lat' dir='ltr'>Lacus</span> <span class='ocrx_word' id='word_1_732' title='bbox 542 4985 919 5059; x_wconf 79' lang='lat' dir='ltr'>Patriarcbae,</span> <span class='ocrx_word' id='word_1_733' title='bbox 942 4991 1097 5062; x_wconf 86' lang='lat' dir='ltr'>quod</span> <span class='ocrx_word' id='word_1_734' title='bbox 1137 4997 1228 5049; x_wconf 89' lang='lat' dir='ltr'>est</span> <span class='ocrx_word' id='word_1_735' title='bbox 1248 4994 1419 5065; x_wconf 75' lang='lat' dir='ltr'>Juxta</span> <span class='ocrx_word' id='word_1_736' title='bbox 1439 5001 1599 5055; x_wconf 87' lang='lat' dir='ltr'>vetus</span> <span class='ocrx_word' id='word_1_737' title='bbox 1628 5014 1846 5058; x_wconf 90' lang='lat' dir='ltr'>coeme-</span> 
     </span>
     <span class='ocr_line' id='line_1_102' title="bbox 200 5067 1848 5155; baseline 0.013 -32"><span class='ocrx_word' id='word_1_738' title='bbox 200 5067 437 5137; x_wconf 89' lang='lat' dir='ltr'>terium,</span> <span class='ocrx_word' id='word_1_739' title='bbox 470 5069 529 5125; x_wconf 90' lang='lat' dir='ltr'>in</span> <span class='ocrx_word' id='word_1_740' title='bbox 561 5072 836 5144; x_wconf 87' lang='lat' dir='ltr'>spelunca</span> <span class='ocrx_word' id='word_1_741' title='bbox 882 5095 1017 5151; x_wconf 78' lang='lat' dir='ltr'>quae</span> <span class='ocrx_word' id='word_1_742' title='bbox 1059 5085 1508 5155; x_wconf 77' lang='lat' dir='ltr'>cognominatur</span> <span class='ocrx_word' id='word_1_743' title='bbox 1536 5086 1765 5147; x_wconf 84' lang='lat' dir='ltr'>Leonis.</span> <span class='ocrx_word' id='word_1_744' title='bbox 1799 5093 1848 5144; x_wconf 76' lang='lat' dir='ltr'>A</span> 
     </span>
     <span class='ocr_line' id='line_1_103' title="bbox 202 5158 1846 5247; baseline 0.012 -32"><span class='ocrx_word' id='word_1_745' title='bbox 202 5158 592 5230; x_wconf 79' lang='lat' dir='ltr'>septentrione</span> <span class='ocrx_word' id='word_1_746' title='bbox 613 5176 749 5219; x_wconf 86' lang='lat' dir='ltr'>vero</span> <span class='ocrx_word' id='word_1_747' title='bbox 778 5164 950 5236; x_wconf 87' lang='lat' dir='ltr'>plano</span> <span class='ocrx_word' id='word_1_748' title='bbox 966 5168 1176 5227; x_wconf 86' lang='lat' dir='ltr'>itinere</span> <span class='ocrx_word' id='word_1_749' title='bbox 1196 5173 1267 5228; x_wconf 88' lang='lat' dir='ltr'>ad</span> <span class='ocrx_word' id='word_1_750' title='bbox 1301 5175 1509 5232; x_wconf 88' lang='lat' dir='ltr'>urbem</span> <span class='ocrx_word' id='word_1_751' title='bbox 1529 5176 1846 5247; x_wconf 84' lang='lat' dir='ltr'>acceditur,</span> 
     </span>
    </p>
   </div>
   <div class='ocr_carea' id='block_1_15' title="bbox 1951 4552 3609 5251">
    <p class='ocr_par' dir='ltr' id='par_1_15' title="bbox 1951 4552 3609 5251">
     <span class='ocr_line' id='line_1_104' title="bbox 1951 4552 3603 4630; baseline 0.001 -20"><span class='ocrx_word' id='word_1_752' title='bbox 1951 4553 2114 4610; x_wconf 89' lang='lat' dir='ltr'>tinuo</span> <span class='ocrx_word' id='word_1_753' title='bbox 2140 4557 2198 4611; x_wconf 90' lang='lat' dir='ltr'>et</span> <span class='ocrx_word' id='word_1_754' title='bbox 2226 4552 2466 4624; x_wconf 90' lang='lat' dir='ltr'>inserto,</span> <span class='ocrx_word' id='word_1_755' title='bbox 2492 4554 2835 4614; x_wconf 87' lang='lat' dir='ltr'>mirabiliter</span> <span class='ocrx_word' id='word_1_756' title='bbox 2858 4556 2981 4614; x_wconf 88' lang='lat' dir='ltr'>loca</span> <span class='ocrx_word' id='word_1_757' title='bbox 3021 4555 3603 4630; x_wconf 84' lang='lat' dir='ltr'>comprehenderunt.</span> 
     </span>
     <span class='ocr_line' id='line_1_105' title="bbox 1953 4642 3606 4720; baseline 0.001 -21"><span class='ocrx_word' id='word_1_758' title='bbox 1953 4643 2245 4715; x_wconf 79' lang='lat' dir='ltr'>praedicta.</span> <span class='ocrx_word' id='word_1_759' title='bbox 2290 4645 2354 4700; x_wconf 89' lang='lat' dir='ltr'>In</span> <span class='ocrx_word' id='word_1_760' title='bbox 2386 4642 2563 4700; x_wconf 86' lang='lat' dir='ltr'>altero</span> <span class='ocrx_word' id='word_1_761' title='bbox 2593 4660 2727 4702; x_wconf 83' lang='lat' dir='ltr'>vero</span> <span class='ocrx_word' id='word_1_762' title='bbox 2778 4650 3000 4717; x_wconf 85' lang='lat' dir='ltr'>monte,</span> <span class='ocrx_word' id='word_1_763' title='bbox 3047 4648 3151 4720; x_wconf 91' lang='lat' dir='ltr'>qui</span> <span class='ocrx_word' id='word_1_764' title='bbox 3194 4646 3254 4701; x_wconf 89' lang='lat' dir='ltr'>in</span> <span class='ocrx_word' id='word_1_765' title='bbox 3309 4650 3476 4718; x_wconf 85' lang='lat' dir='ltr'>parte</span> <span class='ocrx_word' id='word_1_766' title='bbox 3513 4648 3606 4702; x_wconf 85' lang='lat' dir='ltr'>est</span> 
     </span>
     <span class='ocr_line' id='line_1_106' title="bbox 1952 4730 3603 4809; baseline 0.001 -21"><span class='ocrx_word' id='word_1_767' title='bbox 1952 4731 2240 4800; x_wconf 84' lang='lat' dir='ltr'>orientali,</span> <span class='ocrx_word' id='word_1_768' title='bbox 2259 4731 2332 4788; x_wconf 83' lang='lat' dir='ltr'>&#39;in</span> <span class='ocrx_word' id='word_1_769' title='bbox 2361 4730 2583 4789; x_wconf 85' lang='lat' dir='ltr'>declivo</span> <span class='ocrx_word' id='word_1_770' title='bbox 2600 4734 2751 4805; x_wconf 85' lang='lat' dir='ltr'>ejus,</span> <span class='ocrx_word' id='word_1_771' title='bbox 2775 4735 3013 4809; x_wconf 54' lang='lat' dir='ltr'>quodJn</span> <span class='ocrx_word' id='word_1_772' title='bbox 3043 4738 3316 4793; x_wconf 88' lang='lat' dir='ltr'>austrum</span> <span class='ocrx_word' id='word_1_773' title='bbox 3339 4734 3603 4806; x_wconf 85' lang='lat' dir='ltr'>respicit,</span> 
     </span>
     <span class='ocr_line' id='line_1_107' title="bbox 1953 4819 3603 4897; baseline -0.001 -19"><span class='ocrx_word' id='word_1_774' title='bbox 1953 4819 2235 4893; x_wconf 86' lang='lat' dir='ltr'>templum</span> <span class='ocrx_word' id='word_1_775' title='bbox 2261 4821 2484 4878; x_wconf 85' lang='lat' dir='ltr'>Domini</span> <span class='ocrx_word' id='word_1_776' title='bbox 2514 4825 2603 4879; x_wconf 90' lang='lat' dir='ltr'>est</span> <span class='ocrx_word' id='word_1_777' title='bbox 2633 4823 2770 4881; x_wconf 90' lang='lat' dir='ltr'>ineo</span> <span class='ocrx_word' id='word_1_778' title='bbox 2800 4826 2925 4882; x_wconf 88' lang='lat' dir='ltr'>loco</span> <span class='ocrx_word' id='word_1_779' title='bbox 2949 4825 3256 4897; x_wconf 85' lang='lat' dir='ltr'>ubi,juxta</span> <span class='ocrx_word' id='word_1_780' title='bbox 3290 4822 3603 4881; x_wconf 83' lang='lat' dir='ltr'>lectionem</span> 
     </span>
     <span class='ocr_line' id='line_1_108' title="bbox 1955 4907 3605 4986; baseline 0.001 -21"><span class='ocrx_word' id='word_1_781' title='bbox 1955 4907 2091 4965; x_wconf 88' lang='lat' dir='ltr'>libri</span> <span class='ocrx_word' id='word_1_782' title='bbox 2120 4912 2343 4982; x_wconf 84' lang='lat' dir='ltr'>Regum</span> <span class='ocrx_word' id='word_1_783' title='bbox 2367 4912 2443 4976; x_wconf 82' lang='lat'>(11</span> <span class='ocrx_word' id='word_1_784' title='bbox 2461 4912 2587 4981; x_wconf 71' lang='lat' dir='ltr'>Rea.</span> <span class='ocrx_word' id='word_1_785' title='bbox 2639 4927 2797 4985; x_wconf 76' lang='lat' dir='ltr'>xxiv)</span> <span class='ocrx_word' id='word_1_786' title='bbox 2830 4918 2887 4971; x_wconf 88' lang='lat' dir='ltr'>et</span> <span class='ocrx_word' id='word_1_787' title='bbox 2925 4912 3433 4986; x_wconf 84' lang='lat' dir='ltr'>Paralipomenon,</span> <span class='ocrx_word' id='word_1_788' title='bbox 3486 4910 3605 4968; x_wconf 90' lang='lat' dir='ltr'>Da-</span> 
     </span>
     <span class='ocr_line' id='line_1_109' title="bbox 1956 4998 3604 5070; baseline 0.002 -17"><span class='ocrx_word' id='word_1_789' title='bbox 1956 4998 2048 5053; x_wconf 88' lang='lat' dir='ltr'>vid</span> <span class='ocrx_word' id='word_1_790' title='bbox 2069 5015 2186 5070; x_wconf 88' lang='lat' dir='ltr'>rex,</span> <span class='ocrx_word' id='word_1_791' title='bbox 2218 4998 2289 5055; x_wconf 86' lang='lat' dir='ltr'>ab</span> <span class='ocrx_word' id='word_1_792' title='bbox 2318 5006 2614 5057; x_wconf 79' lang='lat' dir='ltr'>Aureuma</span> <span class='ocrx_word' id='word_1_793' title='bbox 2667 5002 2789 5059; x_wconf 80' lang='lat' dir='ltr'>sive</span> <span class='ocrx_word' id='word_1_794' title='bbox 2844 5002 2999 5059; x_wconf 87' lang='lat' dir='ltr'>Orna</span> <span class='ocrx_word' id='word_1_795' title='bbox 3045 5002 3281 5060; x_wconf 88' lang='lat' dir='ltr'>homine</span> <span class='ocrx_word' id='word_1_796' title='bbox 3327 5000 3604 5058; x_wconf 77' lang='lat' dir='ltr'>Jebusaeo</span> 
     </span>
     <span class='ocr_line' id='line_1_110' title="bbox 1955 5088 3607 5165; baseline 0.001 -21"><span class='ocrx_word' id='word_1_797' title='bbox 1955 5105 2150 5146; x_wconf 86' lang='lat' dir='ltr'>aream</span> <span class='ocrx_word' id='word_1_798' title='bbox 2172 5088 2333 5146; x_wconf 88' lang='lat' dir='ltr'>emit.</span> <span class='ocrx_word' id='word_1_799' title='bbox 2370 5088 2473 5146; x_wconf 89' lang='lat' dir='ltr'>Ubi</span> <span class='ocrx_word' id='word_1_800' title='bbox 2505 5094 2562 5146; x_wconf 87' lang='lat' dir='ltr'>et</span> <span class='ocrx_word' id='word_1_801' title='bbox 2585 5095 2933 5165; x_wconf 66' lang='lat' dir='ltr'>praeceptum</span> <span class='ocrx_word' id='word_1_802' title='bbox 2958 5094 3049 5149; x_wconf 82' lang='lat' dir='ltr'>est</span> <span class='ocrx_word' id='word_1_803' title='bbox 3072 5092 3125 5149; x_wconf 89' lang='lat' dir='ltr'>ei</span> <span class='ocrx_word' id='word_1_804' title='bbox 3153 5090 3334 5148; x_wconf 85' lang='lat' dir='ltr'>altare</span> <span class='ocrx_word' id='word_1_805' title='bbox 3358 5088 3607 5146; x_wconf 88' lang='lat' dir='ltr'>Domino</span> 
     </span>
     <span class='ocr_line' id='line_1_111' title="bbox 1958 5177 3609 5251; baseline -0.002 -16"><span class='ocrx_word' id='word_1_806' title='bbox 1958 5177 2263 5250; x_wconf 65' lang='lat' dir='ltr'>adificare,</span> <span class='ocrx_word' id='word_1_807' title='bbox 2295 5178 2354 5235; x_wconf 89' lang='lat' dir='ltr'>in</span> <span class='ocrx_word' id='word_1_808' title='bbox 2378 5195 2493 5251; x_wconf 90' lang='lat' dir='ltr'>quo</span> <span class='ocrx_word' id='word_1_809' title='bbox 2524 5182 2873 5251; x_wconf 89' lang='lat' dir='ltr'>posmodum</span> <span class='ocrx_word' id='word_1_810' title='bbox 2904 5181 3119 5239; x_wconf 88' lang='lat' dir='ltr'>obtulit</span> <span class='ocrx_word' id='word_1_811' title='bbox 3157 5179 3500 5237; x_wconf 81' lang='lat' dir='ltr'>holocausta</span> <span class='ocrx_word' id='word_1_812' title='bbox 3548 5181 3609 5236; x_wconf 88' lang='lat' dir='ltr'>et</span> 
     </span>
    </p>
   </div>
   <div class='ocr_carea' id='block_1_16' title="bbox 205 5247 3618 5614">
    <p class='ocr_par' dir='ltr' id='par_1_16' title="bbox 205 5247 3618 5523">
     <span class='ocr_line' id='line_1_112' title="bbox 206 5247 3609 5340; baseline 0.006 -38"><span class='ocrx_word' id='word_1_813' title='bbox 206 5247 949 5320; x_wconf 77' lang='lat' dir='ltr'>ubiuaquehodielocusin</span> <span class='ocrx_word' id='word_1_814' title='bbox 973 5274 1090 5330; x_wconf 86' lang='lat' dir='ltr'>quo</span> <span class='ocrx_word' id='word_1_815' title='bbox 1120 5264 1851 5339; x_wconf 68' lang='lat' dir='ltr'>protomartyr-Stephanus</span> <span class='ocrx_word' id='word_1_816' title='bbox 1960 5268 2235 5340; x_wconf 81' lang='lat' dir='ltr'>pacifica3</span> <span class='ocrx_word' id='word_1_817' title='bbox 2268 5277 2319 5325; x_wconf 88' lang='lat' dir='ltr'>et</span> <span class='ocrx_word' id='word_1_818' title='bbox 2341 5267 2628 5326; x_wconf 82' lang='lat' dir='ltr'>invocavit</span> <span class='ocrx_word' id='word_1_819' title='bbox 2649 5269 2985 5339; x_wconf 89' lang='lat' dir='ltr'>Dominum,</span> <span class='ocrx_word' id='word_1_820' title='bbox 3033 5274 3092 5329; x_wconf 88' lang='lat' dir='ltr'>et</span> <span class='ocrx_word' id='word_1_821' title='bbox 3148 5267 3609 5327; x_wconf 81' lang='lat' dir='ltr'>exaudiviteum</span> 
     </span>
     <span class='ocr_line' id='line_1_113' title="bbox 205 5333 3613 5441; baseline 0.006 -46"><span class='ocrx_word' id='word_1_822' title='bbox 205 5352 238 5391; x_wconf 78' lang='lat' dir='ltr'>a</span> <span class='ocrx_word' id='word_1_823' title='bbox 266 5333 486 5437; x_wconf 70' lang='lat' dir='ltr'>Judaeis</span> <span class='ocrx_word' id='word_1_824' title='bbox 532 5336 849 5441; x_wconf 70' lang='lat' dir='ltr'>lapidatus,</span> <span class='ocrx_word' id='word_1_825' title='bbox 896 5351 955 5404; x_wconf 90' lang='lat' dir='ltr'>et</span> <span class='ocrx_word' id='word_1_826' title='bbox 1000 5364 1103 5421; x_wconf 86' lang='lat' dir='ltr'>pro</span> <span class='ocrx_word' id='word_1_827' title='bbox 1153 5354 1625 5421; x_wconf 85' lang='lat' dir='ltr'>persecutoribus</span> <span class='ocrx_word' id='word_1_828' title='bbox 1676 5372 1850 5415; x_wconf 90' lang='lat' dir='ltr'>orans</span> <span class='ocrx_word' id='word_1_829' title='bbox 1959 5359 2020 5414; x_wconf 88' lang='lat' dir='ltr'>in</span> <span class='ocrx_word' id='word_1_830' title='bbox 2051 5359 2183 5431; x_wconf 84' lang='lat' dir='ltr'>igne</span> <span class='ocrx_word' id='word_1_831' title='bbox 2204 5359 2274 5414; x_wconf 86' lang='lat' dir='ltr'>de</span> <span class='ocrx_word' id='word_1_832' title='bbox 2303 5358 2469 5428; x_wconf 87' lang='lat' dir='ltr'>coelo,</span> <span class='ocrx_word' id='word_1_833' title='bbox 2493 5375 2667 5429; x_wconf 88' lang='lat' dir='ltr'>super</span> <span class='ocrx_word' id='word_1_834' title='bbox 2696 5360 2880 5417; x_wconf 89' lang='lat' dir='ltr'>altare</span> <span class='ocrx_word' id='word_1_835' title='bbox 2910 5360 3253 5419; x_wconf 86' lang='lat' dir='ltr'>holocausti.</span> <span class='ocrx_word' id='word_1_836' title='bbox 3289 5357 3399 5416; x_wconf 88' lang='lat' dir='ltr'>Ubi</span> <span class='ocrx_word' id='word_1_837' title='bbox 3429 5356 3613 5416; x_wconf 81' lang='lat' dir='ltr'>etiam</span> 
     </span>
     <span class='ocr_line' id='line_1_114' title="bbox 207 5422 3618 5523; baseline 0.007 -42"><span class='ocrx_word' id='word_1_838' title='bbox 207 5422 416 5495; x_wconf 73' lang='lat' dir='ltr'>positu</span> <span class='ocrx_word' id='word_1_839' title='bbox 443 5428 715 5502; x_wconf 77' lang='lat' dir='ltr'>genibus,</span> <span class='ocrx_word' id='word_1_840' title='bbox 746 5436 941 5494; x_wconf 86' lang='lat' dir='ltr'>emisit</span> <span class='ocrx_word' id='word_1_841' title='bbox 967 5438 1263 5520; x_wconf 86' lang='lat' dir='ltr'>spiritum.</span> <span class='ocrx_word' id='word_1_842' title='bbox 1295 5441 1655 5516; x_wconf 76' lang='lat' dir='ltr'>designatur.</span> <span class='ocrx_word' id='word_1_843' title='bbox 1962 5449 2035 5506; x_wconf 88' lang='lat' dir='ltr'>de</span> <span class='ocrx_word' id='word_1_844' title='bbox 2066 5449 2336 5507; x_wconf 89' lang='lat' dir='ltr'>mandato</span> <span class='ocrx_word' id='word_1_845' title='bbox 2366 5448 2619 5518; x_wconf 86' lang='lat' dir='ltr'>Domini,</span> <span class='ocrx_word' id='word_1_846' title='bbox 2653 5449 2812 5507; x_wconf 84' lang='lat' dir='ltr'>filius</span> <span class='ocrx_word' id='word_1_847' title='bbox 2841 5451 2971 5523; x_wconf 77' lang='lat' dir='ltr'>eJus</span> <span class='ocrx_word' id='word_1_848' title='bbox 2998 5449 3302 5518; x_wconf 83' lang='lat' dir='ltr'>Salomon,</span> <span class='ocrx_word' id='word_1_849' title='bbox 3333 5451 3470 5522; x_wconf 83' lang='lat' dir='ltr'>post</span> <span class='ocrx_word' id='word_1_850' title='bbox 3514 5464 3618 5521; x_wconf 88' lang='lat' dir='ltr'>pa·</span> 
     </span>
    </p>

    <p class='ocr_par' dir='ltr' id='par_1_17' title="bbox 1962 5535 3616 5614">
     <span class='ocr_line' id='line_1_115' title="bbox 1962 5535 3616 5614; baseline 0.001 -20"><span class='ocrx_word' id='word_1_851' title='bbox 1962 5535 2072 5596; x_wconf 83' lang='lat' dir='ltr'>tris</span> <span class='ocrx_word' id='word_1_852' title='bbox 2097 5537 2320 5597; x_wconf 87' lang='lat' dir='ltr'>obitum</span> <span class='ocrx_word' id='word_1_853' title='bbox 2351 5536 2639 5614; x_wconf 88' lang='lat' dir='ltr'>templum</span> <span class='ocrx_word' id='word_1_854' title='bbox 2667 5537 2994 5612; x_wconf 73' lang='lat' dir='ltr'>edificavit,</span> <span class='ocrx_word' id='word_1_855' title='bbox 3023 5539 3198 5613; x_wconf 75' lang='lat' dir='ltr'>cujus</span> <span class='ocrx_word' id='word_1_856' title='bbox 3228 5552 3354 5614; x_wconf 71' lang='lat' dir='ltr'>qua</span> <span class='ocrx_word' id='word_1_857' title='bbox 3415 5536 3616 5598; x_wconf 68' lang='lat' dir='ltr'>forma</span> 
     </span>
    </p>
   </div>
  </div>
 </body>
</html>
