3784 6000
1037 229 1409 290 EPISTOLAE
1442 231 1533 299 ΕΤ
1568 229 2008 297 vattsscm.
2043 262 2112 276 —
2150 232 2270 293 AN.
2308 231 2471 292 1184.

1677 357 1723 419 A
1757 355 1952 414 fatum
1972 357 2175 416 Sancti
2196 357 2487 432 Arnulphi
2506 359 2788 432 martyris
2816 361 3254 418 monasterium
3269 363 3433 419 Cres·

679 355 953 414 cxxxtv.

158 459 324 517 ribus
371 460 672 518 Casu-Dei
707 462 1007 531 significae
1036 478 1099 521 se
1129 483 1156 516 s
1184 462 1248 520 in
1298 464 1489 525 Coena
1534 464 1648 521 Do·

151 532 222 588 'm‘
244 552 272 586 n
314 532 438 604 (die
456 534 524 591 29
563 533 797 605 Martis)
836 536 1142 593 Lantelmo
1180 534 1377 594 abbati
1407 538 1650 610 eiusque

150 603 504 663 messoribus
532 607 724 662 micrae
752 621 924 663 usum
952 622 1318 665 concessisse.

525 694 799 767 (Verulis,
825 694 1010 770 April.
1039 697 1120 768 8.)

151 822 188 848 .,
206 783 359 839 Acta
381 783 494 840 SS.
518 782 649 840 ord.
671 783 735 840 S.
760 785 933 851 Ben„
952 782 1097 842 Saec.
1119 783 1214 850 Vl,
1238 801 1299 859 p.
1329 801 1392 853 u,
1423 802 1483 860 p.
1498 785 1651 863 1874

147 887 265 929 cius
295 870 637 945 episcopus,
670 888 876 930 servus
916 889 1226 933 servorum
1258 874 1384 942 Dei,
1420 874 1651 933 dilectis

163 965 494 1018 conventus
529 962 689 1020 Casae
729 962 847 1031 Dei,
875 963 1126 1023 salutem
1164 968 1222 1022 et
1250 964 1649 1038 apostolicam

151 1049 498 1107 dictionem.

145 1154 352 1195 -manae
383 1137 541 1195 sedis
566 1139 911 1210 auctoritas,
943 1156 980 1198 a
1003 1156 1128 1215 qua
1155 1141 1419 1200 honores
1455 1141 1649 1200 eccle-

145 1227 212 1284 ici
250 1231 667 1294 manaverunt,
708 1243 812 1286 eos
856 1231 1167 1288 consuevit
1205 1231 1513 1305 largitione
1552 1230 1647 1289 sui

146 1316 260 1372 eris
288 1317 606 1389 bonorare,
623 1317 728 1392 qui
758 1334 897 1377 cum
919 1321 1035 1378 sint
1051 1320 1286 1393 prtediti
1310 1321 1646 1388 honestate,

143 1421 170 1462 a
193 1406 366 1463 Petro
392 1412 448 1462 et
478 1407 926 1464 successoribus
947 1409 1074 1481 ejus
1086 1409 1315 1467 sincera
1330 1410 1650 1470 devotione

147 1499 324 1552 untur
370 1495 611 1552 astricti.
668 1496 839 1563 Quod
884 1512 998 1556 nos
1052 1499 1254 1571 utique
1306 1499 1648 1572 diligentius

141 1582 390 1651 ndentes,
422 1584 643 1641 cumin
670 1586 853 1643 Coena
869 1587 1104 1644 Domini
1126 1589 1450 1647 missarum
1470 1589 1648 1647 debe·

141 1689 201 1729 is
222 1674 514 1731 solemnia
538 1673 857 1743 celebrare,
881 1680 938 1733 et
966 1676 1022 1750 pl
1033 1691 1166 1734 ures
1187 1676 1365 1736 nobis
1385 1682 1650 1737 astarent

138 1778 203 1819 as
232 1765 293 1819 in
323 1763 448 1821 suis
471 1763 768 1838 capitibus
796 1764 1152 1832 deferentes,
1184 1766 1459 1842 inspecto
1482 1767 1651 1843 quod
1680 1739 1720 1794 Β

139 1856 244 1908 :tus
268 1852 427 1910 filius
459 1859 663 1911 noster
694 1853 1050 1922 Lantelmus,
1082 1854 1274 1915 abbas
1307 1861 1517 1923 vester,
1539 1855 1649 1915 mi·

138 1960 151 1998 ι
182 1941 242 1998 in
263 1957 373 1998 suo
395 1942 587 2015 capite
614 1958 737 1999 non
761 1942 1034 2011 haberet,
1070 1944 1292 2003 nullius
1321 1961 1503 2020 super
1532 1945 1651 2005 hoe

137 2048 172 2086 s
195 2031 479 2104 petitione
510 2036 799 2104 porrecta,
828 2048 937 2090 nec
975 2032 1229 2106 alicujus
1256 2034 1484 2093 inducti
1513 2049 1652 2107 sug·

137 2121 286 2190 ione,
308 2125 435 2177 tum
462 2136 574 2194 pro
589 2120 778 2196 ipsius
798 2121 1109 2182 honestate
1131 2123 1369 2182 abbatis
1391 2129 1448 2182 et
1467 2123 1647 2183 devo·

135 2209 179 2265 is
203 2210 333 2282 ejus
366 2211 723 2278 constantia,
757 2216 885 2269 tum
915 2213 1061 2286 quia
1084 2213 1520 2273 monasterium
1547 2229 1654 2272 ve-

135 2315 189 2356 m
237 2299 316 2357 ad
358 2299 814 2373 dispositionem
857 2306 916 2359 et
957 2302 1440 2375 Jurisdictionem
1491 2304 1651 2363 beati

134 2388 143 2444 i
169 2394 228 2447 et
259 2393 549 2460 nostram,
577 2389 743 2449 nullo
774 2391 1027 2464 pertinet
1053 2392 1379 2462 mediante,
1409 2393 1652 2455 mitram

133 2478 464 2545 ›ntulimus‚
499 2479 653 2537 sicut
696 2481 881 2538 moris
911 2486 1020 2547 est,
1052 2481 1114 2538 in
1155 2482 1348 2557 capite
1383 2483 1653 2544 deferen-

133 2585 165 2624 ι.
192 2568 347 2626 Licet
375 2573 579 2628 autem
606 2569 734 2643 ipse
763 2570 1157 2644 postmodum
1182 2571 1348 2646 apud
1373 2588 1484 2631 nos
1501 2572 1651 2631 mul-

159 2658 409 2715 instaret
436 2664 497 2716 ut
526 2675 664 2717 eum
691 2659 1078 2719 redderemus
1098 2677 1135 2720 a
1154 2663 1449 2736 portanda
1473 2663 1651 2722 mitra

131 2762 259 2804 rum
287 2753 343 2806 et
367 2747 650 2819 solutum,
683 2765 792 2807 nos
822 2753 1026 2808 tamen
1051 2750 1251 2809 eidem
1275 2753 1651 2824 injunximus

131 2835 311 2894 'irtute
343 2837 718 2905 obedientiae,
758 2839 819 2895 in
851 2840 1172 2914 praecipuis
1202 2841 1647 2910 festivitatibus,

129 2927 286 2993 nitra,
305 2926 456 2984 sicut
477 2926 555 2985 ab
586 2927 716 2985 aliis
734 2929 1007 3002 personis
1034 2929 1653 2999 fierisolet,utatur;et

128 3017 174 3073 is
194 3017 372 3073 etiam
404 3024 463 3073 ut
486 3017 538 3074 ei
565 3018 1192 3091 prosequisuggeratis
1219 3019 1387 3093 quod
1399 3020 1651 3094 iniunxi-

3292 235 3433 296 me

1758 445 1899 518 peii,
1919 446 1981 503 in
2003 462 2129 519 quo
2145 446 2356 505 divino
2384 447 2712 521 mancipati
2739 449 2897 507 estis
2921 448 3234 523 obsequio,
3264 450 3433 524 quod

1757 534 1938 592 etiam
1981 534 2202 593 nullius
2246 536 2458 595 ditioni
2511 536 2602 593 vel
2667 539 2968 608 potestati,
3018 539 3131 595 nisi
3175 540 3431 598 Romani

1758 624 2064 697 pontificis
2092 631 2152 682 et
2177 624 2417 683 abbatis
2451 625 2873 684 clunianensis
2923 628 3262 700 subjectum
3301 645 3431 687 esse

1757 711 2149 784 dignoscitur,
2180 714 2294 771 sub
2324 714 2484 773 beati
2525 715 2678 773 Petri
2708 720 2765 773 et
2814 724 3017 774 nostra
3062 718 3431 791 protectione

1758 801 2139 877 suscipimus,
2161 808 2222 861 et
2246 804 2563 876 proesentis
2592 803 2796 878 scripti
2822 805 3135 878 privilegio
3154 821 3429 864 commu·

1759 891 1980 949 nimus.
1999 892 2280 966 Inprimis
2294 893 2594 965 siquidem
2619 897 2949 951 statuentes
2974 898 3039 951 ut
3052 895 3261 952 omnia
3282 911 3424 968 quo

1757 994 1795 1038 a
1815 979 2240 1039 fundatoribus
2266 982 2381 1039 loci
2405 982 2608 1050 vestri,
2636 997 2674 1040 a
2692 982 2993 1043 Gualterio
3004 983 3427 1041 videlicetAm-

1755 1069 2033 1128 bianensi
2061 1070 2376 1145 quondam
2396 1070 2620 1129 comite
2670 1076 2728 1129 et
2769 1073 3029 1145 conjuge
3075 1073 3206 1145 ejus
3245 1071 3433 1132 Adels

1757 1164 1958 1218 vestro
1985 1161 2358 1218 monasterio
2372 1176 2673 1220 concessa
2705 1167 2764 1220 et
2789 1163 3004 1219 tradita
3027 1177 3158 1220 esse
3173 1177 3431 1220 noscun-

1757 1248 1957 1316 tur-,ad
1971 1248 2280 1322 exemplar
2293 1250 2652 1307 eorumdem
2669 1251 3185 1323 proedecessorum
3201 1257 3434 1309 nostro·

1756 1352 1893 1397 rum
1924 1337 2091 1396 vobis
2113 1339 2450 1414 vestrisque
2482 1340 2941 1398 successoribus
2968 1339 3029 1398 in
3056 1356 3129 1399 ea
3151 1357 3277 1416 qua
3289 1344 3431 1399 sunt

1757 1427 1977 1487 tradita
2014 1427 2289 1489 libertate
2345 1430 2689 1488 conservari
2747 1429 3079 1487 sancimus.
3139 1433 3428 1491 Praeterea

1757 1531 2157 1592 quascunque
2193 1519 2631 1592 possessiones,
2663 1535 3049 1594 quincunque
3078 1519 3244 1577 bona
3267 1519 3431 1579 idem

1760 1605 2194 1664 monasterium
2239 1607 2784 1681 impraesentiarum
2827 1609 2987 1681 juste
3035 1614 3093 1667 et
3142 1608 3432 1666 canonice

1759 1695 2048 1769 possidet,
2081 1699 2187 1753 aut
2214 1696 2275 1752 in
2319 1695 2590 1754 futurum
2621 1697 3014 1755 concessione
3047 1697 3428 1771 pontificum,

1759 1783 2075 1856 largitione
2088 1800 2299 1857 regum
2312 1790 2416 1842 aut
2430 1784 3117 1860 principum,oblatione
3129 1785 3422 1855 fidelium,

1759 1874 1882 1932 sive
1909 1872 2042 1933 aliis
2067 1874 2244 1947 justis
2286 1874 2509 1944 modis,
2550 1879 2869 1948 praestante
2905 1874 3185 1943 Domino,
3210 1875 3427 1947 poterit

1759 1962 2033 2037 adipisci,
2067 1962 2243 2021 firma
2282 1963 2454 2022 vobis
2496 1963 2832 2038 vestrisque
2880 1963 3333 2022 successoribus
3373 1968 3433 2022 et

1759 2051 1989 2111 illibata
2015 2057 2428 2127 permaneant,
2458 2057 2580 2111 tam
2605 2067 2644 2112 a
2672 2051 2846 2110 vobis
2862 2068 3054 2126 quam
3074 2053 3153 2110 ab
3177 2051 3308 2110 aliis
3325 2052 3433 2126 qui

1758 2155 1867 2215 per
1889 2140 2309 2200 cluniacenses
2322 2140 2576 2200 abbates
2601 2141 2837 2216 priores
2865 2140 3431 2217 propositifuerint,

1758 2235 2052 2305 perpetuo
2079 2230 2464 2305 possidenda,
2500 2230 2884 2304 disponenda
2910 2246 2984 2289 ac
3022 2229 3292 2303 regenda
3316 2246 3337 2298 ;
3364 2229 3426 2289 in

1759 2320 1980 2396 quibus
2005 2319 2136 2378 haec
2163 2319 2421 2395 propriis
2448 2320 2737 2379 duximus
2784 2319 3220 2395 experimenda
3253 2334 3435 2381 voce-

1759 2408 1921 2467 bulis
1950 2424 1967 2466 t

1829 2498 2052 2558 Locum
2105 2499 2310 2573 ipsum
2348 2498 2412 2557 in
2454 2514 2573 2574 quo
2611 2499 2931 2573 proelatum
2982 2499 3421 2559 monasterium

1761 2587 1944 2647 situm
1979 2590 2070 2645 est
2098 2603 2237 2646 cum
2269 2588 2456 2656 terris,
2489 2588 2701 2656 vineis,
2742 2587 3020 2654 decimis,
3042 2592 3100 2645 et
3128 2587 3257 2645 aliis
3290 2602 3427 2647 om·-

1758 2675 1942 2735 nibus
1969 2676 2337 2750 pertinentiis
2366 2677 2869 2744 suis,marcatum
2898 2676 3423 2736 scilicetetsubur-

1758 2766 1930 2825 bium
1956 2766 2132 2824 castri
2157 2765 2415 2840 Crespeii
2442 2782 2583 2825 cum
2615 2765 2849 2825 cultura
2861 2782 2998 2840 quas
3011 2765 3207 2824 eidem
3220 2771 3422 2825 castro

1759 2855 2012 2930 adJacet,
2046 2856 2107 2914 in
2143 2872 2267 2930 qua
2306 2872 2448 2929 pars
2488 2856 2673 2915 castri
2708 2855 2961 2914 fundata
3001 2860 3108 2924 est,
3146 2855 3329 2913 altare
3365 2857 3426 2914 et

1759 2945 1962 3005 villam
1994 2946 2165 3018 Ogeri
2190 2961 2329 3004 cum
2356 2945 2606 3003 decimis
2636 2949 2694 3003 et
2724 2944 3010 3004 omnibus
3054 2943 3249 3002 eidem
3287 2943 3426 3004 loco

1760 3035 2028 3109 pertinen
2036 3034 2631 3104 tibus,molendinum
2651 3050 2839 3091 unum
2854 3035 2970 3092 sub
2985 3033 3240 3092 declivio
3252 3048 3424 3092 mon-

127 3124 159 3172 ⁵.
198 3105 418 3164 harum
462 3106 898 3178 significatione
944 3106 1330 3175 mandamus,
1358 3113 1482 3166 tam
1513 3109 1646 3182 ipsi.
1683 3113 1727 3171 C
1760 3122 2600 3199 tisoastriCrespeiipositum,
2625 3122 3420 3195 invmadenuveirounum,

128 3198 154 3250 ‚t
181 3194 467 3266 diximus,
485 3210 665 3253 usum
684 3195 1109 3269 mitrae,quam
1142 3197 1275 3269 ejus
1298 3198 1653 3258 successori-

126 3326 134 3349 .
162 3283 239 3342 de
267 3290 556 3344 consueta
595 3285 754 3342 sedis
791 3285 1139 3359 apostolicae
1166 3284 1530 3357 benignitate
1564 3288 1651 3346 in-

125 3378 341 3445 gentes.
371 3375 697 3433 Statuimus
727 3389 866 3448 ergo
896 3380 959 3433 ut
988 3374 1134 3432 nulli
1173 3375 1422 3433 omnino
1456 3376 1651 3435 bomi-

125 3480 174 3530 n,
221 3462 396 3522 liceat
426 3463 584 3522 hanc
624 3465 912 3537 pagiuam
960 3469 1176 3522 nostrae
1214 3463 1653 3524 constitutionis

122 3553 340 3626 ingere,
369 3552 529 3611 velei
560 3569 716 3610 ausu
741 3554 1057 3611 temerario
1083 3553 1403 3612 contraire.
1434 3555 1490 3611 Si
1512 3555 1651 3628 quis

123 3657 198 3699 lm
225 3642 337 3699 boc
363 3647 648 3699 attentare
677 3642 1148 3716 praesumpserit,
1167 3641 1648 3715 indignationem

121 3731 425 3803 iipotentis
447 3731 565 3795 Dei.
592 3736 649 3789 et
677 3732 989 3789 beatorum
1021 3732 1175 3790 Petri
1202 3736 1259 3789 et
1301 3732 1463 3790 Pauli
1500 3748 1649 3808 apo-

121 3834 285 3876 orum
327 3820 452 3892 ejus
481 3836 546 3877 se
575 3822 800 3880 noverit
828 3821 1229 3879 incursurum.

121 3913 286 3968 atum
315 3909 559 3978 Verulis,
594 3917 649 3969 vl
683 3910 820 3968 ldus
840 3910 1076 3985 Aprilis.

730 4035 972 4099 CXXXV.

121 4125 378 4195 aetjura
386 4123 690 4192 prioratus
701 4124 818 4182 &A
828 4124 1083 4193 malphi
1092 4125 1649 4196 mandensi-wrat-

118 4194 1010 4264 Cluniacensis,sclvaneceensis
1029 4196 1644 4270 dioecesis,confirmat.

505 4284 777 4358 (Verulis,
809 4284 994 4358 April.
1021 4286 1137 4359 20.)

405 4371 672 4447 [Bullar.
704 4372 996 4443 Cluniae„
1027 4390 1088 4449 p.
1108 4375 1228 4450 78.]

1762 3229 1948 3288 super
1973 3213 2283 3272 Alturnam
2313 3229 2539 3286 aquam
2574 3218 2817 3287 pratum
2860 3228 3051 3270 unum
3090 3217 3148 3270 et
3185 3211 3425 3278 vineas,

1761 3301 2257 3362 Chasiamvillam
2279 3303 2339 3359 in
2361 3302 2663 3360 othivensi
2694 3317 2857 3376 pago
2874 3302 3052 3359 sitam
3077 3316 3216 3360 cum
3229 3300 3423 3360 omni·

1758 3391 1875 3449 bus
1914 3391 2283 3465 pertinentiis
2315 3392 2460 3461 suis,
2500 3392 2688 3458 terris,
2735 3390 2928 3457 silvis,
2961 3390 3169 3465 pratis,
3198 3389 3423 3448 molen·

1759 3480 1920 3539 dinis
1937 3479 2295 3555 duabusque
2307 3479 2593 3547 ecclesiis,
2622 3495 2720 3536 ma
2731 3479 2935 3537 tricem
2950 3478 3423 3537 videliceteccle·

1759 3568 1918 3627 siam
1948 3570 2222 3642 eiusdem
2251 3568 2427 3638 villae,
2449 3584 2588 3641 quoe
2619 3572 2710 3625 est
2739 3566 2992 3624 tundata
3019 3568 3082 3624 in
3123 3566 3416 3624 honorem

1761 3660 1959 3718 Sancti
1990 3658 2253 3734 Dionysii
2281 3657 2653 3731 martyris.et
2680 3655 3094 3729 subjacentem
3118 3653 3418 3728 capellam

1757 3749 1957 3807 Sancti
2008 3747 2348 3821 Gengulphi
2392 3763 2531 3805 cum
2587 3745 2839 3804 decimis
2894 3745 3043 3811 suis,
3097 3744 3415 3803 ecclesiam

1761 3837 1960 3898 Sancti
1997 3837 2222 3896 Martini
2243 3837 2420 3896 sitam
2433 3850 2615 3911 penes
2637 3834 2947 3892 castellum
2964 3835 3164 3907 pontis
3178 3833 3420 3893 Arensis

1758 3942 1901 3985 cum
1940 3926 2132 3993 terris,
2171 3926 2362 3985 vineis
2403 3929 2459 3982 et
2497 3924 2628 3983 aliis
2657 3923 3030 3997 pertinentiis
3072 3922 3200 3981 suis
3229 3940 3246 3993 3
3277 3939 3418 3997 quo

1756 4015 2005 4091 quidem
2012 4015 2034 4088 j
2044 4019 2185 4073 uxta
2196 4019 2462 4072 tenorem
2475 4011 2925 4087 privilegiorum
2938 4016 3275 4070 vestrorum
3292 4018 3420 4071 tam

1755 4104 1930 4163 vobis
1957 4120 2149 4180 quam
2159 4103 2368 4162 vestris
2381 4102 2689 4176 subjaceat
2703 4100 3172 4170 successoribus,
3189 4106 3418 4159 vestro-

1755 4209 1873 4272 que
1901 4192 2108 4252 favore
2136 4192 2505 4268 consilioque
2547 4191 2883 4250 ordinetur.
2932 4194 2998 4250 ln
3034 4190 3186 4249 silva
3221 4191 3420 4261 Biera,

1755 4283 1957 4342 villam
1980 4299 2118 4358 quoe
2138 4282 2354 4340 dicitur
2382 4280 2543 4354 Fagil
2567 4297 2710 4340 cum
2734 4280 3020 4339 omnibus
3044 4279 3420 4354 pertinentiis

1755 4374 1903 4446 suis,
1930 4374 1994 4431 in
2018 4373 2294 4433 Heldensi
2325 4388 2486 4449 pago
2534 4371 2852 4431 ecclesiam
2898 4386 3110 4440 unam,
3160 4370 3225 4430 in
3277 4369 3418 4432 vius

115 4478 267 4521 umus
297 4462 634 4536 episeopus,
662 4477 870 4520 servus
915 4479 1228 4522 servorum
1257 4463 1381 4533 Dei,
1412 4462 1645 4523 dilectis
1677 4491 1723 4548 D
1752 4480 1890 4543 quoe
1914 4462 2130 4524 dicitur
2154 4462 2357 4522 Mallos
2389 4478 2532 4521 cum
2560 4462 2755 4527 terris,
2787 4459 3137 4519 hominibus
3166 4465 3224 4519 et
3262 4461 3419 4519 deci·

115 4569 128 4606 ς
167 4554 485 4619 Hunasaro,
513 4552 696 4626 priori
729 4553 1072 4612 monasterii
1105 4554 1306 4612 Sancti
1351 4553 1643 4629 Arnulphi

114 4640 275 4715 ·tyris
309 4641 588 4715 crespeii,
603 4640 856 4716 aliisque
875 4642 1178 4711 fratribus,
1198 4648 1322 4701 tam
1338 4644 1641 4717 proesenti·

131 4744 317 4804 quam
352 4730 583 4801 futuris,
617 4730 954 4806 regularem
1006 4733 1186 4791 vitam
1222 4731 1535 4806 protessis,
1581 4732 1643 4792 in

112 4823 347 4892 petuam
373 4820 746 4876 memoriam.

111 4907 349 4966 ffectum
374 4908 542 4980 Justa
571 4906 1012 4981 postulantibus
1038 4908 1350 4985 indulgere
1376 4916 1433 4969 et
1475 4911 1645 4986 vigor

111 4996 285 5054 nitatis
301 5002 358 5054 et
382 4997 532 5056 ordo
558 4997 738 5070 exigit
759 4996 1030 5066 rationis,
1050 5000 1379 5072 praesertim
1394 5001 1644 5074 quando

109 5086 321 5143 intium
344 5088 716 5145 voluntatem
743 5091 800 5144 et
826 5087 1015 5160 pietas
1042 5088 1292 5161 adjuvat
1326 5092 1386 5145 et
1424 5090 1644 5148 veritas

109 5221 113 5229 .
156 5174 453 5249 relinquit.
500 5178 848 5250 Eapropter,
877 5174 1077 5234 dilecti
1117 5177 1178 5235 in
1220 5177 1473 5238 domiuo
1517 5177 1640 5248 mii,

110 5261 194 5320 ,ris
217 5263 722 5337 postulationibus
736 5263 1058 5323 clementer
1069 5267 1646 5341 annuimus,etproe·

109 5367 377 5409 essorum
400 5358 738 5412 nostrorum
766 5359 990 5413 sanctie
1009 5355 1441 5414 recordationis
1464 5357 1640 5415 Joan·

137 5439 460 5507 paschalis,
513 5443 860 5511 innocentii,
908 5445 1151 5517 Eugenii
1195 5448 1251 5503 et
1294 5444 1640 5513 Alexandri,

109 5546 399 5593 canorum
425 5531 782 5612 pontificum
811 5534 1072 5612 vestigiis
1088 5534 1465 5610 inherentes,
1488 5549 1648 5614 pro-

1754 4556 1891 4614 mis.
1926 4554 1990 4612 In
2019 4552 2373 4627 episcopatu
2392 4550 2821 4610 Silvanectensi
2846 4549 3162 4608 ecclesiam
3182 4550 3415 4608 Sancto

1752 4643 2001 4717 Agatho
2031 4647 2156 4701 toto
2176 4641 2312 4715 iure
2343 4638 2669 4715 parochiali
2702 4639 2882 4696 totius
2908 4637 3088 4696 castri
3122 4637 3410 4710 crespeii,

1752 4738 1811 4792 et
1831 4731 2115 4793 omnibus
2144 4729 2511 4805 pertinentiis
2538 4729 2683 4795 suis,
2717 4728 2903 4787 altare
2951 4727 3027 4786 de
3066 4727 3312 4797 Franco,
3351 4726 3416 4784 in

1752 4823 2104 4900 episcopatu
2131 4819 2470 4878 Belvacensi
2500 4818 2684 4876 altare
2712 4820 2771 4875 et
2793 4815 2999 4875 villam
3043 4815 3118 4874 de
3164 4814 3418 4873 Locellis
3494 4826 3516 4836 ·

1752 4927 1890 4970 cum
1907 4910 2196 4971 omnibus
2212 4908 2580 4983 pertinentiis
2601 4907 2752 4974 suis,
2765 4906 2978 4964 cellam
2993 4906 3069 4962 de
3088 4902 3417 4963 Frenceriis

1751 5017 1895 5060 cum
1918 4998 2206 5060 omnibus
2252 4996 2627 5072 pertinentiis
2658 4997 2804 5062 suis,
2839 5000 3149 5054 teneuram
3204 4995 3259 5052 'e
3281 4992 3419 5053 Noi-

1751 5089 1918 5162 rello,
1967 5088 2186 5149 domos
2239 5086 2513 5146 videlicet
2559 5091 2616 5144 et
2668 5085 2877 5144 vineas
2916 5088 2977 5143 et
3025 5082 3298 5142 decimas
3337 5082 3417 5140 de

1751 5178 2053 5237 Harcheri.
2084 5180 2149 5236 ln
2187 5177 2542 5252 episcopatu
2589 5173 2978 5234 Ambianensi
3022 5171 3239 5232 cellam
3279 5188 3415 5247 quo

1752 5272 2002 5328 vocatur
2035 5265 2325 5334 uorandi,
2376 5264 2806 5324 monasterium
2855 5278 2995 5322 cum
3039 5261 3296 5334 grangia
3335 5261 3414 5319 de

1753 5356 1960 5415 avenis
1980 5358 2041 5412 et
2062 5354 2350 5413 omnibus
2375 5354 2499 5410 suis
2526 5351 2921 5427 pertinentiis,
2946 5366 3135 5425 quam
3162 5348 3416 5425 quidem

1752 5446 1816 5504 in
1853 5445 2071 5504 eadem
2111 5443 2382 5502 libertate
2426 5457 2669 5517 semper
2700 5451 2943 5499 manere
2989 5438 3324 5512 sancimus,
3349 5438 3412 5497 in

1753 5549 1879 5614 qua
1911 5533 2206 5595 baetemu
2238 5531 2538 5593 mansisse
2563 5528 2966 5610 dignoscitur.
2991 5526 3411 5590 Pes-usiones

1975 5715 2012 5732 A
