3784 6000
1088 237 1288 302 HIST.
1334 239 1608 308 RERUM
1650 246 2201 314 TRANSMAnm.
2243 284 2325 298 —
2364 248 2517 314 mn.
2561 252 2664 315 vl.

3462 264 3586 331 370

157 368 363 438 solita,
387 368 642 441 palmam
674 369 785 428 sibi
820 371 1246 445 promittentes.
1279 375 1388 433 Vix
1422 379 1818 451 reperiebatur
1845 386 1906 453 Α
1936 400 2131 443 comes
2171 385 2492 452 Pei-censis,
2524 387 2852 444 Everardus
2881 389 2953 446 de
2983 391 3224 462 Pusato,
3262 393 3456 470 Drogo
3508 402 3582 461 de

156 460 221 517 in
252 463 423 516 tanto
451 458 672 533 populo
702 460 1056 518 conditionis
1098 467 1198 519 aut
1243 465 1427 522 aetatis
1483 469 1813 542 cujuspiam

155 549 266 622 qni
294 564 413 605 non
440 549 823 607 meditaretur
851 551 1046 618 i'ortia,
1076 552 1212 623 quid
1243 555 1315 610 ad
1347 570 1510 613 arma
1537 574 1652 616 non
1678 575 1814 618 con-

160 642 452 711 surgeret,
485 639 581 711 qni
615 656 729 697 non
780 639 890 697 sihi
936 645 1276 715 praesegiret
1323 643 1646 704 victoriam.
1706 649 1811 707 Sa-

155 725 429 784 cerdotes
457 743 593 785 vero
625 727 810 785 sacris
857 729 1050 786 induti
1097 731 1359 790 vestibus
1415 738 1646 792 turmas
1699 739 1813 795 cir-

152 819 507 873 cumeuntes
560 820 618 873 et
677 821 1019 885 conventus,
1070 835 1274 878 cruces
1339 821 1678 882 deferebant
1747 827 1807 884 in

152 906 458 975 manibus,
504 910 562 965 et
616 911 956 966 sanctorum
1006 911 1350 983 patrocinia,
1395 918 1805 987 peccaminum

152 998 569 1069 promittentes
590 997 1042 1070 indulgentiam,
1065 1005 1123 1057 et
1171 1000 1406 1073 plenam
1455 1004 1801 1065 delictorum

156 1085 568 1144 remissionem
598 1086 691 1144 his
720 1088 820 1160 qui
853 1088 1082 1146 fortiter
1108 1090 1167 1147 in
1194 1091 1317 1148 acie
1340 1093 1715 1167 desudarent,
1748 1102 1807 1156 et

153 1178 533 1244 paternarum
561 1174 944 1234 traditionum
975 1181 1032 1234 et
1057 1178 1394 1236 Christianae
1426 1181 1560 1239 iidei
1591 1183 1807 1242 vellent

150 1277 280 1319 esse
309 1263 671 1321 defensores.
703 1264 969 1338 Episcopi
1020 1266 1427 1338 nihilominuS,
1486 1273 1801 1347 principes,

149 1356 208 1407 et
234 1352 531 1409 exercitus
560 1352 922 1424 primicerios
949 1359 1070 1412 tam
1101 1373 1363 1415 seorsum
1396 1377 1567 1432 quam
1597 1362 1657 1418 in
1701 1380 1802 1436 pu·

147 1440 305 1498 blico
336 1442 732 1511 exhortantes,
757 1449 978 1517 quanta
1006 1446 1091 1503 eis
1121 1447 1400 1505 divinitus
1429 1450 1680 1509 dabatur
1710 1469 1800 1510 ex·

148 1527 505 1588 hortationis
526 1532 708 1606 gratia
726 1532 1044 1604 instabant,
1066 1534 1477 1596 benedicentes
1494 1541 1800 1614 populum,

144 1623 205 1677 et
235 1619 489 1677 Domino
507 1623 1033 1681 commendantes:
1073 1623 1227 1682 inter
1283 1642 1429 1699 quos
1471 1629 1799 1703 praecipuus

142 1707 367 1766 Christi
398 1710 584 1769 cultor
603 1711 880 1771 dominus
898 1714 1200 1773 Podiensis
1229 1717 1558 1793 episcopus,
1591 1721 1799 1779 exhor-

141 1797 475 1857 tationihus
490 1801 714 1873 ,ingiter
743 1803 1040 1875 insistens,
1057 1805 1320 1878 Jejnniis,
1344 1812 1403 1866 et
1435 1809 1797 1870 orationibus

142 1887 381 1962 etlarga
396 1889 1250 1966 eleemosynarumliberalitate
1269 1899 1530 1972 seipsum
1554 1901 1797 1960 Domino

141 1977 323 2035 dabat
352 1978 415 2036 in
442 1978 876 2042 holocaustum.

755 2091 983 2150 CAPUT
1018 2093 1189 2151 XVII.

140 2174 430 2236 ordinatis
453 2179 692 2249 aciebus,
714 2180 906 2238 urbem
955 2184 1333 2255 cyr-adiuntur,
1398 2188 1655 2245 Tolosano
1703 2204 1795 2246 co-

476 2253 611 2309 mite
639 2254 711 2309 nd
740 2253 895 2310 urbis
927 2257 1155 2312 tutelam
1183 2256 1462 2315 derelicto.

208 2337 645 2399 Convenientes
673 2343 847 2416 igitur
877 2361 1110 2403 summo
1132 2346 1411 2418 diluculo,
1445 2353 1650 2421 quarto
1671 2356 1795 2407 Ka-

135 2426 349 2485 lendas
376 2427 537 2502 iulii,
569 2436 708 2489 ante
735 2437 965 2505 portam
997 2451 1124 2507 quas
1170 2436 1331 2509 ponti
1380 2441 1505 2494 erat
1561 2443 1799 2497 conter-

133 2518 322 2589 mina,
345 2520 614 2579 invocato
641 2522 711 2579 de
743 2525 1015 2597 supernis
1037 2527 1273 2589 auxilio.
1325 2543 1525 2586 omnes
1573 2530 1794 2588 unani-

133 2609 308 2667 miter
338 2609 511 2683 qnasi
532 2611 621 2668 vir
642 2617 1146 2688 unus,antequam
1169 2616 1370 2676 urbem
1402 2619 1793 2690 egrediantur,

134 2700 293 2757 acies
321 2699 644 2769 instruunt,
667 2708 724 2760 et
740 2704 1046 2762 instructis
1077 2706 1339 2764 ordinem
1369 2714 1426 2766 et
1449 2708 1687 2766 modum
1708 2725 1795 2766 as·

133 2790 384 2862 signant
410 2793 783 2864 procedendi.
809 2794 875 2849 In
903 2795 1095 2866 prima
1114 2795 1296 2868 igitur
1314 2798 1458 2868 acie,
1490 2798 1793 2869 Hugonem

132 2880 440 2955 Magnum,
468 2880 705 2938 fratrem
727 2884 882 2956 regis
910 2885 1182 2956 Franciae,
1216 2887 1422 2943 ducem
1457 2891 1516 2944 et
1554 2886 1791 2961 signife-

132 2988 269 3031 rum
298 2973 703 3046 constituunt3
737 2973 909 3048 eique
938 2976 1233 3035 associant
1252 2977 1441 3037 virum
1470 2995 1571 3051 per
1591 2979 1789 3037 omnia

1927 477 2133 534 Monci.
2167 476 2510 549 Radulphus
2532 476 2692 533 iilius
2723 478 3040 551 Goderridt,
3064 482 3337 543 Conanns
3388 487 3572 549 Brito.

1923 564 2299 622 Undecimum
2325 581 2459 622 vero
2489 566 2761 623 iscardus
2795 583 2992 627 comes
3015 571 3263 643 Diensis,
3289 574 3581 637 Raimun·

1922 655 2029 711 dus
2050 653 2292 723 Piletus,
2325 654 2539 713 Gaetus
2572 656 2902 725 Biterensis,
2935 660 3211 720 Girardus
3259 665 3331 722 de
3378 667 3578 727 Rosei-

1919 743 2039 812 lon,
2101 742 2456 801 wilhelmus
2497 744 2569 801 de
2615 745 3154 820 Montepessulano,
3192 751 3574 819 Guilhermus

1919 837 2217 893 Amanens
2240 839 2570 894 tenuerunt.
2602 837 2667 893 In
2699 838 3044 897 duodecima
3082 857 3236 913 vero,
3277 860 3406 917 qum
3448 853 3574 907 erat

1919 924 2260 993 novissima,
2283 929 2341 981 et
2360 926 2581 983 coeteris
2601 927 2886 999 refertior,
2900 931 3259 991 constitutus
3287 939 3378 992 est
3402 937 3571 1009 prin·-

1917 1029 2052 1087 ceps
2082 1017 2140 1070 et
2161 1015 2491 1071 moderator
2527 1014 2803 1074 dominus
2829 1017 3228 1090 Boamundus,
3249 1023 3570 1101 ,iussusque

1914 1107 2000 1160 est
2030 1107 2366 1176 postremus
2387 1103 2680 1174 incedere,
2705 1112 2769 1162 ut
2798 1108 3262 1178 procedentibus
3304 1116 3565 1188 tempore

1914 1199 2242 1265 opportuno
2273 1193 2636 1251 ministraret
2678 1194 3032 1264 subsidium,
3081 1202 3139 1254 et
3170 1216 3273 1272 pro
3322 1200 3415 1260 his
3460 1205 3566 1277 qui

1912 1281 2165 1354 amptius
2192 1280 2264 1338 ab
2294 1280 2561 1339 hostibus
2589 1292 2972 1357 gravarentur
3001 1287 3304 1357 providam
3335 1297 3563 1363 gereret

1913 1370 2394 1428 sollicitudinem.
2407 1371 2714 1429 Dominum
2729 1377 2914 1430 antem
2925 1375 3195 1433 comitem
3210 1378 3564 1441 Tolosanum

1913 1459 2254 1530 egritudine
2282 1458 2475 1517 valida
2504 1461 2892 1533 periculosius
2916 1462 3305 1538 laborantem,
3326 1468 3389 1527 in
3418 1471 3564 1529 urbe

1912 1549 2263 1606 dimiserunt
2280 1550 2354 1606 ad
2368 1549 2497 1621 ejus
2514 1551 2865 1622 custodiam,
2882 1557 3083 1610 contra
3095 1554 3233 1614 illos
3252 1557 3348 1628 qni
3368 1559 3562 1618 adhuc

1910 1637 2151 1696 rebelles
2181 1642 2348 1696 erant
2366 1639 2424 1696 in
2449 1640 2739 1713 praesidio,
2769 1656 2841 1698 ne
2866 1641 3013 1700 forte
3034 1643 3097 1700 in
3115 1645 3382 1705 absentia
3402 1648 3563 1721 prin-

1829 1762 1877 1829 B
1907 1728 2130 1802 cipum,
2161 1729 2369 1786 urbem
2398 1730 2748 1787 arbitrantes
2769 1746 3037 1802 vacuam,
3063 1750 3242 1808 super
3262 1736 3486 1797 debiles
3499 1744 3560 1799 et

1906 1817 2192 1887 infirmos,
2220 1833 2389 1876 senes
2417 1821 2474 1875 et
2497 1818 2893 1887 mulierculas,
2924 1826 2984 1879 et
3033 1822 3330 1882 imbellem
3364 1843 3558 1901 popu-

1905 1905 2049 1974 lum,
2072 1906 2422 1979 irruptiones
2453 1906 2817 1966 molirentur.
2860 1913 3142 1967 Fecerunt
3161 1917 3354 1970 autem
3393 1919 3452 1972 et
3491 1917 3557 1975 in

1905 1996 2053 2053 colle
2092 1996 2192 2069 qui
2220 1995 2490 2069 praesidio
2520 2001 2645 2055 erat
2673 1999 3000 2070 oppositus,
3035 2015 3267 2058 murum
3296 2018 3367 2059 ex
3397 2004 3558 2064 calce

1904 2093 1960 2143 et
1986 2084 2280 2158 lapidibus
2307 2101 2444 2143 cum
2468 2086 2929 2159 propugnaculis
2977 2087 3426 2164 solidissimum,
3456 2109 3555 2151 su·

1905 2190 2010 2249 per
2028 2191 2206 2248 quem
2226 2175 2532 2233 machinas
2556 2175 2933 2247 jaculatorias
2953 2179 3386 2238 constituerunt
3405 2198 3552 2241 non·

1905 2264 2122 2332 nullas,
2153 2265 2445 2322 ducentos
2466 2265 2647 2335 viros,
2680 2266 2957 2324 robustos
2998 2266 3221 2326 viribus
3277 2274 3335 2328 et
3371 2271 3551 2330 armis

1902 2353 2579 2427 instructos,quilocum
2632 2358 2953 2426 tuerentur,
2988 2356 3073 2414 ibi
3127 2357 3551 2434 relinquentes.

2487 2460 2722 2519 CAPUT
2761 2461 2974 2519 xvm.

1901 2552 2152 2609 Hostium
2176 2553 2431 2625 princeps
2460 2551 2682 2608 exitum
2710 2561 2882 2623 porat
2903 2552 3197 2626 impedire,
3218 2554 3314 2613 sed
3362 2564 3550 2616 nostra

2443 2623 2693 2682 viriliter
2719 2629 3026 2697 erumpunt.

1971 2718 2064 2773 Sic
2084 2731 2222 2789 ergo
2246 2713 2545 2787 dispositis
2566 2730 2809 2772 suorum
2840 2716 3165 2788 ordinibus,
3196 2724 3256 2777 et
3281 2719 3344 2778 in
3364 2722 3546 2782 soiem

1899 2807 2149 2864 redactis
2179 2807 2249 2863 de
2279 2805 2576 2863 communi
2607 2805 2929 2864 decernunt
2958 2807 3204 2866 consilio
3248 2812 3401 2883 quod
3440 2813 3548 2871 do-

1899 2896 2098 2953 minus
2121 2896 2285 2969 Hugo
2297 2894 2854 2968 Magnus,dominus
2877 2913 3109 2971 quoque
3129 2914 3326 2958 comes
3381 2900 3547 2962 Flan-

1897 2987 2148 3054 drensis,
2170 2989 2227 3043 et
2255 2983 2375 3043 dux
2401 2985 2941 3043 Northmannorum
2971 2986 3540 3062 reliquapraecedant

130 3064 1124 3129 commendabilem‚Anselmumde
1142 3068 1787 3142 Riburgismonte,cum
1901 3076 2139 3150 agmina
2171 3091 2185 3132 ε
2217 3074 2624 3147 universisque
2651 3074 2996 3147 precipiunt
3034 3076 3193 3134 hunc
3239 3079 3542 3139 observare

131 3153 265 3211 aliis
295 3153 620 3222 nobilibus,
644 3171 895 3227 qnorum
927 3172 1239 3214 numerum
1272 3157 1358 3215 vel
1411 3158 1650 3215 nomina
1671 3175 1788 3216 non
1818 3141 1862 3211 C
1902 3165 2301 3239 proficiscendi
2332 3163 2618 3235 ordinem,
2652 3167 2713 3221 ut
2727 3164 3040 3234 promissis
3061 3166 3354 3237 peditibus
3374 3170 3541 3242 equi·

130 3248 428 3302 tenemus.
457 3243 739 3302 Secundae
764 3246 1089 3318 praeficiunt
1109 3248 1407 3305 dominum
1440 3247 1776 3314 Robertum,

130 3334 230 3407 qni
263 3333 718 3408 cognominatus
747 3339 834 3391 est
875 3336 1062 3406 Friso,
1120 3336 1559 3395 Flandrensium
1599 3339 1785 3395 comi-

129 3429 279 3492 tem,
311 3439 452 3481 oum
483 3423 575 3481 his
601 3425 700 3497 qui
730 3424 804 3481 ab
826 3424 995 3481 initio
1027 3432 1222 3483 castra
1260 3428 1390 3498 ejus
1429 3427 1614 3483 secuti
1659 3427 1785 3484 fue-

128 3518 283 3570 rant.
308 3513 561 3570 Tertiam
582 3512 794 3585 jussus
825 3518 914 3571 est
938 3531 1134 3588 regere
1175 3515 1446 3572 dominus
1497 3516 1785 3574 Robertus

128 3602 668 3660 Northmannorum
691 3604 823 3669 dux,
847 3608 906 3661 et
935 3621 1069 3664 cum
1094 3621 1160 3661 eo
1193 3606 1280 3661 vir
1299 3605 1574 3680 inclytus,
1603 3623 1787 3679 nepos

128 3693 282 3766 ejus,
316 3709 514 3752 comes
534 3694 864 3768 Stephanus
895 3695 964 3751 de
991 3694 1323 3752 Albainarla
1373 3700 1431 3753 et
1465 3697 1563 3753 alii
1620 3696 1785 3754 nohi-

129 3784 241 3853 les,
271 3783 378 3858 qni
406 3785 471 3842 in
499 3786 627 3858 ejus
647 3786 998 3842 advenerant
1026 3786 1324 3842 comitatu.
1347 3786 1674 3861 Episcopus
1692 3805 1783 3845 ve-

128 3893 195 3934 ro
222 3877 555 3944 Podiensis,
585 3878 859 3936 dominus
887 3879 1237 3949 Ademarus,
1266 3879 1429 3935 bonae
1464 3880 1783 3951 memorias,

128 3983 265 4024 enm
297 3984 412 4025 sna
441 3971 499 4024 et
528 3968 752 4025 domini
775 3967 1005 4025 comitis
1026 3967 1299 4025 'l'olosani
1328 3968 1569 4039 familia,
1602 3986 1782 4042 quar·

126 4061 198 4113 ιω
216 4061 471 4131 preerat
499 4057 661 4125 aciei,
694 4056 1056 4113 Dominicam
1095 4073 1297 4114 secum
1335 4057 1601 4114 deferens
1648 4058 1783 4115 lan-

124 4163 314 4206 ceam.
348 4147 625 4213 Quintam
645 4164 779 4205 vero
802 4146 1128 4205 Rainardus
1156 4163 1356 4205 comes
1376 4147 1695 4217 Tullensis,
1725 4157 1780 4207 et

122 4236 331 4294 Petrus
362 4237 435 4295 de
464 4236 768 4294 Stadeneis
800 4236 977 4293 irater
996 4238 1151 4308 ejus,
1171 4253 1366 4295 comes
1387 4237 1684 4295 Garnerus
1711 4240 1780 4297 de

123 4325 292 4398 Grec,
326 4327 615 4383 Henricus
644 4327 715 4382 de
734 4326 947 4395 Ascha,
999 4325 1327 4383 Rainardus
1375 4326 1446 4382 de
1501 4329 1777 4385 Ammer-

118 4415 250 4486 bac,
273 4414 545 4474 Galterus
565 4416 638 4473 de
665 4416 1056 4483 Dommedart,
1079 4432 1184 4473 suo
1203 4416 1774 4490 moderaminejussi

1895 3262 1980 3311 tes
2022 3253 2538 3325 subsequerentur,
2569 3255 2626 3308 et
2670 3251 2755 3308 eis
2801 3249 3145 3325 diligentem
3192 3254 3539 3315 adhiberent

1891 3342 2238 3401 custodiam.
2260 3342 2505 3399 Cautum
2528 3344 2614 3397 est
2632 3339 2810 3397 stiam
2840 3340 3027 3400 edicto
3050 3342 3306 3416 publico,
3336 3352 3391 3402 et
3410 3344 3538 3420 lege

1889 3433 2190 3489 communi
2221 3430 2680 3504 promulgatum,
2701 3445 2772 3487 ns
2800 3434 2922 3504 quis
2941 3432 3184 3489 hostium
3218 3434 3411 3506 spoliis
3438 3437 3538 3493 in-

1888 3521 2053 3580 hiare
2077 3526 2423 3595 praesumat:
2451 3524 2546 3576 sed
2566 3535 2752 3576 omnes
2772 3521 3006 3576 hostium
3024 3521 3160 3577 coedi
3199 3526 3538 3584 unanimiter

1889 3611 2233 3677 incumbant,
2255 3624 2549 3683 quousque.
2601 3609 2822 3664 obtenta
2866 3609 3099 3665 victoria
3161 3613 3213 3665 et
3241 3615 3536 3681 prostratis

1892 3702 2157 3768 hostibus,
2182 3698 2335 3755 licite
2379 3699 2593 3769 possint
2633 3697 2706 3752 ad
2751 3696 2930 3768 spolia
2974 3697 3280 3770 colliqenda
3327 3699 3532 3758 redire.

1888 3789 2049 3846 Pollo
2080 3785 2408 3861 Corbagath
2441 3792 2781 3858 suspectum
2822 3785 3075 3843 habebat
3118 3787 3191 3843 ab
3238 3786 3425 3861 initio,
3475 3794 3535 3849 et

1888 3878 2139 3936 maxime
2155 3884 2461 3950 postquam
2481 3876 2551 3931 ad
2579 3891 2715 3932 eum
2745 3875 2949 3932 Petrus
2966 3874 3182 3933 missus
3201 3876 3408 3948 iuerat,
3429 3896 3532 3939 no.

1887 3977 2141 4026 strorum
2170 3965 2434 4023 subitum
2464 3965 2524 4020 in
2546 3969 2740 4022 castra
2768 3980 2876 4021 sua
2905 3981 3231 4038 egressum:
3283 3968 3440 4027 unde
3469 3975 3528 4031 et

1887 4074 2021 4116 cum
2049 4057 2121 4114 iis
2169 4056 2267 4128 qui
2301 4055 2361 4112 in
2419 4054 2690 4128 praesidio
2724 4062 2910 4123 erant,
2962 4061 3333 4126 convenerat,
3373 4069 3438 4117 ut
3478 4061 3528 4120 si

1886 4148 2120 4222 quando
2146 4144 2327 4204 nostri
2357 4147 2426 4202 de
2455 4144 2611 4201 exitu
2653 4145 2995 4218 cogitarent,
3026 4149 3085 4203 et
3122 4161 3184 4203 se
3230 4164 3529 4221 propara-

1885 4243 2016 4295 rent
2034 4238 2105 4295 ad
2139 4252 2463 4310 egressum,
2497 4234 2775 4309 oppidani
2827 4236 2964 4293 dato
3015 4236 3183 4310 signo
3211 4238 3417 4297 castris
3466 4239 3528 4299 id

1884 4327 2218 4402 significare
2248 4328 2643 4399 properarent.
2667 4325 2904 4383 Factum
2924 4329 3014 4384 est
3034 4325 3217 4402 igitur
3235 4326 3389 4386 circa
3417 4327 3527 4389 ho·

1884 4435 2013 4476 ram
2044 4417 2160 4476 diei
2179 4416 2454 4490 primam,
2488 4416 2630 4473 dum
2660 4415 2847 4473 nostri
2876 4415 3029 4476 acles
3071 4432 3209 4477 suas
3251 4417 3523 4492 dispone-

117 4510 261 4564 sunt
288 4505 634 4580 producere.
668 4506 849 4563 Sextae
879 4522 1010 4563 vero
1031 4506 1175 4564 aciei
1205 4507 1274 4563 de
1306 4507 1575 4565 mandato
1605 4508 1771 4581 prin·
1803 4520 1849 4586 1)
1881 4511 2029 4581 rent,
2061 4506 2164 4581 qui
2193 4506 2255 4563 in
2284 4506 2555 4579 praesidio
2586 4509 2769 4575 erant,
2802 4505 2860 4562 id
2891 4510 3255 4579 compertum
3303 4506 3525 4565 haben·

120 4594 320 4669 cipum
342 4596 600 4669 profecti
631 4600 770 4654 snnt
802 4595 1166 4654 Rainboldus
1191 4612 1385 4654 comes
1406 4596 1478 4654 de
1507 4596 1762 4670 oringis,

118 4686 452 4744 Lndovicus
490 4686 563 4744 de
591 4686 891 4753 Moncons,
925 4685 1267 4743 Lambertus
1306 4686 1462 4743 tilius
1519 4687 1767 4744 Cononis

120 4778 191 4835 de
218 4777 617 4836 nonteacuto.
655 4776 974 4848 Septimum
1006 4764 1142 4834 vero
1171 4778 1259 4831 vir
1287 4775 1535 4833 illustris
1565 4784 1619 4834 et
1642 4792 1766 4833 ma-

120 4868 399 4941 gnificus,
443 4864 721 4923 dominus
772 4864 1157 4939 Lotharingiae
1233 4866 1352 4923 dux
1398 4865 1765 4934 Godel'ridus,

120 4972 256 5014 cum
278 4956 407 5014 viro
436 4953 749 5013 venerabili
772 4954 944 5012 fratre
973 4971 1078 5012 suo
1108 4955 1442 5028 Eustachio,
1466 4957 1638 5029 Juxta
1660 4956 1766 5013 mi-

118 5046 355 5106 litarem
385 5044 756 5118 disciplinam
787 5044 1106 5118 disposuit·
1143 5045 1371 5103 Octavae
1410 5062 1541 5105 vero
1583 5046 1671 5104 vir
1705 5047 1766 5104 in

118 5139 304 5196 armis
324 5139 606 5194 strenuus
623 5139 677 5192 et
697 5151 930 5192 morum
943 5135 1329 5208 generositate
1349 5135 1597 5210 insignis
1610 5153 1767 5209 prae-

121 5229 233 5285 init
256 5227 625 5285 Tancredus.
648 5224 870 5285 Nonam
891 5241 1024 5282 vero
1053 5241 1250 5283 comes
1271 5225 1439 5299 Engo
1464 5227 1536 5284 de
1554 5226 1766 5286 Sancto

118 5315 327 5388 Panlo,
353 5322 413 5375 et
442 5314 843 5389 Engelrandus
870 5314 1027 5373 filins
1044 5316 1193 5388 ejus,
1214 5314 1470 5374 Thomas
1481 5316 1554 5374 de
1579 5317 1766 5388 Beria,

122 5405 454 5466 Balduinus
474 5406 547 5465 ds
569 5404 792 5480 Burgo‚
828 5406 1115 5464 Robertus
1152 5405 1312 5463 filius
1344 5406 1600 5480 Gerar-di,
1641 5405 1771 5465 Rai-

122 5498 343 5558 noldns
368 5495 762 5569 Belvacensis,
793 5494 936 5554 Galo
974 5496 1045 5554 de
1074 5495 1447 5554 Calvomonte
1465 5496 1769 5571 disponere

116 5589 271 5661 sassi
300 5591 467 5649 sunt.
498 5586 747 5647 Decime
802 5603 935 5647 vero
979 5585 1234 5660 praerecti
1288 5589 1427 5646 sunt
1481 5586 1764 5649 Rotoldns

1870 4607 1962 4660 tes
1989 4599 2155 4672 signo
2185 4598 2322 4653 dato
2353 4596 2425 4653 de
2442 4612 2556 4668 quo
2596 4596 2747 4652 inter
2766 4610 2866 4652 eos
2897 4599 3263 4661 convenerat,
3312 4594 3374 4651 id
3427 4611 3527 4655 ce·

1871 4688 2012 4750 stris
2041 4688 2309 4745 cominus
2340 4684 2835 4759 significaverunt.
2869 4682 3034 4741 Unde
3066 4691 3393 4742 nostrornm
3419 4699 3529 4742 vo-

1871 4780 2054 4838 lentes
2084 4778 2402 4851 praepedire
2432 4774 2818 4850 propositum,
2855 4772 3261 4846 promiserunt
3288 4774 3359 4831 de
3391 4773 3524 4832 suis

1872 4869 2042 4944 quasi
2074 4869 2145 4925 ad
2170 4869 2285 4925 duo
2318 4865 2523 4937 millia,
2547 4865 2648 4938 qui
2677 4865 2832 4922 circa
2888 4869 3121 4936 pontem
3171 4863 3394 4922 nostris
3424 4879 3525 4922 oc-

1871 4961 2196 5028 currerent,
2218 4964 2275 5014 et
2303 4973 2402 5013 eos
2439 4953 2631 5025 egredi
2661 4969 2777 5011 non
2829 4955 3174 5025 paterentur
3204 4968 3221 5012 ε
3272 4955 3396 5028 qui,
3459 4957 3526 5012 ut

1872 5049 2156 5106 instarent
2186 5046 2506 5119 protervius
2526 5049 2583 5102 et
2610 5045 2683 5101 ad
2713 5044 3114 5118 sagittandum
3143 5052 3339 5105 essent
3352 5046 3529 5105 hahi-

1871 5138 2086 5221 liorem
2118 5138 2543 5196 descendentes
2573 5135 2645 5193 de
2674 5134 2843 5208 equis
2871 5134 3094 5209 pedites
3115 5151 3176 5195 ss
3203 5134 3525 5194 constitue-

1872 5233 2031 5298 runt,
2061 5228 2256 5302 pontis
2285 5230 2511 5300 partem
2543 5224 2876 5283 ulteriorem
2901 5230 3277 5299 occupantes.
3309 5228 3381 5283 Αῑ
3416 5240 3517 5283 ve-

1871 5336 1939 5377 ro
1971 5318 2171 5390 nostri,
2205 5316 2543 5391 compositis
2572 5316 2808 5373 aciebus
2827 5319 2887 5372 et
2907 5315 3079 5388 juxta
3123 5316 3207 5373 rei
3256 5313 3526 5376 militaris

1873 5408 2246 5482 disciplinam
2257 5406 2464 5466 ordine
2483 5420 2744 5480 congruo
2773 5404 3037 5480 digestis,
3058 5414 3313 5465 reserata
3333 5411 3521 5482 porta,

1874 5498 2201 5558 observatis
2231 5495 2591 5557 stationibus
2601 5499 2661 5555 et
2676 5494 3010 5571 legionibus
3038 5495 3422 5571 impermistis
3439 5515 3523 5559 se·

1875 5588 2075 5649 riatim
2102 5589 2500 5664 egrediuntur.
2525 5588 2790 5661 Dumque
2821 5585 3079 5660 praedicti
3098 5586 3301 5648 hostes
3327 5590 3521 5662 quisd
