3784 6000
1374 221 1799 288 GUILLELMI
1840 217 2224 284 TYRENSIS
2267 218 2640 284 aucnmp,

3591 222 3716 287 396

306 376 494 444 neque
525 368 685 443 prins
718 381 905 439 neque
937 359 1220 435 posterius
1259 358 1573 432 propitium
1605 357 1665 414 in
1695 373 1761 414 eo
1794 357 1941 411 facto
1971 354 2026 422 Α
2057 353 2218 410 beret
2262 354 2747 427 experimentum.
2796 354 2903 420 Qui
2950 371 3084 412 vero
3140 357 3260 412 tam
3310 355 3701 426 periculosum

306 459 511 517 habuit
556 455 808 530 populus
855 451 1212 518 Dominum3
1262 447 1492 520 quoties
1534 446 1690 504 enim
1740 445 1945 501 urbem

303 546 1017 617 nitebanturimpugnare,
1041 544 1099 597 et
1115 540 1187 596 ad
1201 538 1356 596 varia
1385 552 1446 594 se
1469 535 1813 594 attollebant
1840 551 1947 591 no-

300 635 469 694 cendi
498 637 857 708 argumenta,
893 635 958 687 ut
986 631 1074 687 vel
1110 630 1132 652 “
1159 631 1397 702 agerent
1444 627 1515 684 ad
1547 624 1940 696 dejiciendum

299 740 556 793 murum,
602 722 691 779 vei
743 724 950 778 contra
991 734 1127 776 eum
1181 718 1439 774 assultus
1486 714 1941 784 committerent,

296 812 466 869 toties
494 827 641 869 nova
671 806 1502 880 occurrebantimpedimenta,
1524 808 1583 861 et
1609 802 1801 861 omnis
1840 817 1938 858 eo·

293 919 426 959 rum
455 900 847 959 evacuabatur
875 901 1138 966 conatus,
1163 895 1599 953 frustrabantur
1613 908 1811 967 opera,
1831 892 1940 948 im·

292 1006 476 1062 pensa
503 989 804 1062 deperibat
827 1004 840 1044 τ
863 989 944 1045 ita
976 990 1040 1043 ut
1069 984 1372 1042 manifeste
1402 983 1637 1040 daretur
1664 979 1934 1052 intelligi,

290 1080 448 1153 quod
477 1079 539 1136 ln
569 1095 637 1137 eo
676 1093 869 1151 opere,
899 1090 1096 1135 eorum
1135 1073 1442 1132 conatibus
1490 1072 1646 1128 favor
1693 1085 1755 1127 se
1785 1070 1933 1127 sub-

287 1168 565 1228 traxisset
592 1169 851 1229 divinus.
901 1168 1124 1240 Quippe
1165 1165 1537 1224 occidebatur
1565 1161 1841 1236 populus,
1880 1164 1939 1219 et

285 1258 392 1317 viri
423 1258 649 1316 nobiles
674 1262 733 1314 et
760 1255 1019 1330 preclari
1043 1254 1332 1312 inutiliter
1360 1251 1810 1311 decumbebant.
1832 1254 1934 1308 Ce-

287 1347 553 1405 ciderunt
580 1346 661 1404 ibi
692 1346 802 1403 viti
831 1344 1056 1403 nobiles
1102 1347 1160 1400 et
1197 1341 1478 1416 praeclari,
1520 1356 1656 1399 casu
1690 1341 1934 1398 misera-

283 1436 413 1507 bili,
445 1441 690 1509 uterque
717 1436 881 1508 jactu
915 1432 1141 1505 lapidis,
1186 1431 1494 1489 Anselmus
1524 1431 1596 1487 de
1625 1430 1933 1503 Riburgis-

286 1530 505 1594 monte,
557 1525 646 1581 vir
705 1524 766 1581 in
810 1522 990 1580 armis
1037 1532 1312 1580 strenuus
1350 1525 1409 1577 et
1455 1524 1690 1593 perpete
1720 1519 1934 1590 dignus

287 1618 608 1685 memoria3
640 1621 699 1673 et
728 1614 970 1673 Pontius
1011 1616 1085 1671 de
1122 1613 1439 1680 Baladuno‚
1495 1611 1585 1666 vir
1631 1608 1845 1665 nobilis
1875 1611 1933 1664 et

281 1706 593 1767 familiaris
627 1707 866 1763 domino
896 1703 1092 1761 comiti
1121 1703 1426 1760 Tolosano.

354 1794 663 1865 Propterea
689 1798 747 1848 et
778 1792 1027 1864 populus
1056 1791 1272 1846 invitus
1304 1789 1382 1845 ibi
1414 1788 1798 1850 detinebatur,
1831 1802 1926 1842 cui

279 1893 401 1941 erat
431 1883 490 1939 in
513 1884 806 1955 proposito
830 1884 938 1938 iter
960 1884 1257 1951 inceptum
1295 1894 1705 1937 consummare
1730 1895 1744 1934 ε
1775 1878 1932 1932 unde

281 1988 386 2030 nec
417 1988 649 2044 operam
681 1972 858 2027 dabat
887 1987 1018 2027 cum
1039 1970 1256 2039 studio,
1281 1985 1386 2024 nec
1412 1967 1656 2023 multam
1691 1966 1748 2021 in
1784 1968 1929 2023 facto

277 2062 651 2136 impendebat
705 2060 1184 2128 sollicitudinem,
1236 2059 1489 2115 maxime
1546 2062 1739 2112 autem
1800 2061 1931 2128 post

277 2149 448 2208 ducis
469 2151 822 2219 adventum;
865 2151 1042 2207 etiam
1072 2150 1174 2222 qui
1205 2165 1337 2206 cum
1387 2147 1601 2204 comite
1646 2145 1930 2202 Tolosano

275 2241 630 2297 advenerant
656 2240 787 2312 ejus
818 2238 1134 2296 familiares
1163 2241 1218 2294 et
1247 2237 1569 2303 domestici,
1601 2251 1660 2292 se
1691 2235 1927 2292 subtra-

277 2327 492 2385 hebant
519 2344 591 2384 ex
617 2327 929 2396 industria,
964 2331 1028 2383 ut
1055 2342 1254 2384 comes
1283 2326 1523 2382 affectus
1563 2324 1757 2391 taedio,
1790 2324 1928 2381 alio·

275 2432 404 2474 rum
436 2414 765 2489 principum
797 2418 921 2474 vias
949 2420 1308 2488 sequeretur,
1341 2414 1439 2488 qui
1470 2415 1643 2473 etiam
1672 2413 1841 2470 inviti
1869 2418 1928 2471 et

274 2505 642 2576 compeliente
653 2507 865 2564 comite
877 2511 1081 2563 contra
1095 2503 1482 2563 conscientias
1495 2504 1924 2562 detinebantur.

872 2611 1108 2672 CAPUT
1137 2613 1336 2670 XVIII.

275 2701 586 2761 Renovalur
625 2704 849 2777 quaealio
880 2702 946 2759 do
984 2703 1176 2760 lancea
1214 2701 1438 2758 Domini
1468 2718 1488 2759 .·
1527 2702 1784 2759 Inventor
1830 2718 1925 2760 ro-

343 2791 476 2847 pum
495 2777 671 2832 intrat
699 2791 985 2832 acesinum
1004 2789 1029 2841 ,·
1060 2773 1254 2847 paucis
1297 2782 1414 2846 post
1444 2773 1633 2830 diebus
1661 2773 1923 2830 moritur.

349 2865 648 2923 Renovate
691 2869 784 2923 est
829 2864 909 2921 ibi
940 2863 1184 2937 questio
1231 2864 1304 2920 de
1345 2863 1567 2933 lancea,
1599 2879 1729 2936 quae
1765 2864 1922 2936 apud

272 2953 645 3012 Antiochiam
673 2958 903 3029 reperta
925 2953 1152 3012 suerat:
1182 2957 1384 3011 utrum
1414 2969 1483 3011 ea
1510 2956 1689 3024 esset,
1716 2969 1831 3027 qua
1852 2953 1924 3011 de

271 3042 453 3102 latere
481 3043 715 3102 Domini
759 3044 1001 3117 sanguis
1049 3046 1107 3103 et
1154 3044 1314 3101 unda
1361 3043 1673 3117 profluxit3
1719 3059 1794 3101 an
1825 3060 1920 3102 res

270 3136 424 3190 esset
454 3133 878 3189 commentitia.
911 3131 1227 3190 Dubitabat
1252 3133 1408 3189 enim
1428 3132 1592 3189 valde
1617 3148 1793 3205 anper
1807 3132 1920 3192 hoc
1949 3095 1992 3163 C

272 3220 527 3292 populus
549 3219 684 3287 ;sed
694 3224 752 3277 et
771 3222 1024 3293 maiores
1043 3220 1278 3293 penitus
1297 3220 1661 3278 fluctuabant
1681 3222 1916 3292 incerti;

271 3307 403 3364 aliis
434 3309 769 3366 dicentibus
800 3309 958 3382 quod
985 3326 1111 3368 vere
1140 3310 1268 3382 ipsa
1296 3314 1472 3377 esset,
1504 3327 1635 3384 quae
1681 3311 1916 3369 Domini

269 3413 476 3455 cruore
497 3399 824 3467 maduerat,
855 3399 981 3471 ejus
1004 3399 1159 3456 latus
1187 3400 1475 3473 aperiens,
1504 3405 1564 3457 et
1600 3416 1701 3473 per
1735 3401 1920 3475 inspi-

268 3487 548 3545 rationem
571 3486 824 3544 divinam
844 3488 903 3545 in
925 3487 1380 3546 consolationem
1406 3488 1593 3562 plebis
1629 3491 1876 3548 revelata
1898 3511 1915 3562 ς

267 3576 396 3634 aliis
459 3577 947 3647 asseverantibus,
996 3579 1151 3651 quod
1214 3580 1600 3637 versutiarum
1646 3581 1917 3638 Tolosani

266 3664 496 3723 comitis
526 3671 682 3723 esset
712 3673 1149 3741 argumentum,
1183 3672 1242 3725 et
1261 3668 1448 3741 gratia
1468 3674 1724 3742 quaestus
1745 3672 1914 3728 adin·

264 3757 456 3812 ventio
488 3755 639 3811 licta.
671 3755 859 3829 Hujus
891 3762 1083 3814 autem
1135 3758 1521 3815 dissensionis
1563 3765 1765 3817 auctor
1791 3764 1916 3817 erat

265 3845 597 3917 principuus
627 3846 868 3919 quidam
901 3847 1259 3920 Arnulphus,
1304 3849 1521 3905 domini
1552 3853 1916 3908 Normanno·

265 3950 396 3991 rum
446 3935 680 3992 comitis
720 3936 1026 3996 familiaris
1067 3945 1122 3995 et
1150 3938 1528 4011 capellanus;
1559 3939 1648 3996 vir
1676 3941 1915 4012 quidem

264 4021 577 4093 litteratus,
608 4026 710 4082 sed
741 4025 1059 4084 immundas
1089 4029 1548 4087 conversationis
1575 4035 1633 4087 et
1660 4032 1913 4089 scanda-

263 4110 457 4169 lorum
503 4120 882 4186 procurator;
929 4116 1001 4173 de
1045 4132 1162 4189 quo
1210 4118 1269 4174 in
1317 4120 1701 4193 sequentibus
1732 4122 1918 4179 multa

2059 458 2302 500 examen
2319 448 2528 516 sponte
2549 445 2854 501 subiturus
2874 448 2999 502 erat
3015 445 3321 501 dicebatur
3341 445 3551 502 Petrus
3572 445 3712 502 Bar·

2058 532 2357 602 tholomei,
2405 533 2652 591 clericus
2702 535 2959 607 quidem,
3004 535 3105 591 sed
3139 534 3362 592 modice
3392 533 3706 607 litteratus,

2052 626 2110 678 et
2137 630 2416 695 quantum
2446 625 2514 680 ad
2547 624 2868 681 humanum
2891 624 3044 681 diem
3067 624 3391 697 dijudicare
3423 624 3704 697 pertinet,

2051 712 2226 771 homo
2256 713 2504 785 simplex
2532 715 2837 771 videbatur
2861 732 2876 784 ;
2908 713 3006 787 qui
3036 714 3292 771 oratione
3321 714 3473 771 iacta
3492 716 3553 771 in
3568 732 3705 772 con-

2050 807 2252 875 spectu
2272 804 2820 876 circumpositarum
2840 804 3158 876 legionum,
3173 808 3481 876 assumpta
3499 820 3702 863 secum

2050 893 2324 965 praedicta
2352 894 2571 961 lancea,
2602 909 2705 966 per
2733 894 2927 967 ignem
2950 894 3238 963 transivit,
3272 900 3563 968 quantum
3598 913 3703 968 po-

2046 983 2180 1057 pulo
2194 983 2770 1054 videbatur,illaesus.
2796 983 3006 1042 Verum
3031 983 3141 1042 hoc
3173 985 3302 1057 ejus
3332 985 3549 1042 lactum
3579 1003 3697 1044 non

2047 1074 2234 1131 solum
2257 1091 2370 1131 non
2384 1074 2690 1147 amputavit
2701 1075 3093 1147 quaestionem,
3108 1075 3209 1133 sed
3223 1077 3497 1147 majorem
3508 1077 3695 1134 susci·

2045 1162 2191 1219 tavit
2208 1179 2368 1231 ;nam
2384 1163 2538 1220 infra
2553 1180 2771 1235 paucos
2783 1163 2908 1220 dies
2922 1164 3041 1224 vita
3050 1163 3319 1234 decessit,
3335 1166 3428 1239 cuj
3437 1180 3507 1222 us
3520 1182 3695 1225 acce-

2043 1253 2210 1310 lerati
2238 1253 2433 1310 obitus
2448 1253 2833 1321 occasionem,
2857 1270 2991 1311 cum
3012 1253 3189 1312 homo
3210 1270 3391 1312 sanus
3418 1260 3479 1313 et
3495 1255 3693 1315 vitalis

2043 1344 2206 1417 prius
2224 1342 2535 1412 videretur,
2559 1344 2794 1415 quidam
2813 1344 3153 1401 asserebant
3181 1348 3473 1402 tentatum
3493 1346 3695 1403 incen-

2042 1432 2226 1503 dium,
2242 1433 2499 1490 dicentes
2511 1433 2668 1504 quod
2681 1432 2739 1488 in
2758 1449 2824 1491 eo
2842 1437 3120 1506 tanquam
3140 1433 3356 1490 fraudis
3382 1438 3684 1506 patronus,

2044 1523 2247 1581 mortis
2279 1538 2515 1579 causam
2537 1520 2887 1595 collegisset.
2921 1523 3031 1578 Alii
3065 1537 3199 1579 vero
3230 1522 3500 1580 dicebant
3526 1525 3685 1597 quod

2040 1614 2112 1671 ab
2142 1612 2410 1669 incendio
2437 1628 2620 1669 sanus
2640 1616 2900 1669 evaserat
2919 1617 2976 1669 et
2997 1611 3305 1670 incolumis
3331 1630 3346 1682 ς
3371 1613 3471 1669 sed
3496 1629 3691 1687 egres—

1911 1784 1925 1800 ·
1961 1729 2003 1796 Β
2040 1720 2173 1761 sum
2207 1703 2277 1759 ab
2309 1702 2464 1774 igne,
2498 1703 2700 1771 turbae,
2732 1719 2909 1760 causa
2927 1703 3249 1759 devotionis
3273 1703 3590 1773 irruentes,
3613 1722 3688 1777 op

2034 1795 2367 1863 presserant
2395 1794 2453 1846 et
2480 1791 2876 1847 contriverant
2911 1796 3173 1857 eatenus,
3222 1795 3288 1848 ut
3334 1793 3465 1849 vitae
3506 1792 3686 1851 finem

2034 1880 2451 1937 ministrarent.
2484 1881 2695 1952 Sicque
2728 1897 2834 1949 res,
2867 1898 2998 1953 quae
3056 1883 3114 1936 in
3153 1883 3393 1938 dubium
3425 1887 3684 1953 venerat,

2033 1972 2252 2028 nullam
2287 1969 2567 2042 recipiens
2596 1970 2969 2041 decisionem,
3005 1971 3191 2042 majus
3224 1971 3449 2028 induxit
3491 1973 3688 2030 ambi-

2032 2077 2238 2133 guum.

2652 2149 2884 2208 CAPUT
2912 2148 3055 2207 XIX.

2028 2240 2247 2302 Nuntii.
2281 2241 2376 2311 qui
2421 2255 2457 2295 a
2483 2240 2689 2295 nostris
2729 2238 3075 2311 principibus
3134 2242 3292 2297 missi
3341 2241 3574 2310 fuerant
3621 2241 3685 2297 in

2100 2314 2414 2385 AE'qyplum,
2446 2315 2820 2368 revertuntur.

2099 2419 2207 2476 Per
2252 2419 2409 2476 idem
2438 2422 2672 2492 tempus
2702 2419 2880 2492 legati
2927 2417 3111 2475 nostri
3142 2417 3262 2491 qui,
3292 2416 3682 2476 invitantibus

2028 2508 2332 2583 AEgyptiis,
2363 2507 2465 2581 qui
2496 2509 2568 2565 ad
2601 2508 2968 2565 obsidionum
2998 2506 3421 2565 Antiochenam
3456 2508 3686 2567 missia

2029 2598 2260 2670 calipha
2287 2596 2550 2670 AEgyptio
2581 2603 2874 2667 venerant,
2897 2602 2963 2654 ut
2992 2597 3402 2670 praemisimus,
3432 2598 3679 2655 descen·

2028 2688 2233 2745 derant
2262 2685 2322 2743 in
2353 2685 2683 2759 AEgyptum,
2714 2690 2844 2759 post
2876 2702 3097 2743 annum
3123 2703 3235 2758 quo
3257 2689 3377 2744 tam
3393 2685 3682 2744 violenter

2029 2793 2207 2851 quam
2237 2774 2436 2834 dolose
2464 2776 2682 2832 detenti
2722 2776 2969 2842 fuerant,
3012 2778 3084 2832 ad
3118 2774 3431 2848 principes,
3455 2774 3681 2848 quiens

2029 2867 2332 2939 miserant,
2363 2874 2504 2922 sunt
2532 2866 2744 2924 reversi
2769 2883 2784 2935 ;
2814 2871 3204 2939 venerantque
3234 2881 3367 2923 cum
3394 2867 3479 2923 eis
3509 2865 3684 2940 ΑΕΒ]-

2029 2957 2281 3031 ptiorum
2313 2955 2597 3030 principis
2626 2955 2826 3029 legati,
2870 2956 3045 3015 verba
3069 2956 3394 3015 deferentes
3426 2953 3681 3014 multum

2030 3048 2104 3105 ab
2136 3047 2230 3105 bis
2258 3064 2387 3120 quie
2418 3046 2579 3120 prius
2610 3046 2950 3115 attulerant,
2981 3046 3319 3104 dissimilia.
3350 3047 3493 3104 Cum
3520 3046 3682 3105 enim

2033 3136 2220 3194 multa
2260 3136 2423 3209 prius
2461 3136 2726 3194 obtinere
2763 3135 3128 3194 laborassent
3175 3153 3413 3209 precum
3453 3137 3684 3194 instan-

2021 3226 2120 3295 tia,
2173 3233 2237 3283 ut
2283 3229 2613 3284 nostrorum
2675 3226 3004 3299 principum
3058 3230 3259 3284 contra
3308 3225 3682 3284 insolentiam

2021 3316 2341 3373 Turcorum
2370 3319 2427 3372 et
2464 3319 2774 3371 Persarum
2825 3313 3108 3373 haberent
3136 3315 3383 3387 gratiam
3414 3317 3472 3371 et
3512 3314 3682 3372 anxi-

2022 3404 2205 3476 lium3
2238 3421 2393 3461 nunc
2424 3412 2646 3461 mutato
2673 3404 2919 3475 cantico,
2971 3422 3071 3475 pro
3121 3422 3357 3462 summo
3392 3404 3681 3462 beneflcio

2024 3494 2529 3552 searbitrabantur
2548 3494 2763 3552 nostris
2789 3495 3113 3567 indulgere,
3136 3495 3185 3553 si
3210 3494 3680 3568 Hierosolymam

2024 3586 2307 3643 ducentos
2338 3589 2439 3641 aut
2459 3591 2744 3642 trecentos
2774 3584 2954 3642 simul
3002 3590 3369 3657 permitteret
3418 3585 3686 3642 inermes

2024 3676 2297 3734 accedere
2318 3680 2376 3731 et
2394 3675 2694 3748 completis
2719 3675 3080 3733 orationibus
3103 3677 3288 3733 redire
3324 3675 3680 3734 incolumes.

2023 3763 2183 3828 Quod
2214 3765 2452 3821 verbum
2485 3764 2668 3820 nostri
2700 3764 2993 3837 principes
3022 3783 3124 3839 pro
3154 3765 3406 3824 ludibrio
3444 3766 3683 3826 haben-

2023 3858 2132 3919 tes,
2166 3853 2471 3925 praedictos
2501 3854 2743 3910 nuntios
2791 3855 2977 3911 redire
3005 3855 3440 3927 compulerunt,
3491 3860 3683 3930 signi-

2023 3942 2267 3999 ficantes
2298 3942 2452 4015 quod
2495 3960 2610 3998 non
2644 3944 2943 4000 secundam
2989 3948 3292 4017 propositas
3331 3947 3681 4009 conditiones

2017 4031 2409 4105 particulatim
2456 4033 2594 4090 illuc
2655 4032 2931 4091 accederet
2978 4036 3251 4092 exercitus
3271 4052 3298 4102 ,·
3339 4036 3433 4096 sed
3463 4039 3682 4110 iunctis

2021 4121 2336 4193 numinibus
2376 4121 2806 4196 Hierosolymam
2837 4123 3316 4196 proficiscerentur
3359 4130 3679 4203 unanimes,

264 4198 512 4257 dicenda
539 4207 863 4259 occurrent.
894 4203 1156 4275 Cumque
1174 4206 1272 4261 diu
1296 4223 1471 4279 super
1490 4208 1675 4265 hocin
1698 4210 1915 4283 populo
2021 4227 2191 4283 reano
2218 4215 2336 4279 cius
2362 4212 2671 4285 periculum
2701 4214 2941 4271 illaturi.
2992 4214 3182 4288 Hujus
3226 4224 3422 4275 autem
3470 4226 3682 4281 muta-

265 4300 457 4342 sermo
485 4285 581 4343 hic
606 4287 955 4347 discurreret
982 4293 1486 4365 contradictorius,
1530 4295 1625 4353 hic
1654 4297 1754 4368 qui
1785 4314 1914 4355 eam
2022 4300 2198 4358 tionis
2229 4318 2404 4359 causa
2432 4302 2618 4362 ruerat
2647 4303 2950 4376 quiddam.
2983 4306 3135 4377 quod
3166 4322 3237 4363 ex
3261 4314 3460 4366 nostra
3485 4310 3677 4371 victo-

265 4371 677 4433 revelationem
734 4377 848 4436 sibi
895 4379 1108 4436 tactam
1138 4380 1315 4439 luisse
1356 4385 1672 4455 asserebat,
1706 4389 1770 4442 ut
1805 4403 1912 4461 po·-
2022 4389 2131 4459 ria,
2162 4405 2290 4462 quae
2320 4389 2476 4463 apud
2501 4392 2866 4450 Antiochiam
2908 4394 3214 4465 acciderat,
3257 4396 3545 4456 habuerat
3571 4417 3676 4459 or-

263 4462 403 4535 puto
436 4462 611 4521 fldem
641 4466 854 4526 faceret
870 4473 929 4526 et
956 4485 1187 4527 omnem
1213 4469 1420 4531 toleret
1446 4473 1914 4549 ambiguitatem,
1944 4478 1992 4545 1)
2024 4481 2171 4535 tum.
2219 4484 2365 4538 Nam
2414 4481 2622 4539 Turcis
2669 4481 2752 4539 ita
2798 4482 2878 4539 ibi
2911 4483 3400 4556 periclitantibus,
3452 4487 3537 4546 ita
3565 4506 3676 4562 per

265 4570 475 4629 rogum
523 4556 822 4629 copiosum
865 4560 1139 4633 pracepit
1186 4562 1443 4633 accendi,
1495 4563 1777 4637 pollicens
1821 4583 1907 4635 se,
2019 4583 2253 4627 omnem
2286 4570 2577 4627 Orientem
2603 4586 2799 4628 eorum
2831 4573 3163 4631 confractus
3191 4582 3276 4632 est
3305 4574 3581 4648 gladius;
3614 4588 3674 4637 et

261 4650 500 4703 auctore
529 4644 968 4719 Domino,certo
991 4650 1305 4724 perignem
1323 4654 1715 4724 experimento
1739 4655 1913 4714 fldem
2019 4657 2291 4715 sublimis
2318 4674 2447 4731 quae
2476 4657 2661 4715 suerat
2698 4660 2905 4733 gloria,
2935 4679 3102 4720 versa
3140 4667 3230 4721 est
3259 4664 3318 4721 in
3359 4667 3636 4725 confusio
3655 4700 3671 4712 ·

267 4749 330 4790 se
358 4734 649 4792 facturum
680 4736 1021 4807 incredulis,
1051 4739 1206 4810 quod
1228 4740 1376 4797 nihil
1398 4742 1733 4813 confictum,
1766 4745 1914 4804 nihil
2018 4762 2173 4814 nem,
2205 4749 2271 4803 ut
2290 4746 2764 4820 ubieunquecum
2797 4750 2927 4807 aliis
2949 4751 3289 4810 nationibus
3304 4757 3427 4811 erat
3456 4755 3543 4813 eis
3567 4772 3671 4815 ne-

264 4828 598 4881 commento
628 4827 1039 4884 adumbratum
1071 4828 1129 4885 in
1163 4845 1230 4885 eo
1266 4830 1416 4887 sacto
1449 4831 1912 4905 intercessisset3
2015 4836 2259 4905 gotium,
2293 4834 2356 4892 in
2383 4836 2544 4893 omni
2575 4838 2701 4896 loco
2744 4841 3211 4912 succumberent,
3262 4846 3321 4899 et
3367 4842 3668 4903 calculum

265 4905 369 4962 sed
399 4908 524 4966 sola
554 4913 903 4971 revelatione
931 4915 1147 4984 divina,
1182 4916 1256 4972 ad
1296 4918 1562 4973 notitiam
1604 4918 1909 4978 hominum

263 4997 553 5053 eteorum
588 5002 1068 5073 consolationem,
1102 5009 1287 5062 toturn
1329 5012 1482 5063 esset
1510 5016 1909 5079 procuratum.

263 5083 520 5141 Accenso
551 5085 727 5158 igitur
756 5107 894 5163 rogo
943 5094 1179 5165 copioso
1228 5095 1568 5164 admodum,
1616 5101 1785 5170 cujus
1813 5102 1911 5157 in-

266 5172 457 5229 cendii
488 5174 676 5232 fervor
718 5178 893 5234 etiam
938 5181 1383 5255 circumpositos
1413 5189 1632 5243 terrere
1665 5193 1908 5260 poterat,

264 5263 535 5320 convenit
567 5264 872 5324 universus
904 5269 1153 5341 populus
1177 5289 1210 5328 a
1235 5274 1451 5345 majore
1484 5291 1671 5349 usque
1700 5278 1772 5333 ad
1806 5279 1912 5333 mi⁶

265 5361 493 5420 norem,
524 5354 582 5409 in
613 5370 682 5411 ea
709 5366 867 5412 sexta
898 5359 1062 5428 feria,
1095 5376 1220 5431 quas
1250 5367 1516 5419 sanctum
1551 5365 1779 5423 Domini
1812 5368 1913 5425 Pa-

266 5436 412 5494 scha
439 5444 730 5511 procedit,
759 5446 822 5502 in
842 5463 962 5519 qua
981 5452 1039 5506 et
1059 5450 1267 5507 mundi
1286 5450 1551 5510 Salvator
1581 5471 1686 5528 pro
1713 5461 1913 5515 nostra

267 5521 457 5583 salute
483 5542 693 5601 passus
721 5547 853 5590 esse
878 5531 1108 5608 legitur,
1140 5539 1208 5594 ut
1235 5540 1408 5595 tante
1431 5542 1514 5598 rei
1543 5542 1784 5615 plenum
1814 5546 1915 5603 ba·

2017 4928 2378 4994 reportarent
2419 4924 2479 4981 in
2527 4928 2688 4983 omni
2735 4928 3007 4985 conflictu
3066 4930 3436 4988 deteriorem.
3483 4932 3671 4992 Juxta

2015 5028 2193 5085 quam
2224 5029 2422 5070 eorum
2454 5016 2874 5086 conditionem,
2918 5019 3311 5077 invalescente
3359 5037 3536 5094 super
3563 5039 3671 5082 eos

2013 5102 2412 5175 AEgyptiorum
2445 5120 2644 5177 regno,
2669 5123 2772 5179 per
2791 5124 3031 5166 manum
3061 5111 3390 5180 quusdam,
3422 5112 3674 5172 coierat

2013 5207 2227 5249 nomen
2260 5192 2568 5263 Emireius,
2598 5196 2875 5271 principis
2912 5198 3154 5255 millitia
3186 5198 3340 5272 regis
3368 5202 3670 5274 AEgyptios

2014 5297 2169 5349 rum,
2218 5282 2672 5357 Hierosolymam
2713 5287 3051 5357 amiserant,
3102 5304 3279 5360 quam
3331 5288 3580 5361 triginta
3609 5299 3673 5350 et

2011 5378 2140 5427 octo
2171 5371 2341 5427 annis
2373 5378 2506 5429 ante
2533 5377 2605 5430 ab
2634 5375 2852 5433 eisdem
2887 5377 3062 5434 Turci
3084 5377 3417 5451 eripuerant
3442 5380 3667 5438 violen-

2013 5466 2118 5517 ter.
2168 5458 2332 5517 Unde
2361 5459 2579 5520 factum
2609 5469 2719 5528 est.
2772 5471 2837 5523 ut
2868 5467 3087 5537 hostes,
3114 5484 3265 5540 quos
3296 5467 3462 5540 prius
3490 5473 3669 5543 quasi

2014 5546 2280 5607 tortiores
2308 5550 2676 5625 horruerant,
2708 5569 2870 5616 nunc
2891 5571 2994 5630 per
3039 5560 3382 5618 nostrorum
3419 5574 3670 5640 operam
