3784 6000
204 243 331 307 59³
844 248 1047 310 HIST.
1096 250 1363 311 RERUM
1408 252 1948 314 TRANSMARIN.
1996 286 2074 299 —
2115 251 2264 315 Lm.
2309 251 2465 314 xlv.
2511 251 2763 314 Fumo
2811 252 2987 315 REX.
3497 256 3620 319 594

210 381 676 440 Antaradensem
714 384 1001 453 videlicet,
1033 386 1460 459 Tripolitanum
1517 392 1571 445 et
1602 387 1860 445 Biblien·
1887 391 1949 457 A
1979 387 2248 445 Ecclesiae
2276 405 2291 456 ;
2323 387 2627 460 quoe‚dum
2659 386 3183 460 Hierosolymitano
3201 400 3316 446 non
3355 389 3619 462 precipit

210 486 355 528 sem.
390 472 591 545 Captis
614 472 773 529 enim
810 476 1105 546 praedictis
1155 477 1417 543 urbibus,
1452 477 1510 534 in
1545 477 1628 534 eis
1659 493 1863 535 conse-
1973 476 2230 545 obedire,
2253 476 2709 533 abAntiooheno
2739 476 2995 534 indebite
3026 494 3136 535 nos
3175 479 3393 552 patitur
3421 479 3618 537 decur-

210 561 397 619 cravit
428 564 754 636 episcopos,
778 581 845 621 ea
905 566 1247 636 intentione,
1277 572 1341 623 ut
1383 567 1625 638 Tyrensi
1656 572 1863 626 metro-

208 650 329 723 poli
360 654 651 727 expedita,
685 661 743 710 et
778 656 1214 730 archiepiscopo
1238 659 1407 729 juxta
1436 659 1620 731 prisca
1649 658 1859 715 consti-

207 745 335 797 tuta
364 743 478 797 sibi
506 743 759 801 debitam
796 745 1103 803 exhibente
1154 747 1567 815 obedientiam,
1601 748 1725 821 ipse
1756 763 1857 804 eos

206 830 338 888 sine
368 830 711 891 difficultate
739 834 814 903 ei,
846 834 1067 892 sioutet
1086 837 1158 892 de
1183 837 1315 908 jure
1336 837 1659 905 tenebatur,
1683 836 1861 894 resti-

204 926 419 977 tueret.
453 921 629 979 Erant
673 928 868 980 autem
919 940 997 980 eae
1022 927 1304 997 proedictae
1366 926 1622 983 civitates
1650 926 1710 981 in
1750 941 1857 982 co·-

206 1010 420 1067 mitatu
452 1011 840 1085 Tripolitauo,
871 1014 1047 1077 unde,
1072 1014 1307 1071 domino
1361 1030 1497 1087 rege
1529 1031 1643 1072 non
1675 1015 1858 1087 impe-

203 1099 425 1168 diente,
458 1099 701 1158 liberius
722 1102 832 1160 hoc
864 1108 1088 1175 poterat
1113 1105 1300 1161 facere
1330 1104 1728 1162 Antiochenus
1759 1121 1857 1177 pa-

203 1188 497 1258 triarcha;
528 1191 590 1246 in
620 1190 864 1264 reliquis
887 1197 1078 1249 autem
1113 1193 1323 1262 tribus,
1355 1194 1622 1265 Berytho,
1646 1194 1856 1250 Sidone

202 1283 263 1335 et
290 1279 677 1350 Ptolomaida,
710 1298 837 1353 quae
892 1287 982 1338 est
1030 1284 1242 1349 Accon,
1283 1283 1555 1340 dominus
1586 1283 1857 1340 Hieroso-

202 1367 529 1439 lymitanus
560 1371 888 1443 patriarcha
917 1373 1275 1429 consecravit
1302 1373 1605 1445 episcopos
1628 1373 1726 1429 tali
1758 1372 1857 1427 in-

202 1458 469 1517 tentione
498 1462 585 1531 ut,
607 1466 777 1534 capta
807 1463 951 1518 urbe
979 1462 1348 1536 Tyrensium,
1371 1468 1428 1519 et
1458 1462 1537 1519 ibi
1570 1479 1672 1536 per
1690 1478 1855 1520 eum-

202 1548 339 1605 dem
370 1547 807 1622 archiepiscopo
830 1558 1186 1622 consecrato,
1218 1569 1316 1609 eos
1346 1552 1459 1609 sibi
1492 1552 1853 1622 restitueret;

203 1638 605 1712 praesumebat
633 1640 815 1711 enim,
850 1649 910 1697 ut
955 1646 1158 1698 contra
1195 1643 1447 1714 priscam
1477 1643 1848 1699 consuetudi-

206 1744 339 1784 nem
375 1729 644 1800 Tyrensis
700 1729 1013 1803 aliquando
1056 1731 1106 1787 ei
1139 1731 1377 1788 deberet
1406 1732 1663 1797 obedire,
1697 1732 1850 1788 lidu-

202 1819 353 1875 ciam
416 1820 633 1876 habens
691 1821 751 1876 in
800 1821 1008 1878 litteris
1054 1822 1277 1880 domini
1336 1839 1496 1895 papae
1529 1822 1851 1893 Paschalis,

198 1908 419 1978 quibus
447 1908 682 1966 domino
730 1909 1035 1978 Balduino,
1074 1912 1258 1983 primo
1316 1911 1850 1984 Hierosolymorum

199 1996 324 2070 regi
355 2000 414 2054 et
457 1997 691 2056 domino
749 1998 1036 2069 Gibelino,
1085 2001 1254 2056 tertio
1322 2000 1850 2073 Hierosolymorum

197 2085 571 2159 patriarchae,
591 2091 957 2147 concessisse
1001 2089 1327 2161 videbatur,
1352 2089 1506 2162 quod
1560 2105 1853 2161 quascun-

196 2192 317 2248 que
345 2176 611 2235 civitates
643 2178 916 2236 dominus
938 2197 1035 2237 rex
1064 2184 1166 2235 aut
1188 2181 1317 2251 ejus
1338 2165 1625 2236 exercitus
1646 2180 1851 2251 acqui-

198 2265 429 2322 sierant
448 2268 601 2338 jam,
631 2268 720 2324 vel
752 2268 1073 2339 acquisitur
1115 2273 1300 2330 erant.
1335 2268 1599 2324 omnium
1646 2284 1849 2325 carum

199 2356 456 2430 episcopi
504 2357 1020 2431 Hierosolymitano
1079 2359 1417 2432 patriarcha:
1447 2359 1847 2430 subjacerent;

200 2446 733 2519 sicutpraemissum
751 2453 999 2515 est‚cum
1021 2450 1094 2505 de
1116 2465 1294 2521 regno
1311 2448 1530 2505 domini
1555 2448 1845 2514 Balduini,

200 2534 741 2609 Hierosolymorum
776 2539 929 2610 regis
962 2538 1157 2611 primi,
1190 2542 1592 2594 tractaremus.
1618 2538 1711 2594 Sic
1734 2539 1846 2610 igi-

200 2629 299 2680 tur
332 2624 601 2682 universa
628 2628 869 2699 Tyrensi
902 2629 1220 2700 provincia,
1244 2632 1559 2699 antequam
1582 2627 1711 2699 ipsa
1734 2643 1848 2683 me-

195 2715 446 2786 tropolis
475 2716 859 2787 expediretur,
883 2718 1435 2790 expedita,praedicti
1465 2718 1580 2774 duo
1605 2719 1845 2789 patriar-

193 2804 320 2860 chae
383 2804 673 2862 dioecesim
732 2806 883 2862 inter
937 2823 999 2864 se
1029 2806 1463 2878 diviserunt3et
1493 2805 1650 2880 quod
1680 2813 1841 2863 extra

188 2910 441 2966 regnum
472 2899 616 2963 erat,
645 2895 716 2950 ab
746 2911 813 2952 eo
843 2894 968 2954 loco
999 2896 1099 2969 qui
1119 2897 1333 2954 dicitur
1362 2899 1580 2953 Passus
1604 2896 1836 2969 pagani,

1969 566 2120 635 tari;
2155 584 2262 622 nos
2291 567 2466 636 enim,
2501 566 2551 622 si
2607 570 2807 622 nostra
2837 566 3006 623 nobis
3036 569 3440 626 restitueretur
3467 568 3616 627 inte-

1969 655 2165 726 gritas,
2194 672 2373 728 prono
2404 655 2622 717 animo,
2655 655 2829 711 sicuti
2862 672 3071 712 sumus
3114 656 3220 713 filil
3268 657 3615 728 obedentiae,

1969 744 2232 803 alterutri
2249 745 2478 802 illorum
2502 745 2681 817 parati
2696 761 2960 802 essemus
2989 746 3114 802 sine
3136 747 3614 819 contradictione,

1967 833 2091 891 sine
2124 834 2414 903 molestia,
2437 835 2698 891 subesse.
2731 834 2960 891 Nemini
3000 839 3198 893 antem
3244 834 3500 893 alienum
3528 836 3616 893 vi-

1965 924 2169 981 deatur
2195 941 2228 979 a
2252 928 2450 981 nostro
2476 923 2792 996 proposito,
2813 922 2919 996 qui
2943 924 3184 997 professi
3207 941 3413 983 sumus
3433 925 3616 985 histo-

1966 1014 2112 1069 riam
2163 1013 2544 1081 conscribere,
2575 1014 2728 1085 quod
2778 1014 2851 1069 de
2909 1018 3123 1071 nostrae
3171 1018 3325 1072 statu
3354 1013 3613 1073 ecclesio

1965 1102 2087 1160 haec
2116 1103 2559 1160 interseruimus
2583 1121 2599 1171 ς
2622 1118 2727 1159 nec
2755 1103 2912 1159 enim
2943 1103 3107 1160 decet
3137 1120 3243 1160 nos
3267 1102 3460 1162 aliena
3493 1109 3612 1163 tra-

1965 1203 2139 1260 ctare,
2171 1198 2227 1251 et
2257 1198 2590 1250 nostrorum
2649 1192 3026 1249 immemores
3067 1192 3187 1249 neri
3218 1193 3610 1267 negotiorum.

1965 1283 2130 1339 Sicut
2159 1283 2312 1339 enim
2373 1280 2811 1353 proverbialiter
2838 1280 2955 1339 dici
2983 1281 3150 1351 solet,
3181 1282 3319 1339 Halo
3345 1289 3486 1350 erat,
3514 1282 3614 1355 qui

1963 1371 2054 1428 sui
2082 1373 2440 1429 obliviscitur.
2474 1372 2583 1429 Sed
2625 1386 2777 1427 nunc
2819 1371 2889 1426 ad
2929 1369 3236 1428 historiam
3277 1370 3609 1429 redeamus.

2594 1478 2832 1537 CAPUT
2870 1478 2988 1536 XV.

1964 1574 2150 1630 Comes
2186 1571 2466 1643 Joppensis
2521 1570 2668 1641 apud
2722 1584 2906 1638 repom
2957 1578 3275 1639 accusatur,
3295 1572 3347 1627 st
3372 1567 3610 1643 arandis

2343 1645 2401 1699 in
2437 1657 2602 1714 reqno
2629 1641 2910 1697 excitatur
2937 1641 3224 1698 tumultus.

2033 1734 2279 1789 Reverso
2309 1732 2508 1804 itaque
2538 1730 2775 1787 domino
2816 1745 2950 1802 rege
2981 1747 3016 1787 a
3036 1729 3316 1803 partibus.
3349 1733 3415 1787 ut
3461 1746 3609 1804 prn-

1963 1822 2264 1888 misimus,
2279 1819 2679 1888 Antiochenis,
2695 1835 2826 1877 ecce
2854 1820 3069 1876 iterum
3089 1820 3265 1876 turha
3286 1818 3610 1892 periculosa

1962 1912 2138 1969 nimis
2153 1911 2472 1969 suboritur.
2494 1910 2640 1967 Nam
2663 1924 2733 1967 ex
2752 1908 2948 1967 causis
2971 1908 3342 1982 quibusdam,
3365 1906 3606 1981 quidam

1960 2003 2018 2057 in
2037 2002 2344 2058 dominum
2368 2014 2588 2073 regem,
2610 1998 2682 2055 de
2715 1996 3036 2069 majoribus
3060 1989 3606 2069 regni'prinoipibus

1958 2092 2298 2163 conjurasse
2318 2090 2613 2157 dicuntur,
2647 2087 2809 2159 liugo
2837 2086 3102 2143 videlicet
3122 2102 3313 2143 comes
3341 2086 3608 2159 Joppen-

1961 2179 2063 2246 sis,
2095 2184 2154 2236 et
2180 2182 2479 2235 Romanus
2516 2177 2585 2233 de
2625 2174 2822 2244 Podio,
2855 2174 3130 2231 dominus
3160 2173 3413 2247 regionis
3441 2172 3606 2231 illius

1959 2286 2087 2343 quse
2117 2275 2207 2327 est
2236 2279 2393 2326 trans
2410 2268 2749 2325 Jordanem.
2771 2266 2935 2332 Quod
2953 2269 3018 2323 ut
3045 2265 3370 2322 evidentius
3387 2266 3601 2337 pateat,

1956 2360 2133 2417 altius
2171 2357 2604 2431 aliquantulum
2663 2355 2975 2429 repetenda
3021 2359 3113 2411 est
3145 2352 3407 2411 historia.
3439 2354 3606 2411 Tem·

1954 2466 2091 2522 pore
2113 2447 2336 2506 domini
2356 2445 2625 2503 Balduini
2646 2447 2717 2502 de
2740 2445 2953 2517 Burgo,
2972 2444 3070 2515 qui
3102 2444 3259 2500 huno
3280 2441 3600 2501 Falconem

1955 2538 2014 2595 in
2045 2556 2222 2611 regno
2254 2539 2653 2611 praecesserat,
2686 2532 2898 2591 nobilis
2941 2533 3185 2605 quidam
3213 2531 3326 2600 vir,
3355 2535 3414 2589 et
3443 2531 3600 2603 apud

1952 2644 2091 2684 suos
2122 2632 2350 2698 potens,
2383 2626 2544 2697 llugo
2565 2624 2636 2679 de
2667 2622 2905 2689 Pusato,
2936 2622 3008 2676 de
3037 2619 3378 2693 episcopatu
3407 2619 3599 2677 Aure·

1951 2715 2225 2784 lianensI,
2258 2730 2390 2771 cum
2423 2728 2600 2769 uxore
2631 2709 2908 2777 Mamilia,
2933 2708 3058 2765 filia
3094 2706 3600 2781 dominiHugonis

1949 2805 2172 2872 Cholet,
2204 2802 2435 2861 comitis
2463 2800 2534 2856 de
2567 2800 2732 2867 ituci,
2763 2797 3243 2869 orationisgratia
3265 2794 3597 2869 Hierosoly-

1951 2912 2105 2953 mam
2165 2899 2386 2966 petens,
2417 2890 2603 2948 [ilium
2649 2888 2852 2945 habuit
2887 2889 2946 2945 in
2977 2886 3208 2959 Apulia.
3241 2884 3393 2943 Uxor
3433 2885 3596 2945 enim
3707 2952 3712 2957 ,

186 2983 833 3054 inferius,Antiochena
867 2985 1072 3044 habuit
1100 2991 1157 3044 et
1173 2986 1345 3044 habet
1365 2985 1648 3054 Ecclesia3
1683 2988 1835 3057 quod
1946 2989 2077 3058 ejus
2105 2984 2346 3057 gravida
2377 2982 2482 3040 iter
2509 2980 2838 3053 arripuerat
2857 2995 2873 3048 ;
2894 2977 3386 3050 quem,quoniam
3409 2974 3592 3035 tenel-

184 3089 325 3130 vero
348 3073 492 3130 citra
521 3079 688 3131 estet
740 3075 891 3132 intra
935 3077 1099 3148 regni
1132 3076 1280 3132 fines
1309 3076 1666 3146 continetur,
1700 3077 1835 3131 uie-

1943 3077 2039 3132 lus
2057 3079 2185 3132 erat
2215 3073 2466 3129 nimium
2497 3077 2555 3129 et
2583 3085 2718 3128 cum
2760 3070 2952 3126 salute
2981 3084 3096 3125 non
3123 3070 3351 3139 poterat
3377 3065 3593 3140 depor-

185 3163 650 3236 rosolymitanus
703 3165 961 3237 possedit
1018 3166 1365 3238 patriarcba.
1407 3166 1669 3221 Tandem
1698 3181 1832 3223 vero
1863 3154 1908 3223 C
1945 3165 2078 3236 tari,
2111 3163 2191 3220 ibi
2221 3161 2443 3219 dimisit
2471 3162 2626 3234 apud
2664 3160 2971 3218 dominum
3002 3156 3412 3214 Boamundum
3450 3171 3593 3214 con-

186 3251 334 3309 nrbe
365 3252 606 3323 'Pyrenei
634 3270 735 3326 per
763 3254 997 3311 Domini
1056 3256 1519 3312 misericordiam
1572 3255 1835 3324 liberata,

185 3345 325 3415 post
353 3356 575 3400 annum
605 3343 676 3399 ab
708 3344 839 3415 ejus
869 3344 1207 3401 liberatione
1237 3349 1535 3415 quartum,
1566 3344 1835 3402 Hieroso-

183 3431 511 3506 lymitanus
565 3432 667 3503 ibi,
701 3438 766 3489 ut
821 3433 1216 3506 praediximus,
1251 3434 1605 3490 consecravit
1646 3434 1838 3491 archi-

186 3521 557 3594 episcopum,
587 3526 645 3578 et
673 3538 769 3579 eos
790 3539 941 3595 quos
970 3523 1266 3579 detinebat
1296 3523 1407 3578 sibi
1440 3523 1694 3580 restituit
1713 3523 1836 3578 sui-

186 3613 521 3685 fraganeos.
553 3611 698 3667 Cum
731 3613 920 3670 medio
964 3621 1246 3684 tempore,
1278 3613 1415 3668 dum
1447 3629 1574 3668 eam
1607 3612 1667 3668 in
1697 3628 1839 3684 pro-

186 3702 315 3775 pria
337 3716 480 3758 cura
519 3700 1079 3774 Hierosolymitanus
1128 3702 1371 3758 haberet
1400 3701 1838 3773 patriarcha,ita

184 3793 493 3848 attenuata
548 3795 638 3846 est
683 3796 741 3848 et
787 3792 861 3846 ad
914 3791 1162 3847 nihilum
1191 3792 1445 3862 redacta,
1474 3798 1537 3848 ut
1564 3791 1736 3848 etiam
1768 3794 1836 3848 de

182 3879 463 3937 Ecclesiis
520 3896 648 3952 quoe
702 3881 857 3937 infra
911 3881 1197 3937 ambitum
1255 3883 1514 3950 ejusdem
1584 3881 1837 3938 civitatis

181 3977 371 4034 erant,
397 3984 515 4025 non
562 3969 679 4027 nisi
738 3986 912 4027 unam
975 3973 1170 4027 futuro
1236 3977 1601 4026 reservarent
1653 3970 1839 4026 arohi-

185 4062 485 4133 episcop0.
517 4059 876 4133 Factumque
908 4067 1019 4127 est,
1051 4060 1227 4116 sicuti
1267 4061 1490 4132 vulgari
1532 4060 1837 4133 proverbio

186 4150 301 4207 dici
334 4151 504 4221 solet,
528 4156 593 4205 ut
622 4152 955 4222 petentibus
984 4157 1041 4206 et
1088 4151 1418 4218 immeritis,
1450 4150 1517 4205 de
1536 4150 1719 4206 alieno
1747 4164 1837 4206 co-

182 4242 271 4296 rio
298 4241 491 4312 fierent
521 4241 687 4310 larqa
713 4241 954 4313 corrv'qia
982 4259 1003 4306 ,·
1033 4243 1392 4297 contendunt
1431 4243 1605 4296 etiam
1652 4255 1839 4311 usque

185 4331 381 4399 bodie,
415 4331 485 4386 de
516 4329 729 4387 nostris
778 4331 1104 4389 visceribus
1165 4330 1418 4402 praedictl
1458 4331 1570 4388 duo
1593 4331 1833 4397 domini,

181 4421 246 4477 in
298 4424 555 4476 nostram
611 4419 889 4491 injuriam
925 4423 1118 4488 fortes,
1151 4423 1223 4476 de
1254 4426 1449 4477 nostra
1498 4423 1837 4493 paupertate

178 4509 324 4566 tacti
355 4508 799 4581 locupletiores;
830 4515 889 4565 et
926 4510 1219 4567 distractis
1252 4511 1551 4576 membris,
1584 4523 1837 4581 quorum

182 4601 517 4672 integritate
545 4617 579 4655 a
608 4600 818 4656 diebus
850 4601 1132 4673 antiquis,
1155 4619 1190 4658 a
1218 4601 1583 4673 temporibus
1602 4606 1839 4673 aposto-

182 4691 402 4757 lorum,
431 4690 935 4749 consentientibus
965 4694 1183 4749 sanctis
1206 4696 1264 4749 et
1298 4691 1724 4751 universalibus
1744 4707 1839 4749 se-

182 4788 345 4854 ptem
374 4781 641 4852 synodis,
662 4780 831 4854 longe
863 4781 1094 4854 lateque
1116 4782 1408 4849 floruerat,
1440 4781 1628 4840 lacera
1658 4783 1834 4856 jacet,

183 4878 242 4927 et
271 4869 395 4927 suis
425 4870 751 4940 potioribus
785 4872 1054 4927 mutilata
1086 4872 1365 4930 membris
1387 4877 1679 4946 exspectat
1694 4889 1833 4931 con-

185 4958 556 5027 solationem,
590 4965 649 5016 et
677 4977 794 5017 non
817 4962 1022 5032 estqui
1051 4963 1383 5019 consoletur
1407 4980 1570 5031 eam;
1597 4963 1837 5036 porrigit

182 5065 452 5120 manum,
484 5056 542 5107 et
593 5067 708 5107 non
767 5055 854 5107 cst
885 5054 985 5124 qui
1033 5054 1307 5125 adjuvet;
1342 5054 1475 5110 iacti
1518 5069 1728 5111 sumus
1752 5053 1833 5111 si-

182 5139 358 5198 miles
388 5137 505 5196 illis
532 5142 604 5195 de
632 5139 850 5212 quibus
880 5142 1093 5199 dicitur
1123 5159 1136 5198 τ

328 5227 615 5301 Quidquid
641 5228 881 5286 delirant
911 5247 1084 5302 reyes,
1113 5232 1428 5303 plectuntur
1458 5230 1666 5287 Achivi.

824 5322 1086 5392 (fletum,
1114 5322 1209 5392 Ep.
1240 5322 1288 5388 Ι,
1324 5337 1383 5389 ιι,
1419 5321 1524 5392 14).

176 5408 477 5466 satiantur
507 5410 581 5466 de
627 5411 843 5468 nostris
897 5411 1196 5478 carnibus,
1230 5411 1448 5483 quibus
1478 5409 1697 5468 utinam
1721 5411 1831 5468 sli-

180 5499 490 5575 quandoid
512 5500 903 5573 contingatad
925 5500 1237 5557 vomitum!
1262 5499 1449 5571 Hujus
1477 5505 1671 5559 tamen
1686 5503 1827 5560 tanti

178 5605 427 5652 causam
485 5589 625 5651 matt
680 5591 955 5653 Romano
996 5607 1117 5652 uon
1143 5590 1439 5653 immerito
1468 5593 1827 5668 imputamus

1944 3256 2337 3329 sanguineum
2385 3268 2560 3310 suum
2586 3269 2600 3321 ;
2625 3255 2682 3308 et
2736 3249 3145 3322 transfretans,
3180 3248 3253 3305 ad
3282 3247 3591 3305 dominum

1947 3362 2140 3419 regem
2166 3344 2541 3410 Balduinum,
2572 3343 2711 3398 item
2741 3340 3067 3398 secundum
3097 3355 3329 3396 carnem
3353 3335 3594 3412 propin-

1947 3453 2149 3510 quum,
2180 3436 2361 3493 venit.
2396 3434 2500 3491 Cui
2534 3450 2634 3489 rex
2663 3432 2863 3489 statim
2895 3436 3028 3504 post
3055 3429 3357 3486 introitum
3386 3442 3590 3496 suum,

1945 3526 2234 3583 civitatem
2263 3530 2512 3597 Joppen,
2538 3539 2670 3580 cum
2705 3521 3072 3595 pertinentiis
3090 3519 3238 3589 suis,
3257 3518 3368 3574 sibi
3399 3523 3457 3576 et
3470 3518 3593 3576 hae-

1946 3616 2185 3674 redibus
2206 3617 2353 3684 suis,
2367 3616 2501 3686 jure
2523 3610 2888 3669 haereditario
2913 3610 3070 3667 dedit
3094 3607 3459 3675 habendam3
3484 3607 3590 3664 ubi

1947 3724 2061 3764 non
2121 3706 2304 3762 multo
2355 3708 2505 3774 post,
2559 3701 2864 3774 praedictus
2922 3698 3134 3756 nobilis
3191 3697 3366 3755 homo
3411 3695 3592 3753 vitam

1947 3800 2125 3852 morte
2175 3793 2382 3852 finivit.
2415 3792 2595 3863 Cujus
2651 3804 2888 3847 uxorem
2945 3802 3079 3844 cum
3136 3785 3412 3860 predicta
3448 3785 3595 3842 urbe

1946 3884 2222 3942 dominus
2280 3899 2377 3939 rex
2433 3882 2665 3939 cuidam
2713 3878 2929 3934 iterum
2986 3874 3166 3931 nobili
3211 3875 3360 3945 viro,
3391 3871 3594 3931 comiti

1948 3977 2213 4032 videlicet
2268 3974 2524 4043 Alberto,
2573 3969 2736 4026 l'ratri
2791 3967 3022 4025 comitis
3047 3966 3120 4022 de
3179 3964 3456 4033 Namura,
3486 3963 3596 4020 viri

1948 4062 2334 4139 potentissimi
2365 4063 2439 4119 de
2483 4059 2754 4132 imperio,
2786 4058 2857 4113 de
2891 4055 3228 4128 episcopatu
3266 4052 3596 4123 Leodiensi,

1946 4154 2250 4212 concessit.
2270 4152 2411 4208 Cum
2447 4154 2641 4206 autem
2675 4153 2921 4220 uterque
2948 4146 3103 4202 intra
3125 4143 3419 4200 modicum
3441 4146 3593 4200 tem-

1947 4261 2054 4317 pus
2110 4244 2460 4300 decessisset
2516 4241 2658 4307 vita,
2690 4244 2809 4295 tam
2840 4253 3038 4296 comes
3068 4234 3384 4308 predictus
3413 4246 3596 4305 quam

1947 4352 2089 4392 uxor
2122 4336 2249 4406 ejus
2276 4352 2290 4403 ;
2325 4334 2488 4404 lingo
2522 4331 2832 4405 praedictus
2862 4328 2960 4398 qui
3001 4343 3141 4399 puer
3173 4327 3234 4381 in
3263 4323 3600 4397 Apuliare-

1947 4428 2265 4492 manserat,
2289 4425 2416 4495 ,iam
2468 4423 2651 4494 pubes
2711 4421 2915 4483 factus,
2949 4417 3130 4490 patris
3176 4414 3594 4480 haereditatem,

1867 4534 1918 4601 D
1947 4532 2108 4573 more
2141 4521 2470 4587 pareutum,
2502 4517 2572 4569 ad
2608 4527 2670 4568 se
2693 4513 2828 4581 jnre
2854 4504 3222 4564 haereditario
3242 4502 3596 4570 devolutam,

1948 4624 1983 4664 a
2012 4607 2246 4663 domino
2296 4621 2431 4676 rege
2487 4604 2653 4676 petiit
2707 4607 2768 4657 et
2795 4596 3157 4671 impetravit;
3192 4608 3312 4665 qua
3339 4592 3592 4658 obtenta,

1947 4696 2250 4754 dominam
2265 4692 2612 4761 Emelotam,
2629 4689 2857 4748 Arnulll
2883 4683 3252 4760 partriarchae
3269 4685 3520 4751 neptem,
3537 4680 3598 4736 et

1947 4787 2243 4859 magnifici
2299 4785 2408 4842 viri
2465 4783 2686 4840 domini
2744 4778 3041 4837 Eustachii
3085 4776 3304 4835 Greuer
3331 4769 3592 4838 viduam,

1942 4876 2107 4932 duxit
2130 4891 2368 4933 uxorem
2398 4893 2413 4943 ς
2446 4888 2515 4929 ex
2575 4887 2692 4943 qua
2745 4867 3054 4942 prodictus
3086 4862 3358 4921 dominus
3383 4859 3594 4918 Eusta-

1943 4965 2113 5022 chius
2144 4965 2292 5020 lilios
2324 4965 2664 5035 susceperat
2683 4959 2967 5033 geminos,
2999 4953 3378 5012 Eustachium
3399 4949 3594 5023 junio·

1943 5070 2089 5121 rem,
2122 5052 2289 5108 urbis
2318 5050 2682 5108 sidoniensis
2707 5047 3035 5106 dominum.
3069 5048 3127 5102 et
3146 5040 3456 5107 Galterum,
3488 5036 3592 5109 qui

1940 5143 2208 5201 Caesareae
2233 5140 2482 5214 prael'uit.
2514 5140 2796 5197 Defuncto
2823 5142 3017 5192 autem
3041 5133 3279 5191 domino
3304 5126 3592 5187 Balduino

1941 5233 2293 5304 dominoque
2323 5229 2644 5288 Fulconein
2675 5226 2840 5300 regni
2871 5224 3015 5284 solio
3046 5221 3381 5286 sublimato,
3405 5214 3590 5274 conti-

1939 5324 2022 5393 git
2051 5322 2204 5380 inter
2225 5323 2493 5379 eumdem
2522 5320 2795 5377 dominus
2820 5331 3012 5388 regem
3026 5312 3418 5381 comitemque
3442 5320 3591 5380 prm-

1938 5413 2325 5476 nominatum.
2344 5429 2412 5469 ex
2439 5410 2632 5467 causis
2652 5407 2902 5467 occultis
2922 5420 3122 5479 graves
3147 5401 3288 5460 oriri
3317 5394 3592 5455 simulta-

1934 5508 2044 5560 tes.
2080 5502 2390 5559 Dicebatur
2423 5517 2458 5557 a
2505 5498 2803 5556 nonnullis
2862 5497 3016 5570 quod
3053 5492 3332 5550 dominus
3352 5501 3454 5545 rex
3481 5500 3584 5545 su-

1935 5597 2204 5667 spectum
2233 5591 2410 5653 nimis
2464 5591 2706 5650 haberet
2733 5589 3028 5657 comitem,
3067 5598 3144 5642 ns
3171 5595 3306 5640 cum
3343 5575 3588 5640 domina
