3784 6000
163 229 281 299 “127
1232 222 1668 289 GUILLELMI
1709 220 2098 284 TYRENSIS
2140 222 2508 288 Ant-:mna
3460 231 3585 293 '128

161 363 553 427 exsultatione
611 360 919 419 universus
974 359 1237 433 suscepit
1283 357 1558 431 populus,
1589 360 1656 413 ut
1678 357 1803 428 jam
1834 358 1890 425 Α
1924 355 2174 424 nissent,
2207 356 2291 417 sis
2330 357 2391 413 in
2440 356 2672 415 civitate
2722 357 3019 430 predicta,
3065 360 3206 417 dum
3255 360 3592 420 deliberant

164 455 335 530 quasi
360 453 674 527 presagire
691 451 1005 519 videretur,
1038 449 1199 525 regni
1243 464 1543 519 pressuras
1592 448 1811 518 impor-
1926 445 2065 518 quid
2100 452 2475 519 protempore
2494 448 2574 503 sit
2595 447 3025 520 expedientius,
3064 465 3291 507 moram
3315 452 3587 511 facienti·

164 543 391 611 labiles,
413 544 543 615 ejus
573 546 632 598 et
660 556 903 598 suorum
938 539 1206 606 introitu,
1254 555 1324 596 ex
1354 542 1514 611 parte
1562 536 1812 609 plurima
1924 537 2034 593 bus
2059 553 2074 594 ε
2106 552 2239 593 ecce
2266 535 2586 610 gratissimi
2618 537 2864 594 rumoris
2896 539 3143 596 nuntius
3166 556 3360 614 regem
3386 541 3590 599 aditet

166 632 509 690 relevandas
539 629 697 699 fore3
730 645 836 686 nec
866 628 1123 685 fraudati
1147 631 1282 684 sunt
1310 644 1344 682 a
1365 626 1649 683 desiderio
1676 640 1805 691 suo,
1924 624 2241 698 principes.
2271 633 2423 683 certo
2439 626 2934 683 certiusasserens
2948 629 3100 700 quod
3115 628 3455 687 Noradinus
3478 630 3584 687 ho·

168 721 267 795 qni
296 737 400 794 pro
430 719 595 792 regni
624 716 1050 790 tranquillitate
1078 719 1242 772 erant
1270 715 1362 788 pie
1383 715 1640 771 solliciti.
1663 715 1810 770 Nam
1923 715 2105 771 stium
2139 719 2468 772 nostrorum
2504 716 2970 786 potentissimus,
3002 717 3102 789 qui
3121 719 3289 790 juxta
3315 724 3584 777 castrum

96 802 115 819 ⁰
172 811 373 871 statim
405 817 535 882 post
563 809 695 878 eius
723 808 1080 879 ingressum,
1114 805 1304 862 adfuit
1348 804 1544 876 magni
1582 803 1812 860 consilii
1928 802 2147 875 Nepam
2196 818 2332 859 cum
2381 803 2569 860 multa
2617 802 2832 859 militia
2871 809 3065 863 castra
3114 804 3428 877 locaverat,
3475 814 3580 866 aut

168 898 448 974 Angelus,
471 897 572 971 qui
596 901 929 953 nostrorum
947 895 1073 952 vias
1095 895 1351 965 dirigens
1371 894 1445 950 ad
1468 893 1629 965 regni
1653 909 1812 949 com·

172 991 384 1064 pendia
413 993 471 1047 et
499 986 813 1045 Christiani
852 985 1099 1055 gloriam
1132 983 1406 1053 nominis,
1455 999 1554 1041 eos
1586 982 1816 1040 miseri-

171 1079 424 1137 corditer
453 1077 770 1150 praecessit,
800 1075 950 1131 sicut
983 1078 1391 1146 consequenter
1428 1073 1669 1129 dicetur.
1721 1074 1814 1128 ln-

84 1204 89 1209 ·
178 1177 332 1226 terea
358 1173 554 1224 tamen
584 1164 848 1222 videntes
877 1165 1038 1236 regni
1072 1163 1385 1236 principes,
1406 1168 1522 1218 tam
1545 1160 1818 1219 ecclesia-

174 1257 307 1315 stici
335 1271 512 1329 quam
543 1252 864 1322 saeculareS,
899 1254 1052 1326 quod
1084 1269 1178 1308 rex
1206 1251 1432 1307 virilem
1453 1251 1579 1320 jam
1613 1256 1821 1306 nactus

175 1351 429 1416 atatem,
459 1345 587 1402 sine
614 1346 861 1416 conjuge
881 1342 1168 1399 hactenus
1186 1342 1394 1407 fuerat,
1417 1345 1477 1398 et
1497 1357 1596 1411 pro
1617 1340 1821 1396 liberis

52 1458 59 1467 ·
177 1435 437 1505 solliciti,
468 1439 641 1506 prout
669 1432 991 1505 oportebat,
1009 1430 1311 1487 uteisslius
1332 1435 1615 1500 tanquam
1639 1430 1823 1485 hoerss

179 1523 475 1598 legitimus
503 1523 565 1579 in
596 1538 839 1594 regnum
887 1521 1241 1589 succederet,
1288 1519 1714 1576 consuluerunt
1764 1518 1824 1573 in

1927 899 2194 948 mortuus
2218 896 2361 954 erat,
2412 899 2510 948 aut
2559 892 2618 947 in
2670 892 3054 950 incurabilem
3102 901 3159 951 et
3204 894 3582 967 desperatam

1927 979 2223 1035 deciderat
2265 979 2690 1052 egritudinem.
2712 982 2776 1037 In
2798 985 3214 1053 argumentum
3238 988 3439 1041 autem
3463 1001 3587 1041 suaa

1927 1069 2267 1126 assertionis
2297 1068 2587 1142 allegabat
2615 1068 2774 1142 quod
2797 1070 2982 1142 pridie
3025 1076 3225 1129 castra
3263 1073 3393 1145 ejus
3434 1074 3584 1130 adeo

1927 1159 2160 1216 turbata
2189 1160 2424 1226 viderat,
2460 1164 2523 1214 ut
2553 1176 2750 1215 servos
2779 1161 2908 1230 ejus
2932 1165 2991 1217 et
3029 1163 3282 1223 maxime
3329 1162 3592 1221 familia-

1931 1265 2046 1318 res,
2077 1263 2286 1320 resque
2311 1249 2661 1305 domesticas
2694 1248 2912 1317 passim
2942 1255 3001 1307 et
3022 1250 3149 1309 sine
3178 1253 3412 1310 delectu
3433 1253 3594 1310 diri-

1932 1353 2064 1409 pere
2092 1336 2438 1407 volentibus,
2471 1338 2608 1393 data
2636 1354 2762 1395 esse
2792 1339 2866 1395 ad
2888 1340 3143 1411 praedam
3171 1345 3504 1411 assereret;
3536 1345 3595 1399 et

1931 1443 2067 1483 cum
2088 1426 2311 1496 eJulatu
2340 1431 2397 1481 et
2426 1426 2563 1483 fletu
2596 1428 2872 1496 maximo,
2903 1432 2962 1485 et
2989 1445 3123 1486 cum
3144 1429 3344 1487 intimi
3367 1430 3591 1489 doloris

1934 1515 2299 1573 evidentibus
2328 1516 2716 1588 argumentis,
2749 1517 2944 1574 soluta
2974 1519 3231 1591 agmina,
3273 1524 3334 1577 et
3381 1521 3593 1578 consu-

180 1612 462 1682 medinm,
493 1618 557 1668 ut
585 1612 709 1684 regi
746 1611 962 1667 liberos
1005 1626 1121 1666 non
1167 1608 1427 1679 habenti,
1477 1608 1536 1664 in
1580 1607 1826 1664 honesto
1936 1621 2069 1662 sum
2090 1605 2431 1672 exercitum;
2464 1606 2536 1661 ad
2568 1608 2761 1678 partes
2791 1606 3051 1664 diversas
3081 1609 3420 1668 secessisse.
3455 1610 3593 1667 Erat

182 1700 554 1759 matrimonio
584 1699 970 1773 provideatur.
1009 1697 1270 1754 Tandem
1293 1702 1420 1769 post
1441 1697 1660 1753 multas
1680 1695 1827 1753 deli·
1857 1738 1908 1805 B
1936 1699 2132 1752 autem
2161 1709 2292 1750 vero
2313 1698 2793 1765 consentaneum,
2833 1695 2990 1769 quod
3012 1697 3326 1769 pradictus
3349 1699 3593 1756 nuntius

183 1790 546 1850 berationum
578 1794 790 1861 partes,
823 1787 1132 1860 multiplici
1179 1794 1559 1844 concurrente
1607 1785 1827 1842 ratione
1936 1783 2243 1851 attulerat;
2275 1783 2904 1856 naminoegritudinem
2929 1786 3214 1844 inciderat
3233 1787 3590 1860 desperatis-

180 1880 373 1937 visum
403 1883 494 1934 est
521 1878 797 1934 omnibus
816 1875 1213 1946 expedientius
1244 1891 1396 1945 esse,
1428 1891 1558 1931 cum
1590 1874 1830 1931 domino
1935 1873 2173 1941 simam,
2206 1873 2288 1929 ita
2334 1875 2400 1929 ut
2445 1877 2607 1930 extra
2662 1875 2926 1930 ordinem
2984 1875 3192 1933 solutis
3250 1878 3592 1950 agminibus

184 1965 825 2038 Constantinopolitano
856 1965 1224 2037 imperatore,
1258 1981 1435 2037 super
1486 1962 1830 2036 hujusmodi
1938 1961 2150 2033 rapinas
2184 1963 2241 2017 in
2271 1962 2523 2018 exercitu
2554 1961 2802 2034 impune
2834 1963 3060 2032 fierent,
3095 1970 3150 2022 et
3179 1965 3401 2024 nullius
3431 1966 3592 2024 cohi·

185 2059 413 2134 negotio
441 2059 684 2115 verbum
714 2061 973 2124 tentare;
1004 2061 1133 2112 tum
1164 2057 1300 2129 quia
1331 2054 1616 2111 nobilium
1649 2053 1829 2125 virgi·
1939 2052 2173 2107 beretur
2201 2051 2498 2116 violentia,
2533 2052 2685 2107 sicut
2711 2053 2867 2124 apud
2898 2055 3305 2122 eos,del'uncto
3327 2058 3590 2127 domino,

188 2165 330 2207 num
362 2159 418 2206 st
448 2147 710 2220 proxima
729 2146 1603 2215 consanguinitateJunctarum,
1639 2145 1698 2200 in
1726 2161 1830 2216 pa·
1938 2139 2088 2196 solet
2117 2141 2405 2196 accidere.
2439 2141 2566 2212 lpse
2593 2147 2789 2197 autam
2820 2143 2881 2197 in
2914 2141 3140 2212 lectica,
3169 2145 3346 2217 quasi
3399 2161 3586 2203 mem·

184 2238 327 2297 latio
357 2254 460 2296 suo
491 2253 607 2294 non
637 2236 837 2293 deerat
865 2236 917 2290 ei
946 2235 1148 2307 copia;
1197 2239 1323 2290 tum
1371 2235 1510 2307 quia
1559 2233 1834 2306 princepe
1940 2229 2061 2286 bris
2090 2228 2281 2285 officia
2309 2230 2680 2301 negantibus,
2713 2247 2952 2303 corpore
2980 2232 3294 2305 impotens,
3327 2251 3433 2307 per
3472 2252 3593 2292 ma·

190 2329 636 2403 potentissimus
666 2332 723 2383 et
753 2327 905 2382 inter
934 2325 1206 2383 mortales
1227 2325 1585 2396 locupletior,
1610 2323 1681 2380 de
1706 2323 1834 2380 suis
1942 2334 2053 2373 nus
2083 2317 2339 2374 fidelium
2371 2334 2610 2374 suorum
2641 2336 2830 2391 usque
2861 2320 3164 2392 Halapiam
3213 2322 3437 2381 delatus
3482 2329 3592 2381 est.

191 2418 824 2491 copiis,nostram,qua
844 2431 1091 2488 regnum
1119 2414 1369 2470 maxime
1390 2412 1712 2482 laborabat,
1738 2429 1838 2485 po·
1941 2404 2248 2478 Comperto
2281 2407 2456 2478 igitur
2487 2409 2674 2463 nostri
2725 2425 2921 2465 rerum
2975 2415 3153 2478 statu,
3210 2412 3595 2487 videntesque

192 2514 335 2566 terat
367 2507 616 2563 relevare
644 2505 898 2576 inopiam
930 2511 989 2561 et
1008 2503 1346 2560 tenuitatem
1378 2508 1603 2560 mutata
1621 2502 1833 2560 condi·
1944 2496 2144 2552 omnia
2173 2496 2243 2551 ad
2278 2497 2642 2569 propositum
2676 2499 2994 2570 cooperari,
3024 2500 3327 2558 communi
3358 2507 3492 2559 voto
3541 2509 3598 2561 et

192 2597 350 2654 tione
374 2594 616 2652 reddere
647 2593 1240 2666 superabundantem.
1261 2592 1423 2649 Missi
1444 2597 1582 2649 sunt
1604 2609 1742 2665 ergo
1765 2594 1836 2651 de
1947 2586 2261 2657 approbato
2290 2585 2558 2654 consilio,
2591 2587 2831 2644 nuntios
2862 2588 2934 2644 ad
2983 2589 3453 2661 potentissimum
3497 2595 3596 2650 Ar·

193 2683 494 2742 communi
514 2698 829 2753 consensu,
851 2683 924 2739 ad
937 2683 1556 2752 explendum,auctore
1572 2683 1838 2751 Domino,

194 2774 352 2849 quod
380 2779 786 2845 conceperant,
817 2773 1096 2829 Attardus
1127 2771 1476 2829 Nazaraenus
1505 2771 1842 2844 episcopus,

194 2863 471 2922 dominus
500 2876 722 2935 quoque
752 2861 1079 2919 Hensredus
1108 2862 1179 2917 de
1205 2860 1454 2930 Torone,
1486 2863 1680 2933 regius
1709 2876 1846 2917 con-

196 2950 588 3019 stabularius;
645 2949 744 3022 qui
815 2949 1113 3022 dispositis
1177 2965 1278 3021 pro
1333 2954 1595 3022 tempore
1669 2949 1846 3007 rebus

201 3057 363 3104 mare
391 3039 667 3114 ingressi,
699 3040 934 3113 navigio
965 3038 1105 3095 illuc
1136 3040 1247 3096 iter
1275 3040 1665 3112 arripuerunt.

812 3144 1046 3202 CAPUT
1075 3145 1241 3203 XVli.

195 3238 312 3294 Rex
344 3252 470 3292 cum
498 3235 774 3291 universis
803 3238 962 3305 teani
989 3236 1202 3292 viribus
1229 3242 1282 3292 et
1309 3239 1502 3292 comico
1535 3236 1841 3291 Flandren-

264 3307 411 3365 sium
439 3306 783 3364 Antiochiam
799 3316 1076 3378 properat.
1125 3306 1441 3363 Noradinus
1496 3307 1841 3379 desperatam

268 3378 518 3436 incurrit
573 3378 991 3449 aeoritudincm.

269 3489 494 3544 interea
523 3503 595 3544 ne
625 3486 772 3544 tanti
812 3486 1094 3559 principis
1142 3490 1340 3557 totque
1386 3484 1674 3543 nobilium
1723 3487 1845 3544 tor-

198 3577 466 3649 tiumque
493 3577 596 3649 qui
633 3592 772 3634 cum
803 3591 869 3633 eo
900 3578 1202 3644 venerant,
1230 3577 1398 3632 deses
1425 3581 1483 3631 et
1496 3576 1626 3633 sine
1649 3576 1840 3633 fructu

188 3666 410 3739 jaceret
434 3667 740 3735 adventus,
770 3666 1059 3737 adjiciunt
1106 3666 1176 3724 de
1219 3665 1521 3723 communi
1571 3665 1842 3735 consilio,

198 3754 394 3813 divina
423 3756 506 3812 eis
533 3756 828 3827 aspirante
854 3754 1063 3827 gratia,
1097 3771 1232 3811 cum
1264 3754 1541 3811 omnibus
1580 3754 1842 3812 militari-

195 3844 309 3902 bus
350 3844 533 3917 copiis
578 3843 651 3900 ad
707 3849 904 3916 partes
963 3860 1026 3901 se
1067 3845 1377 3901 transferre
1409 3844 1844 3915 Antiochenas;

196 3931 641 4005 significatoque
667 3949 734 3989 eo
765 3933 915 4003 ipso,
947 3937 1071 3989 tam
1105 3932 1340 3989 domino
1382 3933 1629 4006 principi
1662 3949 1841 4005 quam

195 4021 431 4080 domino
442 4021 639 4078 comiti
660 4021 1040 4092 Tripolitano,
1064 4023 1400 4094 suggeritur
1422 4022 1846 4096 utriquelami-

194 4108 422 4179 ilarius,
455 4114 521 4168 ut
565 4114 727 4168 certa
773 4110 867 4166 die
914 4117 1295 4183 praeparatam
1343 4110 1555 4168 habeat
1599 4116 1845 4186 uterque

192 4216 394 4257 eorum
427 4200 723 4266 militiam,
755 4203 822 4254 ut
851 4198 1082 4255 subitus
1114 4200 1171 4255 in
1203 4202 1385 4257 terras
1428 4201 1705 4271 hostium,
1750 4204 1844 4259 die

194 4288 480 4351 condicta,
511 4303 713 4344 eorum
741 4288 927 4359 possit
955 4303 1085 4346 esse
1128 4288 1426 4345 introitus.
1467 4290 1707 4347 Factum
1756 4296 1844 4348 est

195 4380 411 4446 autem,
437 4375 646 4449 proevio
677 4376 895 4432 coelesti
926 4377 1137 4445 favore,
1170 4378 1322 4450 quod
1356 4378 1415 4435 in
1461 4379 1845 4453 Tripolitanis

194 4465 485 4538 partibus,
514 4465 576 4523 in
599 4466 817 4522 eoloco
857 4466 953 4536 qui
1003 4466 1179 4539 vulgo
1226 4467 1551 4540 appellatur
1601 4470 1677 4524 La
1727 4469 1837 4524 Bo·

193 4571 362 4628 quea.
394 4555 530 4614 licet
557 4571 627 4614 ex
655 4554 923 4629 partibus
951 4555 1213 4624 diversis,
1248 4562 1644 4614 convenerunt
1695 4575 1836 4614 una·

195 4645 405 4703 nimos.
438 4644 581 4704 Inde
606 4644 865 4702 hostium
890 4643 1038 4701 fines
1057 4646 1339 4702 ordinatis
1360 4646 1691 4718 agminibus
1720 4647 1842 4704 vio-

194 4735 381 4792 lenter
408 4738 548 4791 sunt
579 4734 848 4807 ingressi.
882 4734 990 4790 Sed
1021 4739 1215 4791 tamen
1251 4735 1436 4805 prima
1466 4735 1672 4803 fronte,
1722 4752 1839 4792 non

195 4826 383 4886 multo
411 4825 588 4883 letati
614 4829 1042 4883 suntsuccessu
1067 4840 1081 4892 ;
1107 4840 1242 4882 nam
1261 4825 1517 4881 hostium
1535 4825 1838 4898 oppidum,

196 4916 290 4974 cui
319 4914 577 4989 vulgaris
607 4912 917 4987 appellatio
948 4918 1040 4970 est
1066 4918 1322 4970 castrum
1357 4913 1630 4985 Rugium,
1656 4915 1842 4974 multa

195 5007 595 5077 expugnantes
611 5002 907 5069 instantia,
931 5002 1165 5075 penitus
1185 5018 1297 5059 non
1320 5003 1704 5075 profecerunt.
1727 5006 1835 5062 Sed
1882 5013 1893 5024 ‘

196 5093 385 5153 debile
413 5092 762 5165 principium
797 5092 998 5150 melior
1029 5094 1263 5149 fortuna
1291 5097 1490 5150 secuta
1516 5098 1648 5162 est;
1692 5110 1838 5166 sug-

194 5187 433 5258 gerente
482 5180 639 5240 euim
696 5181 935 5237 domino
1002 5179 1281 5238 Rainaldo
1339 5182 1837 5240 Antiochenorum

196 5272 476 5348 principe,
508 5275 567 5328 et
596 5271 669 5327 ad
698 5270 756 5327 id
789 5270 1172 5327 obtinendum
1204 5270 1524 5343 plurimum
1555 5287 1659 5342 pro
1699 5271 1842 5328 viri-

196 5366 310 5422 bus
334 5361 694 5428 elaborante,
729 5361 983 5419 universi
1002 5360 1291 5433 principes
1312 5362 1413 5435 qui
1432 5366 1839 5430 convenerant,

203 5466 338 5508 cum
375 5451 499 5508 suis
553 5449 1015 5523 expeditionibus
1071 5450 1144 5507 ad
1204 5455 1399 5522 partes
1446 5451 1843 5512 antiochenas

204 5537 482 5610 auspiciis
500 5556 564 5598 se
591 5540 854 5616 dirigunt
877 5539 1255 5600 felicioribus.
1286 5541 1410 5609 Quo
1451 5558 1591 5600 oum
1638 5558 1843 5616 perve-

1950 2674 2309 2731 menicorum
2361 2675 2683 2748 prinoipem
2729 2675 3036 2735 dominum
3085 2679 3267 2736 Toros
3316 2681 3598 2757 dirigunt,

1951 2769 2224 2837 rogantes
2252 2765 2476 2833 intime,
2507 2774 2562 2822 et
2593 2767 2780 2823 modis
2808 2768 3024 2839 quibus
3072 2775 3324 2842 possunt
3369 2771 3433 2828 id
3478 2789 3602 2846 per-

1951 2855 2201 2912 suadere
2231 2853 2562 2911 laborantes
2596 2860 2681 2924 ut,
2731 2857 2892 2912 omni
2940 2859 3313 2916 excusatione
3356 2869 3603 2934 postpo-

1953 2944 2089 3014 sita,
2120 2960 2254 3000 cum
2297 2943 2642 3002 militaribus
2690 2945 2938 3017 auxiliis,
2987 2948 3285 3007 Antiocho
3333 2966 3473 3010 oum
3518 2952 3605 3011 sis

1954 3036 2157 3091 adesse
2178 3037 2446 3106 procuret
2468 3038 2665 3090 ettam
2692 3035 2974 3093 fructuosi
2996 3036 3212 3094 laboris
3233 3039 3418 3097 tantis
3449 3040 3607 3111 prin·

1875 3138 1922 3206 c
1957 3121 2186 3194 cipibus
2216 3136 2276 3177 se
2308 3120 2577 3191 dignetur
2607 3121 2883 3177 adhibere
2920 3128 3270 3182 consortem.
3318 3125 3422 3182 Ille
3471 3143 3608 3183 vero

1948 3215 2223 3282 suscepta
2248 3209 2540 3283 legatione
2568 3212 2823 3283 gavisus,
2853 3213 3007 3270 sicut
3054 3214 3134 3269 vir
3184 3214 3436 3289 impiger
3484 3220 3612 3272 erat

1945 3308 2003 3358 et
2028 3304 2325 3366 strenuus,
2352 3300 2679 3357 convocatis
2710 3317 2955 3358 suorum
3006 3302 3344 3375 ingentibus
3391 3306 3606 3379 copiis,

1948 3394 2242 3446 maturato
2289 3389 2519 3456 itinere,
2566 3390 2938 3448 Antiochiam
2988 3395 3289 3464 pervenit;
3343 3409 3462 3466 quo
3512 3411 3608 3453 re·

1947 3485 2132 3550 cepto,
2165 3479 2352 3536 nostri
2384 3479 2701 3551 gaudentes
2744 3480 3086 3552 plurimum,
3108 3481 3336 3538 eductis
3366 3485 3611 3557 expedi-

1948 3568 2202 3625 tionibus
2234 3568 2434 3625 urbem
2465 3570 2706 3641 egressi,
2736 3585 2940 3627 versus
2970 3572 3262 3629 Caesaram
3285 3578 3484 3632 castra
3520 3576 3610 3632 di·

1950 3658 2171 3731 rigunt.

2544 3771 2776 3829 CAPUT
2806 3772 3018 3830 xvm.

1948 3860 2244 3918 obsidetur
2273 3860 2542 3931 Caesarea,
2573 3868 2630 3917 et
2657 3870 2776 3989 posi}
2800 3862 3075 3919 modicum
3105 3864 3373 3922 violenter
3398 3865 3613 3938 effrin—

2693 3952 2725 4005 9
2781 3951 2869 3993 ur.

2019 4024 2116 4078 Est
2155 4026 2347 4078 autem
2396 4022 2613 4078 Caesara
2661 4022 2890 4091 civitas,
2935 4039 3111 4096 super
3160 4025 3437 4084 Orontem
3491 4027 3616 4084 flu—

1947 4111 2131 4183 vium,
2189 4111 2290 4184 qui
2344 4110 2712 4168 Antiochiam
2763 4113 3208 4185 praeterlabitur,
3258 4116 3368 4171 sita
3395 4134 3411 4181 ς
3457 4115 3616 4173 hanc

1949 4201 2169 4274 vulgari
2205 4200 2588 4273 appellatione
2617 4200 2859 4273 quidam
2889 4202 3215 4261 cesaream
3235 4204 3534 4275 appellant
3557 4209 3620 4263 et

1947 4295 2148 4363 putant
2192 4306 2319 4345 eam
2363 4305 2513 4359 esse,
2567 4306 2692 4362 quae
2743 4299 2830 4348 est
2850 4290 3229 4364 Cappadociae
3263 4295 3611 4366 metropolis

1946 4380 2194 4442 eximia:
2225 4381 2318 4435 cui
2349 4379 2557 4436 beatus
2585 4384 2643 4436 et
2670 4381 2939 4452 egregius
2970 4381 3170 4438 doctor
3188 4383 3422 4454 praeruit
3443 4384 3612 4442 Basi-

1949 4469 2104 4538 lius;
2135 4470 2234 4525 sed
2264 4485 2299 4526 a
2328 4485 2482 4537 ver0,
2514 4469 2613 4541 qui
2652 4470 2764 4525 hoc
2794 4470 3057 4541 credunt,
3083 4471 3431 4531 exorbitant.
3460 4473 3616 4532 Nam

1949 4558 2224 4631 praedicta
2253 4557 2593 4631 metropolis
2624 4558 2698 4614 ab
2729 4558 3043 4617 Antiochia
3070 4560 3244 4617 distat
3275 4560 3405 4632 plus
3433 4579 3616 4636 quam

1951 4648 2156 4704 itinere
2181 4648 2407 4704 dierum
2439 4647 2793 4719 quindecim,
2828 4648 2918 4705 vel
2949 4649 3105 4705 circa
3135 4649 3218 4706 id.
3249 4651 3384 4708 Hoc
3413 4657 3616 4710 autem

1950 4740 2042 4794 est
2071 4737 2128 4792 in
2159 4735 2322 4809 Syria
2350 4736 2531 4805 Celes,
2568 4753 2699 4808 quo
2723 4737 2842 4794 alla
2874 4738 3167 4807 provincia
3195 4746 3306 4809 est,
3338 4739 3621 4814 aCappa-

1951 4826 2197 4883 dociana
2216 4825 2448 4882 dioecesi
2472 4824 2679 4883 multis
2705 4826 2911 4883 mediis
2931 4827 3248 4897 provinciis
3270 4828 3578 4901 disJuneta
3600 4852 3616 4904 ;

1953 4930 2058 4972 nec
2097 4915 2357 4972 Caesarea
2399 4914 2631 4985 dicitur,
2670 4915 2774 4972 sed
2828 4916 3018 4989 potius
3065 4919 3331 4987 Caesarag
3383 4935 3501 4978 una
3548 4920 3620 4979 de

1950 5001 2330 5076 suffraganeis
2361 5005 2607 5061 urbibus
2637 5004 2980 5063 Antiocheni
3022 5007 3472 5077 patriarchatus.
3515 5010 3619 5067 ssst

1947 5099 2136 5151 autem
2168 5092 2375 5150 civitas
2403 5095 2546 5150 satis
2576 5095 2880 5151 commode
2914 5095 3045 5160 sita,
3077 5096 3253 5165 cuius
3276 5112 3413 5166 pars
3456 5097 3621 5157 inl'e-

1946 5184 2064 5241 rior
2094 5185 2153 5241 in
2184 5184 2357 5255 plano
2398 5186 2573 5257 jacet,
2625 5185 2891 5258 superior
2936 5201 3069 5243 vero
3125 5184 3186 5242 in
3230 5186 3326 5243 sui
3375 5188 3618 5263 fastigio

1950 5273 2290 5345 praesidium
2321 5272 2495 5329 habet
2528 5273 3017 5341 munitissimum,
3048 5273 3289 5347 longum
3310 5276 3480 5346 satis,
3508 5279 3616 5336 sed

1950 5367 2266 5436 angustum
2307 5362 2657 5431 admodum;
2689 5363 2779 5419 cui
2819 5378 2890 5420 ex
2936 5363 3117 5421 altera
3165 5368 3327 5436 parte
3372 5365 3604 5438 civitas,

1950 5466 2020 5508 ex
2068 5450 2249 5509 altera
2291 5451 2516 5520 fluvius,
2567 5456 2773 5525 proeter
2815 5451 3141 5510 naturalem
3188 5453 3610 5526 munitionem,

1952 5542 2130 5599 robur
2189 5544 2445 5616 prestant
2489 5546 2548 5602 st
2591 5556 2896 5602 accessum
2949 5540 3203 5604 reddum
3249 5543 3614 5617 impervium
