3784 6000
296 255 415 318 '19⁰

1352 251 1779 317 GUILLELMI
1828 254 2214 320 TYRENSIS
2256 257 2624 319 ARCHlEP.

3578 246 3703 309 800

293 407 420 449 ram
451 390 695 459 dantes;
728 388 1151 447 aedificaverant
1172 386 1251 444 ibi
1292 387 1636 445 suburbium
1668 397 1721 445 et
1747 387 1930 446 eccle·
1964 393 2018 459 Α
2047 391 2409 449 hortabatur.
2430 393 2611 448 Erant
2643 404 2811 462 porro
2857 387 2938 445 ibi
2964 389 3208 460 Juvenes
3240 383 3488 457 expediti
3520 387 3581 440 et
3625 383 3700 439 ad

298 478 447 537 siam
479 494 595 534 non
627 478 800 549 longe
827 495 860 533 a
891 475 1184 548 praesidio,
1215 475 1351 532 l'acti
1379 475 1538 532 illius
1564 476 1675 533 loci
1704 476 1941 534 babita-

297 572 474 625 tores.
499 567 638 624 Erat
666 567 821 623 enim
854 564 1018 622 locus
1038 565 1399 634 commodus,
1430 572 1488 622 et
1515 566 1614 622 ubi
1648 567 1941 624 tenuiores

297 655 561 715 homines
595 654 819 713 facilius
848 655 1193 728 proficerent
1214 670 1389 727 quam
1413 655 1472 711 in
1504 655 1770 712 urbibus.
1794 656 1941 713 Con-

293 745 517 803 diderat
548 750 738 802 autem
766 761 864 801 rex
883 761 951 800 ea
979 744 1298 801 intentione
1328 744 1670 817 praedictum
1700 746 1945 802 munici-

296 834 482 907 pium,
515 838 582 889 ut
610 838 668 890 et
702 833 843 891 lines
873 851 1012 890 suos
1054 832 1345 900 dilataret,
1376 839 1433 889 et
1461 833 1937 891 suburbanorum

296 923 713 994 adiacentium,
743 939 869 995 quae
902 921 1085 978 nostri
1114 921 1332 980 casalia
1360 923 1584 992 dicunt,
1615 927 1674 978 et
1714 939 1942 981 annuos

292 1012 586 1082 redditus,
612 1012 759 1068 etde
800 1011 1251 1068 transeuntibus
1281 1014 1533 1068 statutas
1558 1014 1945 1070 consuetudi-

295 1117 398 1160 nes
429 1100 660 1175 plenius
709 1111 764 1159 et
793 1101 1026 1159 lucilius
1055 1102 1167 1158 sibi
1207 1106 1405 1174 posset
1435 1102 1668 1160 hebere.

915 1207 1145 1265 CAPUT
1171 1207 1323 1265 xxl.

296 1298 412 1356 Rem
437 1314 564 1355 cum
593 1298 810 1354 modica
852 1297 1098 1353 militum
1125 1314 1300 1354 maizu
1330 1297 1419 1352 itti
1446 1297 1722 1362 occur-rim
1757 1299 1946 1370 plures

367 1384 438 1426 ecc
464 1371 670 1426 nostris
710 1378 826 1426 tam
853 1370 915 1425 in
943 1370 1077 1425 urbe
1108 1369 1274 1440 Gaza,
1304 1385 1471 1441 quum
1512 1370 1570 1424 in
1618 1370 1842 1438 itinere,
1875 1371 1944 1425 ab

371 1440 614 1498 hostibus
641 1441 1062 1497 obtruncantur.

370 1547 656 1621 Egressus
681 1563 817 1621 ergo
848 1547 1001 1604 Gaza
1033 1552 1230 1604 noster
1271 1548 1583 1618 exercituS,
1614 1555 1671 1604 et
1699 1547 1757 1603 in
1791 1549 1946 1604 edito

295 1637 550 1712 quodam
581 1637 731 1706 loco,
757 1637 856 1709 qui
888 1637 948 1693 in
981 1637 1111 1710 ipso
1142 1636 1349 1693 itinere
1379 1645 1523 1706 erat,
1556 1636 1937 1707 constitutus,

2051 497 2213 538 arma
2281 478 2556 553 prompti,
2605 479 2908 551 sexaginta
2977 479 3259 550 quinque,
3310 475 3380 529 de
3439 473 3702 546 partibus

2050 569 2616 644 Hierosolymitanis,
2645 569 2715 624 de
2761 567 2885 623 vico
2918 566 3017 638 qui
3067 566 3283 621 dicitur
3332 561 3702 619 Macomeria.

2052 658 2120 715 Hi
2149 660 2222 715 ad
2272 658 2592 716 exercitum
2635 660 3025 729 properantes,
3082 669 3221 709 casu
3276 658 3440 708 nocte
3487 650 3592 707 illa
3640 650 3703 706 in

2051 749 2318 807 eamdem
2353 748 2558 805 urbem
2592 748 2984 814 devenerant3
3016 744 3116 816 qui
3148 742 3289 798 dum
3322 741 3394 798 de
3424 738 3703 796 mandato

2052 837 2312 911 praedicti
2343 836 2599 905 Milonis,
2633 851 2804 892 secus
2835 839 3062 906 portam
3095 830 3399 888 exterioris
3429 828 3700 895 civitam,

2058 944 2161 1000 pro
2185 926 2454 984 libertate
2475 930 2533 983 et
2553 924 2737 997 patria
2758 930 2993 981 strenue
3013 923 3333 980 decertant,
3350 924 3408 975 et
3426 918 3701 975 hostibus

2051 1015 2205 1072 viam
2258 1016 2409 1072 i'erro
2467 1013 2686 1087 aperire
2737 1011 3064 1069 volentibus
3122 1010 3346 1065 fortiter
3394 1006 3703 1076 resistunt,

2053 1103 2253 1161 hostes
2294 1121 2363 1161 ex
2410 1102 2527 1160 alia
2575 1105 2736 1173 parte
2787 1102 2846 1156 in
2881 1100 3170 1156 civitatem
3204 1099 3510 1163 irruenteS,
3550 1096 3707 1151 inter

2054 1192 2398 1266 praesidium
2430 1197 2490 1248 et
2518 1191 2735 1248 dictam
2769 1194 3019 1262 portam,
3050 1187 3243 1244 adhuc
3272 1186 3580 1241 introitum
3604 1182 3708 1240 hc-

2054 1282 2249 1340 stibus
2294 1287 2599 1354 negantes,
2632 1280 2962 1352 reperiunt;
3016 1279 3418 1347 irruentesque
3448 1291 3481 1330 a
3515 1279 3706 1344 tergo,

2054 1372 2319 1429 incautos
2348 1373 2560 1429 vallant
2590 1371 2872 1443 undique,
2904 1373 2963 1425 et
2984 1370 3106 1439 jam
3142 1367 3409 1423 resistere
3433 1381 3549 1421 non
3586 1381 3703 1420 va-

2053 1462 2480 1535 lentes,gladiis
2512 1460 2883 1517 obtruncant.
2918 1460 3031 1515 Sed
3063 1464 3261 1513 tamen
3295 1455 3497 1512 multis
3519 1471 3589 1510 ex
3621 1453 3709 1509 eis

2057 1551 2393 1624 peremptis,
2428 1550 2858 1620 vulneratisque
2892 1547 3176 1619 pluribus,
3202 1553 3496 1601 cruentam
3519 1545 3592 1600 de
3620 1542 3706 1598 eis

2054 1639 2355 1696 victoriam
2371 1636 2994 1694 retulerunt.Volentes
3012 1641 3200 1690 autem
3220 1633 3325 1689 loci
3348 1633 3707 1687 habitatores

302 1735 491 1784 castra
537 1725 695 1785 videt
741 1726 1030 1795 hostiurm
1062 1730 1119 1783 et
1166 1743 1283 1797 prae
1345 1725 1528 1782 nimia
1572 1724 1948 1784 multitudine
2058 1729 2270 1785 iterum
2298 1726 2360 1783 in
2385 1726 2713 1797 praesidium
2738 1725 3002 1790 introire,
3029 1723 3415 1795 receptisjam
3438 1720 3707 1776 hostibus

1978 1771 2027 1837 B

303 1813 511 1884 territi,
542 1819 842 1887 coeperunt
878 1830 943 1872 se
971 1812 1143 1871 solito
1174 1815 1394 1872 arctius
1433 1815 1842 1886 comprimere,
1870 1817 1949 1873 ita
2064 1818 2217 1875 inira
2264 1817 2499 1883 moenia,
2532 1821 2591 1872 et
2624 1832 2722 1872 eos
2762 1815 2976 1886 passim
3027 1820 3084 1870 et
3130 1813 3253 1868 sine
3300 1810 3524 1867 delectu
3575 1809 3707 1866 neci

301 1910 361 1962 ut
410 1919 523 1975 prae
571 1903 751 1961 turbae
799 1902 1087 1960 densitate
1131 1902 1226 1960 vix
1264 1907 1509 1976 possent
1539 1904 1824 1960 incedere.
1859 1903 1952 1960 Illi

301 1991 503 2051 statim
545 1992 605 2049 in
638 1997 872 2050 nostros
901 1993 1212 2059 irruentes,
1245 1994 1570 2062 tentabant,
1603 1994 1653 2049 si
1697 2009 1955 2066 unquam

301 2096 401 2139 eos
432 2084 675 2154 possent
701 2080 773 2138 ab
804 2081 1054 2139 invicem
1093 2098 1399 2152 separare;
1433 2082 1533 2139 sed
1569 2083 1770 2151 nostri,
1814 2099 1952 2153 pro-

302 2170 444 2241 pitia
478 2170 802 2240 Divinitate‚
835 2170 1081 2228 solidius
1109 2171 1264 2228 inter
1292 2189 1351 2229 se
1381 2172 1736 2244 conglobati,
1768 2176 1826 2227 et
1851 2171 1950 2227 bo-

303 2261 491 2317 stium
521 2260 893 2318 sustinebant
920 2260 1200 2334 impetus,
1232 2265 1290 2319 et
1312 2260 1425 2318 iter
1446 2260 1758 2316 maturatis
1788 2275 1952 2333 gres-

301 2350 466 2407 sibus
513 2350 917 2409 conficiebant.
952 2351 1215 2408 Tandem
1248 2356 1488 2408 ventum
1532 2354 1623 2407 est
1652 2351 1720 2406 ad
1754 2348 1946 2406 locum

308 2440 687 2508 destinatum,
705 2441 903 2515 ibique
923 2440 1125 2497 defixis
1147 2441 1434 2507 tentoriis,
1457 2441 1619 2496 stetit
1645 2439 1952 2496 universus

306 2529 626 2598 exercitus;
670 2529 1025 2602 dominoque
1073 2530 1401 2601 patriarcha
1445 2530 1506 2587 in
1562 2544 1691 2586 arce
1736 2530 1950 2596 locato,

305 2615 515 2691 reliqui
537 2633 744 2677 omncs
755 2623 917 2676 extra
928 2624 984 2676 et
997 2619 1169 2690 juxta
1189 2619 1543 2676 suburbium
1564 2619 1948 2675 castrametati

306 2710 470 2764 sunt.
503 2707 638 2764 Erat
673 2712 870 2765 autem
916 2708 1059 2765 hora
1106 2708 1243 2778 diei,
1275 2709 1443 2782 quasi
1491 2713 1672 2765 sexta.
1722 2707 1952 2764 Habitis

305 2809 442 2870 ergo
463 2796 566 2853 illa
584 2796 679 2853 die
697 2796 1096 2868 singularibus
1115 2798 1483 2854 conflictibus
1512 2803 1571 2853 et
1597 2814 1698 2872 per
1722 2802 1951 2854 turmas

305 2883 635 2952 nonnullis,
659 2886 838 2942 nostri
868 2890 929 2943 et
947 2886 1224 2942 audacter
1244 2886 1601 2954 institerunt,
1627 2890 1685 2942 et
1715 2886 1949 2941 restite-

307 2977 447 3031 runt
474 2973 731 3031 viriliter.
751 2974 927 3032 Nocte
956 2979 1150 3032 autem
1182 2975 1512 3045 accedente,
1538 2975 1945 3042 Salahadinus,

2063 1906 2571 1972 tradentibus,non
2596 1905 3046 1976 estpermissum
3065 1920 3079 1970 3
3098 1918 3201 1958 nec
3224 1900 3341 1958 ulla
3361 1899 3475 1956 alia
3496 1899 3709 1956 salutis

2064 1995 2402 2054 occurrebat
2430 1996 2540 2051 via.
2575 1997 2865 2052 1rrucntes
2888 1994 3066 2065 igitur
3085 1993 3259 2048 Turci
3287 1990 3385 2046 ubi
3411 1989 3704 2046 civitatem

2064 2089 2514 2155 occupaverunt,
2548 2100 2651 2139 nec
2681 2083 2833 2139 aetati
2866 2085 3136 2154 parcunt,
3167 2095 3273 2136 nec
3303 2078 3498 2145 sexui;
3532 2082 3591 2134 et
3608 2095 3708 2133 va-

2064 2176 2288 2250 gientes
2320 2176 2474 2232 saxis
2504 2174 2837 2244 allidentes,
2869 2174 3016 2230 iram
3053 2172 3146 2229 vix
3178 2178 3440 2244 poterant
3466 2169 3708 2225 satiare.

2064 2267 2173 2334 Qui
2214 2270 2409 2320 autem
2439 2265 2500 2319 in
2533 2264 2804 2337 praesidio
2835 2268 3023 2331 erant,
3055 2263 3256 2318 hostes
3290 2279 3324 2317 a
3353 2260 3617 2316 turribus
3652 2262 3713 2313 et

2067 2355 2247 2409 muris
2276 2353 2539 2424 lapidum
2564 2354 2726 2423 jactu
2764 2360 2821 2407 et
2848 2354 3019 2407 creba
3057 2352 3307 2406 telorum
3336 2348 3714 2404 immissione

2062 2440 2293 2513 longius
2311 2446 2593 2508 arcentes,
2607 2446 2886 2509 castrum,
2903 2439 3151 2511 propitio
3165 2438 3431 2504 Domino,
3447 2450 3716 2491 servave-

2062 2536 2202 2586 runt
2237 2529 2551 2586 incolume.
2582 2531 2675 2587 Sic
2706 2545 2839 2599 ergo
2870 2532 3149 2598 occupata
3190 2527 3440 2589 civitate,
3476 2525 3713 2581 civibus

2059 2618 2625 2690 interemptis,quasi
2647 2617 2898 2690 palmam
2932 2621 3219 2686 tenentes,
3240 2631 3442 2671 versus
3484 2617 3708 2671 Darum

2061 2712 2460 2776 revertuntur3
2494 2706 2752 2779 dumque
2782 2706 3257 2779 proficiscuntur,
3288 2704 3598 2759 inveniunt
3637 2706 3710 2760 de

2059 2798 2355 2871 peditibus
2386 2797 2595 2854 nostris
2627 2798 2794 2869 quasi
2826 2795 3401 2869 quinquaginta,qui
3438 2795 3509 2849 ad
3533 2810 3708 2851 exer-

2059 2888 2235 2944 citum
2263 2892 2528 2943 nostrum
2559 2887 2787 2943 incaute
2818 2886 3227 2959 properabant.
3253 2884 3368 2939 llos
3390 2885 3535 2940 satis
3560 2883 3707 2939 viri-

2058 2973 2193 3032 liter
2221 2990 2284 3033 se
2321 2979 2551 3032 tuentes
2583 2978 2641 3031 et
2678 2975 3015 3031 resistentes
3063 2973 3285 3030 sortiter
3315 2971 3522 3044 gladiis
3554 2986 3706 3028 ene·

306 3062 593 3121 ordinatis
614 3064 1182 3136 agminibus,versus
1193 3065 1403 3123 Gazam
1421 3081 1560 3122 suos
1578 3065 1779 3139 dirigit
1797 3081 1948 3122 exer·
2056 3068 2191 3121 cant
2221 3068 2279 3121 et
2307 3063 2668 3121 interficiunt
2697 3063 3026 3119 universos*

303 3152 490 3225 citus;
522 3160 807 3227 nocteque
850 3152 948 3211 illa
991 3171 1159 3212 secus
1207 3159 1524 3212 torrentem
1556 3156 1898 3228 quieverunt
1930 3171 1946 3212 ε

305 3241 457 3300 lacto
490 3258 679 3310 mane,
710 3248 842 3300 ante
869 3243 1083 3301 Gazam
1113 3244 1437 3313 constituti,
1472 3246 1602 3301 urbi
1645 3247 1949 3317 eoeperunt

304 3332 730 3404 approximare.
774 3332 905 3390 Fuit
933 3339 1126 3390 autem
1159 3333 1309 3390 Gaza
1349 3334 1486 3390 urbs
1514 3334 1946 3406 antiquissima,

301 3418 661 3477 Philisthiim
713 3421 1055 3495 metropolis
1085 3423 1334 3496 egregia,
1366 3423 1536 3493 cujus
1578 3423 1637 3480 in
1683 3422 1949 3480 historiis

304 3511 423 3565 tam
479 3508 890 3568 ecclesiasticis
953 3528 1128 3584 quam
1180 3511 1590 3580 sacularibus,
1643 3511 1826 3568 multa
1884 3511 1949 3567 flt

308 3597 528 3653 mentio
575 3600 744 3670 cujus
771 3600 949 3656 etiam
998 3600 1190 3666 hodie,
1223 3605 1463 3659 vetustae
1511 3600 1856 3668 nobilitatis,
1887 3600 1949 3656 in

307 3685 605 3744 nobilibus
636 3688 1111 3758 aediflciis‚multa
1126 3694 1357 3746 exstant
1385 3689 1953 3762 argumenta-tacuit

309 3780 507 3833 autem
539 3776 739 3836 multis
783 3780 1151 3852 temporibus
1199 3781 1451 3850 deserta,
1485 3781 1562 3836 ita
1604 3785 1668 3836 ut
1698 3798 1802 3837 nec
1832 3796 1951 3837 uno

308 3864 662 3924 incoleretur
692 3868 1039 3937 habitatore,
1071 3886 1380 3944 quousque
1414 3871 1690 3927 dominus
1714 3869 1952 3927 haldui-

310 3970 445 4023 nus,
475 3953 723 4013 illustris
752 3959 1047 4016 memoriae
1075 3959 1604 4033 Hierosolymorum
1644 3974 1743 4016 rex
1772 3976 1955 4032 quar·

311 4045 430 4114 tus,
446 4049 582 4101 ante
610 4051 835 4116 captam
862 4048 1234 4119 ascalonam,
1255 4050 1515 4107 collectis
1537 4049 1699 4121 regni
1734 4048 1953 4106 viribus

313 4139 369 4190 et
415 4133 667 4206 publicis
712 4137 1071 4207 sumptibus,
1103 4144 1360 4195 castrum
1410 4140 1467 4195 in
1502 4139 1755 4211 quadam
1788 4142 1953 4210 parte

313 4220 568 4278 civitatis
586 4223 882 4279 munitum
900 4226 1066 4293 satis,
1081 4227 1408 4295 aedificavit,
1433 4231 1952 4297 constructumque

313 4306 513 4365 statim
548 4309 822 4368 tratribus
870 4312 1090 4369 militias
1122 4313 1347 4385 Templi
1378 4316 1633 4386 donavit,
1658 4316 1794 4387 Jure
1815 4330 1954 4387 per-

312 4399 491 4470 petuo
533 4400 976 4471 possidendum.
1007 4404 1277 4459 Castrum
1326 4420 1465 4475 ergo
1494 4409 1684 4461 totum
1716 4405 1950 4476 collem,

312 4501 494 4561 supra
522 4503 699 4560 quem
730 4490 951 4547 civitias
981 4491 1222 4548 tundata
1253 4493 1524 4560 tuerat,ut
1556 4494 1952 4566 praediximus,

311 4591 429 4632 non
461 4577 653 4648 potuit
681 4593 1008 4652 occupare,-
1040 4579 1144 4637 sed
1172 4582 1584 4638 convenientes
1605 4582 1845 4655 quidam
1876 4585 1950 4641 ad

308 4664 421 4722 loci
453 4664 613 4722 illius
675 4665 1113 4739 habitationem,
1138 4673 1202 4726 ut
1238 4671 1417 4728 tutius
1447 4671 1527 4729 ibi
1557 4677 1948 4746 morarentur,

309 4751 592 4826 reliquam
623 4759 846 4826 partem
876 4756 1060 4827 collis,
1093 4759 1276 4831 portis
1305 4764 1363 4816 et
1397 4776 1586 4833 muro,
1617 4762 1721 4818 sed
1744 4761 1951 4819 humili

310 4845 370 4899 et
389 4841 646 4913 infirmo,
660 4848 1014 4903 tentaverant
1037 4847 1283 4906 munire.
1296 4848 1512 4906 Audito
1531 4865 1668 4923 ergo
1691 4849 1949 4907 hostium

308 4930 580 5003 adventu,
612 4934 723 4991 loci
778 4934 939 4992 illius
979 4935 1357 5008 habitatores,
1393 4954 1529 4996 cum
1580 4940 1862 4997 uxoribus
1891 4943 1952 4995 et

310 5020 593 5093 parvulis,
621 5022 991 5082 decreverant
1016 5026 1077 5082 in
1111 5028 1441 5097 prasidium
1472 5029 1750 5097 introire;
1781 5032 1953 5086 erant

310 5108 466 5168 enim
498 5110 769 5169 homines
798 5113 1069 5185 inermes,
1101 5131 1375 5189 agrorum
1421 5118 1696 5190 cultores,
1730 5119 1950 5175 talibus

309 5199 593 5258 inassueti
616 5221 630 5271 ς
653 5202 935 5273 reliquam
966 5221 1097 5262 vero
1127 5205 1379 5263 civitatis
1401 5214 1641 5279 partem,
1666 5213 1949 5281 tanquam

311 5289 688 5350 immunitam
709 5291 978 5351 hostibus
999 5311 1304 5366 exponere.
1326 5297 1435 5353 Sed
1471 5297 1606 5353 Milo
1627 5299 1698 5354 de
1726 5298 1949 5364 Planci,

312 5379 554 5452 quidam
584 5381 657 5437 de
686 5381 850 5454 regni
883 5384 1279 5456 magnatibus,
1309 5384 1408 5441 sed
1438 5385 1528 5441 vir
1554 5401 1953 5458 nequam,vc·

310 5465 440 5525 lens
455 5469 624 5539 quast
642 5469 928 5543 populum
951 5473 1233 5537 animare,
1248 5473 1490 5531 introire
1510 5477 1741 5547 penitus
1761 5475 1956 5551 probi·

311 5553 510 5627 hebet.
538 5560 598 5616 et
640 5560 715 5620 ud
760 5561 1041 5620 tuendam
1069 5562 1233 5619 urbis
1277 5566 1501 5637 partem
1548 5563 1950 5625 invalidiorem

2659 3169 2893 3226 CAPUT
2924 3168 3090 3226 xx11.

2055 3259 2420 3318 Sclahadinus
2449 3260 2521 3317 ad
2546 3276 2648 3331 pro
2686 3261 2773 3315 ric
2794 3260 3116 3316 revertitur.
3142 3260 3255 3314 Rex
3277 3272 3512 3330 quoque,
3532 3260 3706 3327 γέρα-

2125 3342 2244 3389 rato
2289 3344 2490 3402 castro,
2521 3350 2551 3403 q
2698 3347 2769 3388 ex
2793 3336 2952 3404 purte
2997 3331 3244 3387 dirutum
3278 3330 3494 3400 suerat,
3538 3328 3707 3384 rediit

2126 3405 2482 3461 Ascalonem.

2126 3512 2477 3586 Compositis
2518 3512 2696 3583 igitur
2742 3512 3176 3584 agminibuS.et
3219 3511 3279 3567 in
3311 3509 3494 3565 aciem
3527 3512 3707 3580 prout

2058 3603 2139 3659 rei
2163 3602 2440 3659 militaris
2469 3601 2649 3674 exigit
2668 3600 2999 3673 disciplina,
3018 3601 3283 3673 digestis,
3308 3598 3708 3670 quadraginta

2058 3692 2209 3747 duas
2228 3690 2529 3747 instruunt
2550 3690 2840 3756 cohortes,
2862 3706 3110 3759 quarum
3145 3689 3341 3759 viginti
3365 3687 3515 3745 duas
3537 3688 3706 3743 littus

2053 3781 2264 3853 jubent
2292 3780 2462 3851 sequi
2511 3779 2826 3845 marinum,
2861 3788 2923 3834 ut
2973 3779 3127 3834 inter
3174 3777 3390 3833 Darum
3441 3783 3500 3833 et
3542 3792 3707 3833 mare

2061 3868 2506 3942 proficiscantur
2526 3867 2811 3940 ;reliquas
2841 3872 3036 3923 autem
3069 3867 3178 3923 iter
3207 3866 3705 3922 mediterraneum

2061 3965 2255 4015 tenere
2275 3956 2954 4030 praecipiunt‚quousque
2975 3967 3164 4013 castro
3183 3954 3707 4027 praeteritemmnes

2060 4048 2117 4103 in
2152 4062 2337 4103 unum
2359 4062 2571 4118 corpus
2607 4045 2813 4102 iterum
2835 4061 2898 4102 se
2937 4045 3238 4116 recipiant.
3262 4044 3543 4100 videntes
3564 4059 3705 4116 ergo

2060 4136 2268 4201 nostri,
2300 4136 2496 4192 hostes
2526 4135 2825 4192 instructis
2879 4136 3066 4192 redire
3096 4134 3421 4203 ordinibus,
3452 4133 3524 4190 ad
3562 4150 3704 4190 con·

2060 4229 2282 4285 flictum
2304 4244 2363 4284 se
2386 4232 2712 4299 preparant
2733 4246 2748 4298 ;
2772 4227 2981 4284 etlicet
3016 4227 3185 4299 pauci
3207 4231 3363 4294 sunt,
3395 4227 3704 4283 confidunt

2060 4321 2257 4373 tamen
2289 4317 2361 4372 de
2389 4316 2640 4388 ,Domini
2687 4318 3034 4385 clementia;
3071 4319 3450 4388 invocatoque
3478 4316 3551 4372 de
3595 4333 3703 4372 su-

2060 4406 2258 4480 pernis
2304 4406 2540 4476 auxilio,
2573 4406 2957 4480 accinguntur
3001 4408 3073 4462 ad
3125 4406 3412 4479 praelium,
3454 4405 3705 4461 Domino

2058 4495 2428 4552 ministrante
2455 4496 2605 4552 vires
2634 4502 2693 4553 et
2734 4496 3059 4553 animorum
3103 4496 3521 4563 constantiam,
3553 4494 3706 4550 nihil

2061 4590 2337 4658 putantes
2366 4585 2600 4652 certius,
2632 4601 2810 4658 quam
2840 4600 2942 4641 eos
2974 4585 3044 4640 ad
3078 4584 3189 4640 hoc
3219 4584 3428 4654 redire,
3461 4589 3529 4640 ut
3564 4599 3701 4640 cum

2058 4673 2275 4730 nostris
2305 4673 2797 4745 congrediantur:
2828 4677 2890 4730 at
2920 4673 3001 4728 illi
3033 4674 3205 4746 longe
3234 4674 3391 4729 aliud
3421 4672 3705 4729 babentes

2059 4763 2445 4835 propositum,
2476 4778 2579 4818 nec
2629 4763 2701 4817 ad
2744 4762 3005 4819 dextram
3049 4779 3153 4820 nec
3183 4764 3256 4819 ad
3290 4762 3486 4819 laevam
3519 4762 3705 4819 decli-

2059 4858 2286 4917 nantes,
2316 4849 2377 4906 in
2407 4850 2714 4924 AEgyptum
2746 4851 2929 4908 redire
2959 4851 3511 4916 festinabant.0uod
3547 4856 3706 4922 post·

2058 4954 2238 5011 quam
2250 4941 2489 4997 domino
2511 4943 2632 5013 regi
2657 4958 2760 5014 per
2781 4946 2969 4998 certos
2989 4941 3251 4998 constitit
3273 4941 3700 5012 nuntics‚quod

2059 5027 2172 5086 iter
2197 5030 2567 5102 arripuerant
2614 5047 2730 5087 non
2761 5030 3027 5102 redituri,
3059 5032 3276 5088 relictis
3309 5031 3411 5103 qui
3439 5035 3699 5087 castrum

2059 5119 2407 5176 semirutum
2440 5121 2807 5185 modificent,
2839 5120 3246 5177 reaedificatum
3271 5120 3543 5176 muniant
3571 5134 3701 5175 am-

2060 5208 2237 5279 plius,
2267 5218 2322 5265 et
2351 5212 2649 5266 munitum
2681 5210 2926 5266 fideliter
2967 5210 3322 5274 custodiant,
3352 5208 3700 5266 Ascalonem

2058 5313 2193 5355 cum
2241 5299 2380 5364 suis,
2415 5297 2663 5357 Domino
2711 5300 2983 5366 ducente,
3015 5298 3230 5354 iterum
3279 5312 3546 5354 reversus
3591 5302 3701 5355 est.

2059 5387 2364 5445 Dicebatur
2389 5389 2464 5445 ab
2495 5388 2566 5444 iis
2593 5390 2692 5461 qui
2739 5387 3104 5460 frequentius
3134 5388 3194 5443 in
3244 5401 3423 5459 regno
3465 5387 3701 5457 expedi·

2057 5475 2251 5534 tiones
2273 5477 2556 5545 viderant,
2580 5477 2734 5550 quod
2755 5476 2922 5533 nulla
2937 5478 3105 5532 astate
3126 5478 3350 5531 tantam
3372 5475 3700 5533 Turcorum

2061 5565 2505 5626 multitudinem
2523 5565 2825 5626 collectam
2852 5565 3183 5634 audierant,
3199 5564 3701 5638 reputabaturque
