3784 6000
296 233 438 296 1203

1716 232 1913 293 LUCII
1950 230 2030 292 111
2069 228 2281 289 PAPAE

3571 227 3709 289 ssot

258 363 438 421 ·siam
467 364 526 422 S.
565 360 729 419 Pauli
761 360 837 418 de
877 361 1043 417 Petra
1068 358 1279 417 Incisa.
1323 358 1646 418 Ecclesiam
1692 361 1749 419 S.
1788 359 1939 417 Petri
1969 360 2109 417 A’S.
2136 357 2365 416 Nazarii
2388 373 2526 416 cum
2554 357 2785 432 capella
2809 358 2886 416 de
2918 357 3124 415 Balma
3155 357 3212 413 S.
3239 352 3610 413 Dalmatiam
3638 352 3710 412 de

285 453 361 511 de
399 452 769 516 FirminiacO,
803 449 1119 506 ecclesiam
1162 450 1215 505 S.
1260 448 1411 505 Petri
1449 449 1525 506 de
1566 450 1810 518 Biriaco,
1849 464 1942 505 ec·

287 543 530 601 clesiam
562 540 637 598 de
669 538 959 596 Bressola.
999 539 1061 594 In
1101 537 1344 595 lalliaco
1372 539 1684 596 ecclesiam
1717 541 1772 597 S.
1806 539 1944 597 Vin-

288 631 485 698 centii,
529 630 843 687 ecclesiam
884 627 958 683 de
989 626 1242 693 Pisiaco,
1275 627 1592 685 ecclesiam
1622 629 1697 686 de
1725 630 1944 686 Sancta

265 724 470 779 ·cruce
498 739 509 784 ;
539 717 854 775 ecclesiam
884 717 957 772 de
978 716 1272 782 corziaco,
1303 717 1618 774 ecclesiam
1640 716 1714 774 de
1734 721 1944 774 Roma·

289 808 500 879 neche,
531 805 825 879 capellam
865 805 939 861 de
970 804 1271 871 Miribello,
1314 806 1630 864 ecclesiam
1666 807 1741 862 de
1766 804 1947 863 Maxi-

289 897 489 955 miaco
514 901 773 961 mortuo,
818 894 1128 951 ecclesiam
1165 895 1222 950 S.
1264 896 1413 951 Petri
1455 895 1517 951 in
1555 895 1815 960 Rilliaco,
1855 910 1947 950 ec-

291 987 543 1045 clesiam
561 986 635 1042 de
649 984 1246 1051 Buxiaco,ecclesiam
1259 984 1333 1041 de
1347 985 1948 1049 Fironda,ecclesiam

293 1076 368 1133 de
409 1074 728 1148 crispiaco,
773 1073 1089 1130 ecclesiam
1130 1074 1206 1129 de
1248 1076 1468 1147 Beyno,
1513 1074 1823 1131 ecclesiam
1872 1073 1949 1131 de

292 1161 898 1235 villorges,ecclesias
914 1161 989 1218 de
1005 1165 1276 1234 Noyosco
1300 1167 1355 1218 et
1380 1162 1455 1218 de
1480 1161 1772 1219 Gor-danis
1804 1167 1858 1218 et
1889 1164 1949 1220 S.

294 1251 566 1311 Mauritii.
596 1250 913 1307 ecclesiam
949 1251 1005 1307 S.
1040 1250 1190 1306 Petri
1221 1250 1295 1306 de
1324 1250 1509 1316 Mura,
1543 1250 1854 1308 ecclesiam
1891 1252 1949 1308 S.

293 1340 537 1406 Julittae,
566 1339 879 1396 ecclesiam
908 1340 964 1396 S.
996 1338 1150 1394 Petri
1188 1338 1262 1394 de
1303 1338 1524 1395 Balma.
1561 1339 1860 1411 Capellam
1891 1341 1948 1397 S.

294 1431 490 1487 Marias
524 1445 537 1497 ;
568 1428 884 1485 ecclesiam
918 1429 973 1485 S.
1008 1427 1259 1484 Romani
1285 1428 1359 1483 de
1391 1427 1743 1496 solemiaco,
1769 1427 1955 1485 eccle·-

288 1518 448 1576 ·siam
481 1519 537 1575 S.
580 1516 864 1587 Gregorii,
903 1516 1218 1573 ecclesiam
1260 1515 1334 1572 de
1364 1517 1657 1586 asnieres,
1689 1518 1952 1590 capellas

297 1609 373 1664 de
402 1605 734 1674 montibuS,
765 1604 840 1662 de
869 1604 1076 1661 villeta
1101 1609 1158 1662 et
1191 1605 1265 1661 de
1294 1606 1439 1662 Jons
1464 1611 1521 1663 et
1550 1606 1623 1662 de
1653 1605 1949 1673 Moiffone,

297 1695 611 1778 ecclesiam
634 1694 708 1751 de
736 1693 1053 1751 Pusiniaco
1083 1698 1139 1750 et
1165 1695 1520 1767 Joennages,
1554 1694 1848 1769 capellam
1877 1696 1954 1753 de

298 1787 550 1851 Anione,
581 1785 641 1841 in
672 1783 943 1841 Fluriaco
972 1783 1278 1840 ecclesiam
1308 1785 1363 1842 S.
1399 1785 1834 1853 Bartholomoei,
1860 1800 1953 1842 ec·

298 1875 544 1931 clesiam
565 1874 640 1930 de
659 1873 998 1938 Tartaraco,
1021 1871 1335 1930 ecclesiam
1360 1872 1435 1929 de
1455 1873 1746 1942 Taurinis,
1772 1874 1955 1931 eccle·

298 1963 454 2021 siam
483 1963 559 2019 de
586 1961 960 2028 castellucio,
986 1961 1309 2018 ecclesiam
1339 1961 1415 2018 de
1440 1963 1819 2030 constantiis,
1859 1979 1952 2020 ec-

297 2052 544 2109 clesiam
569 2050 644 2107 de
669 2050 947 2117 Cruento,
980 2050 1297 2107 ecclesiam
1327 2050 1403 2108 de
1423 2051 1741 2124 claipiaco,
1769 2052 1955 2110 eccle·

298 2140 450 2198 siam
479 2139 555 2197 de
583 2139 935 2206 MarsiliacO,
968 2138 1281 2196 ecclesiam
1321 2139 1396 2196 de
1429 2140 1606 2210 Cella,
1636 2140 1951 2198 ecclesiam

294 2230 371 2287 de
392 2229 726 2301 magniaco,
755 2227 1067 2285 ecclesiam
1090 2228 1164 2284 de
1196 2228 1505 2295 MarelocO,
1531 2228 1846 2288 ecclesiam
1875 2229 1952 2287 de

297 2320 591 2384 Versiaco,
641 2317 956 2375 ecclesiam
1020 2316 1095 2373 de
1142 2319 1463 2383 Benerone,
1505 2319 1822 2376 ecclesiam
1874 2319 1951 2376 de

295 2409 574 2475 Boteone‚
634 2408 950 2465 ecclesiam
1010 2409 1066 2465 S.
1129 2407 1447 2477 Laurentii,
1508 2408 1822 2465 ecclesiam
1889 2410 1947 2467 S.

293 2497 568 2564 Romani,
601 2496 916 2553 ecclesiam
949 2497 1006 2554 S.
1039 2496 1192 2553 Petri
1217 2496 1291 2551 de
1317 2499 1364 2553 A
1370 2534 1505 2563 ......
1545 2497 1858 2553 ecclesiam
1888 2498 1946 2555 S.

294 2584 601 2641 Beneberti
625 2585 701 2641 de
728 2584 1002 2651 Novellis,
1033 2584 1345 2642 ecclesiam
1366 2587 1422 2643 S.
1454 2587 1705 2643 Romani
1739 2586 1946 2654 Vetuli,

292 2673 610 2732 ecclesiam
641 2675 696 2732 S.
724 2674 900 2738 Fidei,
929 2674 1246 2731 ecclesiam
1269 2677 1324 2731 S.
1341 2674 1534 2733 Mariae
1557 2675 1945 2747 Magdalenoe,

288 2763 389 2836 jus
430 2764 596 2836 quod
643 2763 878 2821 habetis
926 2763 986 2818 in
1025 2763 1277 2819 ecclesia
1315 2763 1504 2821 Castri
1549 2766 1604 2821 S.
1648 2765 1945 2833 Germani,

289 2852 606 2911 ecclesiam
637 2855 693 2910 S.
726 2852 993 2923 Agatha,
1022 2852 1335 2909 ecclesiam
1371 2853 1428 2910 S.
1457 2853 1707 2911 Andreas
1731 2854 1806 2911 de
1838 2855 1948 2913 Su-

289 2943 473 3010 riaco,
505 2941 822 2999 ecclesiam
864 2943 919 2999 S.
953 2941 1184 2998 Martini
1217 2941 1292 2998 de
1326 2941 1596 3015 Folliosa,
1629 2942 1946 3003 ecclesiam

287 3032 346 3088 S.
372 3031 590 3089 Juliani
616 3031 689 3088 de
714 3034 915 3096 Turre,
955 3030 1269 3088 ecclesiam
1300 3033 1357 3089 S.
1390 3032 1537 3089 lusti
1569 3049 1750 3106 super
1784 3033 1948 3103 Lige-

287 3119 402 3178 rim
414 3120 778 3193 etcapellam
792 3119 867 3177 de
882 3120 1536 3191 Grangent,ecclesiam
1548 3122 1621 3178 de
1633 3122 1945 3190 chambla,

216 3279 242 3290 β
286 3210 722 3267 monasterium
756 3211 813 3267 S.
860 3209 1239 3280 Ragneberti,
1270 3209 1587 3267 ecclesiam
1629 3214 1685 3269 S.
1719 3214 1948 3269 Cosmoe

288 3304 345 3356 et
358 3298 987 3365 Damiani,ecclesiam
1005 3298 1062 3354 S.
1097 3299 1271 3365 Petri,
1304 3299 1621 3358 ecclesiam
1643 3303 1698 3358 S.
1723 3300 1945 3368 marim,

289 3388 604 3445 ecclesiam
637 3390 692 3446 S.
727 3388 978 3454 Martini,
1006 3388 1321 3446 ecclesiam
1360 3391 1418 3447 S.
1450 3390 1598 3447 lusti
1627 3390 1702 3447 de
1741 3390 1945 3464 velay,

288 3477 602 3536 ecclesiam
634 3479 690 3534 S.
722 3476 1059 3534 Clementia.
1088 3478 1151 3533 In
1182 3478 1539 3551 episcopatu
1569 3472 1949 3536 cabilonensi

288 3566 607 3625 ecclesiam
638 3567 696 3624 S.
727 3565 1047 3633 Laurentii,
1082 3566 1401 3623 ecclesiam
1441 3569 1498 3624 S.
1531 3568 1762 3624 Martini
1786 3568 1861 3624 de
1891 3568 1951 3626 la

288 3658 486 3715 carre.
519 3658 581 3711 ln
608 3656 983 3729 episcopatu,
1020 3655 1501 3713 claromontensi
1530 3656 1847 3713 ecclesiam
1885 3657 1945 3716 S.

290 3745 510 3802 Marias.
556 3747 620 3800 ln
645 3743 998 3816 episcopatu
1033 3743 1332 3800 Aniciensi
1370 3743 1684 3802 ecclesiam
1716 3746 1774 3804 S.
1822 3747 1950 3802 Fer·

293 3832 461 3904 reoli,
492 3833 802 3891 ecclesiam
827 3834 885 3891 S.
916 3832 1168 3890 Romani
1196 3832 1271 3888 de
1299 3834 1330 3889 J
1337 3834 1602 3904 unsiaco,
1633 3834 1949 3893 ecclesiam

301 3924 356 3981 S.
399 3922 635 3980 Martini
680 3922 755 3979 de
796 3921 1109 3994 Tirangiis,
1154 3922 1468 3980 ecclesiam
1515 3924 1576 3982 S.
1624 3923 1842 3981 Hilarii.
1882 3925 1950 3981 ln

299 4011 654 4086 episcopatu
701 4012 1037 4078 Viennensi,
1092 4011 1408 4070 ecclesiam
1454 4011 1530 4069 de
1577 4012 1949 4080 cabanosco,

303 4100 614 4158 ecclesiam
646 4100 701 4158 S.
718 4098 1071 4172 Ragneberti
1100 4100 1176 4157 de
1194 4100 1952 4173 Fulcimagnia,ecclesiam

305 4191 364 4249 S.
397 4188 718 4254 Saturnini,
750 4188 1043 4261 capellam
1073 4190 1369 4256 Sarrerioe,
1401 4189 1713 4249 ecclesiam
1751 4192 1827 4249 de
1854 4194 1955 4250 Sa·

304 4276 508 4343 blone,
543 4277 618 4332 de
646 4276 946 4344 Baudinis,
980 4279 1051 4334 de
1082 4278 1354 4336 Jossanis
1387 4285 1444 4337 et
1481 4280 1556 4337 de
1594 4282 1951 4353 Appesiaco.

309 4371 372 4424 lu
402 4366 752 4439 episcopatu
782 4366 1204 4437 valentinensi,
1237 4368 1552 4428 ecclesiam
1580 4373 1636 4430 S.
1674 4372 1954 4430 Desiderii

306 4455 383 4513 de
413 4455 681 4523 Revoria,
712 4456 994 4515 ecclesias
1030 4458 1272 4515 Montilii
1308 4458 1651 4527 Adbemari,
1694 4463 1749 4518 S.
1782 4462 1952 4528 Petri,
1988 4435 2034 4491 D

310 4548 367 4605 S.
402 4544 618 4613 Crucis,
652 4547 707 4605 S.
736 4546 966 4604 Martini
994 4547 1312 4619 Hospitalis
1332 4553 1388 4604 et
1407 4548 1589 4605 aliam
1618 4549 1673 4607 S.
1702 4551 1955 4622 Martini,

305 4635 627 4695 ecclesiam
651 4636 708 4693 S.
740 4636 1008 4708 Praejeeti
1038 4653 1055 4704 ;
1082 4636 1281 4694 Sancti
1306 4636 1604 4695 Michaelis
1633 4642 1690 4696 et
1719 4642 1776 4697 S.
1803 4640 1958 4697 Mar-

307 4726 456 4794 celli,
488 4723 807 4783 ecclesiam
844 4724 919 4782 de
951 4725 1220 4782 Piosaco.
1255 4728 1321 4781 ln
1350 4725 1606 4798 Aiguno,
1638 4727 1955 4787 ecclesiam

307 4815 365 4874 S.
392 4814 682 4882 Marioe,S.
713 4813 1063 4871 Desideriiet
1089 4815 1151 4872 S.
1184 4815 1502 4873 Saturnini.
1522 4815 1586 4873 ln
1605 4818 1958 4892 episcopatu

304 4904 661 4963 Tricastrino
687 4903 813 4960 sive
842 4902 1241 4972 Aurasicensi‚
1266 4904 1579 4962 ecclesiam
1605 4907 1659 4964 S.
1681 4907 1953 4976 Andreoe,

303 4993 378 5052 de
405 4992 961 5065 narres,jecclesiam
976 4993 1034 5049 S.
1057 4993 1253 5050 Marioe
1269 4993 1343 5050 de
1369 4994 1558 5052 Alono
1583 5001 1638 5052 et
1659 4997 1954 5070 capellam

303 5083 575 5156 ejusdem
605 5082 782 5139 castri
808 5100 823 5153 ;
855 5081 1171 5140 ecclesiam
1199 5084 1261 5142 S.
1301 5084 1452 5140 Petri
1481 5084 1558 5141 de
1598 5085 1805 5152 Sallas,
1832 5102 1958 5146 mo·

300 5173 628 5232 hasterium
641 5171 938 5238 Abolenae,
964 5170 1280 5230 ecclesiam
1296 5174 1354 5231 S.
1370 5173 1618 5241 Genesii,
1641 5175 1953 5233 ecclesiam

298 5262 374 5319 de
399 5263 557 5319 Mota
578 5260 653 5319 de
671 5260 864 5317 Monte
886 5260 1175 5331 Dracone,
1193 5261 1504 5320 ecclesiam
1526 5264 1581 5319 S.
1602 5263 1850 5321 loannis
1876 5265 1954 5325 de

298 5350 646 5426 Lagoneria,
659 5350 975 5408 ecclesiam
995 5350 1070 5408 de
1083 5351 1503 5408 ‘torcularibus
1515 5368 1654 5410 cum
1676 5354 1949 5426 decimis,

296 5438 615 5497 ecclesiam
641 5440 699 5498 S.
721 5437 1257 5511 Arigii,ecclesiam
1278 5439 1354 5496 de
1378 5441 1654 5512 Belgione
1679 5443 1756 5499 de
1774 5445 1950 5517 Spra-

2051 447 2350 512 causanti,
2397 447 2711 505 ecclesiam
2764 447 2841 504 de
2893 446 3228 514 Mulieratis,
3279 442 3610 503 ecclesiam
3652 444 3710 504 S.

2050 537 2257 593 Thirsi.
2302 540 2364 593 ln
2398 538 2750 610 episcopatu
2789 536 3351 610 carpentoractensi
3389 532 3711 592 ecclesiam

2054 628 2110 685 S.
2125 626 2319 683 Mariae
2335 626 2410 683 de
2421 626 2864 683 innocentibus.
2880 626 2944 682 ln
2970 625 3323 699 episcopatu
3332 621 3710 692 Vasionensi,

2053 716 2365 773 ecclesiam
2407 716 2479 772 de
2509 716 2809 783 Malatera,
2844 714 3274 772 monasterium
3309 714 3369 772 S.
3411 711 3712 770 Benedicti

2054 804 2129 862 de
2151 805 2407 879 Capella,
2435 805 2746 863 ecclesiam
2775 807 2832 864 S.
2859 805 3131 870 Romani,
3165 803 3487 861 ecclesiam
3513 801 3596 859 de
3613 803 3713 859 Po-

2055 894 2157 952 dio
2192 893 2533 962 Almerado,
2566 895 2881 954 ecclesiam
2912 895 2969 951 S.
3009 892 3268 966 Georgii,
3298 890 3624 950 ecclesiam
3654 890 3708 948 S.

2056 983 2335 1052 Marcelli,
2387 984 2697 1041 ecclesiam
2749 984 2826 1041 de
2872 982 3235 1056 Tilletoupis,
3278 979 3607 1039 ecclesiam
3655 980 3711 1038 S.

2061 1072 2254 1140 Blasii,
2286 1089 2425 1130 cum
2456 1072 2688 1146 capella
2715 1072 2792 1129 de
2814 1071 3119 1130 Placiano.
3153 1075 3215 1128 ln
3243 1071 3604 1144 episcopatu
3635 1067 3716 1125 Si·

2020 1162 2033 1172 '
2059 1162 2367 1219 staricensi
2381 1162 2702 1219 monasteri
2712 1179 2801 1217 um
2819 1159 3385 1228 S.Marii,ecclesiam
3399 1155 3715 1216 saoanni·

2059 1267 2199 1309 cum
2228 1251 2464 1325 capella
2482 1251 2558 1309 de
2583 1253 2788 1309 castro
2807 1253 3089 1316 Assarna,
3106 1251 3161 1308 S.
3180 1248 3352 1318 Petri,
3385 1248 3445 1306 S.
3468 1244 3716 1315 Julianl,

2053 1340 2372 1398 'ecclesiam
2410 1340 2485 1397 de
2516 1340 2906 1411 Lingosterio,
2947 1339 3022 1396 de
3053 1338 3401 1403 cibarrano,
3431 1335 3715 1394 ecclesias

2060 1428 2474 1487 deTorrendos
2494 1434 2551 1486 et
2573 1430 2629 1486 S.
2652 1429 2849 1486 Mariae
2863 1428 3104 1486 SisaeJn
3126 1427 3485 1500 episcopatu
3497 1423 3712 1491 Diensi,

2060 1519 2374 1578 ecclesiam
2403 1521 2459 1576 S.
2481 1519 2692 1585 Marias,
2711 1520 2768 1577 S.
2788 1518 2995 1576 Jacobi
3021 1517 3097 1575 de
3122 1514 3713 1581 Arrolas,ecolesiam

2062 1610 2136 1667 de
2165 1609 2530 1676 cassabone,
2556 1606 2867 1665 ecclesiam
2886 1608 2962 1665 de
2992 1608 3271 1671 Brusaco,
3294 1603 3625 1662 ecclesiam
3643 1602 3714 1661 de

2064 1698 2397 1757 Castilione.
2424 1697 2849 1771 inepiscopatu
2875 1696 3185 1770 vapincesi
3200 1694 3644 1753 monasterinm
3655 1692 3712 1749 S.

2063 1789 2213 1844 Petri
2234 1787 2310 1843 de
2335 1788 2498 1858 Lent,
2529 1786 2843 1861 ecclesiam
2874 1787 2949 1843 de
2969 1785 3232 1853 Pellona,
3263 1784 3340 1841 de
3362 1785 3711 1851 Tornareto,

2062 1877 2378 1935 ecclesiam
2420 1878 2476 1934 S.
2517 1875 2806 1933 Plandicii
2850 1880 2908 1933 et
2945 1878 3003 1934 S.
3043 1875 3262 1940 Marias,
3300 1871 3606 1946 capellam
3642 1871 3716 1928 de

2063 1965 2277 2031 Phara,
2310 1966 2622 2023 ecclesiam
2646 1967 2703 2023 S.
2727 1964 3025 2023 Michaelis
3055 1964 3130 2021 de
3154 1963 3410 2029 Duriort,
3432 1958 3717 2018 ecelesias

2061 2054 2137 2112 de
2167 2055 2417 2112 cornilio
2457 2057 2513 2113 S.
2545 2054 2867 2124 Michaelis,
2894 2053 3187 2127 capellam
3219 2055 3276 2110 S.
3314 2050 3595 2114 loannis,
3627 2064 3719 2106 ec-

2061 2142 2305 2200 clesiam
2332 2142 2391 2199 S.
2421 2144 2609 2200 Mariae
2656 2143 2732 2200 de
2763 2142 3047 2211 But-ienis,
3074 2141 3383 2199 ecclesiam
3425 2139 3504 2197 de
3543 2141 3719 2196 Asse·

2062 2247 2226 2299 naco,
2258 2232 2573 2290 ecclesiam
2603 2232 2664 2289 S.
2695 2232 2940 2300 Leontii,
2966 2233 3028 2291 S.
3075 2230 3288 2288 Albani
3317 2234 3374 2286 et
3404 2230 3463 2287 S.
3495 2227 3719 2288 Verani

2060 2321 2121 2377 in
2150 2321 2316 2378 Valle
2361 2320 2565 2389 Brosii,
2610 2321 2923 2379 ecclesiam
2947 2321 3005 2378 S.
3033 2320 3205 2386 Petri,
3239 2321 3293 2377 S.
3356 2317 3617 2376 Joannis
3663 2320 3722 2373 et

2063 2413 2119 2470 S.
2152 2412 2367 2476 Mariae,
2397 2410 2691 2484 capellam
2718 2411 2793 2467 de
2824 2408 3054 2477 Castro,
3082 2408 3394 2466 ecclesiam
3416 2406 3494 2464 de
3514 2409 3721 2465 Torre-

2059 2501 2153 2563 tis,
2211 2498 2527 2556 ecclesiam
2584 2500 2640 2556 S.
2696 2497 2889 2557 Mariae
2917 2497 2994 2554 de
3043 2498 3283 2555 carcere
3330 2501 3386 2552 et
3416 2493 3717 2568 capellam

2060 2586 2322 2645 carceris
2350 2585 2613 2643 ecclesiae
2641 2588 2696 2645 S.
2731 2586 2980 2643 Romani
3000 2589 3059 2643 et
3079 2584 3371 2659 capellam
3393 2582 3471 2640 de
3499 2584 3717 2640 Poma-

2041 2675 2225 2743 siolo,
2275 2675 2590 2733 ecclesiam
2642 2677 2700 2733 S.
2750 2675 3005 2747 Georgii,
3056 2674 3341 2748 capellam
3385 2672 3463 2730 de
3512 2674 3711 2730 castro

2057 2765 2719 2834 Lazari,monasterium
2747 2765 3075 2831 Alomonis,
3104 2780 3244 2821 cum
3268 2761 3539 2820 ecclesiis
3565 2760 3716 2818 intra

2057 2854 2347 2928 oppidum
2399 2857 2456 2910 et
2495 2854 2554 2911 in
2585 2855 2837 2911 circuitu
2881 2853 3233 2921 constitutis,
3288 2850 3616 2909 ecclesiam
3660 2850 3715 2908 S.

2058 2941 2392 3014 Clementis,
2421 2942 2713 3015 capellam
2734 2944 2790 3000 S.
2810 2943 3094 3008 Victoriae,
3115 2942 3177 2999 in
3215 2939 3512 2999 territorio
3535 2937 3717 2997 castri

2056 3032 2338 3099 Larderii,
2370 3031 2648 3089 ecclesias
2676 3032 2829 3090 duas
2864 3048 3018 3108 quas
3062 3031 3293 3090 habetis
3322 3035 3379 3087 et
3422 3027 3718 3103 capellam

2057 3122 2255 3193 castri,
2303 3120 2612 3179 ecclesiam
2653 3123 2723 3179 de
2773 3121 3169 3179 clemensana
3191 3124 3250 3177 et
3291 3117 3598 3193 capellam
3644 3117 3717 3174 de

2058 3211 2189 3286 ipso
2205 3215 2423 3267 castro.
2449 3214 2510 3267 ln
2526 3210 2876 3285 episcopatu
2894 3209 3302 3268 Ebredunensi
3317 3208 3643 3265 ecclesiam
3659 3207 3716 3264 S.

2058 3300 2343 3365 Mametis,
2382 3299 2662 3357 ecclesias
2692 3301 2767 3357 de
2812 3302 3109 3373 Bayonne,
3140 3297 3452 3355 ecclesiam
3485 3298 3567 3353 de
3608 3296 3720 3352 Au·

2058 3387 2423 3462 gustoduno,
2446 3389 2504 3446 S.
2536 3389 2781 3459 Martini,
2802 3390 2857 3446 S.
2890 3388 3081 3446 Mariae
3111 3391 3170 3445 et
3198 3387 3377 3444 aliam
3402 3383 3718 3443 ecclesiam

2060 3479 2117 3537 S.
2148 3476 2361 3542 Mariae,
2393 3477 2674 3534 ecclesias
2702 3478 2767 3536 S.
2825 3477 2977 3535 Petri
3009 3483 3067 3534 et
3109 3478 3165 3535 S.
3203 3474 3509 3533 Domitiani
3544 3477 3604 3532 et
3630 3488 3719 3531 ec-

2057 3567 2266 3625 clesias
2295 3566 2371 3622 de
2403 3566 2658 3624 sallone.
2686 3567 2772 3625 Ad
2794 3568 2928 3624 haec
2982 3565 3293 3624 castellum
3341 3565 3418 3621 de
3438 3564 3720 3637 Ligniaco

2058 3672 2198 3714 cum
2243 3654 2427 3724 terris,
2472 3656 2841 3723 nemoribus,
2894 3660 2954 3713 et
2996 3655 3126 3713 aliis
3157 3652 3531 3728 pertinentiis
3575 3651 3718 3719 suis,

2059 3746 2209 3802 sicut
2229 3743 2428 3814 ipsum
2457 3744 2534 3801 de
2553 3744 2718 3803 dono
2747 3744 3033 3819 Stephani
3058 3744 3132 3801 de
3162 3743 3425 3806 villario,
3457 3742 3720 3800 rationa-

2061 3834 2251 3893 biliter
2291 3835 2353 3889 et
2380 3833 2622 3905 pacifice
2669 3835 3006 3909 possidetis,
3048 3833 3218 3891 vobis
3267 3837 3324 3890 et
3356 3829 3719 3889 monasterio

2061 3931 2279 4001 vestro,
2328 3924 2678 3985 auctoritate
2699 3924 2982 3982 duximus
3002 3923 3335 3998 apostolica
3355 3920 3721 3979 conflrman-

2060 4016 2229 4075 dum.

2134 4109 2288 4166 Sane
2336 4106 2645 4165 novalium
2677 4109 3030 4171 vestrorum,
3059 4118 3193 4176 quaa
3224 4100 3482 4175 propriis
3538 4098 3724 4158 mani·

2064 4197 2177 4255 bus
2203 4197 2294 4255 vel
2322 4195 2659 4268 sumptibus
2690 4194 2902 4261 colitis,
2934 4193 3059 4251 sive
3081 4193 3157 4250 de
3186 4191 3578 4249 nutrimentis
3604 4189 3725 4248 ani·

2065 4286 2316 4345 malium
2353 4290 2713 4352 vestrorum,
2744 4282 2946 4341 nullus
2968 4299 3006 4341 a
3032 4283 3200 4341 vobis
3237 4280 3509 4339 decimas
3537 4285 3727 4338 extor-

2065 4392 2248 4450 quere
2276 4380 2622 4450 proesumat.
2653 4375 2849 4432 Liceat
2884 4389 3128 4447 quoque
3149 4371 3325 4429 vobis
3350 4370 3607 4428 clericos
3641 4367 3726 4426 vel

2066 4464 2250 4523 laicos
2280 4481 2318 4523 a
2361 4465 2583 4522 saeculo
2609 4463 2922 4535 fugientes,
2959 4462 3177 4520 liberos
3221 4465 3278 4518 et
3314 4459 3630 4518 absolutos
3656 4456 3724 4516 ad

2065 4554 2493 4629 professionem
2523 4556 2783 4609 vestram
2816 4552 3075 4626 recipere
3104 4555 3162 4608 et
3184 4566 3289 4607 eos
3320 4548 3560 4624 absque
3589 4562 3727 4606 con·

2065 4641 2417 4701 tradictione
2441 4640 2645 4715 aliqua
2671 4640 2942 4698 retinere.
2972 4637 3366 4697 prohibemus
3390 4637 3646 4710 insuper
3668 4638 3729 4691 ut

2065 4730 2214 4789 nulli
2240 4731 2489 4788 fratrum
2521 4733 2872 4795 vestrorum,
2923 4735 3058 4802 post
3088 4727 3308 4785 factam
3350 4727 3409 4783 in
3463 4741 3540 4783 eo
3593 4723 3726 4782 loco

2066 4820 2524 4896 prol'essionem,
2551 4818 2641 4877 fas
2662 4819 2737 4875 sit
2765 4818 2839 4875 de
2864 4818 3078 4875 eodem
3100 4817 3334 4889 absque
3363 4814 3610 4873 abbatis
3636 4815 3728 4872 sui

2063 4909 2322 4977 licentia,
2356 4909 2467 4966 nisi
2490 4906 2762 4966 arctioris
2782 4906 3086 4979 religionis
3113 4906 3364 4963 obtentu
3389 4904 3729 4974 discedere,

2063 4998 2438 5058 discedentes
2462 5014 2627 5066 vero,
2670 4998 2900 5071 absque
2929 4996 3238 5054 communi
3267 4994 3606 5053 litterarum
3637 5007 3729 5051 ve·

2066 5092 2325 5148 strarum
2376 5087 2676 5154 cautione,
2708 5086 2909 5144 nullus
2953 5085 3173 5143 audeat
3199 5084 3472 5142 retinere.
3504 5087 3574 5142 ln
3631 5099 3731 5159 pa·

2063 5177 2428 5236 rochialibus
2452 5182 2653 5233 autem
2683 5175 2955 5234 ecclesiis
2977 5190 3133 5248 quas
3164 5174 3380 5231 tenetis
3413 5172 3598 5232 liceat
3635 5188 3730 5231 vo·

2063 5265 2151 5323 bis
2170 5264 2552 5339 presbyteros
2568 5263 2783 5335 eligere
2807 5268 2864 5320 et
2882 5263 3239 5321 dioecesanis
3259 5262 3567 5337 episeopis
3587 5279 3731 5337 prm-

2062 5359 2299 5413 sentare
2324 5353 2567 5426 quibus,
2603 5353 2652 5409 si
2690 5352 2892 5409 idonei
2922 5351 3160 5421 tuerint,
3196 5350 3471 5424 episcopi
3520 5366 3730 5410 curam

2059 5445 2401 5503 animarum
2426 5441 2805 5500 committant
2829 5445 2892 5498 ut
2916 5440 3002 5498 eis
3030 5440 3106 5498 de
3131 5439 3605 5514 spirituralibus,
3631 5457 3734 5499 vo-

296 5527 605 5596 ranciaao,
625 5528 941 5587 ecelesiam
964 5527 1606 5598 8.ntariaed0A1buua,
1633 5530 1950 5591 meletiam
2057 5532 2152 5591 bis
2180 5548 2322 5591 vero
2344 5531 2422 5589 de
2442 5528 2876 5606 temporalibus
2905 5529 3168 5589 debeant
3198 5529 3600 5605 respendere.
3623 5533 3732 5591 Vo-
