3784 6000
293 227 412 288 527

1359 222 1790 285 GUILLELMI
1834 220 2220 284 TYRENSIS
2266 222 2634 284 ARCHIEP.

3584 225 3707 285 528

295 376 527 431 norum,
559 364 756 417 contra
798 358 1090 415 latronum
1149 362 1205 414 et
1243 357 1675 412 incursantium
1708 355 1933 411 insidas
1959 357 2015 423 Α
2047 354 2275 412 ltaliam
2305 371 2441 413 eum
2461 356 2857 414 cardinalibus
2886 359 2942 413 et
2974 356 3255 413 universa
3270 356 3434 414 curia
3460 358 3706 416 descen·

293 467 396 524 pro
425 450 645 507 viribus
676 454 1100 506 conservarent.
1133 447 1347 504 Novem
1369 450 1561 502 autem
1595 445 1766 501 annis
1799 449 1931 517 post

292 567 489 612 eorum
522 542 948 603 institutionem
1004 539 1063 593 in
1125 537 1322 593 babitu
1375 536 1614 592 luerunt
1642 534 1928 602 saeculari,

291 643 509 701 talibus
567 640 794 694 utentes
850 628 1233 694 vestimentis,
1265 626 1467 699 quales
1513 643 1615 698 pro
1656 626 1931 683 remediis

295 731 624 790 animarum
666 737 909 780 suarum
960 718 1211 791 populus
1262 716 1636 789 largiebatur.
1668 716 1932 772 Tandem

297 835 449 879 nono
481 830 655 880 anno,
679 810 925 870 concilio
949 809 1004 864 in
1031 806 1274 865 Francia
1303 806 1457 877 apud
1472 805 1683 863 Trecas
1707 804 1929 873 habito,

295 911 391 970 cui
420 907 810 967 interfuerunt
874 899 1148 956 dominus
1206 895 1533 964 Remensis,
1564 897 1623 950 et
1659 894 1933 950 dominus

297 996 651 1058 Senonensis
681 987 1128 1062 archiepiscopi,
1159 1002 1291 1044 cum
1346 983 1733 1057 suffraganeis
1763 984 1892 1039 suis
1918 998 1932 1050 ;

296 1086 647 1148 Albauensis
670 1096 903 1156 quoque
934 1079 1264 1152 episcopus,
1296 1074 1630 1147 apostolicas
1661 1072 1817 1129 sedis
1849 1071 1933 1128 le-

295 1184 468 1255 gatus
497 1192 512 1246 3
539 1173 780 1233 abbates
839 1183 1065 1242 quoque
1102 1163 1526 1231 cisterciensis,
1559 1166 1616 1218 et
1645 1160 1936 1218 Clareval-

296 1267 500 1335 lensia,
526 1269 583 1322 et
612 1257 1100 1326 pontiniacensis,
1127 1271 1261 1311 cum
1287 1253 1416 1310 aliis
1449 1250 1739 1323 pluribus,
1767 1249 1937 1307 insti-

293 1361 417 1416 tuta
448 1359 538 1414 est
566 1353 651 1410 eis
683 1350 898 1424 regula.
926 1354 984 1405 et
1011 1346 1248 1403 habitus
1276 1344 1631 1416 assignatus,
1653 1340 1823 1398 albus
1843 1339 1939 1395 vi-

293 1447 525 1515 delicet,
558 1445 628 1501 de
662 1439 937 1498 mandato
960 1434 1433 1494 dominiHonorii
1457 1449 1615 1505 papae
1644 1430 1937 1488 etdomini

293 1536 575 1612 Stephani
603 1526 1116 1603 Hierosolymitani
1150 1522 1510 1598 patriarchas.
1537 1521 1795 1592 Cumque
1811 1519 1935 1590 jam

292 1628 462 1687 annis
492 1640 699 1683 novem
723 1623 783 1678 in
813 1619 1015 1677 eodem
1049 1615 1295 1672 fuissent
1325 1611 1639 1684 proposito,
1672 1627 1787 1667 non
1820 1611 1936 1668 nisi

2035 444 2203 510 dens,
2245 447 2395 517 apud
2428 446 2710 517 Sutrium,
2740 445 2946 502 urbem
3002 445 3192 501 nomae
3246 447 3704 516 conterminam,

2048 535 2322 591 aemulum
2356 541 2414 592 et
2447 535 2888 592 heresiarcham
2929 533 3252 592 Burdinum
3295 535 3581 594 violenter
3608 553 3702 595 ce·

2039 625 2123 698 pit
2153 643 2168 682 t
2202 627 2444 698 insuper
2471 632 2529 683 et
2575 626 2797 684 camelo
2847 625 3210 699 impositum,
3241 631 3374 683 cute
3400 625 3705 697 indutum,

2054 717 2286 786 ursina,
2319 718 2389 773 ad
2443 720 2705 774 canense
2760 717 3104 781 coenobium,
3136 717 3291 787 quod
3321 717 3492 789 juxta
3521 717 3711 774 Saler-

2060 821 2203 861 num
2229 805 2406 862 situm
2441 822 2567 863 esse
2593 807 2978 879 dignoscitur,
3009 806 3342 863 cummulta
3361 807 3523 864 misit
3543 808 3708 880 igno-

2051 895 2255 964 minia,
2286 895 2387 952 ubi
2419 912 2605 968 usque
2635 896 2695 952 in
2713 911 3054 969 supremum
3080 895 3332 962 senium,
3347 896 3528 953 vitam
3550 913 3705 955 com-

2050 984 2258 1056 pulsus
2287 989 2398 1052 est,
2428 985 2554 1057 lege
2609 983 2743 1055 loci,
2776 987 2989 1042 ducere
3042 985 3471 1043 coenobiticam.
3504 985 3574 1044 Et
3619 987 3704 1044 ita

2067 1074 2317 1144 sopitum
2376 1080 2456 1129 est
2488 1073 2769 1142 schisma,
2794 1074 2944 1146 quod
2976 1091 3010 1130 a
3039 1077 3301 1147 tempore
3332 1074 3705 1133 dominiGre-

2054 1162 2193 1234 gorii
2228 1161 2484 1234 septimi,
2517 1180 2621 1236 per
2649 1168 2906 1235 tempora
2952 1162 3172 1220 domini
3206 1161 3445 1232 Urbani,
3478 1163 3700 1222 domini

2054 1250 2375 1321 Paschalis,
2403 1252 2624 1308 domini
2655 1269 2890 1324 quoque
2935 1252 3171 1323 Gelasii,
3205 1253 3699 1324 praedecessorum

2046 1343 2197 1413 ejus,
2231 1341 2411 1414 quasi
2446 1358 2549 1415 per
2584 1342 2820 1413 triginta
2849 1358 3029 1398 annos
3062 1340 3377 1399 Ecclesiam
3404 1342 3704 1401 incessan-

2045 1435 2133 1486 ter
2164 1431 2522 1503 fatigaverat.
2556 1431 2795 1488 domino
2827 1432 3170 1503 imperatore
3192 1430 3434 1489 Henrico
3453 1434 3525 1490 ad
3548 1434 3701 1491 ovile

2045 1519 2313 1576 Ecclesiae
2340 1524 2472 1593 post
2503 1521 2692 1578 multa
2749 1525 3037 1594 tempora,
3071 1520 3288 1593 quihus
3320 1537 3422 1594 per
3461 1537 3702 1581 excom·

2046 1612 2461 1668 manicationis
2500 1612 2846 1669 sententiam
2879 1629 2911 1668 a
2941 1614 3092 1668 coetu
3119 1610 3379 1668 fidelium
3411 1614 3699 1685 precisus

294 1735 500 1779 novom
532 1720 736 1783 erant;
767 1716 978 1769 extunc
1008 1707 1182 1779 coepit
1210 1721 1411 1762 eorum
1443 1719 1722 1760 numerus
1753 1720 1934 1777 auge·
1968 1730 2014 1796 B
2046 1701 2251 1768 suerat,
2283 1706 2564 1760 revocato.

295 1811 365 1880 ri,
397 1813 453 1866 et
502 1803 901 1880 possessiones
953 1796 1507 1867 multiplicabantur.
1553 1794 1931 1852 Postmodum

292 1916 448 1968 vero,
479 1904 742 1966 tempore
799 1888 1022 1946 domini
1075 1885 1316 1958 Eugenii
1379 1900 1560 1956 papoe,
1594 1888 1657 1938 ut
1697 1883 1931 1953 dicitur,

293 2004 494 2047 cruces
524 1986 593 2040 de
616 1999 809 2056 panno
841 1979 1043 2046 rubeo,
1074 1982 1141 2033 ut
1161 1977 1313 2031 inter
1333 1976 1571 2031 caeteros
1598 1979 1794 2029 essent
1825 1990 1931 2030 no-

292 2077 610 2144 tabiliores,
645 2069 938 2129 mantellis
996 2068 1121 2124 suis
1171 2069 1472 2137 coeperunt
1515 2079 1774 2131 assuere,
1808 2068 1931 2120 tam

290 2171 514 2239 equites
560 2179 728 2237 quam
777 2176 979 2219 eorum
1038 2157 1245 2213 fratres
1302 2154 1626 2219 inferiores,
1693 2153 1791 2224 qui
1850 2153 1934 2209 di-

287 2260 505 2315 cuntur
534 2253 868 2311 servientes.
892 2250 1146 2315 Quorum
1207 2261 1304 2300 rex
1353 2245 1491 2298 adeo
1523 2241 1699 2298 crevit
1729 2241 1787 2297 in
1815 2243 1930 2298 im-

288 2361 580 2412 mensum,
612 2345 678 2398 ut
707 2337 879 2394 hodie
910 2337 1198 2391 trecentos
1244 2331 1377 2403 plus
1410 2332 1674 2386 minusve
1700 2329 1758 2384 in
1791 2346 1931 2386 con-

283 2440 458 2492 ventu
479 2433 701 2488 habent
727 2426 975 2499 equites,
1009 2422 1156 2478 albis
1196 2419 1593 2477 chlamidibus
1639 2418 1877 2476 indutos
1912 2436 1927 2475 τ

282 2522 535 2596 exceptis
589 2517 888 2582 fratribus,
923 2528 1170 2586 quorum
1230 2525 1374 2581 pene
1405 2509 1675 2564 infinitus
1715 2515 1797 2564 est
1829 2525 1929 2565 nu-

281 2628 500 2670 merus.
535 2604 941 2664 Possessiones
963 2605 1160 2660 autem
1205 2603 1323 2655 tam
1372 2597 1519 2654 ultra
1566 2613 1736 2668 quam
1786 2597 1931 2653 citra

280 2718 443 2760 mare
471 2701 615 2757 adeo
646 2697 924 2752 dicuntur
953 2693 1274 2749 immensas
1296 2687 1528 2753 habere,
1562 2692 1627 2743 ut
1651 2688 1773 2757 jam
1810 2703 1926 2742 non

282 2792 360 2849 sit
390 2793 448 2847 in
481 2789 620 2846 orbe
649 2783 977 2842 Christiano
1002 2779 1321 2853 provincia,
1345 2795 1476 2851 quae
1499 2778 1787 2850 proedictis
1810 2777 1927 2833 fra-

279 2881 470 2938 tribus
502 2880 786 2935 bonorum
818 2889 1061 2930 suorum
1095 2869 1416 2944 portionem
1451 2884 1565 2924 non
1593 2866 1924 2936 contulerit;

283 2973 342 3029 et
372 2968 547 3044 regiis
579 2962 894 3041 opulentiis
926 2977 1092 3035 pares
1124 2959 1293 3016 hodie
1325 2957 1589 3015 dicantur
1611 2957 1821 3014 habere
1843 2972 1929 3014 co·

285 3062 433 3136 pias.
467 3058 599 3127 Qui,
631 3054 1089 3131 quoniamjuxta
1116 3052 1401 3122 templum
1423 3047 1671 3115 Domini,
1705 3052 1927 3120 utproe-

2681 1805 2916 1864 CAPUT
2944 1807 3042 1865 lx.

2041 1897 2211 1955 Gazzi
2238 1899 2470 1970 quidam
2502 1901 2801 1954 Tura-orum
2829 1904 3054 1967 satrapa
3086 1899 3526 1970 potentissimus,
3557 1916 3699 1970 par-

2111 1971 2256 2025 tibus
2280 1971 2641 2033 antiochenis,
2660 1987 2785 2026 cum
2812 1969 3123 2040 inuentibus
3142 1987 3198 2027 se
3215 1971 3468 2041 infundit
3492 1973 3695 2040 copiis,

2110 2042 2367 2098 universa
2397 2042 2749 2114 depopulans.

2111 2148 2324 2205 Eodem
2383 2165 2556 2219 anno,
2592 2150 2828 2221 quidam
2872 2148 3195 2206 infidelium
3238 2149 3688 2223 potentissimus

2041 2239 2307 2310 princeps
2338 2243 2394 2295 et
2415 2239 2569 2310 apud
2602 2255 2736 2296 suos
2793 2238 2960 2296 valde
2993 2239 3401 2309 formidabitis,
3435 2240 3690 2297 infelicis

2040 2327 2235 2398 populi
2292 2332 2351 2384 et
2397 2329 2632 2400 perfidie
2687 2329 2892 2402 plebis,
2924 2328 3191 2385 videlicet
3246 2330 3687 2388 Turcomanno-

2042 2434 2175 2472 rum
2210 2418 2508 2485 dominus,
2541 2418 2709 2474 Gazzi
2770 2418 3027 2487 nomine,
3059 2418 3153 2476 cui
3209 2437 3269 2477 se
3300 2421 3690 2492 adjunxerant

2039 2507 2445 2580 Doldequinus
2498 2510 2985 2566 Damascenorum
3049 2526 3143 2567 rex
3202 2515 3258 2567 et
3318 2511 3520 2567 Debeis
3548 2513 3689 2568 Ara-

2037 2597 2174 2652 bum
2210 2608 2438 2669 satrapa
2463 2599 2920 2669 potentissimus,
2953 2614 3085 2655 cum
3132 2598 3468 2672 ingentibus
3495 2600 3684 2673 copiis

2040 2693 2229 2758 partes
2258 2686 2671 2757 Antiochenas,
2705 2689 2763 2743 in
2804 2688 2964 2759 gravi
3022 2703 3261 2744 suorum
3310 2688 3690 2745 multitudine

2044 2777 2344 2847 ingressus
2373 2781 2515 2846 erat,
2555 2777 2702 2832 citra
2733 2777 3029 2848 Halapiam
3063 2783 3533 2835 castrametatus.
3567 2778 3687 2835 Cu·-

2030 2866 2130 2937 J'us
2161 2865 2410 2922 adventu
2468 2866 2821 2938 praecognito
2870 2868 3143 2924 dominus
3195 2867 3456 2940 Roget-us
3484 2869 3686 2925 Antio-

2037 2958 2261 3013 chcnus
2293 2954 2584 3029 princeps.
2645 2956 2864 3014 domini
2912 2957 3066 3031 regis
3111 2958 3387 3026 sororius,
3433 2957 3688 3016 circum·-

2038 3044 2242 3118 positis
2298 3047 2535 3102 mandat
2591 3046 2969 3119 principibus,
2998 3048 3236 3104 domino
3280 3047 3544 3106 videlicet
3591 3048 3688 3106 Jo-

276 3150 553 3217 diximus,
585 3149 645 3203 in
677 3145 893 3219 palatio
935 3145 1092 3217 regio
1134 3143 1494 3198 mansionem
1543 3140 1782 3208 habent,
1817 3139 1930 3195 fra·
1957 3111 1999 3179 G
2038 3134 2255 3191 acelino
2289 3135 2715 3192 Edessanorum
2748 3136 2968 3203 comiti,
2993 3136 3231 3192 domino
3252 3152 3485 3209 quoque
3533 3138 3688 3196 Pon·

277 3244 397 3297 tres
430 3236 651 3294 militias
679 3233 909 3307 Templi
947 3233 1242 3288 dicuntur.
1275 3229 1382 3296 Qui
1431 3244 1564 3285 cum
1598 3228 1696 3284 diu
1729 3228 1787 3284 in
1818 3226 1923 3285 ho·

275 3332 442 3386 nesto
473 3343 535 3383 se
565 3326 1010 3383 conservassent
1063 3320 1382 3393 proposito,
1413 3318 1754 3391 professioni
1805 3332 1925 3374 suoe

269 3417 410 3476 satis
440 3416 759 3490 prudenter
805 3410 1253 3477 satisfacientes,
1286 3408 1548 3481 neglecta
1592 3406 1922 3463 bumilitate

266 3507 420 3581 (quoe
442 3505 709 3563 omnium
742 3503 1022 3559 virtutum
1053 3502 1252 3557 custos
1294 3513 1424 3555 esse
1445 3497 1806 3566 dignoscitur
1828 3516 1842 3566 3
1865 3511 1924 3566 et

262 3596 323 3653 in
351 3596 470 3653 imo
500 3597 709 3667 sponte
757 3592 988 3660 sedens,
1026 3606 1143 3646 non
1174 3588 1352 3644 habet
1394 3585 1548 3643 unde
1578 3602 1782 3642 casum
1822 3602 1923 3657 pa-

263 3683 461 3756 tiatur)
482 3683 720 3741 domino
753 3679 1100 3754 patriarchas
1150 3676 1703 3750 HierosolymitanO,
1739 3692 1772 3730 a
1802 3690 1920 3747 quo

266 3778 325 3832 et
353 3772 575 3832 ordinis
618 3772 1077 3836 institutionem,
1101 3772 1158 3824 et
1205 3767 1389 3838 prima
1440 3765 1705 3822 benificia
1727 3780 1922 3821 susce-

271 3869 494 3939 perant,
527 3881 590 3921 se
621 3863 1055 3929 subtraxerunt,
1097 3857 1483 3914 obedientiam
1518 3857 1589 3923 ei,
1624 3872 1801 3927 quam
1833 3871 1921 3913 eo-

274 3971 401 4011 rum
422 3954 876 4025 praedecessores
891 3951 1079 4005 eidem
1103 3947 1510 4013 exhibuerant,
1526 3946 1913 4018 denegantes;

270 4043 372 4100 sed
403 4051 458 4100 et
485 4040 758 4099 Ecclesiis
790 4039 915 4107 Dei,
946 4039 1031 4093 eis
1078 4038 1331 4092 decimas
1377 4039 1436 4091 et
1459 4034 1744 4106 primitias
1776 4035 1917 4091 sub·

273 4130 592 4196 trahentes,
624 4132 680 4186 et
728 4143 929 4184 eorum
969 4125 1225 4181 indebite
1280 4124 1565 4179 turbando
1596 4123 1915 4195 possessio-

273 4235 398 4289 nes,
431 4218 567 4276 l'acti
597 4221 737 4273 sunt
757 4215 922 4270 valde
955 4213 1202 4270 molesti.

883 4301 1117 4358 CAPUT
1147 4301 1293 4357 v111.

323 4397 478 4466 Papa
515 4391 761 4450 Gelasius
801 4392 1167 4464 desunqitur:
1197 4394 1286 4448 cui
1319 4391 1567 4449 Calixtus
1594 4391 1848 4449 succedit.

2040 3223 2120 3280 tio
2158 3223 2352 3279 comiti
2389 3223 2765 3296 Tripolitano,
2807 3225 3044 3282 domino
3086 3225 3472 3283 nihilominus
3503 3227 3684 3283 etiam

2034 3313 2173 3382 regi,
2196 3317 2255 3369 et
2286 3312 2581 3386 significat
2610 3314 2921 3371 instantem
2952 3315 3399 3384 necessitatem3
3433 3332 3682 3375 monens

2033 3407 2090 3458 et
2118 3402 2385 3459 obnixius
2415 3403 2736 3476 postulanS,
2781 3408 2841 3460 ut
2873 3421 3006 3461 cum
3030 3406 3191 3462 omni
3212 3406 3528 3476 celeritate,
3551 3421 3682 3463 con·

2033 3496 2126 3547 tra
2156 3492 2434 3548 instantia
2465 3493 2742 3565 pericula,
2776 3510 2943 3566 opem
2974 3494 3145 3550 laturi
3178 3494 3371 3552 venire
3404 3512 3519 3553 non
3555 3512 3680 3553 mo·

2033 3585 2253 3636 rentur.
2288 3580 2404 3636 ltex
2437 3597 2593 3653 ergo,
2628 3582 2953 3654 assumptis
2979 3583 3108 3652 sibi,
3134 3600 3281 3655 quas
3334 3592 3449 3641 tam
3484 3585 3683 3642 subito

2031 3671 2101 3725 de
2129 3686 2305 3742 regno
2336 3668 2605 3743 colligere
2638 3673 2844 3744 potuit,
2880 3671 3234 3748 militaribus
3252 3674 3457 3746 copiis,
3479 3674 3678 3747 Tripo-

2028 3757 2131 3813 lim
2165 3772 2347 3829 usque
2373 3760 2677 3815 maturatis
2711 3761 3021 3817 itineribus
3042 3763 3321 3833 pervenit,
3365 3762 3462 3818 ubi
3495 3762 3683 3819 domi·

2029 3865 2168 3903 nam
2204 3848 2485 3909 comitem.
2518 3850 2585 3904 ad
2619 3848 2730 3905 iter
2759 3866 3026 3922 peraeque
3072 3851 3452 3921 succinctum,
3478 3868 3679 3909 secum

2028 3937 2356 4001 associans.
2391 3943 2575 4011 coepto
2636 3939 2816 3995 instat
2884 3941 3090 3996 itineri.
3124 3943 3199 3997 At
3238 3957 3372 3998 vero
3401 3940 3678 3998 dominus

2029 4028 2318 4100 princeps,
2353 4030 2584 4084 interim
2611 4046 2786 4086 morae
2809 4030 3122 4102 impatiens
3144 4032 3523 4088 decommuui
3546 4030 3678 4106 lege

2030 4118 2385 4189 mortalium,
2420 4120 2745 4177 futurorum
2778 4122 3030 4191 nescius,
3062 4138 3333 4194 egressus
3376 4121 3448 4178 ab
3468 4123 3677 4179 Antio·

2026 4209 2177 4277 chia,
2206 4208 2355 4266 circa
2409 4208 2704 4266 Artasium
2758 4210 3039 4283 oppidum
3066 4215 3514 4269 castrametatus
3545 4212 3681 4270 fue-

2027 4305 2138 4355 rat.
2173 4302 2311 4355 Erat
2338 4304 2534 4356 autem
2567 4301 2617 4357 is
2659 4299 2822 4358 locus
2881 4302 3105 4358 alendis
3143 4302 3498 4360 exercitibus
3530 4303 3680 4360 satis

2023 4387 2401 4458 commodus;
2436 4406 2568 4446 nam
2602 4407 2669 4446 ex
2701 4392 2912 4447 nostris
2933 4390 3151 4448 finibus
3172 4395 3317 4459 erat,
3340 4392 3678 4450 volentibus

341 4488 510 4540 Anno
553 4481 820 4557 sequenti
879 4487 1142 4538 mortuus
1189 4486 1274 4538 est
1332 4481 1605 4538 dominus
1652 4480 1922 4538 Gelasius
1953 4483 1999 4550 D
2031 4478 2100 4533 ad
2135 4479 2452 4535 exercitum
2507 4480 2799 4547 accedere,
2831 4480 2981 4537 liber
3019 4485 3076 4537 et
3126 4481 3310 4538 lacilis
3357 4497 3674 4551 accessus;

267 4589 418 4646 papa
447 4572 764 4642 secundus,
797 4571 1020 4628 domini
1043 4570 1340 4627 Paschalis
1373 4586 1694 4638 successor,
1729 4570 1831 4642 qui
1860 4577 1913 4626 et

267 4661 523 4719 loannes
571 4661 862 4719 Gaetanus
915 4660 1132 4730 dictus,
1163 4661 1250 4715 vir
1307 4659 1634 4726 litteratus3
1685 4659 1781 4730 qui
1832 4659 1919 4713 fu·

269 4752 437 4824 giens
468 4751 688 4808 domini
723 4750 954 4808 Henrici
1010 4749 1382 4821 imperatoris
1435 4749 1916 4820 persecutionem,

269 4844 328 4896 et
356 4839 547 4895 aemuli
570 4839 663 4895 sui
695 4839 1004 4911 antipapae,
1038 4837 1138 4910 qui
1171 4836 1621 4908 cognominatus
1650 4841 1740 4892 est
1771 4835 1915 4893 Bur-

271 4927 468 4989 dinus‚
501 4928 799 4985 declinans
840 4926 1194 4992 violentiam,
1244 4926 1302 4982 in
1362 4943 1603 4998 regnum
1661 4926 1919 4984 Franco-

269 5033 399 5073 rum
431 5033 493 5073 se
523 5020 849 5085 conserens,
886 5019 1037 5090 apud
1098 5017 1439 5074 Cluniacum
1499 5019 1653 5075 diem
1707 5018 1916 5075 clausit

264 5111 615 5173 extremum,
664 5108 875 5163 ibidem
930 5107 1106 5163 etiam
1173 5108 1451 5178 sepultus.
1489 5108 1593 5163 Cui
1634 5106 1918 5163 successit

266 5196 542 5253 dominus
571 5196 779 5263 fluido,
822 5197 1147 5252 secundum
1192 5213 1427 5253 carnem
1488 5195 1918 5263 nobilis,Vien·

264 5287 464 5342 nensis
487 5287 983 5359 archiepiscopus,
1007 5287 1103 5358 qui
1162 5294 1361 5359 postea
1419 5287 1476 5341 in
1504 5291 1780 5358 papatum
1822 5304 1914 5344 as·

261 5381 559 5447 sumptus,
600 5376 851 5432 Calixtus
895 5376 1219 5448 appellatus
1270 5382 1379 5433 est.
1414 5376 1516 5433 Hic
1543 5378 1912 5448 postmodum

265 5462 486 5520 domini
518 5466 886 5537 imperatoris
941 5465 1195 5535 Henrici,
1226 5468 1397 5537 cujus
1445 5468 1915 5541 consanguineus

269 5553 415 5618 erat,
446 5558 794 5611 consecutus
847 5555 1097 5627 gratiam
1130 5558 1187 5610 et
1204 5556 1334 5627 ejus
1368 5556 1548 5612 fretus
1583 5556 1820 5628 auxilio,
1850 5556 1913 5611 in

2028 4570 2180 4625 unde
2244 4568 2302 4625 in
2347 4569 2708 4640 expeditione
2758 4570 3217 4628 necessariorum
3255 4575 3380 4627 erat
3435 4572 3678 4629 ubertas

2030 4657 2304 4725 maxima,
2324 4664 2380 4714 et
2409 4663 2632 4731 quanta
2662 4658 2719 4714 in
2748 4659 2990 4715 urbibus
3014 4659 3182 4729 solet,
3203 4665 3403 4731 optata
3424 4676 3675 4718 commo·

2027 4747 2197 4802 ditas.
2234 4746 2339 4803 Ubi
2392 4764 2522 4804 cum
2584 4765 2683 4819 per
2735 4748 2878 4817 dies,
2914 4749 3136 4821 aliquot
3174 4748 3395 4806 domini
3438 4750 3590 4822 regis
3619 4754 3680 4807 et

2026 4837 2259 4892 comitis
2290 4842 2684 4908 exspectasset
2703 4840 3041 4906 adventum,
3065 4839 3407 4910 prohibente
3438 4840 3679 4898 domino

2028 4925 2372 4994 patriarcha,
2405 4925 2505 4997 qui
2539 4925 2677 4982 illuc
2708 4944 2893 4999 usque
2916 4943 3052 4983 eum
3087 4928 3272 4983 fuerat
3304 4934 3672 4999 prosecutus,

2030 5014 2416 5071 retinentibus
2444 5017 2620 5071 etiam
2645 5016 2716 5072 de
2766 5016 3097 5088 proceribus
3117 5016 3439 5089 nonnullis,
3459 5017 3678 5076 exerci-

2026 5111 2147 5159 tum
2173 5104 2345 5173 jubet
2374 5104 2481 5161 iter
2509 5105 2780 5176 arripere,
2816 5104 3039 5161 sortiter
3066 5110 3419 5173 contestans,
3446 5122 3511 5164 se
3541 5105 3676 5164 nul-

2025 5192 2138 5248 lius
2189 5194 2461 5265 deinceps
2503 5196 2939 5267 praetolaturum
2998 5196 3332 5252 adventum.
3365 5194 3507 5252 Erat
3565 5213 3674 5253 au·

2026 5285 2139 5337 tem
2166 5283 2398 5354 quidam
2434 5284 2505 5339 dc
2536 5284 2827 5341 nobilibus
2860 5284 3130 5354 regionis,
3164 5285 3263 5358 qui
3295 5284 3369 5340 ad
3396 5283 3511 5342 hoc
3537 5301 3671 5342 eum

2023 5371 2436 5444 impellebant;
2473 5391 2587 5430 non
2620 5378 2683 5429 ut
2705 5375 3072 5431 conditiones
3101 5375 3391 5431 exercitus
3417 5375 3672 5432 facerent

2025 5461 2315 5533 meliores,
2348 5464 2448 5520 sed
2483 5468 2544 5521 ut
2573 5468 2757 5521 terras
2789 5481 2947 5526 suas.
2982 5481 3127 5536 quas
3167 5465 3424 5522 hostium
3457 5466 3671 5523 caetris

2025 5550 2243 5609 vicinas
2273 5553 2588 5625 habebant,
2622 5558 2906 5627 praesente
2933 5555 3210 5626 exercitu,
3243 5553 3303 5611 in
3333 5558 3459 5611 tato
3487 5553 3670 5612 collo·
