3784 6000
91 237 222 300 '105

538 229 740 294 ffls'r.
789 227 1066 294 asson
1111 224 1663 292 TRANSMARIN.
1709 257 1789 269 -
1829 222 1983 288 Lis.
2031 223 2217 293 xvn.
2261 225 2712 298 susumus
2757 234 2844 299 111
2887 191 3060 301 anx.

3401 245 3520 310 706

91 372 310 444 guerat
338 372 394 426 et
422 368 617 426 omnis
648 383 780 439 spes
811 371 1114 422 evanuerat
1149 361 1479 418 resistendi.
1519 361 1755 418 Factum
1786 365 1839 433 A
1868 377 2020 419 verso
2040 366 2240 436 populo
2270 368 2343 424 ad
2372 375 2646 440 potentem
2681 373 2850 428 istum
2878 389 3078 447 reyem‚
3110 380 3209 449 qui
3246 395 3342 436 nos
3371 380 3511 437 obsi·

93 476 217 533 que
246 463 338 517 est
366 460 517 530 quod
551 457 622 513 de
643 455 876 528 publico
908 453 1149 511 consilio
1202 451 1372 510 missi
1426 455 1569 508 sunt
1623 450 1754 522 qui-

93 548 242 606 dam
274 549 347 605 de
374 547 733 622 primoribus
763 542 985 617 populi,
1020 542 1180 617 pacis
1202 541 1567 614 interpretes,
1592 544 1651 596 et
1670 540 1754 596 in·

93 637 308 695 ducias
338 655 373 694 a
397 635 636 694 domino
667 651 802 706 rege
830 631 1193 706 postulantes
1248 631 1320 688 ad
1377 634 1611 702 tempus
1665 634 1750 696 ut,

93 726 256 783 datis
287 731 621 784 nostrorum
654 722 1020 796 receptisque
1057 737 1298 778 suorum
1346 719 1753 776 defunctorum

96 816 464 889 corporibus,
499 813 668 871 liceat
699 812 986 883 utrisque,
1020 827 1123 883 pro
1155 825 1316 866 more
1350 825 1479 877 suo,
1528 808 1753 864 debitas

98 906 409 964 funeribus
438 905 709 963 exhibere
738 902 1046 975 exsequias
1090 905 1148 959 et
1204 916 1542 973 supremum
1567 898 1753 955 hono-

98 1009 221 1051 rem
253 996 614 1068 impendere.
666 993 895 1049 Placuit
951 992 1147 1062 itaque
1199 990 1415 1046 nostris
1464 987 1756 1061 postulata

95 1084 397 1153 conditi03
455 1087 803 1155 receptaque
861 1096 1102 1137 suorum
1164 1096 1427 1151 corpora,
1492 1094 1628 1137 cum
1660 1095 1756 1136 ex·

97 1173 436 1246 sequiarum
492 1170 877 1242 solemnibus,
938 1171 1355 1226 commendant
1410 1169 1749 1240 sepulturae.

701 1277 931 1335 CAPUT
961 1277 1156 1334 XXIX.

101 1368 432 1428 Ascalonilae
471 1370 783 1440 desperant,
816 1376 870 1423 et
898 1368 965 1424 de
989 1368 1268 1424 communi
1297 1365 1531 1424 consilio
1557 1367 1628 1423 ad
1658 1367 1755 1424 de-

611 1440 876 1497 ditionem
929 1439 1297 1497 inclinantur.

169 1528 528 1589 Ascalonitis
556 1544 713 1598 vere,
762 1533 1073 1602 postquam
1134 1532 1475 1600 praesentem
1508 1543 1747 1585 suorum

102 1625 355 1692 stragem
377 1623 826 1690 conspexerunt,
858 1622 916 1673 et
965 1634 1202 1673 manum
1257 1632 1551 1689 magnam,
1583 1634 1750 1689 quam

102 1712 444 1768 exercuerat
472 1708 532 1763 in
564 1722 661 1763 eos
691 1706 1001 1775 Dominus,
1049 1710 1360 1762 renovatus
1417 1711 1505 1763 est
1560 1707 1746 1775 dolor,

100 1799 378 1857 anxiatus
406 1798 672 1869 spiritus,
705 1803 759 1852 et
793 1813 907 1868 prae
959 1795 1173 1853 doloris
1230 1795 1613 1866 immanitate,
1647 1814 1748 1854 eo-

99 1903 230 1945 rum
260 1887 508 1943 interius
571 1886 896 1958 liquefactas
948 1890 1088 1941 sunt
1132 1886 1361 1942 animae.
1414 1886 1479 1941 Et
1511 1891 1573 1942 ut
1612 1887 1755 1942 nibil

98 1977 183 2033 eis
213 1977 289 2032 ad
316 1973 627 2032 cumulum
658 1976 891 2031 deesset
945 1973 1254 2043 malorum,
1312 1974 1524 2031 accidit
1551 1976 1755 2032 eadem

97 2066 190 2122 die
223 2071 290 2122 nt
319 2064 696 2137 quadraginta
729 2064 973 2121 fortibus
1005 2081 1074 2120 ex
1104 2064 1214 2132 eis,
1242 2066 1464 2120 trabem
1497 2064 1758 2136 ingentis

98 2153 554 2226 magnitudinis,
588 2154 659 2209 ad
690 2152 883 2211 locum
929 2153 1026 2209 ubi
1061 2154 1389 2209 necessaria
1429 2153 1755 2221 videbatur,

100 2244 518 2304 deferentibus,
548 2243 697 2315 lapis
727 2244 934 2315 ingens
964 2244 1036 2298 de
1065 2246 1260 2298 nostra
1315 2243 1569 2298 emissus
1596 2244 1757 2314 jacu-

98 2331 309 2389 latoria
341 2332 632 2400 machina,
664 2347 801 2388 casu
847 2346 1018 2401 super
1074 2331 1294 2387 trabem
1356 2330 1668 2402 decideret,
1698 2335 1757 2389 et

100 2428 388 2495 quotquot
420 2422 581 2477 oneri
612 2421 893 2476 suberant
921 2419 1302 2491 deportando,
1334 2435 1543 2476 omnes
1576 2419 1756 2476 simul

103 2527 241 2567 cum
273 2527 340 2567 ea
359 2510 522 2566 trabe
543 2513 888 2565 contereret.
921 2509 1026 2565 His
1054 2524 1192 2580 ergo
1220 2509 1404 2579 pressi
1455 2507 1754 2566 molestia-

102 2616 240 2656 rum
274 2597 651 2672 ponderibus,
684 2603 742 2653 et
771 2598 830 2653 in
863 2598 1254 2654 amaritudine
1286 2597 1479 2669 positi,
1523 2613 1623 2655 eos
1652 2600 1754 2672 qui

102 2688 334 2745 residui
362 2693 530 2744 erant
558 2703 627 2744 ex
658 2687 955 2754 Patribus,
983 2686 1147 2759 plebs
1179 2691 1456 2744 convocat
1502 2702 1631 2743 cum
1661 2688 1754 2745 la-

97 2777 328 2850 crymis
356 2782 413 2833 et
438 2779 652 2848 gemitu
687 2777 746 2831 in
779 2793 962 2832 unum
996 2775 1260 2844 collecta,
1293 2778 1374 2833 ita
1419 2781 1482 2833 ut
1505 2792 1606 2833 nec
1629 2792 1756 2835 ma·

100 2871 228 2922 tres
259 2869 542 2935 deessent,
571 2867 843 2938 parvulos
872 2870 1139 2923 tenentes
1170 2867 1243 2922 ad
1303 2866 1501 2932 ubera,
1540 2883 1645 2924 nec
1666 2884 1753 2925 se-

1861 449 1951 509 det
1976 457 2245 512 tentemus
2281 460 2496 515 exitum
2527 460 2764 517 liberum
2788 477 2915 519 cum
2944 467 3209 524 uxoribus
3230 472 3281 525 et
3302 469 3506 536 liberis,

1858 546 2033 599 servis
2054 551 2109 600 et
2128 547 2366 611 ancillis,
2394 554 2442 604 et
2473 551 2785 608 omnimoda
2832 554 3194 627 supellectile,
3245 559 3513 615 conditio-

1859 631 2022 688 nibus
2051 635 2387 707 interpositis
2440 642 2734 711 impetrare
2753 658 2778 706 ,⁰
2832 649 2886 697 et
2914 641 2987 710 ei,
3047 647 3199 716 quod
3241 651 3518 716 cernentes

1858 719 2117 791 dicimus,
2140 726 2329 782 urbem
2357 729 2658 800 resiynare,
2690 738 2750 786 ut
2778 733 2953 787 tantis
2973 732 3141 789 malis
3194 734 3362 805 finem
3403 736 3515 792 im-

1861 826 2160 882 ponamus.

2468 924 2703 981 CAPUT
2732 926 2915 983 XXX.

1861 1006 2110 1063 Missisde
2138 1010 2721 1082 majoribuscivitatis,
2754 1018 2905 1085 apud
2931 1033 3137 1088 reyem,
3172 1020 3419 1079 obtinent
3444 1020 3517 1078 li·

1937 1079 2126 1160 berum
2153 1096 2277 1137 cum
2307 1086 2575 1140 uxoribus
2607 1095 2656 1141 et
2707 1086 2898 1144 liberis
2928 1095 2981 1144 et
3019 1090 3173 1146 omni
3201 1094 3515 1150 substantia

1934 1160 2169 1220 exitum,
2196 1158 2243 1208 et
2277 1156 2471 1211 urbem
2488 1160 2798 1229 resiynant.

1932 1255 2113 1314 Visus
2143 1263 2338 1318 autem
2371 1279 2561 1320 serino
2590 1264 2681 1320 hic
2713 1264 2771 1321 in
2804 1264 3265 1324 oculisomnium
3296 1267 3513 1339 bonus,

1861 1351 1921 1404 et
1952 1365 2082 1406 cum
2117 1350 2345 1422 magnis
2376 1356 2432 1408 et
2453 1353 2726 1409 consonis
2749 1353 3126 1423 clamoribus,
3150 1356 3378 1413 sicutin
3405 1358 3510 1413 hu-

1852 1438 2120 1508 jusmodi
2151 1440 2275 1498 fieri
2310 1441 2475 1510 solet,
2505 1456 2635 1498 esse
2651 1442 3032 1514 approbatus,
3060 1444 3229 1501 electi
3260 1451 3401 1501 sunt
3429 1447 3503 1502 de

1859 1532 2021 1586 omni
2053 1532 2260 1603 populo
2291 1529 2400 1586 viri
2431 1532 2747 1603 prudentes
2777 1536 2835 1588 et
2864 1531 3120 1600 discreti,
3183 1535 3508 1592 reverenda

1860 1620 2174 1675 senectutis
2198 1624 2539 1690 argumenta
2572 1626 2890 1691 portantes,
2942 1621 3045 1694 qui
3093 1625 3511 1695 proeordinatas

1858 1707 1932 1762 ad
1955 1708 2261 1764 dominum
2286 1724 2480 1780 regem
2511 1713 2569 1764 et
2597 1707 2883 1781 principes
2913 1710 3043 1782 ejus
3085 1711 3349 1768 deferant
3378 1729 3515 1770 con-

1867 1795 2120 1853 ditiones
2146 1814 2161 1865 ;
2194 1798 2409 1870 quibus
2439 1801 2599 1853 extra
2647 1803 2873 1868 portam
2928 1800 3201 1871 egressis,
3259 1803 3514 1874 sumptis

1866 1885 2028 1956 prius
2059 1885 2314 1942 induciis
2345 1890 2402 1941 et
2429 1886 2722 1941 accedenti
2771 1886 3027 1954 licentia,
3077 1888 3382 1944 dominum
3419 1905 3512 1946 re-

1866 1988 1997 2045 gem
2028 1974 2266 2041 adeunt,
2301 1974 2589 2047 Factaque
2619 1974 2706 2031 eis
2736 1977 3144 2032 universorum
3179 1978 3509 2050 principum

1863 2063 2045 2134 (sicut
2074 2064 2449 2136 expetierant)
2482 2064 2667 2136 copia,
2691 2065 2932 2120 verbum
2956 2071 3310 2138 proponunt,
3337 2067 3515 2139 placi-

1864 2157 1954 2210 tas
1983 2159 2339 2226 exponentes
2368 2171 2437 2212 ex
2468 2156 2668 2210 ordine
2696 2156 3048 2213 conditione.
3091 2158 3516 2227 Quibusjussis

1866 2244 1939 2299 ad
1974 2247 2205 2316 tempus
2235 2244 2430 2317 egredi
2463 2260 2580 2312 rex,
2614 2260 2745 2300 cum
2782 2244 3142 2317 principibus
3165 2245 3360 2303 habito
3383 2265 3516 2306 con-

1864 2332 2019 2401 silio,
2053 2335 2194 2405 quid
2227 2331 2480 2405 singulis
2513 2333 2776 2389 videatur
2805 2335 3116 2406 diligenter
3174 2336 3391 2408 exlgit;
3426 2338 3513 2395 illi

1863 2429 2062 2478 autem
2094 2439 2206 2493 prae
2238 2423 2451 2494 gaudio
2481 2427 2857 2493 erumpentes
2877 2422 2937 2477 in
2981 2423 3285 2496 lacrymas,
3313 2425 3515 2484 oculos

1865 2525 1990 2566 cum
2026 2509 2298 2565 manibus
2326 2509 2595 2566 tollentes
2643 2514 2711 2566 aul
2745 2509 2955 2578 sidera,
3021 2512 3226 2568 uberes
3256 2512 3511 2570 Creatori

1864 2599 2129 2654 referunt
2157 2597 2402 2670 gratias,
2434 2598 2591 2669 quod
2616 2597 2872 2669 indignis
2889 2602 3111 2654 tantam
3128 2599 3404 2671 dignatus
3426 2605 3516 2658 est

1864 2688 2127 2745 conferre
2157 2687 2250 2743 sui
2283 2688 2544 2744 muneris
2572 2686 2922 2759 largitatem.
2984 2687 3284 2746 Revocatis
3342 2690 3518 2760 igitur

1864 2776 2116 2847 nuntiis,
2147 2777 2353 2833 datum
2383 2781 2473 2833 est
2506 2775 2625 2833 illis
2657 2776 2728 2834 de
2781 2777 3075 2834 communi
3121 2793 3460 2850 responsum
3495 2796 3510 2838 ε

1861 2866 2087 2921 Placere
2114 2866 2450 2921 conditiones
2486 2867 2860 2937 interpositas,
2907 2868 2956 2921 si
2976 2871 3159 2921 tamen
3221 2868 3376 2939 intra
3403 2869 3513 2923 tri-

99 2970 212 3013 nes
235 2955 665 3024 valetudinarii,
688 2955 902 3028 quibus
913 2956 1005 3012 vix
1017 2970 1328 3028 supremus
1348 2956 1404 3013 in
1420 2958 1753 3028 precordiis
1861 2952 2035 3011 duum
2057 2953 2405 3026 subsequens,
2467 2957 2791 3011 universam
2846 2954 3168 3027 expedirent
3214 2958 3509 3017 civitatem.

101 3046 358 3102 haerebat
385 3046 650 3117 spiritus.
675 3046 778 3102 Ubi
801 3061 903 3117 per
922 3045 1167 3102 disertos
1188 3052 1246 3101 et
1264 3047 1580 3117 prudentes
1599 3047 1753 3103 viros
1864 3045 2024 3111 Quod
2059 3044 2144 3099 illi
2178 3044 2593 3116 approbantes,
2628 3048 2692 3100 ut
2722 3046 2902 3101 robur
2930 3046 3111 3117 pactis
3143 3047 3330 3118 magis
3360 3064 3513 3105 acce-

102 3137 182 3192 de
209 3136 511 3193 commuui
544 3135 807 3191 omnium
842 3133 1084 3191 consilio
1108 3134 1339 3191 babitus
1369 3137 1549 3192 estad
1574 3153 1753 3209 popu·
1782 3118 1827 3189 C
1858 3134 1980 3201 dat,
2002 3133 2342 3204 ,iuramenta
2371 3133 2481 3188 sibi
2513 3135 2750 3205 exigunt
2798 3134 3062 3205 praestari
3088 3151 3102 3202 ;
3158 3135 3371 3207 quibus
3404 3153 3508 3209 per

95 3224 226 3282 lum
260 3224 600 3281 universum
633 3225 977 3296 hujusmodi
1006 3240 1200 3280 sermo
1231 3241 1246 3280 ε
1285 3226 1397 3282 Viri
1424 3226 1750 3283 Ascalonitis

97 3317 200 3388 qui
222 3314 491 3371 habitatis
520 3317 677 3370 intra
704 3322 889 3386 portas
919 3315 1076 3381 istas,
1118 3317 1313 3383 nostis,
1343 3319 1395 3370 et
1423 3332 1580 3373 nemo
1601 3316 1750 3373 vobis

96 3405 319 3472 melius,
341 3420 510 3475 quam
555 3405 930 3476 periculosam
987 3411 1041 3459 et
1094 3403 1377 3475 difficilem
1405 3420 1530 3460 cum
1548 3407 1749 3478 populo

101 3494 205 3550 isto
223 3496 426 3564 ferreo,
457 3497 508 3550 et
538 3495 600 3548 in
625 3496 907 3565 proposito
932 3492 1171 3548 nimium
1199 3495 1488 3564 pertinaci,
1506 3495 1630 3565 jam
1643 3511 1750 3566 per

97 3599 278 3640 annos
306 3585 707 3657 quinquaqinta
730 3583 937 3638 luctam
971 3582 1265 3638 habuimus
1284 3599 1305 3638 .·
1360 3584 1750 3655 experimentis

98 3689 312 3744 quoque
340 3681 675 3743 compertum
709 3673 940 3740 habetis,
970 3672 1180 3744 quoties
1211 3672 1269 3728 in
1303 3673 1423 3728 acie
1438 3679 1623 3746 patres
1643 3690 1744 3729 no-

99 3768 242 3819 stros
269 3763 518 3832 luder-int
537 3779 559 3825 ,·
578 3770 633 3818 et
662 3761 871 3834 quoties
902 3761 1019 3817 loco
1051 3768 1344 3833 parentum
1399 3762 1510 3833 filii
1551 3767 1749 3820 contra

99 3867 190 3908 eos
216 3852 361 3908 bella
390 3853 772 3923 reparaverint
800 3850 1076 3921 recidiva,
1114 3850 1356 3922 injurias
1400 3854 1747 3926 propulsare,

99 3945 154 3996 et
193 3941 374 3997 locum
402 3940 567 4009 hunc,
600 3940 744 3995 unde
775 3940 1046 4010 oriyinem
1076 3940 1372 4011 traximus,
1404 3958 1528 3998 cum
1556 3946 1748 3999 uxori-

101 4030 202 4086 bus
229 4034 283 4086 et
313 4030 517 4096 liberis,
549 4034 601 4085 et
625 4030 769 4102 quod
803 4031 980 4100 majus
1026 4033 1126 4098 est,
1187 4030 1492 4087 libertatem
1539 4047 1752 4089 conser-

100 4135 234 4176 vare
259 4118 555 4191 cupientes.
581 4117 1077 4193 Quinquayesimus
1100 4123 1326 4190 quartus
1366 4120 1527 4175 hodie
1558 4122 1752 4191 aqitur

100 4225 307 4277 annus,
337 4224 406 4264 ex
434 4224 538 4280 quo
565 4209 804 4279 populus
835 4210 933 4264 iste
964 4209 1119 4264 nobis
1140 4213 1250 4263 tam
1265 4208 1543 4279 molestus,
1565 4211 1632 4265 ab
1652 4228 1750 4268 ex·

103 4300 300 4355 tremis
331 4297 634 4354 Occidentis
661 4297 914 4369 partibus
944 4299 1018 4353 ad
1062 4313 1161 4353 nos
1198 4298 1515 4367 ascendens,
1540 4301 1749 4357 aTarso

103 4388 315 4444 Ciliciae
344 4402 515 4459 usque
541 4386 603 4442 in
632 4388 930 4459 AEoyptum
951 4387 1268 4442 universam
1284 4388 1562 4457 reqionem
1579 4406 1752 4446 manu

1866 3238 2108 3278 manum
2140 3221 2363 3278 domini
2396 3222 2551 3295 regis
2581 3226 2636 3277 et
2666 3222 2977 3278 electorum
3012 3224 3341 3296 principum
3375 3240 3511 3282 cor·-

1865 3312 2165 3385 poraliter,
2197 3317 2415 3368 etcum
2447 3312 2817 3369 solemnitate
2848 3312 3143 3384 praestitis,
3178 3315 3332 3384 quod
3360 3316 3510 3375 bona

1863 3402 2001 3471 ssde,
2032 3402 2162 3458 sine
2192 3401 2324 3458 dolo
2368 3401 2519 3457 malo
2562 3403 2847 3458 sactorum
2906 3406 3073 3457 tenor
3101 3403 3507 3473 praedictorum

1862 3500 2270 3560 conservetur3
2300 3492 2451 3548 datis
2483 3491 2646 3564 prius
2676 3490 2976 3547 obsidibus
3001 3491 3110 3559 eie,
3143 3508 3286 3561 quos
3319 3494 3512 3550 nomi-

1862 3580 2048 3637 natim
2082 3596 2180 3636 rex
2209 3581 2522 3652 expetierat
2551 3580 2622 3635 ad
2669 3579 2901 3652 propria
2949 3578 3064 3633 loeti
3096 3584 3233 3634 sunt
3275 3582 3506 3650 reversi,

1860 3685 2060 3726 secum
2091 3670 2446 3726 deducentes
2477 3670 2759 3740 quosdam
2790 3669 2861 3724 de
2892 3668 3103 3724 nostris
3137 3667 3374 3740 milites,
3407 3669 3510 3740 qui

1862 3757 2071 3815 vexilla
2100 3761 2251 3830 regis
2282 3773 2460 3828 super
2487 3758 2899 3815 eminentiores
2943 3757 3192 3813 civitatis
3224 3765 3413 3814 turres
3444 3758 3507 3815 in

1863 3847 2099 3920 signum
2130 3847 2383 3904 victorias
2405 3849 2774 3907 collocarent.
2796 3851 3114 3923 Postquam
3137 3862 3331 3910 autem
3354 3870 3510 3911 exer-

1862 3937 2016 3993 citus
2047 3943 2242 3993 noster
2260 3953 2393 3993 cum
2446 3954 2673 3996 summo
2718 3938 3006 3996 desiderio
3038 3941 3093 3996 id
3139 3948 3510 4015 exspectans,

1860 4025 2072 4083 vexilla
2099 4026 2260 4097 regia
2305 4027 2366 4083 in
2405 4027 2663 4085 turribus
2703 4028 3146 4087 sublimioribus
3194 4034 3514 4104 conspexit,

1863 4117 2054 4173 factus
2083 4120 2171 4173 est
2189 4116 2541 4175 exsultantis
2570 4118 2772 4192 populi
2803 4118 3012 4177 clamor
3042 4121 3250 4194 ingens
3272 4138 3404 4179 cum
3436 4122 3515 4179 la·

1864 4205 2098 4279 crymiS,
2132 4223 2317 4279 usque
2345 4208 2415 4263 ad
2448 4207 2639 4264 sidera
2669 4225 2806 4265 voce
2845 4224 3101 4266 consona
3140 4209 3512 4267 laudantium

1865 4302 1921 4352 et
1971 4295 2294 4352 dicentium
2328 4312 2342 4351 z
2375 4297 2697 4353 Benedictus
2726 4298 2865 4354 Deus
2907 4305 3140 4371 patrum
3178 4308 3514 4370 nostrorum,

1865 4388 1965 4460 qui
1981 4402 2092 4443 non
2119 4387 2328 4445 deserit
2356 4392 2637 4460 sperantes
2661 4390 2719 4442 in
2740 4404 2798 4445 se
2817 4404 2839 4451 ,·
2860 4394 2912 4446 et
2946 4389 3287 4446 benedictum
3317 4406 3517 4448 nomen

99 4479 241 4545 forti
267 4476 537 4532 violenter
566 4477 847 4547 occupavit
866 4493 891 4543 ;
918 4476 1032 4532 sola
1053 4481 1171 4533 hoec
1199 4476 1393 4534 civitas
1414 4476 1755 4535 decessorum
1787 4491 1836 4558 D
1864 4479 2170 4549 majestatis
2196 4478 2337 4550 ejus,
2367 4478 2509 4550 quod
2544 4482 2624 4534 est
2652 4489 2924 4548 sanctum,
2975 4482 3102 4553 quia
3143 4480 3376 4537 vidimus
3403 4483 3516 4537 mi-

102 4570 421 4622 nostrorum
452 4566 663 4621 meritis
685 4570 738 4621 et
770 4565 995 4634 virtute,
1017 4568 1080 4620 in
1096 4565 1576 4623 mediotantorum
1589 4584 1758 4641 usque

102 4659 166 4713 in
194 4662 524 4729 praesentem
554 4654 696 4712 diem
743 4654 1062 4724 indeficiens
1108 4656 1360 4712 subsistit
1404 4657 1757 4715 adversario-

103 4761 269 4808 rum:
298 4759 426 4818 quae
439 4749 624 4801 tamen
655 4745 899 4801 hactetus
939 4761 1109 4812 passa
1151 4753 1252 4816 est,
1301 4754 1548 4820 respectu
1569 4749 1754 4804 immi-

98 4836 375 4904 nentium,
403 4834 643 4891 minima
664 4837 763 4890 aut
782 4835 938 4890 nulla
959 4834 1206 4905 Judimri
1229 4841 1475 4908 possunt.
1515 4838 1577 4894 Et
1609 4853 1760 4894 nunc

104 4921 330 4995 quidem
348 4923 639 4980 resistendi
685 4926 908 4980 animus
964 4923 1123 4980 nobis
1159 4925 1218 4980 in
1273 4925 1429 4982 nullo
1477 4928 1761 4984 remissior

101 5022 183 5071 est
203 5011 339 5079 ;sed
357 5014 582 5070 attritus
636 5013 935 5080 exercitus,
991 5021 1329 5086 consumptas
1372 5016 1564 5089 copiae,
1597 5017 1757 5073 labo-

101 5103 185 5158 ris
227 5101 440 5174 pondus
495 5101 863 5171 intolerabile,
897 5104 1134 5160 hostium
1179 5104 1418 5176 pervicit
1445 5108 1496 5160 et
1523 5107 1760 5161 nimium

101 5190 378 5265 pertinax
402 5192 718 5263 multitudo,
766 5194 1042 5250 continuae
1079 5199 1191 5248 tam
1244 5194 1562 5250 animorum
1592 5210 1758 5267 quam

103 5296 399 5351 corporum
418 5282 683 5338 molestiae
712 5281 856 5338 vires
881 5291 1106 5352 neqant,
1132 5285 1188 5340 et
1204 5281 1569 5354 protrahendi
1597 5295 1758 5356 neqo-

110 5371 260 5427 tium
284 5369 534 5428 invident
560 5372 910 5442 facultatem.
946 5371 1094 5429 Unde
1124 5370 1390 5427 Patribus
1445 5371 1684 5439 videtur,
1712 5374 1762 5430 si

103 5464 155 5517 et
184 5459 335 5516 vobis
364 5463 447 5516 ita
474 5462 653 5517 visum
700 5463 898 5532 suerit,
948 5462 1183 5517 instanti
1246 5465 1487 5532 tempore
1534 5469 1586 5518 et
1612 5476 1761 5535 prce-

99 5549 356 5607 sentibus
384 5551 635 5609 miseriis
663 5550 944 5626 expedire,
964 5554 1024 5609 ut
1051 5552 1236 5610 missis
1265 5551 1484 5611 nuntiis
1496 5567 1602 5625 pro
1625 5555 1770 5612 uni·-

1867 4569 2078 4625 rabilia
2097 4567 2277 4625 hodie.
2310 4569 2543 4625 Factum
2576 4573 2665 4624 est
2695 4576 2888 4625 autem
2924 4574 3007 4637 ut,
3039 4586 3175 4626 eum
3201 4587 3304 4642 per
3333 4575 3516 4626 totum

1865 4658 2131 4715 triduum
2154 4658 2498 4714 continuum
2522 4672 2590 4713 ex
2613 4663 2912 4729 compacto
2931 4658 3204 4713 baberent
3225 4657 3515 4730 inducias,

1872 4755 2199 4804 nostrorum
2239 4745 2622 4802 formidantes
2650 4744 3038 4817 praesentiam,
3068 4744 3221 4801 infra
3269 4745 3516 4802 biduum

1873 4834 2218 4907 compositis
2248 4835 2522 4902 sarcinis,
2545 4849 2681 4890 cum
2715 4832 2995 4890 uxoribus
3025 4838 3081 4890 et
3110 4833 3523 4902 liberis,servis

1869 4929 1927 4983 et
1956 4923 2207 4991 ancillis,
2240 4928 2299 4980 et
2354 4920 2717 4995 supellectile
2761 4920 3099 4979 omnimoda
3153 4922 3396 4980 accincti
3445 4924 3521 4981 ad

1867 5014 1997 5081 iter,
2019 5012 2237 5086 egressi
2264 5015 2420 5069 sunt.
2444 5011 2672 5077 Quibus
2695 5010 2972 5068 dominus
2993 5026 3094 5068 rex
3116 5010 3293 5069 duces
3341 5012 3521 5069 itine-

1870 5105 1952 5163 ris
1981 5103 2331 5173 concedens,
2362 5117 2551 5173 usque
2602 5101 2793 5170 Laris,
2841 5100 3138 5158 civitatem
3195 5102 3526 5174 antiquam·

1868 5193 2043 5251 sitam
2075 5192 2134 5249 in
2167 5192 2500 5260 solitudine,
2533 5191 2703 5263 juxta
2720 5194 3021 5262 pactorum
3040 5195 3325 5258 tenorem,
3347 5191 3517 5255 dimi.

1869 5282 2101 5355 sit[eos]
2116 5281 2175 5338 in
2191 5296 2351 5354 pace.
2379 5279 2647 5337 Dominus
2665 5284 2856 5337 autem
2871 5295 2992 5349 rex,
3013 5280 3527 5353 dominusquoque

1870 5371 2225 5445 patriarcba,
2257 5386 2393 5427 cum
2424 5370 2647 5426 caeteris
2662 5367 2828 5442 regni
2859 5369 3220 5441 principibus
3250 5374 3307 5427 et
3326 5369 3524 5428 Eccle-

1871 5460 2090 5517 siarum
2122 5459 2398 5533 prasinis,
2431 5475 2550 5516 una
2577 5474 2711 5515 cum
2733 5458 3003 5516 universo
3022 5459 3171 5516 clero
3203 5463 3260 5516 et
3282 5457 3523 5532 populo,

1871 5551 2083 5626 previa
2112 5550 2269 5624 ligno
2297 5547 2617 5609 Dominicoe
2646 5548 2859 5621 crucis,
2883 5564 3016 5608 cum
3051 5548 3286 5623 hymnis
3300 5553 3359 5607 et
3387 5563 3522 5606 can-
