3784 6000
169 248 244 311 31
1227 243 1566 307 ARNULFI
1609 242 2125 308 LEXOVIENSIS
2164 242 2524 307 EPlSCOPI

169 381 432 440 solamen
473 381 715 456 accepit.
773 381 920 439 Cum
962 394 1094 437 vero
1138 377 1494 438 adolescenti
1532 379 1817 453 requiem.
1848 381 1905 450 A
1934 379 2123 437 ritatis
2153 384 2207 436 et
2236 376 2459 452 gratiae,
2481 391 2725 434 causam
2753 373 3028 433 Ecclesiae
3046 377 3334 448 peroravi,
3359 380 3419 437 et
3433 379 3590 451 prin·

168 473 514 543 suasissem,
536 478 594 530 et
623 489 728 547 ego
757 473 809 529 ei
839 488 941 544 per
977 469 1337 540 assignatam
1369 486 1679 543 personam
1724 469 1811 526 ni-

169 559 492 619 hilominus
512 563 682 618 fidem
709 560 914 617 debitae
937 557 1346 632 promissionis
1368 558 1695 632 implerem,
1717 575 1810 615 vc-

170 650 297 707 nire
325 664 556 724 semper
588 665 771 722 usque
794 651 863 705 ad
914 648 1249 704 condictum
1298 648 1489 704 locum
1540 647 1813 704 simulata

171 739 499 797 valetudine
517 741 668 811 apud
690 738 1117 811 indulgentiam
1136 742 1389 810 paternae
1409 738 1642 811 pietatis
1671 739 1815 796 obti-

172 829 317 885 nuit.
339 832 486 885 Sane
508 845 641 885 cum
672 829 733 885 in
748 829 842 885 via
861 844 974 884 non
1007 825 1328 884 declinaret
1348 827 1464 900 (16)
1479 827 1811 897 infirmitaS,

170 918 271 974 sed
303 919 637 990 importuno
676 933 913 990 semper
939 931 1188 973 ascensu
1220 916 1424 973 morbo
1456 918 1694 973 morbus
1717 933 1815 975 ac-

170 1007 419 1076 cederet,
442 1007 662 1063 veritus
693 1023 825 1063 sum
843 1024 915 1063 ne
931 1006 1084 1079 quod
1113 1007 1184 1062 de
1197 1006 1575 1064 diuturnitate
1595 1023 1816 1079 praeca-

168 1096 321 1153 visse
352 1100 714 1169 putaveram,
748 1113 819 1152 ex
868 1096 996 1168 ipsa
1042 1095 1185 1152 mihi
1224 1095 1501 1153 brevitate
1546 1099 1817 1170 temporis

169 1185 446 1242 eveniret.
480 1186 766 1256 Expertus
795 1201 925 1241 sum
959 1184 1293 1242 affectiones
1323 1186 1654 1241 animorum
1687 1185 1818 1258 plu·

171 1272 384 1330 rimum
416 1276 678 1330 conferre
709 1275 795 1330 vel
827 1275 1056 1330 auferre
1077 1276 1443 1348 corporibus,
1492 1276 1820 1348 saepiusque

172 1360 246 1420 de
273 1378 475 1419 earum
507 1361 892 1435 qualitatibus
913 1365 1173 1435 ipsorum
1207 1363 1293 1421 vel
1337 1364 1661 1433 periculum
1684 1381 1818 1437 pro-

173 1451 374 1509 cedere
404 1452 488 1508 vel
522 1451 791 1508 salutem.
823 1453 1139 1509 Ferebatur
1185 1452 1343 1509 enim
1394 1454 1590 1509 animo
1631 1454 1820 1527 magis

173 1554 346 1612 quam
379 1556 638 1614 corpore,
666 1541 802 1613 quia
831 1541 983 1598 vires
1013 1541 1274 1614 corporis
1305 1543 1483 1599 animi
1526 1547 1819 1600 restaura-

172 1629 274 1687 bat
300 1630 587 1700 hilaritas,
620 1631 948 1705 fortiusque
969 1633 1308 1690 trahebatur
1338 1633 1623 1691 desiderio
1643 1649 1817 1707 quam

171 1721 518 1794 aegritudine
550 1723 900 1778 tardaretur.
925 1723 1309 1779 Pervenimus
1343 1723 1545 1796 itaque
1577 1725 1816 1787 Lucam,
1851 1759 1899 1823 B

175 1812 297 1878 ubi,
338 1813 487 1868 sicut
533 1813 829 1886 apparuit,
875 1815 1025 1870 infra
1062 1815 1260 1871 decem
1312 1816 1437 1873 dies
1486 1815 1572 1872 vel
1621 1815 1819 1889 plures

175 1915 338 1955 arma
358 1901 612 1973 coaptari
635 1919 748 1959 non
780 1907 1066 1974 poterant,
1098 1919 1202 1960 nec
1233 1902 1284 1959 is
1305 1904 1398 1959 cui
1438 1904 1816 1975 putabantur.

176 1990 451 2062 quoniam
483 1990 543 2045 in
566 1991 783 2047 lectum
807 1992 1183 2063 decubuerat,
1199 1993 1488 2065 percipere
1513 1995 1819 2065 potuisset.

176 2080 351 2135 Porro
383 2077 554 2134 miles
585 2080 846 2151 quidam,
878 2081 979 2152 qui
1021 2082 1161 2137 mihi
1186 2100 1218 2137 a
1258 2086 1422 2155 patre
1453 2083 1649 2140 suerat
1676 2084 1818 2140 assi·

173 2172 404 2238 gnatus,
436 2168 606 2238 coepit
638 2168 837 2225 utilius
867 2171 937 2226 de
958 2171 1300 2228 necessitate
1342 2172 1674 2242 consilium,
1718 2173 1823 2228 ha-

176 2254 410 2327 bitaque
421 2256 681 2312 omnium
700 2257 922 2313 ratione
944 2258 1227 2330 petiitsibi
1248 2260 1308 2315 in
1328 2275 1455 2317 eam
1471 2277 1708 2318 causam
1725 2279 1819 2333 xa,

173 2343 349 2401 libras
362 2344 838 2403 Pruveniensium
856 2346 972 2419 (17)
994 2349 1312 2405 numerari.
1327 2349 1649 2405 Affectabat
1661 2350 1814 2407 enim

175 2431 446 2489 meliores
466 2448 649 2504 equos
682 2433 941 2506 longiore
972 2440 1159 2494 tractu
1193 2438 1472 2510 temporis
1493 2438 1813 2511 explorare,

171 2524 492 2592 oaeteraque
519 2522 718 2578 omnia
740 2527 959 2595 quanto
989 2525 1326 2598 spatiosius,
1361 2532 1519 2584 tanto
1550 2544 1817 2585 commo-

168 2610 303 2668 dius
331 2614 980 2684 comparare,quoniam
1000 2616 1332 2687 repentinos
1361 2620 1648 2688 emptores
1664 2634 1816 2690 saepe

172 2700 559 2758 circumvenit
604 2718 785 2775 sagax
828 2704 1042 2759 astutia
1092 2706 1485 2762 venditorum.
1537 2708 1814 2780 Aequievi

170 2787 451 2847 libentius
461 2808 482 2854 ,·
515 2806 704 2863 neque
731 2793 886 2849 enim
908 2798 1167 2864 poteram
1187 2796 1469 2852 incertam
1484 2798 1812 2870 puerivale-

169 2879 436 2936 tudinem
469 2889 818 2954 exspectare,
854 2898 960 2940 neo
990 2888 1142 2941 esset
1181 2885 1327 2942 mihi
1359 2891 1551 2944 tutum
1601 2886 1812 2944 morari

172 2969 516 3041 duntius,ne
530 2973 916 3044 praenuntiato
939 2974 1186 3032 adventu
1202 2992 1330 3034 meo
1354 2977 1494 3034 mihi
1528 2977 1812 3036 intervias

167 3058 398 3117 insidiae
424 3068 783 3132 pararentur.
815 3064 1017 3135 Adjeci
1047 3070 1242 3122 autem
1266 3068 1501 3124 nomine
1529 3084 1807 3140 expensa-

1921 469 2110 543 cipem
2142 472 2415 526 nostrum
2446 482 2638 538 regem
2654 466 2977 539 Anglorum
3007 464 3067 522 in
3092 465 3350 525 favorem
3403 468 3583 542 patris

1920 559 2095 631 hujus
2126 558 2355 630 primus
2386 564 2442 614 et
2482 557 2641 613 solus
2682 555 2946 612 adhibito
2984 557 3138 628 quod
3189 559 3448 631 oportuit
3484 558 3575 616 in-

1923 649 2157 706 stantiae
2185 647 2543 705 confirmavi.
2572 646 2836 704 Profecto
2858 647 3144 703 venissem
3161 647 3288 717 jam
3313 649 3384 704 ad
3403 649 3577 721 pedes

1923 737 2251 808 apostolicae
2282 735 3112 808 beatitudinisamplectendos
3131 740 3188 792 et
3204 736 3571 795 miscendum

1923 827 2310 885 desiderabile
2342 841 2472 883 cum
2501 829 2689 883 vestra
2718 825 2997 883 charitate
3025 824 3408 899 colloquium,
3441 828 3578 895 nisi,

1929 917 2310 990 belligerante
2340 916 2398 972 in
2434 916 2699 988 partibus
2722 914 2934 971 nostris
2950 915 3234 989 principe,
3257 916 3464 974 multis
3486 932 3573 974 ms

1924 1005 2469 1079 importunitatibus
2500 1004 2823 1062 necessitas
2853 1005 3119 1078 improba
3141 1004 3445 1062 detineret.
3473 1005 3581 1063 Ve-

1926 1100 2059 1154 strae
2082 1095 2279 1169 itaque
2307 1093 2689 1167 benignitatis
2723 1095 2846 1164 [erit
2892 1102 2947 1152 et
3002 1095 3197 1166 gratiae
3257 1094 3578 1152 absentiam

1929 1201 2120 1242 meam
2152 1185 2386 1242 interim
2416 1183 2567 1257 apud
2588 1200 2722 1240 eum
2755 1187 2949 1240 vestra
2970 1183 3243 1256 supplere
3273 1184 3582 1257 praesentia

1927 1273 2397 1346 obsequiumque
2428 1289 2643 1342 meum,
2677 1271 2723 1328 si
2755 1271 2950 1345 aliqua
2979 1271 3274 1330 videbitur
3292 1276 3461 1346 parte
3479 1290 3580 1346 op·

1926 1367 2270 1435 portunum,
2300 1362 2528 1432 offerre,
2559 1359 2837 1434 quoniam
2866 1361 2939 1416 ad
2972 1376 3143 1418 omne
3164 1361 3318 1434 quod
3370 1361 3572 1434 paucis

1929 1451 2074 1508 mihi
2098 1451 2266 1506 fuerit
2286 1450 2552 1524 apicibus
2582 1450 2933 1518 indicatum,
2968 1453 3207 1522 paratus
3252 1464 3387 1508 sum
3417 1450 3470 1507 ei
3517 1454 3574 1508 et

1929 1541 2093 1598 vobis
2121 1544 2239 1597 tota
2267 1539 2569 1597 devotione
2606 1543 2788 1596 totam
2833 1539 3168 1611 impendere
3206 1537 3568 1597 facultatem.

2385 1736 2458 1777 An
2495 1735 2762 1776 asna-rm
2794 1737 2842 1777 s.
2876 1735 3142 1777 sennam.

2001 1811 2160 1867 Scire
2190 1809 2412 1867 debetis
2451 1826 2653 1866 omnes
2693 1809 3083 1883 obligationes
3132 1809 3571 1882 praedecessoris

1927 1901 2102 1957 vestri
2135 1900 2190 1955 in
2234 1916 2536 1970 personam
2565 1904 2818 1957 vestram
2841 1903 2997 1956 recta
3023 1899 3119 1956 via
3146 1899 3430 1957 transisse
3447 1900 3577 1974 qui-

1929 1991 2272 2063 buscunque
2295 1989 2715 2047 monasterium
2741 1995 3004 2047 vestrum
3027 1991 3085 2048 in
3116 1992 3357 2048 decessu
3386 1991 3573 2064 ipsius

1928 2079 2149 2137 exstitit
2177 2079 2537 2151 obligatum3
2583 2080 2682 2135 sed
2723 2083 2781 2135 et
2812 2079 3026 2136 eoedem
3074 2079 3487 2153 obligationes,
3527 2080 3575 2137 si

1930 2169 2075 2226 forte
2104 2169 2358 2235 fuerant,
2392 2167 2671 2240 religione
2709 2169 2970 2240 qualibet
3018 2169 3430 2228 interveniente
3476 2170 3570 2225 ilr-

1928 2263 2115 2327 matse,
2139 2257 2327 2314 eidem
2359 2258 2589 2314 vinculo
2621 2274 2721 2314 vos
2766 2258 3018 2317 credatis
3047 2258 3360 2317 obnoxium
3395 2275 3569 2333 quem

1925 2348 1986 2405 in
2019 2349 2208 2405 locum
2242 2347 2401 2405 illius
2436 2347 2786 2406 successisse
2834 2352 3087 2420 constat,
3118 2352 3176 2406 et
3211 2365 3410 2407 omnes
3455 2354 3570 2407 tam

1926 2436 2207 2493 utilitates
2220 2454 2397 2510 quam
2419 2453 2595 2494 onera
2609 2438 2947 2496 monasterii
2969 2439 3314 2512 suscepisse.
3328 2440 3570 2513 Propter

1925 2527 2079 2598 quod
2106 2527 2366 2599 Hugonis
2394 2534 2449 2583 et
2470 2526 2757 2600 Drogonis
2786 2527 2858 2584 de
2894 2527 3123 2586 cambri
3167 2529 3279 2601 (19)
3314 2528 3565 2601 graviter

1922 2614 2199 2672 instantia
2220 2631 2328 2672 nos
2357 2615 2598 2672 infestat
2619 2631 2797 2687 super
2822 2617 3257 2690 pecuniaquam
3291 2619 3562 2690 praedicto

1923 2703 2334 2777 praedecessori
2349 2710 2533 2761 vestro
2546 2703 2687 2775 totiq
2697 2720 2769 2761 ue
2780 2704 3036 2777 capitulo
3049 2704 3412 2763 crediderunt
3426 2705 3561 2779 (20),

1922 2793 2454 2865 quussolutionem
2482 2797 2707 2851 certum
2722 2793 3021 2867 estipsum
3044 2800 3103 2852 et
3124 2796 3562 2854 universitatem

1920 2884 2098 2939 totam
2131 2883 2245 2939 fide
2275 2899 2376 2956 per
2404 2882 2647 2940 vicarias
2677 2899 2887 2941 manus
2914 2885 3289 2957 corporaliter
3322 2886 3572 2943 Interve-

1923 2972 2116 3029 niente
2147 2974 2432 3030 firmasse.
2464 2973 2546 3030 Ad
2580 2973 2855 3046 majorem
2886 2990 3117 3048 quoque
3146 2974 3434 3033 cautelam
3466 2975 3564 3034 de·

1926 3075 2051 3117 cem
2093 3059 2163 3116 de
2187 3060 2460 3117 fidelibus
2491 3061 2832 3117 monasterii
2865 3063 2985 3134 pari
3009 3063 3238 3120 viuculo
3270 3079 3329 3120 se
3359 3062 3568 3119 nihilo·

170 3166 300 3205 rum
325 3150 397 3204 ad
429 3166 651 3208 moram
685 3154 1056 3228 reditumque
1077 3157 1230 3226 quod
1253 3158 1530 3229 oportuit,
1550 3175 1620 3214 ne
1643 3159 1714 3215 de
1745 3175 1812 3216 ρο
1847 3135 1890 3204 C
1931 3150 2126 3206 minus
2158 3151 2575 3219 astrinxerunt,
2610 3167 2757 3222 quos
2786 3150 3011 3208 scilicet
3040 3152 3395 3208 creditorum
3440 3167 3571 3223 pro-

171 3241 324 3314 quod
349 3241 418 3297 ad
452 3241 611 3297 aliud
633 3244 986 3301 destinatum
1010 3252 1131 3303 erat
1151 3247 1371 3320 aliquid
1397 3249 1701 3307 detrahere
1715 3266 1816 3307 ne-

169 3330 411 3387 cessitas
441 3330 638 3404 aliqua
668 3334 970 3405 coegisset.
994 3336 1114 3393 Visi
1151 3338 1444 3393 suntmihi
1483 3339 1699 3396 multas
1724 3356 1819 3397 vo-

175 3418 268 3475 bis
298 3436 473 3493 super
502 3423 782 3479 beneficio
796 3429 988 3481 vestro
1005 3427 1221 3498 gratias
1238 3427 1535 3499 habuisse,
1555 3429 1817 3502 mihique

171 3509 278 3579 ipsi
301 3511 373 3566 ab
412 3511 494 3566 eis
515 3516 655 3567 sunt
685 3518 875 3586 grates
898 3515 1164 3572 exhibitoe
1190 3518 1356 3589 quasi
1389 3519 1460 3575 de
1481 3519 1742 3591 reliquiis
1761 3524 1818 3578 et

170 3603 492 3656 vestrarum
528 3601 898 3673 plenitudine
928 3603 1268 3677 gratiarum.

889 3694 1088 3751 XVIII.

172 3796 244 3836 ao
270 3796 533 3838 somnam
564 3798 1003 3841 metronia-auum
1034 3803 1099 3841 ar
1126 3802 1476 3845 wasemium
1507 3805 1820 3847 narranaam

798 3892 1187 3936 cartomensis.

250 3961 472 4061 Aqdua.
491 3966 704 4018 sanctae
728 3964 1003 4023 Romanae
1034 3967 1303 4067 Ecclesiae
1325 3969 1659 4060 turbatique
1681 3986 1869 4073 epp-..-

180 4047 361 4116 doun,
377 4066 515 4123 qum
533 4052 792 4107 delorem
824 4060 1026 4111 mame
1043 4054 1859 4147 unffwqamfiqomemone'
1880 4107 1913 4151 ‘⁶
1932 4121 2312 4204 tiath're'tulit,
2332 4139 2604 4196 minorem
2626 4140 2944 4213 episcopali
2973 4139 3350 4197 reverentiam
3371 4139 3577 4196 detulit

1877 4225 2570 4307 ..digpitati,5{t'tnasque
2597 4230 2859 4301 opinioni
2882 4244 3023 4298 suae,
3068 4228 3259 4286 minus
3293 4228 3430 4284 fidei
3460 4228 3574 4284 Ira-

1879 4341 1899 4385 :
1933 4303 2085 4393 &3313
2114 4299 2416 4398 'setptftiuti
2446 4319 2765 4389 prospexit.
2784 4319 2930 4386 Quid
2960 4318 3211 4388 snim‚si
3240 4317 3419 4375 semel
3438 4333 3569 4374 con·

182 4154 297 4194 non
330 4142 586 4209 poteram
620 4139 776 4196 filius
806 4127 1826 4216 spiritualium?Mihteuitn·d'o‘1‘0r

177 4225 276 4283 ille
296 4227 612 4299 specialius
626 4228 1022 4299 incumbebat,
1040 4249 1210 4305 quem
1224 4236 1348 4305 ipsa
1373 4238 1826 4330 sempethactez
1845 4280 1863 4294 .

178 4330 293 4371 nus
320 4318 483 4370 tanta
513 4315 794 4373 charitate
823 4317 1049 4404 dilexiti
1077 4302 1683 4408 tanq‘sss’sffiliati'tate
1723 4316 1821 4394 fg:

176 4405 354 4477 gnata
382 4407 491 4471 est,
542 4407 626 4459 tot
673 4392 1819 4471 beneficiis».‚st'dfone‘t-ibtfs’iilus‘travit.

1926 3240 2183 3297 videntia
2206 3240 2645 3313 magisidoneos
2667 3239 2913 3297 credidit
2942 3240 3015 3297 ad
3030 3240 3571 3301 solvendum.Post-

1926 3332 2164 3387 modum
2198 3346 2331 3387 vero
2353 3346 2470 3401 qua
2502 3330 2635 3400 fide,
2667 3346 2785 3403 qua
2814 3329 3118 3403 diligentia
3147 3333 3439 3404 negotium
3462 3346 3567 3389 ve-

1926 3424 2111 3475 strum
2135 3419 2412 3493 gesserim
2436 3417 2593 3492 apud
2615 3434 2729 3490 eos,
2752 3424 2937 3475 vestra
2952 3420 3257 3491 praesentia
3287 3437 3569 3495 recogno-

1925 3508 2026 3576 vit,
2058 3525 2191 3564 cum
2225 3508 2388 3565 vobis
2418 3516 2473 3564 et
2496 3522 2700 3563 usuras
2732 3507 2950 3564 remitti
2981 3509 3238 3581 fecerim,
3269 3514 3329 3567 et
3366 3525 3568 3567 neces-

1928 3597 2158 3655 sitatem
2188 3596 2498 3653 solutionis
2537 3597 2598 3652 in
2648 3597 2896 3652 duorum
2948 3613 3236 3655 annorum
3281 3598 3569 3657 curricula

1929 3688 2252 3761 prorogari.
2283 3687 2544 3759 Cumque
2573 3684 2734 3742 nulla
2762 3685 2915 3741 inter
2940 3702 3042 3743 vos
3073 3693 3287 3760 posset,
3321 3688 3434 3747 uisi
3475 3704 3568 3746 me

1930 3776 2369 3845 interveniente,
2393 3776 2695 3849 provenire
2714 3774 3044 3844 concordia,
3067 3776 3315 3851 obligavi
3346 3795 3438 3836 me
3465 3795 3570 3851 pro

1930 3867 2118 3933 vobis,
2150 3866 2441 3939 promisso
2458 3865 2681 3924 scilicet
2701 3866 2854 3935 quod
2877 3882 2982 3922 suo
3004 3870 3265 3940 tempore
3287 3868 3461 3925 iidem
3484 3869 3573 3926 de-

1931 3956 2115 4020 bilem
2142 3957 2429 4028 Jacerem,
2483 3960 2714 4032 placitis
2760 3959 3242 4019 conventionibus
3291 3959 3570 4016 exhiberi.

1934 4031 2417 4117 Piri-'0⁶5t2'nbtitas
2446 4055 2638 4107 vestra
2670 4051 2953 4109 minorem
3002 4048 3226 4107 meritis
3256 4049 3401 4107 meis
3447 4065 3573 4123 gra-

1933 4391 2134 4472 sehsitss
2150 4402 2500 4461 universitas
2515 4406 2769 4477 ,obligari
2783 4406 2812 4462 ‘i
2834 4406 3095 4479 nunquid
3112 4410 3306 4464 reatus
3319 4404 3570 4474 abbatis,

177 4493 555 4551 Postmodum
568 4496 1038 4554 autemauditoin
1052 4500 1220 4569 quus
1234 4515 1541 4572 personam
1556 4504 1820 4561 omnium
1851 4510 1899 4577 1)
1932 4498 2030 4547 flul
2060 4491 2343 4562 ᾱθΡΟΒῘῐῙΟ
2365 4493 2554 4565 Ρῡῑῦῑῑ
2584 4511 2682 4551 0⁰⁵
2705 4512 2818 4554 ael'fl
2850 4496 3055 4568 lali⁰n0
3089 4496 3241 4568 <1¹¹0d
3271 4499 3572 4552 “mum‘’-

175 4583 294 4641 l'ere
322 4589 454 4641 vota
480 4591 893 4654 convenerant,
920 4604 1228 4646 moerorem
1266 4593 1501 4664 gaudie,
1546 4595 1822 4667 ploratio-

173 4687 306 4730 nem
330 4674 574 4743 cithara,
608 4690 805 4731 vocem
848 4678 1117 4749 planctus
1149 4696 1368 4753 organo
1427 4685 1808 4743 commutavi.

177 4761 423 4819 Gavisus
446 4762 737 4837 siquidem
768 4781 898 4822 sum
921 4783 1136 4839 paucos
1165 4786 1195 4823 a
1231 4771 1488 4842 generali
1510 4774 1822 4830 concordia

175 4852 512 4922 descivisse,
536 4869 779 4926 quorum
797 4873 1076 4914 numerus
1090 4858 1235 4914 nihil
1261 4865 1364 4916 aut
1394 4878 1597 4932 parum
1615 4864 1820 4921 unitati

176 4940 485 4998 Catholicae
514 4946 722 5012 poterit
749 4946 1050 5020 derogare.
1072 4948 1338 5020 Gavisus,
1372 4950 1647 5024 inquam,
1681 4955 1822 5027 quia

174 5029 227 5086 ei
257 5045 451 5086 rerum
472 5047 708 5088 summa
737 5038 1051 5094 commissa
1080 5044 1188 5106 est,
1223 5056 1324 5112 per
1355 5058 1525 5113 quem
1548 5044 1713 5101 facile
1735 5039 1824 5101 r‘e-

176 5117 755 5177 staurandalibertas
803 5122 1071 5182 Ecclesiae
1111 5132 1370 5188 creditur
1418 5136 1475 5189 et
1520 5132 1818 5191 honestas.

182 5208 356 5266 Porro
371 5224 499 5267 mea
528 5225 645 5266 non
674 5212 1028 5271 tuttinterim
1051 5217 1236 5276 otiosa
1258 5221 1505 5294 devotio,
1530 5225 1631 5281 sed
1670 5227 1819 5298 apud

180 5313 282 5358 eos
310 5300 371 5357 in
403 5315 653 5371 quorum
681 5299 829 5357 oculi
862 5302 1172 5363 Deusmihi
1197 5309 1353 5368 dedit
1372 5312 1595 5387 aliquid
1625 5319 1821 5374 aucto·

247 5425 364 5496 (16)
393 5427 479 5495 B.,
510 5427 835 5488 destinaret.

275 5497 364 5565 17)
395 5498 480 5568 B.,
513 5503 757 5556 Pruuen.

273 5567 366 5641 18)
396 5570 485 5643 B.,
516 5571 796 5643 specialis.

1936 4583 2086 4650 rant,
2121 4580 2349 4655 fideque
2377 4600 2555 4655 super
2575 4584 2702 4658 ipso
2724 4585 2987 4657 praestita
3023 4584 3273 4642 liberare
3300 4584 3329 4640 ‘l
3358 4585 3423 4641 In
3469 4600 3573 4640 vos

1934 4677 2127 4728 tamen
2154 4673 2267 4729 hoec
2300 4674 2494 4744 potius
2519 4690 2696 4745 quam
2726 4676 2787 4732 in
2819 4676 2978 4749 ipsos
3008 4673 3179 4732 debet
3215 4674 3388 4749 culpa
3435 4691 3568 4732 con-

1932 4759 2089 4830 ferri,
2122 4778 2276 4831 cum,
2310 4763 2394 4819 ele
2416 4763 2567 4860 ciria
2588 4764 2914 4837 spiritualia
2945 4764 3290 4838 propensius
3333 4779 3578 4839 occupa-

1932 4851 2031 4920 tis,
2057 4852 2169 4923 ipsi
2191 4853 2324 4910 fidei
2345 4861 2398 4910 et
2412 4854 2727 4928 diligentiae
2756 4861 2956 4913 vestrm
2973 4872 3133 4913 suam
3153 4860 3211 4911 et
3229 4861 3573 4929 potestatem

1932 4942 2283 4998 crediderint
2297 4948 2355 4999 et
2381 4943 2653 5002 salutem.
2667 4946 2830 5011 Quod
2846 4946 2895 5002 si
2918 4962 3019 5003 vos
3039 4961 3233 5003 curam
3248 4947 3576 5003 animarum

1931 5033 2274 5104 suscepistis
2287 5033 2440 5090 bona
2471 5033 2583 5091 fide
2599 5036 2931 5109 gerendam,
2948 5036 3016 5092 ad
3038 5036 3497 5093 conservandam
3515 5035 3576 5091 fi-

1930 5124 2063 5179 dem
2085 5139 2287 5180 corum
2321 5124 2726 5199 principaliter
2755 5127 3057 5185 intendere
3087 5127 3397 5198 debuistis,
3430 5144 3573 5203 pras·

1930 5213 2128 5271 sertim
2139 5230 2274 5271 cum
2297 5215 2400 5287 huj
2410 5217 3038 5291 usmoditransgressio
3063 5217 3240 5274 soleat
3255 5217 3576 5275 criminalis

1927 5303 2098 5360 etiam
2129 5303 2188 5359 in
2212 5305 2594 5364 saecularibus
2625 5306 2921 5365 testimari.
2955 5308 3142 5381 Super
3164 5309 3319 5381 quod
3342 5308 3386 5365 si
3411 5308 3573 5383 igno·

2000 5429 2112 5501 (19)
2134 5429 2221 5500 B.,
2254 5430 2560 5489 Cambium.

2000 5518 2115 5591 (20)
2142 5520 2229 5591 B.,
2258 5520 2581 5579 crediderit.
