3784 6000
114 266 237 328 145

741 398 972 457 CAPUT
1008 395 1152 454 xm.

116 508 422 593 Discedunt
448 509 723 582 principe:
752 508 820 565 ab
849 507 1089 564 invicem
1110 526 1130 574 ,-
1151 506 1499 562 Normannus
1537 510 1593 559 et
1623 504 1786 560 Flan-

190 582 410 639 dremu
458 581 767 653 repatriant
793 599 818 648 ;
865 580 1164 637 Tolosauus
1210 576 1355 632 redit
1403 575 1782 632 constantino·

188 652 373 727 polim
404 672 426 711 .·
455 652 757 711 Tancredus
783 652 916 708 urbi
942 650 1248 724 preficitur
1278 647 1672 705 Tiberiadensi.

190 760 300 818 nis
329 761 413 817 ita
441 761 626 834 gestis
657 760 773 816 Deo
803 758 1106 826 amabiles,
1137 757 1374 829 Deoque
1405 755 1592 813 devoti
1624 757 1790 830 prin-

116 850 306 923 cipes,
336 850 561 908 domini
591 848 1061 906 Normannorum
1100 851 1158 905 et
1197 845 1651 904 Flandrensium
1676 863 1780 903 co-

118 939 323 1006 mites,
342 942 752 997 consummato
810 936 1054 995 feliciter
1112 941 1427 1008 assumptae
1483 935 1595 993 sibi
1626 950 1787 1007 pere·

114 1029 470 1101 grinationis
500 1028 821 1096 itinerario,
845 1028 915 1083 ad
950 1027 1180 1099 propria
1204 1025 1392 1081 redire
1423 1024 1777 1096 disponunt:

113 1118 257 1176 inde
288 1118 398 1175 iter
428 1118 797 1191 arripientes,
830 1116 1060 1188 navigio
1100 1114 1668 1187 Constantinopolim
1702 1113 1776 1171 ad

113 1207 853 1281 dominumimperatorem
872 1205 1133 1262 Alexium
1168 1208 1555 1278 pervenerunt
1577 1247 1592 1274 ,
1608 1220 1642 1261 a
1659 1219 1774 1275 quo

112 1296 375 1369 benigne
391 1297 617 1355 tractati
637 1301 695 1353 et
715 1312 848 1354 cum
868 1295 1133 1352 honestis
1163 1293 1393 1351 dimissi
1407 1293 1773 1360 muneribus,

114 1390 362 1444 anctore
391 1387 663 1455 Domino,
689 1386 817 1443 sani
846 1389 903 1441 et
931 1384 1256 1442 incolumes
1287 1383 1347 1439 in
1380 1398 1547 1439 suam
1579 1397 1642 1440 se
1672 1399 1776 1454 pa·

113 1476 294 1533 triam
317 1480 675 1549 receperunt.
715 1476 969 1541 Quorum
995 1474 1160 1542 alter,
1193 1474 1662 1530 Normannorum
1697 1471 1775 1527 vi·

1048 262 1249 324 ms'r.
1295 260 1565 324 RERUM
1610 260 2149 327 TRANSMARIN.
2198 294 2268 309 —
2317 261 2467 325 Lm.
2515 262 2623 324 lx.

3420 230 3541 327 ue

1807 395 1860 463 Α
1890 395 2000 463 ria,
2032 395 2240 452 urbem
2260 395 2616 453 maritimam
2647 411 2782 453 eum
2805 396 2930 454 suis
2953 396 3312 469 pertinentiis
3332 399 3540 472 prodi-

1893 492 1984 540 cto
2016 485 2572 542 dominoTancredo.
2596 486 2661 541 ln
2685 502 2801 558 quo
2825 486 3152 558 principatu
3172 487 3254 543 ita
3274 487 3388 544 Deo
3410 485 3538 559 pla-

1891 572 2019 629 cide
2044 578 2102 629 et
2135 574 2503 631 laudabiliter
2546 590 2609 631 se
2648 573 2877 643 habuit,
2909 576 3060 646 quod
3094 575 3360 648 usquein
3390 592 3535 648 prae-

1890 669 2115 721 sentem
2147 665 2299 721 diem
2334 664 2615 722 memoria
2631 665 2834 736 ejusin
2856 665 3250 723 benedictione
3269 671 3361 724 est
3377 666 3534 739 apud

1888 756 2051 815 illius
2081 757 2348 814 homines
2370 757 2688 831 provinciae.
2718 759 2824 814 Sed
2876 765 2928 814 et
2966 758 3238 816 ecclesias
3267 759 3532 830 eJusdem

1887 847 2204 905 dioeceeeos
2235 847 2455 921 ingenti
2491 847 2757 904 fundavit
2786 847 3202 917 sollicitudine,
3233 851 3290 904 et
3319 847 3535 921 amplis

1885 936 2105 993 dotavit
2134 934 2514 1010 patrimoniis,
2537 937 2895 993 Nazarenam
2914 936 3176 994 videlicet
3197 947 3248 993 et
3268 938 3530 995 Tiberia-

1885 1025 2149 1092 demem,
2183 1026 2284 1082 sed
2316 1034 2368 1081 et
2409 1025 2626 1082 montis
2680 1025 2949 1095 Thabor3
2984 1029 3044 1083 et
3074 1027 3314 1097 insuper
3341 1026 3528 1085 eccle-

1883 1114 2123 1171 siastica
2178 1113 2427 1172 contulit
2481 1118 2836 1171 ornamenta.
2887 1114 3145 1179 Quorum
3206 1116 3527 1187 portionem

1879 1219 1995 1259 non
2016 1203 2438 1275 modicam,per
2454 1203 2718 1259 fraudem
2745 1207 2801 1259 et
2822 1202 3141 1260 calumnias
3161 1204 3529 1277 subsequen-

1878 1293 2027 1349 tium
2061 1291 2387 1365 principum
2421 1291 2695 1365 praedicta
2725 1292 3050 1350 amiserunt
3076 1293 3203 1350 loca
3222 1293 3530 1352 venerabi-

1880 1381 1977 1439 lia.
2006 1384 2219 1439 Tamen
2252 1398 2436 1455 usque
2461 1382 2633 1439 hodie
2664 1383 2734 1438 de
2785 1383 3020 1439 residuo
3058 1383 3387 1440 necessaria
3416 1381 3526 1439 sibi

1879 1474 2211 1542 procurant,
2244 1487 2347 1543 pro
2375 1470 2531 1528 illius
2562 1480 2794 1538 orantes
2823 1472 3042 1542 anima,
3073 1471 3174 1544 qui
3195 1476 3314 1527 tam
3334 1471 3431 1544 pia
3452 1471 3527 1528 li-

114 1565 334 1624 delicet
358 1581 575 1635 comm,
606 1566 844 1621 domum
893 1563 1150 1633 rediens,
1179 1578 1371 1619 rerum
1420 1565 1662 1631 statum,
1696 1561 1770 1618 ab
1875 1560 2201 1630 beralitate,
2234 1565 2292 1617 et
2330 1564 2506 1618 tantae
2560 1560 2858 1618 charitatis
2912 1560 3238 1618 visceribus
3259 1576 3399 1633 erga
3427 1561 3526 1620 Dei

111 1669 182 1712 eo
212 1670 398 1728 quem
437 1654 771 1727 reliquerat,
805 1669 1043 1727 peregre
1100 1652 1499 1726 proficiscens,
1533 1668 1703 1709 secus
1735 1669 1769 1708 a
1873 1650 2147 1708 ecclesias
2187 1650 2525 1707 abundavit.
2559 1650 2627 1706 Et
2666 1650 2805 1722 quia
2827 1649 2886 1706 in
2919 1650 3146 1706 modico
3180 1650 3291 1706 fuit
3315 1650 3528 1720 tidelis,

110 1747 277 1813 voto,
308 1743 716 1817 longeinvenit
736 1747 1068 1812 mutatum;
1107 1757 1243 1799 nam
1276 1741 1414 1799 dum
1439 1740 1501 1797 in
1528 1741 1761 1815 expedi·
1797 1767 1845 1834 B
1875 1757 2051 1812 supra
2082 1741 2269 1796 multa
2296 1738 2651 1797 constitutus
2689 1744 2779 1795 est
2825 1757 2859 1796 a
2886 1739 3173 1810 Domino;
3204 1745 3262 1796 et
3291 1739 3530 1797 intravit

114 1832 283 1889 tione
318 1830 567 1889 Domino
618 1830 911 1900 militaret,
952 1830 1129 1886 frater
1165 1829 1294 1901 ejus
1337 1830 1766 1901 primogenitus
1873 1829 1933 1886 in
1965 1829 2241 1903 gaudium
2267 1827 2835 1901 patrisfamilias,pro
2866 1829 3157 1886 universis
3188 1845 3314 1900 quae
3347 1829 3524 1886 dede·

109 1921 479 1991 willelmus,
493 1920 593 1993 qul
609 1919 1055 1994 cognominatur
1076 1919 1409 1985 Ruffus‚rex
1419 1917 1763 1991 Anglorum,

110 2015 233 2071 vita
254 2012 386 2070 sine
438 2011 644 2069 liberis
699 2011 945 2068 decessit
970 2029 986 2082 ;
1017 2025 1270 2083 cumque
1300 2010 1354 2066 ei
1383 2009 1767 2067 successionis

104 2103 215 2175 jue
245 2106 307 2161 et
333 2102 498 2176 regni
541 2101 832 2174 primitiva
886 2099 1091 2157 merito
1139 2101 1551 2172 competerent,
1592 2099 1769 2154 frater

111 2193 249 2264 ejus
280 2191 566 2248 Henricus
598 2195 738 2247 natu
770 2206 833 2247 se
873 2189 1177 2264 posterior,
1210 2189 1564 2261 persuadens
1603 2188 1767 2260 regni

114 2279 505 2354 principibus,
537 2281 692 2354 quod
706 2279 883 2337 frater
902 2296 1047 2336 suus
1072 2277 1483 2351 Hierosolymis
1514 2294 1610 2335 rex
1628 2293 1766 2336 con·

112 2371 389 2440 stitutus,
429 2369 708 2428 redeundi
748 2368 1010 2426 animum
1057 2384 1171 2424 non
1220 2367 1475 2435 baberet,
1522 2383 1764 2439 regnum

110 2459 341 2533 Angliae
371 2458 480 2516 bac
507 2459 709 2515 fraude
766 2457 1039 2515 obtinuit.
1074 2460 1358 2512 Reversus
1404 2471 1541 2529 ergo
1572 2458 1766 2526 frater,

112 2549 187 2607 ab
216 2565 287 2606 eo
317 2548 513 2621 coepit,
546 2549 700 2606 sicut
727 2551 785 2606 et
817 2548 889 2604 de
942 2548 1071 2619 jure
1125 2548 1368 2619 poterat,
1403 2561 1643 2617 regnum
1675 2545 1767 2602 in·

113 2642 346 2696 stanter
374 2653 695 2711 reposcere.
730 2638 994 2708 Cumque
1023 2635 1120 2692 ille
1152 2634 1207 2690 id
1244 2643 1479 2707 negaret
1509 2635 1765 2708 penitus,

115 2728 308 2787 classe
368 2732 570 2800 parata
614 2731 673 2784 et
717 2725 1047 2784 convocatis
1076 2724 1261 2798 copiis
1290 2726 1348 2780 in
1379 2724 1646 2796 Angliam
1676 2724 1767 2782 in·

115 2834 363 2891 gressus
393 2821 484 2875 est
509 2817 815 2875 violenter:
840 2815 938 2873 ubi
971 2831 1104 2872 cum
1127 2813 1288 2872 omni
1320 2813 1653 2887 regniillius
1676 2830 1765 2871 ro-

115 2909 264 2966 bore
277 2907 457 2964 trater
477 2922 809 2974 occurrens,
842 2909 1081 2979 paratus
1111 2909 1237 2962 erat
1265 2920 1399 2960 cum
1433 2904 1611 2961 fratre
1631 2919 1769 2962 eon-

116 2996 287 3073 gredi
309 3016 327 3067 ;
358 2996 465 3055 sed
493 2996 989 3055 intercedentibus
1014 2995 1175 3068 pacis
1196 2994 1634 3062 mediatoribus,
1660 3012 1791 3068 pax-

1873 1922 1966 1976 rat
1994 1917 2340 1990 centuplum
2369 1917 2682 1990 accipiens.
2712 1918 2856 1975 Nam
2881 1934 3014 1974 mox
3045 1919 3194 1973 infra
3216 1918 3522 1975 biennium

1872 2008 2098 2065 meritis
2126 2008 2512 2080 exigentibus,
2543 2009 2612 2064 ad
2646 2008 3040 2080 principatum
3069 2007 3286 2064 vocatis
3316 2007 3525 2065 Antio-

1871 2098 2148 2170 chenum,
2179 2097 2342 2155 illam
2377 2114 2628 2171 quoque,
2660 2116 2694 2154 a
2722 2097 3086 2169 temporibus
3123 2097 3523 2167 apostolorum

1871 2188 2185 2261 gloriosam
2217 2191 2276 2244 et
2306 2188 2583 2254 nobilem,
2608 2187 2795 2261 magis
2811 2192 2869 2243 et
2898 2186 3108 2261 magis,
3133 2186 3384 2260 plurima
3406 2185 3521 2243 lar·

1872 2279 2108 2353 giendo,
2147 2277 2475 2334 nobilitavit
2520 2275 2862 2334 Ecclesiam.
2889 2277 3002 2334 Sed
3035 2280 3092 2333 et
3122 2277 3520 2348 principatum

1872 2367 2144 2440 pluribus
2165 2367 2495 2439 subjugatis
2514 2365 2757 2423 urbibus
2772 2370 2830 2423 et
2841 2364 3126 2439 praesidiis
3147 2365 3520 2437 mancipatis,

1873 2457 2042 2530 longe
2071 2456 2300 2529 lateque
2330 2455 2605 2529 promotis
2665 2455 2881 2511 finibus
2930 2454 3251 2527 ampliavit,
3283 2453 3436 2511 sicut
3462 2452 3521 2510 in

1872 2547 2251 2620 sequentibus
2282 2546 2521 2603 dicetur.

2498 2652 2729 2711 CAPUT
2759 2651 2905 2707 XIV.

1875 2743 2222 2803 Boamundus
2269 2742 2729 2800 Antioc-herrorum
2777 2743 3032 2814 princeps
3094 2745 3149 2797 et
3212 2739 3522 2797 Balduiaus

1944 2832 2115 2873 comes
2146 2815 2560 2883 Edessanorum,
2592 2815 3024 2885 Hierosolymam
3069 2813 3319 2880 venium,
3367 2812 3521 2869 Nati·

1942 2890 2168 2945 vitatem
2199 2888 2544 2944 Dominicam
2574 2886 2655 2941 ibi
2680 2885 3040 2941 celebrantes.

1946 2997 2096 3052 Dum
2123 2993 2245 3051 hoec
2298 2993 2357 3051 in
2416 3009 2594 3067 regno
2650 2992 2732 3049 sic
2764 2995 3040 3065 aguntur,
3076 2990 3354 3049 dominus
3385 2995 3527 3049 Boa-

116 3087 276 3144 inter
302 3103 404 3145 eos
433 3086 745 3144 reformata
799 3100 865 3142 ea
912 3085 1264 3152 conditione,
1297 3085 1453 3157 quod
1479 3100 1574 3142 rex
1605 3085 1764 3141 fratri
1878 3085 2135 3142 mundus
2158 3083 2475 3141 Antiochiae
2507 3083 2796 3156 princeps,
2831 3082 3104 3138 dominus
3132 3097 3365 3154 quoque
3395 3080 3527 3138 Bal-

116 3194 230 3235 suo
259 3175 650 3250 primogenito
668 3179 885 3234 certam
905 3175 1164 3248 pecuniis
1186 3191 1482 3232 summam
1512 3174 1764 3246 singulis
1794 3145 1838 3213 C
1877 3175 2094 3233 duinus
2133 3173 2389 3246 praedicti
2412 3172 2636 3231 domini
2660 3173 2825 3229 ducis
2847 3172 3042 3241 frater,
3066 3187 3259 3229 comes
3275 3170 3524 3228 Edessa-

114 3266 290 3324 annis
318 3266 486 3323 daret
505 3265 744 3323 nomine
773 3281 1002 3323 census.
1037 3266 1158 3331 Quo
1212 3265 1385 3334 facto,
1415 3266 1534 3322 dux
1564 3265 1624 3322 in
1653 3269 1767 3322 ter-

115 3370 247 3412 ram
269 3370 434 3412 suam
468 3369 729 3412 reversus
757 3362 845 3411 est
876 3353 1180 3427 pacificus;
1201 3355 1578 3426 postmodum
1609 3373 1761 3425 ver0,

112 3460 253 3503 cum
282 3444 555 3517 quisdam
569 3442 826 3513 castella,
849 3460 980 3517 quae
1008 3459 1109 3501 rex
1129 3444 1189 3500 in
1208 3443 1564 3501 Normannia
1585 3446 1763 3503 etiam

115 3540 437 3608 antequam
469 3534 529 3591 in
560 3550 753 3605 regem
787 3539 1226 3607 promoveretur
1257 3534 1615 3607 possidebat,
1646 3537 1762 3593 dux

112 3626 187 3682 ab
219 3639 289 3683 eo
318 3627 668 3698 reposceret,
699 3628 756 3680 et
781 3622 878 3679 ille
900 3624 1136 3681 reddere
1167 3628 1421 3697 negaret,
1454 3626 1680 3682 obsedit
1698 3642 1763 3683 ea

114 3718 180 3771 ut
216 3713 498 3772 violenter
550 3711 1085 3786 comprehenderet.
1147 3716 1270 3782 Quo
1310 3713 1526 3782 audito,
1556 3731 1653 3772 rex
1700 3716 1763 3775 in

114 3801 537 3861 Normanniam
572 3818 706 3860 cum
738 3802 1076 3875 ingentibus
1113 3803 1285 3877 copiis
1326 3804 1760 3874 transfretavit3

115 3899 337 3951 etcum
376 3892 554 3950 fratre
594 3891 904 3959 dimicans,
963 3893 1137 3966 coepit
1195 3910 1353 3965 eum,
1390 3900 1447 3952 et
1488 3905 1762 3969 perpetuo

116 3982 336 4041 carceri
400 3980 784 4054 mancipavit:
818 3982 918 4039 ubi
962 3988 1019 4038 et
1063 3983 1375 4040 defunctus
1421 3987 1529 4055 est,
1588 3986 1765 4044 fratre

118 4072 493 4147 postmodum
526 4071 712 4128 eidem
738 4071 800 4129 in
831 4076 1165 4128 universum
1196 4073 1759 4133 succedente.Domi·

118 4180 235 4221 nna
265 4177 496 4236 quoque
524 4177 718 4218 comes
750 4161 944 4219 Sancti
962 4162 1173 4235 AEgidii
1223 4178 1405 4237 usque
1437 4165 1763 4225 Laodiciam

118 4253 297 4323 Syriae
324 4266 615 4319 reversus,
644 4267 823 4308 uxore
871 4250 951 4307 ibi
981 4252 1251 4322 dimissa,
1281 4253 1355 4310 ad
1383 4270 1511 4311 eam
1543 4254 1603 4312 in
1635 4271 1764 4328 pro-

115 4343 272 4400 ximo
301 4340 622 4411 rediturus,
642 4339 856 4397 iterum
887 4341 1471 4416 Constantinopolim,
1501 4345 1571 4401 ad
1600 4361 1764 4405 eum-

115 4432 251 4490 dem
283 4429 587 4490 dominum
621 4431 1197 4503 imperatorem,cum
1231 4432 1463 4490 honesto
1481 4436 1760 4493 comitatu

1875 3281 2008 3334 nus,
2038 3265 2361 3321 multorum
2384 3262 2663 3320 relatione
2683 3263 2970 3320 habentes
2982 3264 3340 3336 compertum
3363 3260 3521 3333 quod

1873 3354 2082 3429 reliqui
2113 3370 2311 3412 eorum
2343 3356 2553 3411 fratres
2573 3356 2631 3409 et
2660 3357 2831 3409 tantas
2861 3355 3156 3410 consortes
3187 3349 3523 3424 peregrina-

1873 3445 2075 3514 tionis,
2108 3449 2488 3516 prosequente
2525 3459 2622 3500 eos
2668 3443 2858 3499 favore
2886 3442 3103 3510 divino,
3138 3443 3344 3499 urbem
3375 3457 3520 3498 san-

1873 3540 2027 3591 ctam
2060 3534 2172 3590 sibi
2204 3533 2639 3590 vindicaverant
2669 3536 2724 3587 et
2755 3531 2857 3587 viae
2888 3548 3127 3588 causam
3150 3547 3518 3588 consumma-

1873 3628 2078 3681 verant
2107 3623 2371 3690 feliciter,
2402 3620 2716 3678 condicunt
2771 3620 2924 3676 inter
2978 3635 3043 3674 se
3091 3620 3245 3675 diem
3267 3623 3522 3686 certum,

1872 3729 1990 3786 quo
2023 3712 2233 3783 paratis
2254 3710 2323 3765 ad
2348 3712 2461 3766 iter
2480 3709 2842 3780 necessariis,
2859 3707 2997 3765 illuc
3017 3712 3251 3765 auctore
3273 3708 3520 3765 Domino

1872 3801 2409 3875 proficiscantur,ut
2429 3798 2692 3855 laborum
2716 3814 2958 3854 suorum
2982 3812 3219 3855 causam
3239 3796 3520 3866 vota,Do-

1873 3895 2035 3951 mino
2066 3891 2377 3961 solventes,
2396 3891 2759 3964 compleant;
2783 3895 2843 3947 et
2872 3900 2933 3947 ut
2962 3891 3201 3947 domino
3234 3891 3394 3959 duci,
3413 3891 3518 3948 do-

1872 3984 2031 4043 mino
2061 3998 2294 4055 quoque
2323 3981 2624 4038 Tancredo
2676 3984 2734 4037 et
2762 3981 2890 4038 aliis
2916 3979 3278 4054 principibus
3308 3979 3519 4038 frater·

1872 4069 2683 4144 numimpendantsolatium.
2709 4070 3126 4128 Remanserant
3146 4070 3299 4127 enim
3322 4070 3383 4127 hi
3402 4070 3521 4128 duo

1871 4162 2128 4220 illustres
2156 4166 2213 4218 et
2244 4159 2543 4234 magnifici
2586 4159 2711 4228 viri,
2745 4159 2889 4217 alter
2936 4161 3092 4234 apud
3127 4160 3523 4227 Antiochiam,

1874 4258 1940 4311 ut
1969 4252 2366 4326 principatum
2415 4252 2990 4323 conservaret3alter
3034 4253 3187 4326 apud
3219 4252 3525 4324 Edessam,

1869 4347 1937 4401 ut
1966 4344 2039 4400 ab
2062 4342 2418 4400 irruentibus
2469 4341 2735 4399 hostibus
2778 4346 3107 4417 protegeret
3154 4343 3522 4401 comitatum.

1873 4435 1958 4491 lta
1982 4433 2138 4490 enim
2171 4433 2245 4490 ab
2277 4432 2442 4489 initio
2474 4433 2674 4489 statim
2705 4436 2839 4505 post
2868 4440 3099 4505 captam
3121 4432 3513 4500 Antiochiam,

114 4519 415 4593 profectus
440 4523 528 4576 est
560 4536 576 4590 ;
611 4518 708 4575 ubi
727 4518 1165 4591 abimperatore
1187 4526 1494 4593 susceptus
1527 4525 1756 4598 magni·
1789 4522 1843 4588 D
1876 4523 1948 4580 de
1975 4521 2274 4579 communi
2305 4521 2662 4593 providentia
2691 4522 2879 4579 fuerat
2907 4521 3258 4589 ordinatum,
3283 4529 3340 4577 ut
3365 4526 3525 4578 uter-

114 4608 248 4671 flce,
283 4606 528 4681 benigne
558 4611 859 4676 tractatus,
880 4612 937 4665 et
958 4607 1292 4681 ingentibus
1313 4610 1481 4668 donis
1491 4615 1548 4669 et
1568 4613 1764 4688 ampla

114 4699 405 4757 remissus
434 4697 854 4769 munificentia,
879 4697 939 4756 in
971 4698 1195 4771 Syriam
1230 4699 1301 4755 ad
1335 4717 1573 4759 uxorem
1599 4708 1657 4759 et
1687 4704 1765 4762 l'a·

115 4787 343 4845 miliam
377 4791 511 4861 post
540 4786 860 4856 biennium,
885 4786 1035 4861 utin
1085 4790 1468 4861 sequentibus
1515 4792 1761 4867 dicetur,

117 4892 327 4948 sospes
381 4892 646 4934 reversus
694 4880 802 4933 est.
852 4876 1133 4936 Dominus
1192 4894 1323 4936 vero
1377 4881 1494 4937 dux
1529 4883 1765 4942 detento

116 4982 327 5025 secum
364 4964 582 5040 inclyto
610 4974 664 5023 et
697 4966 875 5024 nobili
908 4967 1033 5024 viro
1064 4968 1300 5024 domino
1323 4970 1645 5042 Tancredo,
1667 4990 1765 5031 co-

115 5056 259 5115 mite
290 5070 520 5128 quoque
539 5055 819 5114 Garnerio
839 5057 910 5114 de
928 5056 1070 5115 Gres
1083 5062 1137 5115 et
1151 5057 1280 5115 aliis
1291 5059 1645 5130 quibusdam
1664 5080 1767 5122 no·

114 5145 742 5214 bilibus,commissum
758 5145 869 5203 sibi
885 5146 1175 5204 aDomino
1190 5164 1437 5220 regnum
1452 5152 1768 5223 prudenter

113 5244 466 5310 strenueque
486 5236 954 5293 administrabat.
984 5236 1282 5295 concessit
1310 5244 1502 5297 autem
1524 5243 1582 5297 et
1595 5241 1766 5301 solita

110 5324 465 5383 liberalitate
494 5325 731 5382 donavit
751 5327 885 5398 jure
914 5325 1281 5383 hereditario
1325 5327 1383 5386 in
1419 5335 1762 5403 perpetuum

108 5415 550 5489 possidendam,
604 5415 809 5473 urbem
837 5413 1313 5473 Tiberiadensem
1362 5434 1540 5490 super
1569 5419 1761 5479 lacum

107 5506 373 5566 Genesar
399 5505 599 5574 sitam,
640 5521 773 5562 cum
817 5506 1086 5564 universo
1130 5506 1461 5579 principatu
1508 5507 1759 5585 Galileae,

105 5594 286 5654 simul
317 5601 375 5653 et
400 5593 722 5668 Geypham,
745 5610 877 5667 quo
895 5593 1009 5654 alio
1028 5596 1261 5658 nomine
1281 5595 1499 5656 dicitur
1518 5597 1759 5674 Porphi-

1870 4629 1985 4685 que
2014 4627 2321 4684 concessas
2380 4611 2491 4667 sibi
2534 4610 2855 4679 divinitus,
2887 4610 2986 4667 Dei
3018 4610 3291 4668 cultrices
3321 4610 3523 4678 urbes,

1871 4718 1988 4759 non
2044 4703 2417 4772 desererent;
2450 4702 2551 4758 sed
2610 4716 2810 4757 curam
2866 4700 2938 4756 ad
2991 4715 3187 4756 earum
3214 4698 3520 4756 tuitionem

1872 4792 2277 4864 impenderent
2319 4791 2680 4865 pervigilem,
2733 4806 2805 4847 ne
2881 4791 3029 4845 forte
3086 4787 3523 4846 recurrentibus

1872 4881 2166 4951 hostibus,
2200 4885 2257 4937 et
2313 4879 2593 4952 reparatis
2648 4879 2850 4952 copiis,
2887 4877 3141 4935 rediviva
3182 4881 3529 4950 pararentur

1877 4971 2048 5039 bella,
2079 4977 2137 5028 et
2194 4972 2279 5028 sic
2335 4971 2393 5027 in
2423 4973 2691 5044 {vacuum
2746 4973 3163 5028 cucurrissent.
3199 4969 3360 5028 Licet
3388 4987 3526 5045 ergo

1879 5066 2125 5133 uterque
2155 5061 2494 5134 negotiosus
2514 5069 2659 5119 esset
2680 5060 3017 5133 plurimum,
3035 5065 3232 5118 tamen
3250 5077 3528 5118 coneum·

1876 5149 2102 5208 mandes
2134 5150 2615 5223 peregrinationis
2662 5150 2849 5224 gratia
2892 5152 3256 5225 propositum
3289 5156 3522 5225 urgent,

1873 5246 1931 5297 et
1961 5240 2052 5297 die
2081 5241 2316 5313 praeiixa
2346 5240 2456 5297 iter
2485 5241 2792 5315 arripiunt.
2825 5241 3114 5298 Dominus
3146 5241 3342 5314 itaque
3372 5244 3521 5297 Boa-

1873 5330 2154 5397 mundus‚
2188 5330 2507 5401 assumptis
2560 5331 2789 5403 secum?⁴
2818 5330 2904 5388 eis
2953 5331 3214 5402 ejusdem
3265 5328 3527 5403 peregri·-

1870 5418 2124 5475 nationis
2157 5419 2444 5476 desiderio
2496 5418 2890 5491 trahebantur,
2924 5424 2981 5477 et
3021 5417 3365 5493 ingentibus
3395 5421 3524 5477 tam

1869 5507 2599 5584 equitumquam'peditum
2630 5510 2969 5585 copiis,jam
3008 5526 3198 5585 usque
3225 5508 3530 5568 Valeniam

1872 5597 2082 5657 urbem
2102 5599 2482 5673 maritimam,
2495 5617 2623 5674 quae
2636 5607 2724 5660 est
2743 5600 2851 5659 sub
2867 5605 3124 5660 castrum
3144 5604 3386 5675 Margat,
3400 5615 3531 5673 per·
