3784 6000
130 258 275 316 1169

1064 260 1436 320 EPISTOLAE
1471 260 1561 319 ΕΤ
1596 256 2026 319 PRIVILEGIA.
2064 293 2129 306 ·-
2171 263 2290 324 AN.
2330 264 2654 322 1182-1183.

3405 260 3548 319 1170

117 383 430 457 Hgionem,
457 384 632 443 liceat
654 387 829 444 vobis
852 385 1073 446 liberos
1101 392 1160 445 et
1186 387 1496 446 absolutos
1515 387 1777 455 recipere
1807 387 1854 441 A
1883 384 2140 446 dubium
2169 388 2408 448 valeant
2436 389 2719 457 revocari,
2744 387 3054 462 scripturas
3071 385 3539 446 suntfldeicom·

119 477 180 530 et
207 474 338 530 sine
363 474 832 532 contradictione
852 476 1058 548 aliqua
1085 477 1353 533 retinere.
1384 477 1447 532 ln
1465 476 1775 547 parocbia·

119 561 282 620 libus
318 577 461 620 vero
481 562 745 620 ecclesiis
766 581 920 636 quas
951 565 1375 622 habetisliceat
1403 564 1569 622 vobis
1588 563 1774 619 libere

118 651 370 709 idoneas
408 667 698 724 personas
746 653 982 725 eligere,
1029 660 1083 711 et
1114 654 1460 711 dioecesano
1490 652 1772 724 episcopo

119 743 503 812 proesentare,
531 741 748 812 quibus
765 741 1108 799 animarum
1120 757 1329 799 curam
1349 742 1477 813 ipse
1501 739 1774 798 commit-

122 831 227 898 tat,
255 828 340 886 ita
371 834 433 886 ut
456 828 538 884 illi
561 830 636 886 de
662 829 1097 902 spiritualibus,
1113 830 1282 888 vobis
1307 835 1508 888 autem
1524 829 1599 887 de
1626 835 1772 886 tem-

117 916 433 990 poralibus
450 918 712 976 debeant
726 919 1108 991 respondere.
1130 920 1328 976 Liceat
1344 920 1588 991 insuper
1600 918 1770 975 vobis

116 1006 194 1064 de
216 1006 554 1064 redditibus
571 1009 748 1065 unius
766 1009 1068 1082 parochias
1090 1008 1331 1066 duobus
1355 1008 1768 1066 sacerdotibus

115 1097 223 1170 qui
250 1096 515 1155 ecclesiae
545 1097 903 1165 deserviant,
919 1114 1055 1155 cum
1080 1098 1405 1172 episcopali
1419 1097 1769 1155 auctoritate

110 1202 224 1259 pro
261 1190 462 1244 vestra
489 1187 845 1245 discretione
887 1194 945 1244 et
973 1189 1219 1245 arbitrio
1290 1187 1619 1261 providere,
1685 1187 1768 1245 ita

113 1276 282 1348 quod
309 1290 469 1331 unus
498 1275 616 1332 alio
654 1276 872 1333 debeat
897 1277 1229 1348 subjacere,
1258 1275 1593 1333 dummodo
1618 1277 1766 1333 tanti

114 1364 235 1420 sint
260 1362 530 1420 redditus
546 1364 768 1437 quibus
781 1370 1029 1437 uterque
1043 1366 1232 1438 possit
1246 1380 1511 1436 congrue
1535 1370 1764 1421 susten-

113 1453 245 1509 tari.
278 1452 410 1508 Paci
438 1458 724 1524 praeterea
753 1458 810 1510 et
839 1454 1214 1512 indemnitati
1245 1462 1460 1512 vestroe
1512 1459 1765 1528 paterna

113 1539 512 1598 sollicitudine
533 1543 934 1614 providentes,
953 1545 1305 1601 auctoritate
1331 1542 1659 1615 apostolica
1678 1543 1764 1599 in-

111 1629 394 1688 hibemus
423 1645 499 1687 ne
527 1632 682 1703 quis,
717 1631 870 1690 intra
899 1633 1210 1690 clausuras
1240 1638 1296 1689 et
1325 1632 1590 1690 ambitus
1604 1632 1762 1688 loco·

110 1734 248 1776 rum
272 1718 730 1790 etgrangiarum
757 1725 1104 1793 vestrarum,
1125 1720 1391 1795 aliquam
1417 1720 1763 1778 violentiam
1799 1730 1841 1786 Β

113 1807 332 1872 facere,
355 1813 461 1865 aut
487 1806 798 1866 hominem
832 1810 1034 1883 aliqua
1058 1810 1392 1868 temeritate
1421 1825 1635 1883 capere
1659 1826 1766 1868 seu

112 1896 443 1955 interficere
460 1903 806 1970 praesumat.
821 1899 1073 1957 Prohibe
1081 1916 1217 1957 mus
1238 1898 1486 1973 insuper
1498 1914 1572 1957 ne
1583 1915 1766 1974 quos·

109 1986 257 2044 libet
277 1991 509 2044 vestros
538 1987 816 2046 homines
837 1992 1056 2046 temere
1083 1988 1405 2062 quisquam
1439 2004 1504 2046 ca
1515 2004 1652 2061 pere
1671 1989 1767 2047 vel

115 2091 152 2132 a
177 2074 451 2132 dominio
481 2081 679 2133 vestro
707 2076 988 2143 alienare,
1048 2083 1153 2135 aut
1174 2077 1456 2135 indebitis
1501 2077 1765 2150 hospita·

109 2163 345 2221 tionum
375 2164 902 2237 procurationibus
940 2171 997 2225 et
1033 2165 1311 2234 servitiis,
1339 2182 1445 2223 sen
1468 2165 1765 2239 quibusli-

109 2253 213 2311 bet
242 2252 478 2324 iniustis
502 2255 915 2312 exactionibus
945 2256 1166 2314 audeat
1216 2271 1564 2327 aggravare.
1612 2256 1765 2313 Sane

110 2341 426 2398 novalium
484 2347 840 2413 vestrorum,
871 2362 1006 2418 quoe
1033 2345 1288 2418 propriis
1344 2345 1630 2403 manibus
1673 2343 1763 2401 vel

110 2431 454 2502 sumptibus
483 2430 697 2496 colitis,
749 2439 808 2490 et
847 2433 921 2490 de
978 2434 1357 2491 nutrimentis
1407 2433 1761 2491 animalium

109 2524 475 2589 vestrorum,
511 2519 711 2577 nullus
743 2538 778 2577 a
809 2523 978 2578 vobis
991 2523 1259 2580 decimas
1278 2523 1513 2596 exigere
1542 2539 1764 2596 praesu-

110 2612 256 2664 mat.
291 2609 375 2665 Ad
403 2609 531 2666 hoec
555 2611 945 2683 praesentibus
968 2611 1173 2669 litteris
1186 2612 1527 2669 inhibemus
1541 2611 1762 2669 utnulli

106 2696 286 2753 liceat
311 2696 373 2754 in
394 2699 582 2756 fundo
597 2705 812 2767 vestro,
845 2700 938 2757 vel
955 2701 1015 2758 in
1038 2702 1524 2773 possessionibus
1554 2702 1632 2758 ad
1653 2717 1760 2758 vos

112 2787 543 2858 spectantibus.
576 2804 728 2861 quas
758 2789 835 2845 ad
856 2792 1128 2863 proprios
1158 2807 1300 2847 usus
1315 2790 1427 2847 sub
1452 2792 1765 2848 vestrodo-

112 2873 305 2930 minio
333 2877 618 2945 retinetis,
659 2878 784 2935 sine
817 2879 1052 2951 licentia
1073 2885 1129 2937 et
1172 2882 1520 2938 auctoritate
1567 2885 1764 2938 vestra

113 2961 437 3022 aedificium
464 2965 705 3040 aliquod
738 2967 1048 3027 fabricare.
1085 2968 1417 3027 lntlebitum
1445 2969 1620 3026 etiam
1635 2984 1764 3041 gra-

1884 475 2173 535 mittenda
2197 481 2255 535 et
2273 479 2621 550 apostolicas
2674 478 2937 536 tuitionis
2982 477 3319 535 munimine
3355 475 3534 533 robo-

1881 564 2094 622 randa.
2129 567 2473 639 Eapropter,
2504 566 2701 624 dilecti
2723 565 2847 630 filii,
2894 564 3107 623 vestris
3166 565 3346 636 justis
3390 564 3542 637 peti-

1882 651 2145 711 tionibus
2166 660 2337 726 grato
2358 661 2781 713 concurrentes
2811 669 3085 721 assensu,
3113 653 3534 711 refutationem

1879 755 2081 811 pravae
2112 744 2577 810 consuetudinis,
2606 760 2792 817 quam
2828 743 3156 800 Bulcardus
3192 743 3267 798 de
3315 745 3527 800 Monte·

1880 832 2259 890 morenciaco
2280 833 2342 889 in
2371 833 2559 889 vineis
2580 832 2791 889 vestrls
2820 831 3173 889 monasterii
3228 832 3288 888 in
3350 830 3536 888 Dioilo

1878 917 2018 975 villa
2031 919 2157 975 sitis
2188 920 2450 978 babebat
2473 938 2488 991 ;
2512 927 2569 978 et
2594 921 2950 991 rotagicum,
2974 920 3139 994 quod
3165 920 3225 976 in
3249 923 3406 976 terra
3420 934 3531 976 sua

1876 1005 2036 1063 idem
2072 1009 2395 1065 Bulcardus
2449 1010 2735 1077 habebat,
2780 1010 2930 1066 sicut
2978 1025 3048 1065 ea
3100 1007 3537 1065 rationabiliter

1874 1097 2240 1153 monasterio
2264 1104 2481 1165 vestro,
2508 1098 2790 1157 fratribus
2821 1098 2961 1164 suis.
2995 1101 3219 1154 Herveo
3242 1096 3532 1153 scilicetet

1873 1183 2238 1242 'theobaudo
2267 1186 2342 1243 de
2373 1187 2531 1245 Marii
2561 1187 2900 1245 volentibus
2932 1193 2988 1242 et
3020 1186 3410 1244 laudantibus
3440 1201 3526 1242 re·

1876 1273 2035 1330 misit
2064 1279 2245 1347 atque
2270 1277 2580 1344 concessit,
2609 1276 2957 1333 auctoritate
3006 1274 3340 1348 apostolica
3392 1288 3537 1331 con-

1872 1361 2192 1420 firmamus
2209 1369 2267 1421 et
2292 1367 2603 1437 praesentis
2629 1365 2832 1438 scripti
2857 1365 3185 1437 patrocinio
3197 1363 3532 1420 communi·

1876 1466 2031 1518 mus,
2060 1457 2387 1511 statuentes
2416 1459 2477 1512 ut
2509 1454 2654 1511 nulli
2683 1454 2932 1512 omnino
2984 1452 3302 1510 hominum
3360 1451 3533 1510 liceat

1871 1538 2029 1597 hanc
2055 1542 2343 1612 paginam
2387 1548 2605 1601 nostrae
2656 1541 3130 1600 confirmationis
3178 1540 3520 1613 intringere,

1874 1627 1967 1685 vel
1986 1630 2039 1684 ei
2064 1645 2217 1687 ausu
2245 1633 2560 1689 temerario
2576 1632 2892 1689 contraire.
2926 1631 2986 1688 Si
3003 1631 3139 1704 quis
3164 1634 3390 1696 autem,
3413 1632 3524 1687 etc.

2019 1720 2229 1775 Datum
2258 1721 2509 1788 velletri,
2543 1721 2813 1778 secundo
2831 1719 2975 1778 Idus
3007 1718 3197 1778 Martii
3223 1721 3383 1776 1182.

2578 1854 2820 1912 LXXXII.

2229 2003 2328 2059 Ad
2346 1998 2680 2073 capitulum
2725 1997 3142 2057 Narbonense.

2375 2144 2653 2220 (velletri,
2681 2143 2817 2204 Maii
2891 2143 3003 2210 16.)

2139 2290 2324 2364 [Gall.
2359 2288 2576 2348 Christ.
2606 2303 2768 2356 nov„
2808 2287 2895 2355 VI,
2926 2286 3122 2354 Instr„
3148 2284 3263 2357 464

1944 2461 2144 2518 Lucius
2167 2460 2512 2533 episcopus,
2544 2473 2749 2515 servus
2778 2471 3083 2514 servorum
3118 2454 3242 2522 Dei,
3296 2451 3527 2511 dilectis

1871 2551 2012 2608 filiis
2040 2549 2283 2623 capituli
2305 2545 2732 2634 Narbonensis,
2762 2540 3013 2602 salutem
3045 2548 3102 2601 et
3131 2540 3526 2618 apostolicam

1870 2638 2373 2697 benedictionem.

1943 2727 2259 2787 Venientes
2285 2727 2363 2784 ad
2392 2741 2505 2783 nos
2536 2723 2902 2781 venerabiles
2931 2721 3143 2779 tratres
3181 2720 3362 2778 nostri
3404 2719 3528 2778 Ma·

1873 2817 2220 2890 galonensis
2233 2821 2290 2872 et
2309 2813 2676 2872 Bitterrensis
2698 2811 2967 2887 episcopi
2993 2815 3197 2867 nostro
3209 2807 3532 2882 apparatui

1873 2909 2324 2976 suggesserunt,
2383 2903 2547 2977 quod
2601 2918 2742 2959 cum
2807 2899 3067 2957 Ecclesia
3124 2896 3326 2955 ves'tra'
3375 2901 3533 2954 esset

1872 3010 1994 3052 non
2018 2993 2212 3051 solum
2241 2993 2717 3067 archiepiscopo,
2750 2990 2858 3048 sed
2883 2989 3067 3048 etiam
3098 2985 3376 3062 personis
3397 2983 3531 3043 aliis

116 3068 335 3111 vamen
368 3071 403 3112 a
432 3056 603 3113 vobis
629 3073 909 3115 amovere
925 3058 1212 3125 volentes,
1239 3060 1298 3115 in
1324 3075 1431 3116 vos
1451 3063 1558 3115 aut
1582 3060 1765 3117 eccle·
1799 3080 1841 3139 C
1872 3082 2178 3151 demtum,
2203 3084 2551 3157 jug-amento
2605 3082 2869 3154 prffisuto
2924 3077 3306 3151 promisistis,
3365 3073 3532 3147 quod

119 3142 242 3198 sias
293 3151 525 3202 vestras
608 3146 900 3204 interdicti
977 3145 1071 3204 vel
1124 3147 1764 3206 excommunicationis

114 3232 494 3301 sententiam,
528 3234 656 3291 sine
700 3236 1020 3294 manifesta
1073 3241 1130 3293 et
1184 3235 1522 3293 rationabili
1555 3253 1761 3305 causa,

118 3320 367 3392 proferri
422 3330 720 3383 vetamus.
785 3323 1137 3397 Sepulturas
1196 3340 1445 3398 quoque
1490 3325 1763 3383 locorum

113 3417 470 3477 vestrorum,
527 3413 587 3467 in
639 3414 855 3485 quibus
924 3430 1024 3470 sex
1101 3414 1383 3471 monachi
1437 3413 1516 3469 ad
1562 3416 1765 3472 minus

113 3496 352 3567 fuerint,
386 3501 604 3558 liberas
636 3517 765 3558 esse
795 3502 1192 3573 decernimus,
1229 3507 1293 3559 ut
1321 3517 1529 3559 eorum
1577 3503 1766 3559 devo-

115 3587 258 3643 tioni
286 3593 342 3644 et
397 3595 675 3645 extremae
724 3590 1013 3647 voluntati
1067 3591 1170 3664 qui
1227 3607 1290 3648 se
1342 3589 1462 3647 illic
1527 3591 1765 3664 sepeliri

114 3674 595 3745 deliberaverint,
629 3680 744 3735 nisi
774 3680 1278 3737 excommunicati
1326 3680 1418 3736 vel
1473 3680 1762 3738 interdicti

117 3765 256 3827 sint,
301 3765 497 3822 nullus
525 3767 795 3836 obsistat,
836 3768 1003 3826 salva
1036 3773 1234 3826 tamen
1290 3769 1522 3827 illarum
1577 3770 1763 3828 eccle-

114 3853 338 3908 siarum
366 3856 658 3913 canonica
676 3856 906 3928 iustitia
931 3874 967 3915 a
990 3858 1208 3931 quibus
1241 3864 1615 3916 mortuorum
1639 3876 1764 3917 cor·

116 3956 266 4013 pora
283 3952 692 4002 assumuntur.
716 3945 862 4002 Cum
876 3951 1076 4004 autem
1092 3948 1369 4018 generale
1383 3947 1763 4005 interdictum

117 4034 284 4085 terrae
315 4030 510 4098 fuerit,
544 4031 714 4090 liceat
742 4033 912 4090 vobis
962 4035 1172 4092 fratres
1226 4039 1287 4091 et
1341 4036 1665 4092 servientes
1705 4038 1765 4094 in

116 4117 341 4175 eisdem
369 4119 650 4178 domibus
679 4128 1146 4189 commorantes,
1170 4132 1225 4179 et
1245 4139 1350 4180 eos
1376 4124 1480 4196 qui
1528 4140 1592 4180 se
1632 4125 1769 4182 reli-

1873 3172 2166 3230 mandato
2195 3170 2552 3228 venerabilis
2577 3169 2772 3226 fratris
2799 3168 2980 3226 nostri
3018 3164 3380 3225 Albanensis
3409 3162 3533 3236 epi·

1874 3262 2061 3334 scopi.
2085 3261 2189 3335 qui
2224 3265 2364 3317 tunc
2386 3259 2453 3316 in
2477 3259 2754 3333 partibus
2807 3256 2924 3314 illis
2980 3254 3292 3328 legationis
3323 3251 3528 3311 officio

1873 3349 2256 3422 fungebatur,
2302 3349 2377 3404 de
2423 3344 2797 3404 ordinatione
2847 3344 3040 3417 ipsius
3087 3342 3352 3401 ecclesiae
3403 3341 3532 3397 sine

1874 3437 2342 3496 contradictione
2372 3435 2642 3510 qualibet
2674 3433 2960 3507 pareretis
3003 3450 3018 3500 ;
3052 3436 3335 3488 caeterum
3385 3428 3532 3502 quia

1872 3527 2033 3583 idem
2051 3525 2393 3598 episcopus,
2418 3531 2740 3596 antequam
2758 3525 3020 3578 vestram
3037 3519 3355 3576 ecclesiam
3370 3516 3531 3575 ordi-

1873 3618 2095 3682 nasset,
2113 3615 2192 3671 ad
2222 3612 2423 3670 sedem
2438 3610 2832 3684 apostolicam
2851 3608 3049 3675 rediit,
3076 3622 3190 3665 nos
3209 3604 3530 3680 providere

1872 3701 2165 3768 volentes,
2195 3717 2269 3758 ne
2305 3701 2699 3774 personarum
2730 3698 2964 3755 defectu
3009 3697 3205 3754 eidem
3258 3691 3526 3751 ecclesia

1872 3790 2183 3867 quodlibet
2213 3789 2669 3848 incommodum
2697 3787 3048 3862 perveniret,
3099 3783 3386 3859 praedicto
3410 3781 3535 3856 epi·

1873 3897 2061 3953 scopo
2089 3879 2365 3938 dedimus
2390 3878 2450 3935 in
2486 3877 2815 3944 mandatis,
2866 3880 2933 3933 ut
2980 3875 3134 3932 sicut
3182 3890 3220 3932 a
3265 3872 3435 3931 vobis
3465 3872 3529 3929 in

1873 3986 2013 4028 eum
2039 3970 2320 4040 religione
2334 3966 2730 4040 jurisjurandi
2755 3964 2950 4022 tuerat
2994 3960 3528 4036 compromissum,

1868 4060 2001 4132 jam
2028 4059 2248 4115 dictam
2308 4055 2619 4114 ecclesiam
2675 4054 2982 4112 ordinaret
3013 4071 3028 4122 ;
3059 4053 3188 4126 ipse
3217 4066 3361 4109 vero
3389 4066 3532 4109 cum

1874 4147 2125 4208 consilio
2147 4147 2568 4219 praedictorum
2585 4144 3008 4218 episcoporum
3025 4147 3144 4199 tres
3161 4139 3531 4200 archidiaco-

116 4205 281 4275 Si⁰ni
325 4215 533 4265 vestrae
582 4211 968 4277 reddiderimv
1018 4212 1132 4269 nisi
1190 4212 1339 4269 ῙΟΓῑθ
1406 4214 1764 4271 ‘mmmmm
1872 4242 2052 4294 natus
2075 4241 2380 4304 vacantes,
2411 4241 2467 4291 et
2496 4234 2833 4291 sacristiam
2876 4232 2939 4288 in
2969 4233 3107 4306 ipsa
3164 4229 3420 4288 ecclesia
3453 4231 3534 4287 de

115 4294 328 4351 fuerint
356 4297 649 4355 interdicti
679 4299 772 4356 vel
796 4302 1323 4367 excommunicati,
1357 4302 1444 4359 vel
1500 4302 1664 4360 aliud
1690 4303 1765 4361 de
1873 4326 2148 4399 personis
2176 4321 3175 4387 idonei,ordinavii‚0tcanoni0um
3195 4319 3530 4394 quemdam

111 4385 338 4439 ratione
368 4385 679 4457 obstiterit,
702 4388 759 4444 in
792 4390 1147 4447 coemeteriis
1170 4392 1379 4447 vestris
1408 4390 1759 4450 Christianus
1796 4438 1843 4494 D
1873 4413 2149 4480 instituit,
2181 4412 2478 4472 mandam
2509 4411 2681 4469 vobis
2707 4411 2769 4469 in
2818 4412 3033 4467 virtute
3071 4410 3318 4484 prffistiu
3367 4408 3534 4482 jura.

116 4471 346 4528 ‘radere
371 4475 712 4575 sepulturffl·
745 4477 896 4534 Nulli
935 4494 1095 4550 01‘80·
1134 4522 1147 4535 ·
1196 4522 1208 4535 ·
1249 4522 1263 4537 ·
1874 4503 2069 4569 menti,
2101 4508 2161 4559 ut
2185 4517 2476 4575 personas
2491 4500 2623 4559 illas
2641 4502 2700 4559 in
2714 4516 2857 4557 suos
2881 4505 3261 4573 personatus,
3292 4501 3350 4556 et
3383 4512 3535 4570 prae-

184 4563 395 4619 Datum
425 4563 680 4630 Vellem·
709 4582 767 4622 V¹
804 4567 884 4622 ld·
921 4569 1076 4626 Maii·
1871 4591 2139 4650 bendam
2167 4591 2478 4649 admittere
2506 4590 2754 4647 minime
2790 4587 3097 4656 differatis,
3152 4592 3209 4643 et
3261 4584 3532 4642 redditus

818 4692 1039 4749 LXXXI.
1873 4685 1931 4739 et
1965 4682 2099 4738 loca
2129 4697 2240 4737 sna
2268 4680 2454 4737 libere
2485 4678 2836 4751 permittatis
2863 4675 3085 4733 habere
3115 4690 3131 4731 ε
3160 4689 3272 4731 nos
3303 4673 3535 4745 utique,

112 4794 553 4864 Refutationem
609 4810 817 4865 pram„
862 4800 1325 4867 consuetudinis,
1383 4816 1561 4873 quam
1625 4802 1765 4860 Bul·
1871 4770 2041 4843 quod
2069 4768 2143 4827 ab
2172 4768 2387 4826 eodem
2408 4764 2735 4866 Albanensi
2765 4764 2991 4823 factum
3019 4766 3136 4863 est,
3183 4764 3383 4819 ratum
3414 4760 3530 4819 ha-

186 4866 404 4922 cardus
455 4867 529 4924 de
575 4868 1165 4927 Montemorenciacio
1198 4871 1262 4928 in
1309 4872 1492 4930 vineis
1532 4889 1766 4933 monas·
1873 4854 3530 4927 b⁶¹²1082mandamusV0b¹⁸8tq1¹0prae0¹P¹mu⁸2q¹¹⁸²⁰·

186 4937 322 4992 terii
349 4938 413 4993 S.
446 4939 739 5009 Dionysii,
784 4944 842 4996 in
874 4941 1067 4998 Dioilo
1115 4943 1264 5000 villa
1292 4944 1440 5011 sitis,
1492 4944 1761 5013 habebat,

185 5015 237 5062 et
265 5009 583 5067 rotaticum
613 5012 773 5082 quod
797 5013 861 5068 in
888 5024 1048 5069 terra
1075 5029 1184 5071 sua
1212 5015 1367 5071 idem
1418 5016 1764 5075 Bulcardus

188 5078 456 5146 habebat,
477 5082 630 5138 sicut
652 5098 721 5139 ea
745 5085 1098 5141 monasterio
1120 5086 1367 5155 remisit,
1382 5106 1411 5141 n
1430 5088 1760 5157 confirmat.

648 5187 932 5260 (velletri,
958 5189 1087 5246 Maii
1124 5190 1232 5264 14.)

189 5291 486 5364 [Densum
519 5296 678 5355 Hist.
739 5298 1265 5371 deSaint-Denys,
1295 5304 1336 5355 t.
1394 5300 1435 5366 1,
1489 5315 1550 5373 p.
1615 5300 1764 5373 Sim]

188 5382 428 5448 Quoties
461 5384 572 5455 piis
599 5384 749 5441 locis
797 5393 854 5443 et
908 5387 1200 5458 religiosis
1249 5388 1518 5460 personis
1565 5387 1770 5463 aliqua

113 5471 496 5528 remittuntur
529 5489 639 5530 seu
672 5475 903 5545 pietatis
953 5476 1168 5534 intuitu
1229 5476 1640 5548 conferuntur,
1692 5492 1771 5536 ne

117 5558 181 5620 in
211 5565 521 5638 posterum
559 5561 814 5638 afioiajus
842 5564 1211 5640 malignitate
1234 5565 1552 5627 turbentur
1583 5566 1673 5627 vel
1706 5566 1771 5627 in
1844 5595 1861 5610 ·

1871 4961 1989 5003 nus
2016 4946 2095 5003 ad
2122 4946 2483 5003 mandatum
2510 4943 2702 5017 ipsius
2723 4941 3105 5006 Albanensis,
3160 4939 3315 4996 sicut
3366 4938 3534 5012 iura·

1874 5038 2077 5093 mento
2094 5034 2400 5099 tenemini,
2425 5033 2867 5091 ordinationem
2891 5030 3035 5105 ejus,
3057 5026 3529 5086 contradictione

1872 5129 1932 5182 et
1961 5123 2361 5197 appellatione
2373 5127 2667 5187 cessante,
2692 5123 2894 5180 ratam
2909 5118 3182 5177 habeatis
3194 5121 3251 5175 et
3270 5115 3530 5188 firmam,

1876 5228 1987 5270 nec
2018 5210 2203 5285 aliqui
2238 5215 2501 5268 vestrum
2531 5224 2821 5283 personas
2841 5209 2922 5267 ab
2944 5224 3037 5276 eo,
3068 5207 3224 5265 sicut
3244 5205 3534 5274 diximus,

1876 5301 2184 5359 ordinatas
2213 5297 2565 5372 impediant,
2583 5297 2907 5372 quominus
2949 5312 3057 5371 per
3108 5296 3533 5354 investituram

1878 5388 2203 5463 supradicti
2237 5387 2577 5446 Biterrensis
2602 5384 2848 5460 pacifice
2897 5386 3279 5459 praescriptos
3332 5397 3535 5457 perso·

1879 5483 2057 5537 natus
2086 5477 2357 5536 habeant
2397 5482 2455 5536 et
2505 5475 2921 5551 praebendam.

1954 5568 2173 5629 Datum
2203 5565 2453 5636 velletri,
2478 5566 2717 5627 decimo
2735 5564 2993 5642 septimo
3019 5563 3323 5626 Kalendas
3341 5562 3537 5625 Junii.
