3784 6000
210 262 337 324 ns

1149 267 1351 332 HlS'l'.
1398 267 1670 335 RERUM
1712 272 2260 336 TRANSMARIN.
2307 306 2384 320 —
2430 275 2576 338 LlB.
2622 278 2701 339 X.

3513 288 3636 354 su

211 402 483 458 creantes
514 399 700 457 :adeo
755 406 811 459 et
851 399 977 473 Jam
1025 404 1083 461 et
1134 402 1403 462 laborum
1431 407 1488 461 et
1517 404 1867 465 damnorum
1899 416 1952 481 Α
1982 408 2180 482 sugam
2203 414 2625 479 converteront,
2658 427 2817 482 cum,
2863 427 2996 472 ecce
3045 418 3364 492 resumptis
3391 419 3631 491 animis,

210 489 552 547 viderentur
593 488 988 554 immemores,
1037 496 1321 566 tanquam
1370 495 1677 553 sinistrum
1719 496 1865 554 nibil
1977 507 2310 555 nostrorum
2379 503 2753 573 paucitatem,
2777 518 3018 562 suorum
3077 523 3213 565 vero
3255 511 3628 570 attendentes

210 578 593 653 pertulissent
624 596 639 636 ι
676 581 895 652 quibus
934 596 1134 638 secum
1178 586 1519 657 assumptis,
1551 590 1609 642 et
1637 585 1863 659 legibus

211 667 619 737 humanitatis,
640 672 700 725 et
748 669 920 741 plena
966 670 1251 728 charitate
1280 672 1529 745 benigne
1575 676 1859 743 tractatis,

209 772 310 813 rex
336 755 803 831 Hierosolymam
832 758 1118 829 perduxit.
1144 760 1212 816 litt
1240 763 1512 833 quoniam
1536 778 1715 836 prope
1734 768 1861 821 erat

208 845 503 918 paschalis
530 845 897 914 solemnitas,
924 849 1277 906 transcursis
1326 850 1408 906 ibi
1436 851 1642 909 diebus
1670 853 1855 921 festis,

203 933 434 1007 Joppen
458 934 628 1008 quasi
654 935 713 992 in
746 937 994 1007 patriam
1026 938 1265 995 redituri
1298 947 1721 1012 pervenerunt3
1755 943 1856 998 ubi

204 1024 483 1080 dominus
521 1040 712 1081 comes
770 1025 1247 1095 pictaviensium,
1278 1028 1379 1100 qui
1414 1029 1599 1086 multa
1630 1046 1853 1102 preme·

206 1114 381 1170 batur
400 1112 744 1186 indigentia,
778 1132 979 1173 navem
1038 1117 1313 1175 similiter
1366 1119 1686 1192 ingressus,
1718 1138 1855 1194 pro-

204 1218 377 1275 spere
433 1202 576 1260 satis
630 1203 703 1260 ad
750 1220 917 1262 suam
958 1206 1217 1278 pervenit
1248 1208 1566 1280 regionem.
1600 1209 1851 1283 Uterque

203 1305 337 1348 vero
364 1293 698 1365 Stephanus
720 1310 923 1351 navem
945 1295 1217 1352 similiter
1255 1297 1526 1370 ingressi,
1543 1304 1848 1372 postquam

201 1380 303 1438 diu
330 1385 394 1437 et
431 1381 685 1439 multum
727 1383 952 1457 fatigati
983 1389 1121 1441 sunt
1174 1384 1234 1442 in
1265 1401 1512 1459 aequore,
1535 1390 1848 1446 contrariis

200 1470 317 1527 acti
346 1468 605 1538 flatibus,
635 1471 861 1546 «ioppen
887 1475 1076 1531 redire
1103 1475 1289 1534 coacti
1313 1482 1471 1533 sunt.

842 1584 1072 1643 CAPUT
1110 1586 1228 1645 XX.

196 1679 453 1751 AEqyptii
477 1692 604 1734 cum
658 1675 893 1747 infinitis
947 1676 1117 1747 copiis
1157 1675 1292 1745 fines
1321 1675 1712 1746 inat-adiuntur
1738 1692 1838 1733 no-

266 1754 427 1805 stros.
461 1754 578 1806 nex
603 1746 723 1806 iuis
742 1750 975 1806 occurrit
994 1765 1016 1811 ,-
1036 1749 1311 1804 incautius
1337 1753 1552 1819 pitanae
1579 1764 1707 1804 cum
1736 1751 1837 1820 eis,

266 1828 327 1877 et
352 1821 629 1880 vincitur.

265 1930 529 2003 cumque
557 1944 768 1986 omnes
816 1926 914 1984 isti
956 1927 1174 1998 pariter
1203 1942 1429 1985 moram
1460 1928 1540 1985 ibi
1574 1928 1850 1985 facerent·

189 2016 539 2075 Ascalonita
595 2017 889 2087 adjnnctis
946 2016 1060 2073 sibi
1119 2031 1189 2073 ex
1239 2016 1313 2073 iis
1344 2016 1443 2088 qui
1472 2017 1542 2074 de
1575 2016 1847 2089 proedicto

189 2107 393 2181 praelio
421 2109 726 2164 evaserant
753 2105 1057 2178 AEgyptlis,
1089 2109 1147 2161 et
1192 2104 1415 2177 ingenti
1458 2106 1669 2162 militia
1712 2122 1851 2162 cou-

188 2201 599 2272 gregata,un
628 2196 699 2252 ad
729 2210 1040 2251 numerum
1056 2195 1256 2265 viginti
1273 2195 1522 2252 millium
1547 2196 1852 2255 dicebatur

186 2284 481 2354 accedere,
514 2284 664 2341 flues
687 2288 920 2342 nostros
950 2283 1105 2341 cirea
1144 2284 1412 2354 Liddam,
1439 2284 1763 2343 Sauronam
1793 2289 1851 2344 et

186 2374 773 2449 Rsmuiamiugressi
797 2378 973 2432 sunt:
1002 2375 1155 2447 quod
1179 2380 1242 2431 ut
1271 2376 1509 2432 domino
1541 2377 1657 2447 regi
1697 2394 1848 2433 nun.

182 2466 397 2523 tiatum
426 2471 534 2534 est,
570 2470 775 2538 praeter
800 2480 1020 2522 morem
1036 2480 1097 2521 se
1119 2463 1340 2520 habeus
1371 2464 1548 2521 nimis
1591 2467 1845 2536 provide,

182 2571 299 2612 nou
329 2555 668 2613 convocatis
705 2570 775 2611 ex
797 2554 1065 2610 finitimis
1098 2554 1341 2611 urbibus
1373 2552 1727 2612 militaribus
1757 2572 1849 2613 co-

180 2643 317 2719 piis,
339 2644 446 2701 sed
479 2643 551 2700 de
572 2660 680 2700 sua
707 2642 921 2700 virtute
944 2659 1337 2715 praesumens3
1364 2659 1479 2699 nou
1500 2643 1845 2717 exspectatis

190 2735 373 2791 etiam
405 2733 481 2790 iis
511 2733 610 2805 qui
635 2748 835 2791 secum
867 2738 1033 2790 erant
1061 2732 1122 2788 in
1150 2732 1313 2799 urbe,
1340 2749 1615 2805 properus
1644 2734 1845 2792 nimis»

189 2812 309 2881 iuic
332 2838 612 2896 princeps,
642 2822 737 2879 vix
782 2838 982 2879 secum
1022 2823 1305 2879 ducentos
1345 2821 1569 2879 habens
1598 2824 1846 2895 equites,

194 2914 341 2970 urbe
373 2928 652 2986 egressus
672 2916 781 2970 est.
816 2911 992 2968 Porro
1019 2912 1102 2967 iili
1134 2911 1384 2981 nobiles,
1407 2911 1657 2983 sumptis
1685 2912 1849 2981 equis

188 3008 397 3061 mutuo
417 3004 493 3060 ab
512 3003 719 3061 amicis
740 3008 798 3060 et
826 3000 1114 3076 cognatis,
1133 3000 1595 3076 ignominiosum
1616 3003 1729 3060 sihi
1756 3020 1846 3061 re·

188 3099 469 3167 putantes
497 3093 549 3152 si
571 3097 730 3151 tanta
751 3095 1054 3167 ingruente
1075 3093 1413 3150 necessitate
1441 3093 1555 3165 ipsi
1586 3094 1849 3153 frueren-

1976 588 2425 655 multitudiuem,
2446 590 2819 649 exhortantes
2851 609 2914 649 se
2944 594 3294 668 adinvicem,
3324 598 3533 657 iterato
3563 616 3628 659 se

1973 676 2248 751 ingerunt
2276 679 2700 747 vehementius,
2732 687 2790 738 et
2823 688 3081 755 nostros,
3137 694 3198 742 ut
3243 688 3624 758 praediximus

1970 766 2294 839 adegerunt
2323 769 2380 824 iu
2409 770 2639 837 fugam:
2669 771 2770 842 qui
2810 776 3005 828 autem
3048 775 3174 830 sani
3198 782 3528 847 evaserunt,
3561 778 3621 835 in

1968 855 2246 926 oppidum
2267 857 2577 913 Ramulam
2607 874 2670 914 se
2699 860 3084 930 conserentes,
3111 863 3362 921 salutem
3395 883 3458 923 se
3488 882 3622 940 spe·

1967 944 2174 1001 rabant
2203 946 2511 1003 invenisse.
2540 948 2882 1006 Ceciderunt
2905 951 2963 1006 in
2995 968 3063 1008 ea
3092 954 3214 1010 acie
3244 959 3490 1028 uterque
3513 972 3618 1017 co·-

1967 1049 2090 1089 mes
2120 1034 2466 1106 Stephanus,
2497 1044 2550 1092 et
2580 1037 2678 1092 alii
2733 1040 2981 1103 nobiles,
3013 1058 3266 1113 quorum
3297 1060 3616 1105 numerum

1961 1123 2050 1177 vel
2085 1124 2322 1180 nomina
2351 1142 2468 1183 non
2509 1134 2793 1184 tenemus.
2845 1131 3383 1202 congratulandum
3416 1142 3525 1205 est,
3551 1141 3620 1195 ut

1962 1211 2130 1267 nobis
2162 1213 2404 1284 videtur,
2438 1213 2571 1271 huic
2592 1216 2713 1272 viro
2744 1217 2943 1285 nobili,
2977 1223 3035 1275 et
3054 1222 3210 1291 apud
3229 1237 3371 1279 suos
3390 1228 3448 1280 et
3471 1240 3608 1282 san-

1958 1302 2154 1373 guinis
2176 1305 2561 1374 generositate
2582 1310 2640 1361 et
2658 1322 2899 1377 operum
2914 1309 3351 1381 magnificentia
3373 1312 3616 1383 praecla·

1956 1392 2246 1457 ro,comiti
2260 1392 2524 1451 videlicet
2535 1393 2914 1452 Carnoteusiu
2926 1413 3004 1459 m,
3019 1397 3257 1455 domiuo
3291 1399 3612 1473 Stephano.

1955 1478 2190 1536 Certum
2205 1481 2459 1539 esteuim
2474 1484 2626 1555 quod
2644 1484 2808 1555 Juxta
2823 1500 3096 1558 magnam
3131 1487 3614 1565 misericordiam,

1954 1584 2125 1626 suam
2146 1570 2263 1643 egit
2293 1586 2428 1628 cum
2487 1588 2553 1629 eo
2615 1573 2915 1642 Dominus,
2946 1576 3044 1632 cui
3072 1581 3324 1634 veterem
3356 1579 3608 1638 infamiis

1952 1667 2168 1721 notam.
2203 1676 2379 1733 quam
2410 1660 2484 1717 ab
2513 1661 2879 1732 expeditione
2929 1665 3163 1738 rugiens
3224 1670 3609 1739 Antiochena,

1878 1788 1929 1854 B
1959 1747 2366 1807 miserabiliter
2385 1754 2771 1820 contraxerat,
2804 1754 3025 1825 optimo
3057 1756 3172 1812 ilne
3209 1757 3444 1815 abolere
3471 1774 3618 1817 con·

1964 1838 2172 1906 cessit3
2207 1854 2313 1897 nec
2340 1839 2498 1896 enim
2551 1841 2755 1898 merito
2776 1841 2828 1898 ei
2858 1844 2931 1899 ad
2967 1861 3190 1902 naevum
3224 1845 3613 1918 imputabitur

1963 1925 2035 1982 de
2055 1930 2279 1996 cisterc,
2313 1930 2466 2001 quod
2491 1933 2611 1986 tam
2647 1931 2835 1987 fausto
2884 1933 2999 1988 ilue
3031 1934 3292 1991 redemit.
3325 1938 3470 1992 Nam
3505 1936 3613 2008 qui

1963 2031 2066 2088 pro
2095 2015 2307 2073 Christi
2339 2018 2577 2075 nomine
2596 2019 2981 2087 decertantes,
3002 2021 3064 2077 iu
3098 2022 3221 2079 acie
3253 2022 3515 2080 fidelium
3547 2029 3612 2083 et

1959 2102 2291 2163 Christiana
2318 2106 2522 2163 militia
2566 2107 2840 2165 dicuntur
2865 2112 3231 2180 occumbere,
3257 2128 3372 2168 non
3415 2112 3608 2170 solum

1960 2195 2525 2258 iufamiamrerumet
2545 2197 2950 2270 peccaminum
2970 2204 3029 2255 et
3046 2199 3392 2258 delictorum
3414 2203 3612 2260 omui-

1961 2288 2189 2344 modam
2220 2287 2514 2344 credimus
2538 2287 2915 2346 abolitionem
2946 2291 3281 2362 promereri.

2570 2394 2799 2452 CAPUT
2834 2394 2983 2453 xx1.

1957 2486 2092 2551 Rex,
2122 2482 2344 2554 sapiens
2373 2484 2438 2541 ds
2462 2482 2689 2556 praelio,
2721 2486 2782 2541 in
2818 2495 3063 2542 castrum
3082 2488 3486 2546 [tumulemus
3513 2504 3606 2547 re·-

2026 2556 2562 2698 ξὲιέἓιέωοὲἔῖἑιξιαῗε
2577 2558 2779 2613 Arabis
2835 2558 3088 2629 beneficio
3147 2558 3405 2631 eripitur,
3472 2560 3606 2618 aliis

2029 2733 2144 2790 Rex
2171 2750 2329 2803 vero,
2359 2733 2468 2791 etsi
2500 2734 2572 2790 de
2596 2734 2792 2807 oppidi
2841 2735 3167 2794 munitione
3197 2753 3313 2794 non
3353 2737 3604 2796 multum

1959 2828 2359 2896 praesumeret,
2391 2829 2587 2881 tamen
2619 2829 2684 2880 nt
2714 2823 2923 2882 mortis
2944 2826 3261 2884 imminens
3287 2826 3609 2886 declinaret

1959 2912 2729 2985 dispendium,vidensquod
2744 2913 3116 2972 circumfusis
3142 2915 3398 2973 hostium
3420 2915 3608 2991 agmi-

1960 3003 2137 3060 nibus
2182 3002 2330 3059 alias
2382 3020 2499 3060 uon
2545 3003 2798 3060 dabatur
2854 3004 2905 3059 ei
2936 3006 3216 3063 evadendi
3247 3007 3431 3076 locus,
3462 3023 3602 3065 cum

1960 3091 2091 3149 aliis
2120 3091 2348 3148 intusin
2375 3092 2760 3164 municipium
2782 3109 2845 3149 se
2857 3092 3376 3169 recepit3dumque
3399 3096 3469 3153 de
3489 3095 3604 3153 vita

188 3194 284 3243 tur
340 3183 487 3253 otio,
518 3200 624 3242 nec
670 3184 914 3241 fratrum
970 3182 1262 3240 laboribus
1321 3183 1843 3256 communicarent,
1875 3142 1920 3210 c
1956 3184 2014 3239 et
2041 3181 2230 3238 salute
2260 3185 2380 3238 tota
2402 3185 2570 3238 nocte
2591 3181 2900 3248 sollicitus,
2924 3184 3082 3240 curis
3103 3184 3378 3257 gravibus
3402 3199 3602 3243 urere·

186 3275 413 3348 egressi
462 3277 601 3331 sunt
643 3273 881 3346 pariter,
923 3273 1227 3330 dominum
1284 3289 1476 3344 regem
1508 3278 1842 3346 sequentes.

183 3369 306 3422 Rex
336 3379 472 3420 vero
499 3360 601 3436 qui
632 3361 780 3418 alios
839 3361 1005 3419 nimis
1056 3362 1286 3418 incaute
1319 3366 1708 3435 praecesserat,
1744 3364 1846 3421 uhi

184 3454 448 3514 bostium
463 3453 894 3527 contemplatus
914 3458 1003 3511 est
1025 3453 1303 3526 legiones,
1325 3453 1623 3510 admirans
1641 3452 1845 3510 multi-

184 3544 479 3610 tudinem,
508 3541 646 3600 facti
703 3542 876 3614 coepit
936 3541 1236 3615 poenitere,
1268 3551 1542 3615 reputans
1590 3543 1745 3616 apud
1779 3557 1843 3600 se

182 3649 317 3691 vere
346 3632 571 3689 dictum
597 3647 613 3688 ε

378 3721 520 3778 Uale
536 3731 735 3778 cuncta
762 3721 1050 3778 ministrat

252 3810 497 3882 Impetus
524 3824 551 3878 ,⁰

1358 3879 1621 3937 Sua-ms.

180 3992 415 4062 optaret
443 3987 802 4045 convenisse
822 4003 918 4056 se3
943 4004 1144 4045 verum
1184 3988 1327 4045 adeo
1356 3987 1610 4044 hostium
1634 3986 1838 4045 cohor-

181 4079 347 4137 tibus
376 4095 441 4136 se
470 4077 860 4148 immerserat,
893 4083 957 4134 ut
979 4079 1103 4149 Jam
1136 4093 1243 4135 nec
1266 4078 1476 4150 pudor,
1502 4093 1606 4134 uec
1629 4078 1836 4136 mortis

182 4167 513 4241 perieulum
543 4166 797 4224 reditum
827 4168 1156 4223 suaderent.
1183 4169 1258 4221 At
1284 4181 1419 4222 vero
1449 4165 1550 4237 qui
1581 4165 1639 4222 in
1671 4182 1833 4223 exer-

180 4258 300 4314 citu
360 4255 625 4314 hostium
683 4258 851 4311 erant
896 4254 1298 4325 prudentiores
1324 4259 1384 4311 et
1412 4255 1470 4311 in
1504 4270 1564 4312 re
1593 4254 1834 4312 militari

179 4345 472 4417 majorem
501 4342 796 4400 habehant
824 4342 1258 4414 experientiam,
1293 4342 1553 4399 videntes
1600 4347 1832 4400 nostros

179 4437 395 4506 proter
412 4447 635 4490 morem
657 4431 905 4503 abseque
927 4430 1185 4503 peditum
1211 4430 1544 4501 manipulis,
1567 4432 1829 4505 equitum

1956 3277 2070 3340 tur,
2099 3287 2229 3328 ecce
2259 3271 2622 3343 intempesta!
2646 3271 2830 3328 noctis
2860 3270 3113 3341 silentio,
3137 3273 3210 3330 ab
3257 3273 3518 3332 bostium
3539 3289 3603 3332 ss

1953 3360 2299 3417 subtrahens
2347 3359 2624 3428 exercitu,
2666 3360 2856 3417 adfuit
2912 3362 3127 3435 oppido
3148 3362 3399 3431 vicinus,
3435 3363 3600 3421 solus

1953 3448 2176 3522 absque
2204 3449 2508 3516 comitatu,
2540 3449 2852 3520 praedictus
2889 3449 2987 3506 ille
3019 3451 3234 3508 nobilis
3285 3453 3356 3509 de
3386 3452 3598 3510 Arabia

1951 3537 2245 3611 princeps,
2268 3539 2438 3606 cujus
2468 3537 2630 3593 uxori
2652 3537 2927 3594 dominus
2943 3555 3062 3607 rex,
3083 3543 3149 3595 ut
3175 3539 3594 3612 premisimus,

1951 3628 2181 3685 modico
2211 3630 2348 3683 aute
2378 3630 2659 3698 tempore,
2694 3625 2851 3682 lanta
2881 3627 3224 3684 exhibuerat
3252 3628 3597 3687 humanita-

1947 3720 2068 3773 tem
2093 3734 2109 3784 3
2136 3731 2358 3771 memor
2386 3730 2528 3771 saue
2558 3713 2751 3770 collati
2775 3714 3044 3771 beneficii
3064 3720 3124 3772 et
3154 3717 3594 3789 ingratitudinis

1948 3803 2246 3861 declinans
2276 3808 2600 3876 peccatum,
2636 3820 2951 3876 suppressa
2970 3821 3131 3873 voce,
3150 3805 3221 3861 iis
3247 3806 3346 3879 qui
3379 3808 3436 3862 in
3461 3822 3592 3862 mu-

1948 3909 2009 3952 ro
2036 3898 2222 3962 eraut,
2253 3892 2482 3951 locutus
2527 3897 2637 3962 est,
2669 3891 2868 3950 diceus
2902 3908 2916 3949 :
2951 3893 3136 3949 Verba
3173 3895 3350 3951 habeo
3375 3895 3459 3951 nd
3484 3893 3590 3950 do·

1944 3985 2159 4039 minum
2186 3996 2366 4052 regem
2420 3983 2732 4050 secretiora,
2761 3996 2889 4054 quae
2933 3984 3148 4055 perfero
3177 3999 3199 4046 ,·
3228 3984 3396 4055 tacite
3424 3987 3486 4041 ut
3514 3982 3586 4040 nd

1944 4089 2068 4132 eum
2096 4075 2461 4138 introducam
2489 4072 2714 4144 expedit
2736 4073 2903 4129 enim.
2936 4071 3097 4137 Quod
3131 4077 3442 4146 postquam
3481 4074 3588 4132 dc·

1944 4164 2104 4219 mino
2126 4161 2243 4234 regi
2277 4161 2610 4218 nuntiatum
2635 4166 2746 4228 est,
2777 4162 3018 4219 verbum
3041 4163 3306 4233 admisit,
3329 4167 3387 4220 et
3415 4163 3584 4220 iilum

1943 4251 2215 4323 praecepit
2241 4249 2531 4306 introduci
2555 4265 2571 4317 ;
2593 4249 2696 4322 qui
2718 4249 3033 4317 admissus,
3068 4265 3260 4325 regem
3303 4251 3435 4324 quis
3459 4249 3587 4324 ipae

1941 4338 2036 4407 sit,
2065 4339 2268 4395 edocet
2300 4354 2314 4394 ε
2355 4338 2702 4395 beneficium
2718 4340 2873 4412 quod
2896 4339 2970 4396 ab
2999 4355 3067 4396 eo
3087 4341 3146 4396 iu
3177 4355 3355 4398 uxore
3374 4354 3589 4398 suare-

1940 4437 2188 4501 ceperat,
2220 4429 2291 4486 ad
2317 4428 2657 4486 memoriam
2689 4443 2964 4486 revocans
2989 4447 3003 4498 3
3035 4434 3095 4486 et
3120 4432 3251 4502 eius
3281 4446 3342 4487 se
3363 4428 3581 4487 intuitu

180 4536 421 4595 quoque
444 4524 687 4589 turmas,
714 4521 1101 4593 praetermisso
1140 4520 1344 4577 ordine
1369 4520 1607 4578 militari
1626 4521 1835 4579 eoniu-
1869 4520 1914 4587 D
1945 4518 2030 4575 illi
2045 4518 2362 4592 obligatum
2392 4526 2664 4591 perpetuo
2695 4519 2765 4575 ad
2799 4520 3217 4577 retundendam
3247 4520 3431 4577 vicem
3463 4534 3582 4575 uon

176 4627 282 4669 sas
312 4610 608 4681 accedere,
638 4617 932 4682 emperunt
961 4610 1116 4681 apud
1155 4625 1219 4666 se
1251 4610 1529 4680 majorem
1553 4610 1624 4667 de
1643 4610 1826 4668 victo-

175 4701 267 4757 ria
297 4711 469 4773 spem
499 4697 715 4755 habere
746 4714 762 4754 ε
798 4698 949 4754 unde
979 4697 1114 4755 iacti
1160 4698 1561 4766 animosiores,
1585 4698 1825 4770 digestis

176 4791 239 4847 in
273 4789 540 4846 ordinem
571 4787 828 4852 aciebus,
853 4803 969 4845 uuo
990 4787 1210 4859 impetu
1234 4787 1294 4844 in
1313 4793 1546 4845 nostros
1568 4789 1825 4860 irruunt,

179 4876 654 4935 tantuinstantes
684 4877 1030 4944 animosius,
1064 4881 1281 4948 quanto
1322 4891 1421 4935 eos
1442 4878 1705 4936 ordinem
1739 4895 1828 4935 so·

178 4964 358 5022 litum
388 4965 574 5039 magis
604 4965 925 5038 neglexisse
943 4970 1389 5037 conspexerant.
1411 4967 1686 5039 Oppressi
1716 4968 1827 5025 ita-

176 5053 661 5129 queirrueatium
685 5053 1085 5111 vehementius
1106 5054 1327 5126 ingenti
1352 5056 1748 5125 multitudine,
1767 5061 1828 5115 et

174 5143 321 5204 beili
351 5145 593 5218 pondus
624 5144 770 5201 ferre
800 5160 914 5202 non
962 5143 1242 5210 valentes,
1274 5145 1439 5202 cissis
1474 5145 1737 5218 pluribus
1763 5146 1823 5204 in

176 5233 381 5305 lugam
412 5231 565 5290 versi
600 5240 771 5302 sunt3
805 5232 906 5305 qui
954 5236 1148 5290 tamen
1192 5233 1253 5289 iu
1292 5233 1563 5290 conflictu
1596 5233 1827 5293 cecide-

172 5323 647 5390 ruut,eruentam
664 5321 929 5379 hostibus
948 5321 1018 5377 de
1029 5337 1092 5378 se
1106 5322 1471 5395 reliquerunt
1482 5322 1787 5382 victoriam
1807 5343 1823 5395 3

170 5427 316 5471 nam
350 5425 539 5484 saque
585 5411 656 5468 ad
706 5425 1040 5484 supremum
1085 5412 1313 5468 deiectu
1346 5412 1710 5471 decertantes
1732 5414 1823 5471 vi-

170 5499 385 5568 riliter,
416 5515 489 5557 ex
526 5499 797 5558 hostibus
844 5498 1132 5572 plurimos
1162 5498 1376 5573 gladiis
1405 5501 1674 5558 cominus
1712 5505 1823 5560 ob-

170 5593 505 5658 truncatos,
546 5585 805 5664 reliquos
850 5587 1151 5648 dissolutis
1187 5588 1519 5662 agminibus
1556 5605 1703 5665 pene
1758 5592 1825 5654 in

1933 4608 2282 4666 dissimilem
2312 4624 2599 4674 asserens,
2630 4623 2821 4676 regem
2853 4608 3091 4664 iustruit
3122 4613 3184 4665 ut
3211 4609 3282 4665 de
3310 4604 3579 4680 presidio

1932 4696 2601 4769 egrediatur,cousilium
2644 4695 2908 4767 pandens
2931 4695 3214 4758 bostium.
3231 4693 3390 4768 quod
3411 4709 3580 4750 sum-

1935 4802 2031 4844 mo
2053 4802 2223 4843 mane
2275 4788 2530 4841 castrum
2585 4784 2833 4840 debeant
2898 4784 3202 4840 obsidione
3252 4782 3493 4851 vallare,
3523 4785 3584 4839 et

1933 4891 2133 4933 omues
2186 4875 2346 4931 intus
2394 4871 2847 4945 comprehensos
2894 4872 2952 4927 in
2985 4871 3187 4930 mortis
3218 4872 3579 4945 precipitare

1933 4964 2279 5021 seutentiam
2315 4980 2329 5019 τ
2359 4964 2522 5033 Juxta
2571 4961 2726 5033 quod
2746 4962 3049 5018 dominum
3074 4976 3266 5034 regem
3301 4963 3582 5019 monetut
3699 4957 3704 4962 ’

1933 5067 2133 5110 secum
2163 5051 2514 5125 egrediatur,
2548 5051 2843 5121 spondeus
2894 5066 2977 5120 se,
3009 5057 3246 5110 auctore
3305 5050 3576 5122 Domino,

1933 5147 2210 5216 tanquam
2251 5140 2514 5197 locorum
2551 5139 2831 5213 peritum,
2859 5155 2994 5198 eum
3027 5141 3084 5197 in
3118 5145 3243 5198 tuto
3274 5140 3398 5197 siue
3421 5138 3578 5196 diffi-

1933 5232 2150 5289 cultate
2177 5229 2587 5304 repositurum.
2621 5229 3002 5303 Tandemque
3021 5246 3118 5287 rex
3137 5246 3411 5305 egressus
3432 5244 3574 5285 oum

1932 5337 2018 5389 eo,
2053 5319 2420 5394 paucissimis
2447 5317 2787 5386 comitatus,
2819 5335 2891 5376 ne
2919 5320 3064 5377 sorte
3096 5321 3144 5376 si
3165 5318 3419 5392 majores
3436 5322 3572 5374 tur·-

1931 5412 2033 5469 bas
2086 5410 2357 5476 traheret,
2383 5406 2703 5467 hostiumiu
2735 5406 3576 5476 seconcitaretexeroitum,il-

1929 5499 2053 5558 lum
2082 5514 2334 5573 sequeus
2353 5498 2428 5556 ad
2449 5501 2726 5556 montana
2743 5499 3085 5557 conscendit
3106 5515 3122 5556 ι
3145 5499 3245 5556 ubi
3271 5497 3576 5572 pradictus

1934 5589 2149 5652 nobilis
2187 5590 2262 5649 ab
2280 5603 2348 5648 eo
2375 5587 2732 5663 digrediens,
2765 5588 2838 5646 ad
2883 5587 3144 5650 hostium
3175 5588 3582 5664 expeditiones
