<?xml version="1.0" encoding="UTF-8"?>
<!DOCTYPE html PUBLIC "-//W3C//DTD XHTML 1.0 Transitional//EN"
    "http://www.w3.org/TR/xhtml1/DTD/xhtml1-transitional.dtd">
<html xmlns="http://www.w3.org/1999/xhtml" xml:lang="en" lang="en">
 <head>
  <title>
</title>
<meta http-equiv="Content-Type" content="text/html;charset=utf-8" />
  <meta name='ocr-system' content='tesseract 3.04.00' />
  <meta name='ocr-capabilities' content='ocr_page ocr_carea ocr_par ocr_line ocrx_word'/>
</head>
<body>
  <div class='ocr_page' id='page_1' title='image "./patrologiaecurs32goog_0242.png"; bbox 0 0 3784 6000; ppageno 0'>
   <div class='ocr_carea' id='block_1_1' title="bbox 177 281 300 346">
    <p class='ocr_par' dir='ltr' id='par_1_1' title="bbox 177 281 300 346">
     <span class='ocr_line' id='line_1_1' title="bbox 177 281 300 346; baseline -0.033 0"><span class='ocrx_word' id='word_1_1' title='bbox 177 281 300 346; x_wconf 67' lang='lat'><strong>475</strong></span> 
     </span>
    </p>
   </div>
   <div class='ocr_carea' id='block_1_2' title="bbox 178 482 1833 1726">
    <p class='ocr_par' dir='ltr' id='par_1_2' title="bbox 178 482 1833 1726">
     <span class='ocr_line' id='line_1_2' title="bbox 178 482 1828 578; baseline -0.018 -15"><span class='ocrx_word' id='word_1_2' title='bbox 178 520 321 578; x_wconf 87' lang='lat' dir='ltr'><strong>pore</strong></span> <span class='ocrx_word' id='word_1_3' title='bbox 379 505 709 576; x_wconf 88' lang='lat' dir='ltr'><strong>opportuno</strong></span> <span class='ocrx_word' id='word_1_4' title='bbox 768 495 1121 567; x_wconf 87' lang='lat' dir='ltr'><strong>promittens</strong></span> <span class='ocrx_word' id='word_1_5' title='bbox 1177 484 1561 543; x_wconf 81' lang='lat' dir='ltr'><strong>devotionem.</strong></span> <span class='ocrx_word' id='word_1_6' title='bbox 1586 482 1657 537; x_wconf 81' lang='lat' dir='ltr'><strong>At</strong></span> <span class='ocrx_word' id='word_1_7' title='bbox 1694 494 1828 536; x_wconf 90' lang='lat' dir='ltr'><strong>vero</strong></span> 
     </span>
     <span class='ocr_line' id='line_1_3' title="bbox 184 573 1826 659; baseline -0.017 -8"><span class='ocrx_word' id='word_1_8' title='bbox 184 592 384 651; x_wconf 89' lang='lat' dir='ltr'><strong>hostes</strong></span> <span class='ocrx_word' id='word_1_9' title='bbox 404 587 644 646; x_wconf 88' lang='lat' dir='ltr'><strong>victoria</strong></span> <span class='ocrx_word' id='word_1_10' title='bbox 666 584 854 659; x_wconf 88' lang='lat' dir='ltr'><strong>potiti,</strong></span> <span class='ocrx_word' id='word_1_11' title='bbox 884 597 983 638; x_wconf 88' lang='lat' dir='ltr'><strong>eos</strong></span> <span class='ocrx_word' id='word_1_12' title='bbox 1010 581 1107 652; x_wconf 91' lang='lat' dir='ltr'><strong>qui</strong></span> <span class='ocrx_word' id='word_1_13' title='bbox 1131 573 1572 647; x_wconf 88' lang='lat' dir='ltr'><strong>intraoppidum</strong></span> <span class='ocrx_word' id='word_1_14' title='bbox 1603 586 1666 627; x_wconf 88' lang='lat' dir='ltr'><strong>ee</strong></span> <span class='ocrx_word' id='word_1_15' title='bbox 1688 585 1826 625; x_wconf 93' lang='lat' dir='ltr'><strong>con·</strong></span> 
     </span>
     <span class='ocr_line' id='line_1_4' title="bbox 183 663 1830 748; baseline -0.017 -8"><span class='ocrx_word' id='word_1_16' title='bbox 183 683 461 748; x_wconf 89' lang='lat' dir='ltr'><strong>tulerant,</strong></span> <span class='ocrx_word' id='word_1_17' title='bbox 493 676 795 734; x_wconf 79' lang='lat' dir='ltr'>obsidione</span> <span class='ocrx_word' id='word_1_18' title='bbox 818 670 1101 728; x_wconf 88' lang='lat' dir='ltr'><strong>vallantes</strong></span> <span class='ocrx_word' id='word_1_19' title='bbox 1120 677 1171 725; x_wconf 92' lang='lat' dir='ltr'><strong>et</strong></span> <span class='ocrx_word' id='word_1_20' title='bbox 1197 666 1457 735; x_wconf 89' lang='lat' dir='ltr'><strong>undique</strong></span> <span class='ocrx_word' id='word_1_21' title='bbox 1483 663 1558 717; x_wconf 89' lang='lat' dir='ltr'><strong>im</strong></span> <span class='ocrx_word' id='word_1_22' title='bbox 1570 673 1830 733; x_wconf 87' lang='lat' dir='ltr'><strong>pugnan-</strong></span> 
     </span>
     <span class='ocr_line' id='line_1_5' title="bbox 178 755 1825 833; baseline -0.017 -5"><span class='ocrx_word' id='word_1_23' title='bbox 178 773 267 827; x_wconf 86' lang='lat' dir='ltr'><strong>tes</strong></span> <span class='ocrx_word' id='word_1_24' title='bbox 298 766 602 833; x_wconf 74' lang='lat' dir='ltr'><strong>hostiliter,</strong></span> <span class='ocrx_word' id='word_1_25' title='bbox 626 763 911 819; x_wconf 88' lang='lat' dir='ltr'><strong>violenter</strong></span> <span class='ocrx_word' id='word_1_26' title='bbox 939 755 1526 831; x_wconf 85' lang='lat' dir='ltr'><strong>comprehenderunt,</strong></span> <span class='ocrx_word' id='word_1_27' title='bbox 1558 763 1825 819; x_wconf 90' lang='lat' dir='ltr'><strong>compre-</strong></span> 
     </span>
     <span class='ocr_line' id='line_1_6' title="bbox 180 835 1826 929; baseline -0.016 -13"><span class='ocrx_word' id='word_1_28' title='bbox 180 859 517 929; x_wconf 88' lang='lat' dir='ltr'><strong>hensosque</strong></span> <span class='ocrx_word' id='word_1_29' title='bbox 543 870 647 928; x_wconf 90' lang='lat' dir='ltr'><strong>pro</strong></span> <span class='ocrx_word' id='word_1_30' title='bbox 672 853 853 909; x_wconf 90' lang='lat' dir='ltr'><strong>libero</strong></span> <span class='ocrx_word' id='word_1_31' title='bbox 873 852 1193 905; x_wconf 75' lang='lat' dir='ltr'><strong>tractantes</strong></span> <span class='ocrx_word' id='word_1_32' title='bbox 1208 840 1687 913; x_wconf 87' lang='lat' dir='ltr'><strong>arbitrio,partim</strong></span> <span class='ocrx_word' id='word_1_33' title='bbox 1704 835 1826 891; x_wconf 91' lang='lat' dir='ltr'><strong>neci</strong></span> 
     </span>
     <span class='ocr_line' id='line_1_7' title="bbox 182 931 1829 1013; baseline -0.014 -9"><span class='ocrx_word' id='word_1_34' title='bbox 182 946 574 1011; x_wconf 86' lang='lat' dir='ltr'><strong>tradiderunt,</strong></span> <span class='ocrx_word' id='word_1_35' title='bbox 608 943 817 1013; x_wconf 88' lang='lat' dir='ltr'><strong>partim</strong></span> <span class='ocrx_word' id='word_1_36' title='bbox 859 936 1238 1009; x_wconf 81' lang='lat' dir='ltr'>compedibus</span> <span class='ocrx_word' id='word_1_37' title='bbox 1269 931 1593 1003; x_wconf 87' lang='lat' dir='ltr'><strong>alligantes,</strong></span> <span class='ocrx_word' id='word_1_38' title='bbox 1627 942 1829 1000; x_wconf 89' lang='lat' dir='ltr'><strong>perpe·</strong></span> 
     </span>
     <span class='ocr_line' id='line_1_8' title="bbox 178 1015 1832 1103; baseline -0.015 -9"><span class='ocrx_word' id='word_1_39' title='bbox 178 1041 294 1094; x_wconf 73' lang='lat' dir='ltr'><strong>tuae</strong></span> <span class='ocrx_word' id='word_1_40' title='bbox 325 1033 811 1103; x_wconf 87' lang='lat' dir='ltr'><strong>mancipaverunt</strong></span> <span class='ocrx_word' id='word_1_41' title='bbox 856 1025 1143 1084; x_wconf 89' lang='lat' dir='ltr'><strong>servituti.</strong></span> <span class='ocrx_word' id='word_1_42' title='bbox 1175 1026 1361 1079; x_wconf 87' lang='lat' dir='ltr'><strong>Tanta</strong></span> <span class='ocrx_word' id='word_1_43' title='bbox 1397 1019 1631 1092; x_wconf 88' lang='lat' dir='ltr'><strong>quidem</strong></span> <span class='ocrx_word' id='word_1_44' title='bbox 1664 1015 1832 1072; x_wconf 92' lang='lat' dir='ltr'><strong>nobi-</strong></span> 
     </span>
     <span class='ocr_line' id='line_1_9' title="bbox 182 1104 1828 1185; baseline -0.015 -2"><span class='ocrx_word' id='word_1_45' title='bbox 182 1126 327 1183; x_wconf 86' lang='lat' dir='ltr'><strong>lium</strong></span> <span class='ocrx_word' id='word_1_46' title='bbox 377 1123 634 1180; x_wconf 90' lang='lat' dir='ltr'><strong>virorum</strong></span> <span class='ocrx_word' id='word_1_47' title='bbox 677 1124 736 1176; x_wconf 90' lang='lat' dir='ltr'><strong>et</strong></span> <span class='ocrx_word' id='word_1_48' title='bbox 777 1118 1014 1175; x_wconf 82' lang='lat' dir='ltr'><strong>sortium</strong></span> <span class='ocrx_word' id='word_1_49' title='bbox 1061 1119 1285 1185; x_wconf 86' lang='lat' dir='ltr'><strong>strages</strong></span> <span class='ocrx_word' id='word_1_50' title='bbox 1326 1124 1514 1181; x_wconf 90' lang='lat' dir='ltr'><strong>usque</strong></span> <span class='ocrx_word' id='word_1_51' title='bbox 1560 1107 1630 1163; x_wconf 91' lang='lat' dir='ltr'><strong>ad</strong></span> <span class='ocrx_word' id='word_1_52' title='bbox 1663 1104 1828 1160; x_wconf 90' lang='lat' dir='ltr'><strong>illum</strong></span> 
     </span>
     <span class='ocr_line' id='line_1_10' title="bbox 179 1197 1833 1282; baseline -0.013 -12"><span class='ocrx_word' id='word_1_53' title='bbox 179 1214 337 1271; x_wconf 89' lang='lat' dir='ltr'><strong>diem</strong></span> <span class='ocrx_word' id='word_1_54' title='bbox 372 1214 429 1268; x_wconf 90' lang='lat' dir='ltr'><strong>in</strong></span> <span class='ocrx_word' id='word_1_55' title='bbox 462 1226 637 1282; x_wconf 87' lang='lat' dir='ltr'><strong>regno</strong></span> <span class='ocrx_word' id='word_1_56' title='bbox 671 1224 784 1265; x_wconf 89' lang='lat' dir='ltr'><strong>non</strong></span> <span class='ocrx_word' id='word_1_57' title='bbox 819 1206 1031 1279; x_wconf 89' lang='lat' dir='ltr'><strong>legitur</strong></span> <span class='ocrx_word' id='word_1_58' title='bbox 1062 1201 1362 1260; x_wconf 89' lang='lat' dir='ltr'><strong>accidisse.</strong></span> <span class='ocrx_word' id='word_1_59' title='bbox 1396 1197 1718 1255; x_wconf 76' lang='lat' dir='ltr'><strong>contusum</strong></span> <span class='ocrx_word' id='word_1_60' title='bbox 1743 1198 1833 1250; x_wconf 91' lang='lat' dir='ltr'><strong>est</strong></span> 
     </span>
     <span class='ocr_line' id='line_1_11' title="bbox 182 1284 1831 1377; baseline -0.013 -17"><span class='ocrx_word' id='word_1_61' title='bbox 182 1318 332 1377; x_wconf 85' lang='lat' dir='ltr'><strong>pene</strong></span> <span class='ocrx_word' id='word_1_62' title='bbox 362 1316 609 1374; x_wconf 83' lang='lat' dir='ltr'><strong>regnum</strong></span> <span class='ocrx_word' id='word_1_63' title='bbox 632 1305 686 1354; x_wconf 91' lang='lat' dir='ltr'><strong>et</strong></span> <span class='ocrx_word' id='word_1_64' title='bbox 711 1297 974 1354; x_wconf 90' lang='lat' dir='ltr'><strong>omnium</strong></span> <span class='ocrx_word' id='word_1_65' title='bbox 1017 1293 1169 1349; x_wconf 90' lang='lat' dir='ltr'><strong>vires</strong></span> <span class='ocrx_word' id='word_1_66' title='bbox 1221 1292 1525 1355; x_wconf 76' lang='lat' dir='ltr'><strong>enervatae,</strong></span> <span class='ocrx_word' id='word_1_67' title='bbox 1557 1284 1831 1342; x_wconf 89' lang='lat' dir='ltr'><strong>cordibus</strong></span> 
     </span>
     <span class='ocr_line' id='line_1_12' title="bbox 183 1376 1833 1467; baseline -0.012 -18"><span class='ocrx_word' id='word_1_68' title='bbox 183 1392 557 1467; x_wconf 88' lang='lat' dir='ltr'><strong>prudentium</strong></span> <span class='ocrx_word' id='word_1_69' title='bbox 592 1388 839 1444; x_wconf 90' lang='lat' dir='ltr'><strong>interius</strong></span> <span class='ocrx_word' id='word_1_70' title='bbox 864 1382 1216 1456; x_wconf 84' lang='lat' dir='ltr'><strong>liquefactis,</strong></span> <span class='ocrx_word' id='word_1_71' title='bbox 1240 1381 1322 1436; x_wconf 89' lang='lat' dir='ltr'><strong>ita</strong></span> <span class='ocrx_word' id='word_1_72' title='bbox 1353 1383 1437 1444; x_wconf 88' lang='lat' dir='ltr'><strong>ut,</strong></span> <span class='ocrx_word' id='word_1_73' title='bbox 1472 1376 1584 1432; x_wconf 80' lang='lat' dir='ltr'><strong>nisi</strong></span> <span class='ocrx_word' id='word_1_74' title='bbox 1610 1379 1833 1430; x_wconf 90' lang='lat' dir='ltr'><strong>mature</strong></span> 
     </span>
     <span class='ocr_line' id='line_1_13' title="bbox 180 1467 1831 1539; baseline -0.013 0"><span class='ocrx_word' id='word_1_75' title='bbox 180 1482 476 1539; x_wconf 75' lang='lat' dir='ltr'><strong>visitasset</strong></span> <span class='ocrx_word' id='word_1_76' title='bbox 504 1495 604 1537; x_wconf 87' lang='lat' dir='ltr'><strong>cos</strong></span> <span class='ocrx_word' id='word_1_77' title='bbox 634 1474 1091 1533; x_wconf 85' lang='lat' dir='ltr'><strong>misericorditer</strong></span> <span class='ocrx_word' id='word_1_78' title='bbox 1119 1472 1319 1529; x_wconf 80' lang='lat' dir='ltr'><strong>Oriens</strong></span> <span class='ocrx_word' id='word_1_79' title='bbox 1348 1485 1420 1524; x_wconf 72' lang='lat' dir='ltr'><strong>ex</strong></span> <span class='ocrx_word' id='word_1_80' title='bbox 1448 1468 1560 1523; x_wconf 80' lang='lat' dir='ltr'><strong>ano</strong></span> <span class='ocrx_word' id='word_1_81' title='bbox 1589 1467 1744 1536; x_wconf 83' lang='lat' dir='ltr'><strong>(Luc.</strong></span> <span class='ocrx_word' id='word_1_82' title='bbox 1769 1467 1831 1534; x_wconf 92' lang='lat'><strong>1),</strong></span> 
     </span>
     <span class='ocr_line' id='line_1_14' title="bbox 182 1562 1829 1641; baseline -0.013 -12"><span class='ocrx_word' id='word_1_83' title='bbox 182 1573 241 1629; x_wconf 88' lang='lat' dir='ltr'><strong>in</strong></span> <span class='ocrx_word' id='word_1_84' title='bbox 274 1567 692 1641; x_wconf 78' lang='lat' dir='ltr'><strong>desperationis</strong></span> <span class='ocrx_word' id='word_1_85' title='bbox 738 1565 1070 1622; x_wconf 78' lang='lat' dir='ltr'><strong>decidentes</strong></span> <span class='ocrx_word' id='word_1_86' title='bbox 1122 1562 1417 1633; x_wconf 78' lang='lat' dir='ltr'><strong>abyssum,</strong></span> <span class='ocrx_word' id='word_1_87' title='bbox 1452 1571 1695 1628; x_wconf 90' lang='lat' dir='ltr'><strong>regnum</strong></span> <span class='ocrx_word' id='word_1_88' title='bbox 1732 1570 1829 1626; x_wconf 90' lang='lat' dir='ltr'><strong>pa·</strong></span> 
     </span>
     <span class='ocr_line' id='line_1_15' title="bbox 185 1642 1831 1726; baseline -0.012 -8"><span class='ocrx_word' id='word_1_89' title='bbox 185 1660 295 1718; x_wconf 89' lang='lat' dir='ltr'><strong>rati</strong></span> <span class='ocrx_word' id='word_1_90' title='bbox 318 1664 490 1716; x_wconf 88' lang='lat' dir='ltr'><strong>erant</strong></span> <span class='ocrx_word' id='word_1_91' title='bbox 512 1658 797 1714; x_wconf 89' lang='lat' dir='ltr'><strong>deserere.</strong></span> <span class='ocrx_word' id='word_1_92' title='bbox 814 1655 952 1710; x_wconf 82' lang='lat' dir='ltr'><strong>Erat</strong></span> <span class='ocrx_word' id='word_1_93' title='bbox 974 1652 1190 1726; x_wconf 82' lang='lat' dir='ltr'><strong>quippe</strong></span> <span class='ocrx_word' id='word_1_94' title='bbox 1221 1654 1549 1704; x_wconf 90' lang='lat' dir='ltr'><strong>nostrorum</strong></span> <span class='ocrx_word' id='word_1_95' title='bbox 1580 1642 1831 1716; x_wconf 90' lang='lat' dir='ltr'><strong>populus</strong></span> 
     </span>
    </p>
   </div>
   <div class='ocr_carea' id='block_1_3' title="bbox 1255 248 2512 326">
    <p class='ocr_par' dir='ltr' id='par_1_3' title="bbox 1255 248 2512 326">
     <span class='ocr_line' id='line_1_16' title="bbox 1255 248 2512 326; baseline -0.013 0"><span class='ocrx_word' id='word_1_96' title='bbox 1255 254 1679 326; x_wconf 81' lang='lat' dir='ltr'><strong>GUlLLELMl</strong></span> <span class='ocrx_word' id='word_1_97' title='bbox 1723 248 2105 314; x_wconf 81' lang='lat' dir='ltr'>TYRENSIS</span> <span class='ocrx_word' id='word_1_98' title='bbox 2145 248 2512 313; x_wconf 70' lang='lat' dir='ltr'><strong>ARGfflEP.</strong></span> 
     </span>
    </p>
   </div>
   <div class='ocr_carea' id='block_1_4' title="bbox 70 384 3583 479">
    <p class='ocr_par' dir='ltr' id='par_1_4' title="bbox 70 384 3583 479">
     <span class='ocr_line' id='line_1_17' title="bbox 70 384 3583 479; baseline -0.007 -5"><span class='ocrx_word' id='word_1_99' title='bbox 70 434 79 439; x_wconf 94' lang='lat'>·</span> <span class='ocrx_word' id='word_1_100' title='bbox 177 430 449 473; x_wconf 86' lang='lat' dir='ltr'><strong>reversus</strong></span> <span class='ocrx_word' id='word_1_101' title='bbox 481 414 593 478; x_wconf 87' lang='lat' dir='ltr'><strong>est,</strong></span> <span class='ocrx_word' id='word_1_102' title='bbox 626 403 973 479; x_wconf 86' lang='lat' dir='ltr'><strong>obsequium</strong></span> <span class='ocrx_word' id='word_1_103' title='bbox 1034 414 1205 457; x_wconf 92' lang='lat' dir='ltr'><strong>suum</strong></span> <span class='ocrx_word' id='word_1_104' title='bbox 1248 403 1298 452; x_wconf 91' lang='lat' dir='ltr'><strong>et</strong></span> <span class='ocrx_word' id='word_1_105' title='bbox 1324 397 1651 468; x_wconf 89' lang='lat' dir='ltr'><strong>promptam</strong></span> <span class='ocrx_word' id='word_1_106' title='bbox 1674 393 1820 446; x_wconf 87' lang='lat' dir='ltr'><strong>tem·</strong></span> <span class='ocrx_word' id='word_1_107' title='bbox 1852 389 1907 456; x_wconf 77' lang='lat' dir='ltr'>A</span> <span class='ocrx_word' id='word_1_108' title='bbox 1943 400 2048 442; x_wconf 82' lang='lat' dir='ltr'><strong>mae</strong></span> <span class='ocrx_word' id='word_1_109' title='bbox 2069 384 2472 443; x_wconf 80' lang='lat' dir='ltr'><strong>diffidentibus</strong></span> <span class='ocrx_word' id='word_1_110' title='bbox 2500 387 2570 442; x_wconf 90' lang='lat' dir='ltr'><strong>de</strong></span> <span class='ocrx_word' id='word_1_111' title='bbox 2600 385 2712 442; x_wconf 86' lang='lat' dir='ltr'><strong>vita</strong></span> <span class='ocrx_word' id='word_1_112' title='bbox 2743 385 2993 459; x_wconf 90' lang='lat' dir='ltr'><strong>singulis</strong></span> <span class='ocrx_word' id='word_1_113' title='bbox 3013 391 3070 444; x_wconf 92' lang='lat' dir='ltr'><strong>et</strong></span> <span class='ocrx_word' id='word_1_114' title='bbox 3099 392 3349 449; x_wconf 88' lang='lat' dir='ltr'><strong>mortem</strong></span> <span class='ocrx_word' id='word_1_115' title='bbox 3371 394 3583 465; x_wconf 81' lang='lat' dir='ltr'><strong>optan-</strong></span> 
     </span>
    </p>
   </div>
   <div class='ocr_carea' id='block_1_5' title="bbox 3461 252 3584 315">
    <p class='ocr_par' dir='ltr' id='par_1_5' title="bbox 3461 252 3584 315">
     <span class='ocr_line' id='line_1_18' title="bbox 3461 252 3584 315; baseline -0.016 0"><span class='ocrx_word' id='word_1_116' title='bbox 3461 252 3584 315; x_wconf 70' lang='lat'><strong>4¹16</strong></span> 
     </span>
    </p>
   </div>
   <div class='ocr_carea' id='block_1_6' title="bbox 1933 473 3590 1712">
    <p class='ocr_par' dir='ltr' id='par_1_6' title="bbox 1933 473 3590 1712">
     <span class='ocr_line' id='line_1_19' title="bbox 1935 473 3585 555; baseline 0.004 -24"><span class='ocrx_word' id='word_1_117' title='bbox 1935 474 2093 531; x_wconf 85' lang='lat' dir='ltr'><strong>tibus</strong></span> <span class='ocrx_word' id='word_1_118' title='bbox 2123 473 2390 543; x_wconf 89' lang='lat' dir='ltr'><strong>celerem,</strong></span> <span class='ocrx_word' id='word_1_119' title='bbox 2425 489 2496 531; x_wconf 90' lang='lat' dir='ltr'><strong>ne</strong></span> <span class='ocrx_word' id='word_1_120' title='bbox 2510 475 2769 531; x_wconf 83' lang='lat' dir='ltr'><strong>viderent</strong></span> <span class='ocrx_word' id='word_1_121' title='bbox 2783 474 2937 532; x_wconf 88' lang='lat' dir='ltr'><strong>mala</strong></span> <span class='ocrx_word' id='word_1_122' title='bbox 2965 478 3316 549; x_wconf 71' lang='lat' dir='ltr'><strong>gentissuo,</strong></span> <span class='ocrx_word' id='word_1_123' title='bbox 3346 488 3403 539; x_wconf 90' lang='lat' dir='ltr'><strong>et</strong></span> <span class='ocrx_word' id='word_1_124' title='bbox 3425 481 3585 555; x_wconf 85' lang='lat' dir='ltr'><strong>regni</strong></span> 
     </span>
     <span class='ocr_line' id='line_1_20' title="bbox 1936 563 3587 638; baseline 0.005 -19"><span class='ocrx_word' id='word_1_125' title='bbox 1936 563 2355 620; x_wconf 73' lang='lat' dir='ltr'><strong>desolationem</strong></span> <span class='ocrx_word' id='word_1_126' title='bbox 2370 564 2718 635; x_wconf 74' lang='lat' dir='ltr'><strong>aspicerent.</strong></span> <span class='ocrx_word' id='word_1_127' title='bbox 2735 565 2877 621; x_wconf 90' lang='lat' dir='ltr'><strong>Cum</strong></span> <span class='ocrx_word' id='word_1_128' title='bbox 2908 580 3046 638; x_wconf 92' lang='lat' dir='ltr'><strong>ergo</strong></span> <span class='ocrx_word' id='word_1_129' title='bbox 3061 581 3274 625; x_wconf 82' lang='lat' dir='ltr'><strong>moeror</strong></span> <span class='ocrx_word' id='word_1_130' title='bbox 3291 575 3352 627; x_wconf 89' lang='lat' dir='ltr'><strong>et</strong></span> <span class='ocrx_word' id='word_1_131' title='bbox 3381 568 3544 626; x_wconf 89' lang='lat' dir='ltr'><strong>luctu</strong></span> <span class='ocrx_word' id='word_1_132' title='bbox 3559 586 3587 627; x_wconf 93' lang='lat' dir='ltr'><strong>s</strong></span> 
     </span>
     <span class='ocr_line' id='line_1_21' title="bbox 1936 654 3590 729; baseline 0.005 -18"><span class='ocrx_word' id='word_1_133' title='bbox 1936 658 1995 711; x_wconf 85' lang='lat' dir='ltr'><strong>et</strong></span> <span class='ocrx_word' id='word_1_134' title='bbox 2023 654 2280 726; x_wconf 89' lang='lat' dir='ltr'><strong>suspiria</strong></span> <span class='ocrx_word' id='word_1_135' title='bbox 2329 671 2569 727; x_wconf 86' lang='lat' dir='ltr'><strong>reguum</strong></span> <span class='ocrx_word' id='word_1_136' title='bbox 2617 662 3005 728; x_wconf 75' lang='lat' dir='ltr'><strong>occupassent</strong></span> <span class='ocrx_word' id='word_1_137' title='bbox 3049 659 3412 729; x_wconf 82' lang='lat' dir='ltr'><strong>universum,</strong></span> <span class='ocrx_word' id='word_1_138' title='bbox 3453 677 3590 720; x_wconf 86' lang='lat' dir='ltr'><strong>eece</strong></span> 
     </span>
     <span class='ocr_line' id='line_1_22' title="bbox 1938 742 3587 820; baseline 0.005 -23"><span class='ocrx_word' id='word_1_139' title='bbox 1938 759 2059 811; x_wconf 85' lang='lat' dir='ltr'><strong>rex,</strong></span> <span class='ocrx_word' id='word_1_140' title='bbox 2092 743 2262 815; x_wconf 88' lang='lat' dir='ltr'><strong>quasi</strong></span> <span class='ocrx_word' id='word_1_141' title='bbox 2287 742 2456 799; x_wconf 87' lang='lat' dir='ltr'><strong>stella</strong></span> <span class='ocrx_word' id='word_1_142' title='bbox 2481 744 2761 799; x_wconf 87' lang='lat' dir='ltr'><strong>matutina</strong></span> <span class='ocrx_word' id='word_1_143' title='bbox 2789 745 2848 800; x_wconf 88' lang='lat' dir='ltr'><strong>io</strong></span> <span class='ocrx_word' id='word_1_144' title='bbox 2864 746 3056 801; x_wconf 83' lang='lat' dir='ltr'><strong>medio</strong></span> <span class='ocrx_word' id='word_1_145' title='bbox 3078 747 3382 820; x_wconf 80' lang='lat' dir='ltr'><strong>refulgens</strong></span> <span class='ocrx_word' id='word_1_146' title='bbox 3401 750 3587 807; x_wconf 89' lang='lat' dir='ltr'><strong>nebu-</strong></span> 
     </span>
     <span class='ocr_line' id='line_1_23' title="bbox 1938 831 3580 909; baseline 0.005 -21"><span class='ocrx_word' id='word_1_147' title='bbox 1938 832 2027 901; x_wconf 79' lang='lat' dir='ltr'><strong>lae,</strong></span> <span class='ocrx_word' id='word_1_148' title='bbox 2054 831 2126 888; x_wconf 90' lang='lat' dir='ltr'><strong>ab</strong></span> <span class='ocrx_word' id='word_1_149' title='bbox 2157 832 2519 903; x_wconf 69' lang='lat' dir='ltr'><strong>antipatrida</strong></span> <span class='ocrx_word' id='word_1_150' title='bbox 2535 833 3030 906; x_wconf 83' lang='lat' dir='ltr'><strong>egressus,Joppe</strong></span> <span class='ocrx_word' id='word_1_151' title='bbox 3060 836 3288 909; x_wconf 82' lang='lat' dir='ltr'><strong>navigio</strong></span> <span class='ocrx_word' id='word_1_152' title='bbox 3308 839 3580 896; x_wconf 86' lang='lat' dir='ltr'><strong>subitum</strong></span> 
     </span>
     <span class='ocr_line' id='line_1_24' title="bbox 1937 919 3586 997; baseline 0.005 -20"><span class='ocrx_word' id='word_1_153' title='bbox 1937 937 2000 977; x_wconf 90' lang='lat' dir='ltr'><strong>se</strong></span> <span class='ocrx_word' id='word_1_154' title='bbox 2020 920 2239 977; x_wconf 87' lang='lat' dir='ltr'><strong>intulit.</strong></span> <span class='ocrx_word' id='word_1_155' title='bbox 2267 919 2373 977; x_wconf 89' lang='lat' dir='ltr'><strong>Ubi</strong></span> <span class='ocrx_word' id='word_1_156' title='bbox 2406 938 2438 978; x_wconf 91' lang='lat' dir='ltr'><strong>a</strong></span> <span class='ocrx_word' id='word_1_157' title='bbox 2459 921 2684 979; x_wconf 87' lang='lat' dir='ltr'><strong>civibus</strong></span> <span class='ocrx_word' id='word_1_158' title='bbox 2725 938 2857 980; x_wconf 90' lang='lat' dir='ltr'><strong>cum</strong></span> <span class='ocrx_word' id='word_1_159' title='bbox 2901 924 3117 996; x_wconf 87' lang='lat' dir='ltr'><strong>gaudio</strong></span> <span class='ocrx_word' id='word_1_160' title='bbox 3146 930 3484 997; x_wconf 87' lang='lat' dir='ltr'><strong>susceptus,</strong></span> <span class='ocrx_word' id='word_1_161' title='bbox 3515 944 3586 985; x_wconf 84' lang='lat' dir='ltr'><strong>ex</strong></span> 
     </span>
     <span class='ocr_line' id='line_1_25' title="bbox 1937 1009 3584 1087; baseline 0.005 -21"><span class='ocrx_word' id='word_1_162' title='bbox 1937 1009 2234 1083; x_wconf 89' lang='lat' dir='ltr'><strong>insperato</strong></span> <span class='ocrx_word' id='word_1_163' title='bbox 2282 1011 2545 1083; x_wconf 88' lang='lat' dir='ltr'><strong>depulsis</strong></span> <span class='ocrx_word' id='word_1_164' title='bbox 2598 1012 2853 1069; x_wconf 89' lang='lat' dir='ltr'><strong>tenebris</strong></span> <span class='ocrx_word' id='word_1_165' title='bbox 2911 1027 3187 1071; x_wconf 89' lang='lat' dir='ltr'><strong>serenum</strong></span> <span class='ocrx_word' id='word_1_166' title='bbox 3221 1015 3445 1087; x_wconf 87' lang='lat' dir='ltr'><strong>intulit,</strong></span> <span class='ocrx_word' id='word_1_167' title='bbox 3476 1033 3584 1074; x_wconf 88' lang='lat' dir='ltr'><strong>sua</strong></span> 
     </span>
     <span class='ocr_line' id='line_1_26' title="bbox 1936 1100 3582 1174; baseline 0.004 -18"><span class='ocrx_word' id='word_1_168' title='bbox 1936 1100 2140 1157; x_wconf 89' lang='lat' dir='ltr'><strong>delens</strong></span> <span class='ocrx_word' id='word_1_169' title='bbox 2186 1101 2484 1173; x_wconf 76' lang='lat' dir='ltr'><strong>praesentia</strong></span> <span class='ocrx_word' id='word_1_170' title='bbox 2528 1101 2812 1174; x_wconf 90' lang='lat' dir='ltr'><strong>quidquid</strong></span> <span class='ocrx_word' id='word_1_171' title='bbox 2892 1100 3195 1160; x_wconf 89' lang='lat' dir='ltr'><strong>sinistrum</strong></span> <span class='ocrx_word' id='word_1_172' title='bbox 3263 1105 3582 1163; x_wconf 87' lang='lat' dir='ltr'><strong>acciderat.</strong></span> 
     </span>
     <span class='ocr_line' id='line_1_27' title="bbox 1937 1189 3586 1268; baseline 0.004 -23"><span class='ocrx_word' id='word_1_173' title='bbox 1937 1189 2088 1246; x_wconf 86' lang='lat' dir='ltr'><strong>Exiit</strong></span> <span class='ocrx_word' id='word_1_174' title='bbox 2153 1204 2286 1262; x_wconf 86' lang='lat' dir='ltr'><strong>ergo</strong></span> <span class='ocrx_word' id='word_1_175' title='bbox 2347 1205 2538 1247; x_wconf 88' lang='lat' dir='ltr'><strong>sermo</strong></span> <span class='ocrx_word' id='word_1_176' title='bbox 2603 1191 2711 1247; x_wconf 92' lang='lat' dir='ltr'><strong>iste</strong></span> <span class='ocrx_word' id='word_1_177' title='bbox 2777 1207 2878 1264; x_wconf 88' lang='lat' dir='ltr'><strong>per</strong></span> <span class='ocrx_word' id='word_1_178' title='bbox 2937 1192 3242 1251; x_wconf 83' lang='lat' dir='ltr'><strong>universos</strong></span> <span class='ocrx_word' id='word_1_179' title='bbox 3297 1194 3464 1268; x_wconf 88' lang='lat' dir='ltr'><strong>regni</strong></span> <span class='ocrx_word' id='word_1_180' title='bbox 3520 1196 3586 1251; x_wconf 85' lang='lat' dir='ltr'><strong>fl-</strong></span> 
     </span>
     <span class='ocr_line' id='line_1_28' title="bbox 1933 1280 3586 1355; baseline 0.002 -19"><span class='ocrx_word' id='word_1_181' title='bbox 1933 1294 2078 1346; x_wconf 85' lang='lat' dir='ltr'><strong>nee;</strong></span> <span class='ocrx_word' id='word_1_182' title='bbox 2109 1286 2164 1334; x_wconf 90' lang='lat' dir='ltr'><strong>et</strong></span> <span class='ocrx_word' id='word_1_183' title='bbox 2229 1294 2375 1351; x_wconf 90' lang='lat' dir='ltr'><strong>quoe</strong></span> <span class='ocrx_word' id='word_1_184' title='bbox 2444 1295 2642 1336; x_wconf 91' lang='lat' dir='ltr'><strong>rumor</strong></span> <span class='ocrx_word' id='word_1_185' title='bbox 2717 1281 2942 1353; x_wconf 88' lang='lat' dir='ltr'><strong>primns</strong></span> <span class='ocrx_word' id='word_1_186' title='bbox 3007 1280 3205 1339; x_wconf 88' lang='lat' dir='ltr'><strong>animo</strong></span> <span class='ocrx_word' id='word_1_187' title='bbox 3267 1283 3586 1355; x_wconf 80' lang='lat' dir='ltr'><strong>dejecerat,</strong></span> 
     </span>
     <span class='ocr_line' id='line_1_29' title="bbox 1935 1367 3590 1442; baseline 0.004 -19"><span class='ocrx_word' id='word_1_188' title='bbox 1935 1368 2227 1423; x_wconf 89' lang='lat' dir='ltr'><strong>secundus</strong></span> <span class='ocrx_word' id='word_1_189' title='bbox 2280 1367 2336 1422; x_wconf 92' lang='lat' dir='ltr'><strong>in</strong></span> <span class='ocrx_word' id='word_1_190' title='bbox 2408 1383 2571 1439; x_wconf 88' lang='lat' dir='ltr'><strong>spem</strong></span> <span class='ocrx_word' id='word_1_191' title='bbox 2634 1367 2846 1425; x_wconf 89' lang='lat' dir='ltr'><strong>bonam</strong></span> <span class='ocrx_word' id='word_1_192' title='bbox 2917 1371 3115 1429; x_wconf 79' lang='lat' dir='ltr'><strong>erexit.</strong></span> <span class='ocrx_word' id='word_1_193' title='bbox 3174 1371 3422 1442; x_wconf 83' lang='lat' dir='ltr'><strong>Interea,</strong></span> <span class='ocrx_word' id='word_1_194' title='bbox 3482 1372 3590 1430; x_wconf 91' lang='lat' dir='ltr'><strong>do-</strong></span> 
     </span>
     <span class='ocr_line' id='line_1_30' title="bbox 1937 1456 3585 1534; baseline 0.004 -21"><span class='ocrx_word' id='word_1_195' title='bbox 1937 1456 2135 1513; x_wconf 91' lang='lat' dir='ltr'><strong>minus</strong></span> <span class='ocrx_word' id='word_1_196' title='bbox 2167 1456 2330 1529; x_wconf 85' lang='lat' dir='ltr'><strong>Hugo</strong></span> <span class='ocrx_word' id='word_1_197' title='bbox 2388 1458 2459 1513; x_wconf 89' lang='lat' dir='ltr'><strong>de</strong></span> <span class='ocrx_word' id='word_1_198' title='bbox 2508 1456 2721 1515; x_wconf 87' lang='lat' dir='ltr'><strong>Sancto</strong></span> <span class='ocrx_word' id='word_1_199' title='bbox 2771 1458 3585 1534; x_wconf 75' lang='lat' dir='ltr'><strong>Aldemaro,Tyberiadensis</strong></span> 
     </span>
     <span class='ocr_line' id='line_1_31' title="bbox 1937 1545 3579 1620; baseline 0.004 -17"><span class='ocrx_word' id='word_1_200' title='bbox 1937 1545 2299 1615; x_wconf 88' lang='lat' dir='ltr'><strong>dominus,a</strong></span> <span class='ocrx_word' id='word_1_201' title='bbox 2347 1546 2886 1620; x_wconf 72' lang='lat' dir='ltr'><strong>Hierosolymitanis</strong></span> <span class='ocrx_word' id='word_1_202' title='bbox 2941 1551 3334 1607; x_wconf 91' lang='lat' dir='ltr'><strong>commonitus</strong></span> <span class='ocrx_word' id='word_1_203' title='bbox 3376 1556 3444 1608; x_wconf 89' lang='lat' dir='ltr'><strong>ut</strong></span> <span class='ocrx_word' id='word_1_204' title='bbox 3471 1552 3579 1609; x_wconf 87' lang='lat' dir='ltr'><strong>do·</strong></span> 
     </span>
     <span class='ocr_line' id='line_1_32' title="bbox 1941 1635 3584 1712; baseline 0.004 -21"><span class='ocrx_word' id='word_1_205' title='bbox 1941 1635 2098 1692; x_wconf 90' lang='lat' dir='ltr'><strong>mino</strong></span> <span class='ocrx_word' id='word_1_206' title='bbox 2122 1636 2240 1708; x_wconf 91' lang='lat' dir='ltr'><strong>regi</strong></span> <span class='ocrx_word' id='word_1_207' title='bbox 2271 1637 2624 1703; x_wconf 82' lang='lat' dir='ltr'><strong>subveniret,</strong></span> <span class='ocrx_word' id='word_1_208' title='bbox 2653 1652 2785 1693; x_wconf 90' lang='lat' dir='ltr'><strong>cum</strong></span> <span class='ocrx_word' id='word_1_209' title='bbox 2835 1637 3122 1706; x_wconf 77' lang='lat' dir='ltr'><strong>octoginta</strong></span> <span class='ocrx_word' id='word_1_210' title='bbox 3149 1641 3448 1712; x_wconf 89' lang='lat' dir='ltr'><strong>equitibus</strong></span> <span class='ocrx_word' id='word_1_211' title='bbox 3478 1657 3584 1698; x_wconf 90' lang='lat' dir='ltr'><strong>us·</strong></span> 
     </span>
    </p>
   </div>
   <div class='ocr_carea' id='block_1_7' title="bbox 186 1725 3584 1825">
    <p class='ocr_par' dir='ltr' id='par_1_7' title="bbox 186 1725 3584 1825">
     <span class='ocr_line' id='line_1_33' title="bbox 186 1725 3584 1825; baseline -0.006 -23"><span class='ocrx_word' id='word_1_212' title='bbox 186 1749 472 1822; x_wconf 56' lang='lat' dir='ltr'><strong>exiguum</strong></span> <span class='ocrx_word' id='word_1_213' title='bbox 506 1763 612 1804; x_wconf 90' lang='lat' dir='ltr'><strong>nec</strong></span> <span class='ocrx_word' id='word_1_214' title='bbox 632 1746 703 1803; x_wconf 90' lang='lat' dir='ltr'><strong>de</strong></span> <span class='ocrx_word' id='word_1_215' title='bbox 725 1744 987 1818; x_wconf 89' lang='lat' dir='ltr'><strong>partibus</strong></span> <span class='ocrx_word' id='word_1_216' title='bbox 1002 1738 1405 1798; x_wconf 85' lang='lat' dir='ltr'><strong>transmarinis</strong></span> <span class='ocrx_word' id='word_1_217' title='bbox 1421 1741 1540 1792; x_wconf 89' lang='lat' dir='ltr'><strong>tute</strong></span> <span class='ocrx_word' id='word_1_218' title='bbox 1565 1735 1830 1806; x_wconf 90' lang='lat' dir='ltr'><strong>poterant</strong></span> <span class='ocrx_word' id='word_1_219' title='bbox 1864 1759 1909 1825; x_wconf 75' lang='grc' dir='ltr'><strong>Β</strong></span> <span class='ocrx_word' id='word_1_220' title='bbox 1939 1739 2052 1796; x_wconf 87' lang='lat' dir='ltr'><strong>que</strong></span> <span class='ocrx_word' id='word_1_221' title='bbox 2084 1728 2263 1780; x_wconf 82' lang='lat' dir='ltr'><strong>Arsur</strong></span> <span class='ocrx_word' id='word_1_222' title='bbox 2276 1730 2631 1797; x_wconf 88' lang='lat' dir='ltr'><strong>pervenerat,</strong></span> <span class='ocrx_word' id='word_1_223' title='bbox 2666 1727 2782 1798; x_wconf 87' lang='lat' dir='ltr'><strong>regi</strong></span> <span class='ocrx_word' id='word_1_224' title='bbox 2809 1725 3092 1784; x_wconf 86' lang='lat' dir='ltr'><strong>auxilium</strong></span> <span class='ocrx_word' id='word_1_225' title='bbox 3115 1727 3584 1787; x_wconf 82' lang='lat' dir='ltr'><strong>ministraturus.</strong></span> 
     </span>
    </p>
   </div>
   <div class='ocr_carea' id='block_1_8' title="bbox 174 1823 1829 2602">
    <p class='ocr_par' dir='ltr' id='par_1_8' title="bbox 174 1823 1829 2602">
     <span class='ocr_line' id='line_1_34' title="bbox 186 1823 1829 1899; baseline -0.011 -6"><span class='ocrx_word' id='word_1_226' title='bbox 186 1837 249 1893; x_wconf 90' lang='lat' dir='ltr'><strong>in</strong></span> <span class='ocrx_word' id='word_1_227' title='bbox 282 1837 574 1893; x_wconf 89' lang='lat' dir='ltr'><strong>Orientem</strong></span> <span class='ocrx_word' id='word_1_228' title='bbox 599 1834 893 1899; x_wconf 87' lang='lat' dir='ltr'><strong>accedere,</strong></span> <span class='ocrx_word' id='word_1_229' title='bbox 916 1832 1187 1887; x_wconf 90' lang='lat' dir='ltr'><strong>timentes</strong></span> <span class='ocrx_word' id='word_1_230' title='bbox 1220 1825 1477 1883; x_wconf 91' lang='lat' dir='ltr'><strong>hostium</strong></span> <span class='ocrx_word' id='word_1_231' title='bbox 1509 1823 1681 1880; x_wconf 89' lang='lat' dir='ltr'><strong>urbes</strong></span> <span class='ocrx_word' id='word_1_232' title='bbox 1703 1836 1829 1876; x_wconf 89' lang='lat' dir='ltr'><strong>ma-</strong></span> 
     </span>
     <span class='ocr_line' id='line_1_35' title="bbox 187 1910 1824 1994; baseline -0.011 -12"><span class='ocrx_word' id='word_1_233' title='bbox 187 1925 438 1993; x_wconf 87' lang='lat' dir='ltr'><strong>ritimas,</strong></span> <span class='ocrx_word' id='word_1_234' title='bbox 469 1939 592 1994; x_wconf 80' lang='lat' dir='ltr'><strong>quae</strong></span> <span class='ocrx_word' id='word_1_235' title='bbox 616 1939 649 1979; x_wconf 90' lang='lat' dir='ltr'><strong>a</strong></span> <span class='ocrx_word' id='word_1_236' title='bbox 677 1921 878 1978; x_wconf 85' lang='lat' dir='ltr'><strong>dextra</strong></span> <span class='ocrx_word' id='word_1_237' title='bbox 908 1918 1335 1990; x_wconf 79' lang='lat' dir='ltr'><strong>laevaqueerant</strong></span> <span class='ocrx_word' id='word_1_238' title='bbox 1362 1910 1824 1987; x_wconf 86' lang='lat' dir='ltr'><strong>plurimae.Nam,</strong></span> 
     </span>
     <span class='ocr_line' id='line_1_36' title="bbox 182 1999 1828 2087; baseline -0.01 -16"><span class='ocrx_word' id='word_1_239' title='bbox 182 2021 248 2071; x_wconf 89' lang='lat' dir='ltr'><strong>ut</strong></span> <span class='ocrx_word' id='word_1_240' title='bbox 278 2011 673 2087; x_wconf 74' lang='lat' dir='ltr'><strong>praediximus,</strong></span> <span class='ocrx_word' id='word_1_241' title='bbox 704 2028 736 2066; x_wconf 92' lang='lat' dir='ltr'><strong>a</strong></span> <span class='ocrx_word' id='word_1_242' title='bbox 767 2008 1036 2066; x_wconf 84' lang='lat' dir='ltr'><strong>Laodicia</strong></span> <span class='ocrx_word' id='word_1_243' title='bbox 1081 2006 1256 2081; x_wconf 83' lang='lat' dir='ltr'><strong>Syriae</strong></span> <span class='ocrx_word' id='word_1_244' title='bbox 1290 2019 1473 2077; x_wconf 89' lang='lat' dir='ltr'><strong>usque</strong></span> <span class='ocrx_word' id='word_1_245' title='bbox 1501 2003 1571 2058; x_wconf 89' lang='lat' dir='ltr'><strong>ad</strong></span> <span class='ocrx_word' id='word_1_246' title='bbox 1604 1999 1828 2072; x_wconf 77' lang='lat' dir='ltr'><strong>AEgypti</strong></span> 
     </span>
     <span class='ocr_line' id='line_1_37' title="bbox 174 2089 1829 2172; baseline -0.01 -12"><span class='ocrx_word' id='word_1_247' title='bbox 174 2104 321 2161; x_wconf 82' lang='lat' dir='ltr'><strong>fines</strong></span> <span class='ocrx_word' id='word_1_248' title='bbox 350 2100 721 2172; x_wconf 89' lang='lat' dir='ltr'><strong>novissimos,</strong></span> <span class='ocrx_word' id='word_1_249' title='bbox 748 2116 863 2156; x_wconf 92' lang='lat' dir='ltr'><strong>non</strong></span> <span class='ocrx_word' id='word_1_250' title='bbox 894 2097 1007 2155; x_wconf 89' lang='lat' dir='ltr'><strong>nisi</strong></span> <span class='ocrx_word' id='word_1_251' title='bbox 1054 2097 1199 2154; x_wconf 88' lang='lat' dir='ltr'><strong>duas</strong></span> <span class='ocrx_word' id='word_1_252' title='bbox 1230 2096 1303 2152; x_wconf 91' lang='lat' dir='ltr'><strong>de</strong></span> <span class='ocrx_word' id='word_1_253' title='bbox 1333 2092 1581 2150; x_wconf 88' lang='lat' dir='ltr'><strong>urbibus</strong></span> <span class='ocrx_word' id='word_1_254' title='bbox 1613 2089 1829 2146; x_wconf 88' lang='lat' dir='ltr'><strong>mariti-</strong></span> 
     </span>
     <span class='ocr_line' id='line_1_38' title="bbox 179 2180 1829 2261; baseline -0.01 -11"><span class='ocrx_word' id='word_1_255' title='bbox 179 2193 295 2250; x_wconf 89' lang='lat' dir='ltr'><strong>mis</strong></span> <span class='ocrx_word' id='word_1_256' title='bbox 326 2196 523 2249; x_wconf 89' lang='lat' dir='ltr'><strong>noster</strong></span> <span class='ocrx_word' id='word_1_257' title='bbox 553 2190 853 2246; x_wconf 85' lang='lat' dir='ltr'><strong>obtinebat</strong></span> <span class='ocrx_word' id='word_1_258' title='bbox 882 2188 1155 2261; x_wconf 78' lang='lat' dir='ltr'><strong>populuS,</strong></span> <span class='ocrx_word' id='word_1_259' title='bbox 1193 2185 1418 2256; x_wconf 86' lang='lat' dir='ltr'><strong>Joppon</strong></span> <span class='ocrx_word' id='word_1_260' title='bbox 1450 2180 1739 2249; x_wconf 89' lang='lat' dir='ltr'><strong>videlicet,</strong></span> <span class='ocrx_word' id='word_1_261' title='bbox 1772 2183 1829 2235; x_wconf 91' lang='lat' dir='ltr'><strong>et</strong></span> 
     </span>
     <span class='ocr_line' id='line_1_39' title="bbox 181 2266 1826 2349; baseline -0.01 -13"><span class='ocrx_word' id='word_1_262' title='bbox 181 2279 255 2336; x_wconf 87' lang='lat' dir='ltr'><strong>de</strong></span> <span class='ocrx_word' id='word_1_263' title='bbox 285 2295 430 2336; x_wconf 83' lang='lat' dir='ltr'><strong>novo</strong></span> <span class='ocrx_word' id='word_1_264' title='bbox 469 2281 698 2349; x_wconf 85' lang='lat' dir='ltr'><strong>captam</strong></span> <span class='ocrx_word' id='word_1_265' title='bbox 729 2277 1069 2334; x_wconf 65' lang='lat' dir='ltr'><strong>Caesaream.</strong></span> <span class='ocrx_word' id='word_1_266' title='bbox 1093 2272 1199 2339; x_wconf 85' lang='lat' dir='ltr'><strong>Qui</strong></span> <span class='ocrx_word' id='word_1_267' title='bbox 1229 2276 1421 2327; x_wconf 90' lang='lat' dir='ltr'><strong>autem</strong></span> <span class='ocrx_word' id='word_1_268' title='bbox 1452 2266 1826 2334; x_wconf 87' lang='lat' dir='ltr'><strong>accedebant,</strong></span> 
     </span>
     <span class='ocr_line' id='line_1_40' title="bbox 185 2360 1826 2440; baseline -0.01 -15"><span class='ocrx_word' id='word_1_269' title='bbox 185 2367 492 2440; x_wconf 88' lang='lat' dir='ltr'><strong>completis</strong></span> <span class='ocrx_word' id='word_1_270' title='bbox 522 2365 901 2428; x_wconf 79' lang='lat' dir='ltr'><strong>orationibus,</strong></span> <span class='ocrx_word' id='word_1_271' title='bbox 934 2360 1088 2417; x_wconf 90' lang='lat' dir='ltr'><strong>illico</strong></span> <span class='ocrx_word' id='word_1_272' title='bbox 1116 2361 1571 2421; x_wconf 85' lang='lat' dir='ltr'><strong>revertebantur,</strong></span> <span class='ocrx_word' id='word_1_273' title='bbox 1605 2360 1826 2412; x_wconf 89' lang='lat' dir='ltr'><strong>nostro-</strong></span> 
     </span>
     <span class='ocr_line' id='line_1_41' title="bbox 185 2445 1827 2521; baseline -0.007 -10"><span class='ocrx_word' id='word_1_274' title='bbox 185 2472 317 2511; x_wconf 90' lang='lat' dir='ltr'><strong>rum</strong></span> <span class='ocrx_word' id='word_1_275' title='bbox 339 2456 601 2511; x_wconf 89' lang='lat' dir='ltr'><strong>videntes</strong></span> <span class='ocrx_word' id='word_1_276' title='bbox 630 2451 1079 2519; x_wconf 85' lang='lat' dir='ltr'><strong>debilitatem,et</strong></span> <span class='ocrx_word' id='word_1_277' title='bbox 1111 2464 1255 2521; x_wconf 87' lang='lat' dir='ltr'><strong>pene</strong></span> <span class='ocrx_word' id='word_1_278' title='bbox 1276 2448 1585 2512; x_wconf 81' lang='lat' dir='ltr'><strong>desectum,</strong></span> <span class='ocrx_word' id='word_1_279' title='bbox 1621 2445 1827 2500; x_wconf 90' lang='lat' dir='ltr'><strong>timen-</strong></span> 
     </span>
     <span class='ocr_line' id='line_1_42' title="bbox 184 2534 1719 2602; baseline -0.006 -2"><span class='ocrx_word' id='word_1_280' title='bbox 184 2546 275 2600; x_wconf 77' lang='lat' dir='ltr'><strong>tes</strong></span> <span class='ocrx_word' id='word_1_281' title='bbox 313 2542 719 2602; x_wconf 88' lang='lat' dir='ltr'><strong>communibus</strong></span> <span class='ocrx_word' id='word_1_282' title='bbox 747 2558 881 2597; x_wconf 91' lang='lat' dir='ltr'><strong>cum</strong></span> <span class='ocrx_word' id='word_1_283' title='bbox 913 2540 994 2596; x_wconf 88' lang='lat' dir='ltr'><strong>eis</strong></span> <span class='ocrx_word' id='word_1_284' title='bbox 1025 2537 1452 2595; x_wconf 84' lang='lat' dir='ltr'><strong>calamitatibus</strong></span> <span class='ocrx_word' id='word_1_285' title='bbox 1482 2534 1719 2591; x_wconf 89' lang='lat' dir='ltr'><strong>involvi.</strong></span> 
     </span>
    </p>
   </div>
   <div class='ocr_carea' id='block_1_9' title="bbox 783 2645 1233 2704">
    <p class='ocr_par' dir='ltr' id='par_1_9' title="bbox 783 2645 1233 2704">
     <span class='ocr_line' id='line_1_43' title="bbox 783 2645 1233 2704; baseline -0.009 0"><span class='ocrx_word' id='word_1_286' title='bbox 783 2645 1020 2704; x_wconf 83' lang='lat' dir='ltr'>CAPUT</span> <span class='ocrx_word' id='word_1_287' title='bbox 1058 2645 1212 2701; x_wconf 86' lang='lat' dir='ltr'><strong>XXII</strong></span> <span class='ocrx_word' id='word_1_288' title='bbox 1220 2686 1233 2699; x_wconf 90' lang='lat'><strong>.</strong></span> 
     </span>
    </p>
   </div>
   <div class='ocr_carea' id='block_1_10' title="bbox 187 2750 1829 2972">
    <p class='ocr_par' dir='ltr' id='par_1_10' title="bbox 187 2750 1829 2972">
     <span class='ocr_line' id='line_1_44' title="bbox 187 2750 1829 2827; baseline -0.009 -11"><span class='ocrx_word' id='word_1_289' title='bbox 187 2760 301 2816; x_wconf 74' lang='lat' dir='ltr'><strong>Rex</strong></span> <span class='ocrx_word' id='word_1_290' title='bbox 326 2774 425 2827; x_wconf 78' lang='lat' dir='ltr'><strong>per</strong></span> <span class='ocrx_word' id='word_1_291' title='bbox 459 2755 784 2812; x_wconf 81' lang='lat' dir='ltr'><strong>diverticula</strong></span> <span class='ocrx_word' id='word_1_292' title='bbox 821 2756 1059 2826; x_wconf 72' lang='lat' dir='ltr'><strong>luqiens,</strong></span> <span class='ocrx_word' id='word_1_293' title='bbox 1094 2754 1283 2818; x_wconf 78' lang='lat' dir='ltr'><strong>Arsur,</strong></span> <span class='ocrx_word' id='word_1_294' title='bbox 1316 2750 1443 2806; x_wconf 76' lang='lat' dir='ltr'><strong>inde</strong></span> <span class='ocrx_word' id='word_1_295' title='bbox 1471 2751 1673 2820; x_wconf 80' lang='lat' dir='ltr'><strong>Joppen</strong></span> <span class='ocrx_word' id='word_1_296' title='bbox 1701 2763 1829 2818; x_wconf 82' lang='lat' dir='ltr'><strong>per-</strong></span> 
     </span>
     <span class='ocr_line' id='line_1_45' title="bbox 252 2819 1829 2897; baseline -0.006 -11"><span class='ocrx_word' id='word_1_297' title='bbox 252 2828 425 2886; x_wconf 77' lang='lat' dir='ltr'><strong>venit.</strong></span> <span class='ocrx_word' id='word_1_298' title='bbox 450 2829 792 2887; x_wconf 77' lang='lat' dir='ltr'><strong>Conveniunt</strong></span> <span class='ocrx_word' id='word_1_299' title='bbox 833 2827 900 2881; x_wconf 80' lang='lat' dir='ltr'><strong>de</strong></span> <span class='ocrx_word' id='word_1_300' title='bbox 946 2841 1114 2897; x_wconf 77' lang='lat' dir='ltr'><strong>reqno</strong></span> <span class='ocrx_word' id='word_1_301' title='bbox 1161 2825 1426 2889; x_wconf 49' lang='lat' dir='ltr'><strong>universi,</strong></span> <span class='ocrx_word' id='word_1_302' title='bbox 1458 2828 1519 2876; x_wconf 82' lang='lat' dir='ltr'><strong>ut</strong></span> <span class='ocrx_word' id='word_1_303' title='bbox 1546 2819 1667 2891; x_wconf 72' lang='lat' dir='ltr'><strong>reqi</strong></span> <span class='ocrx_word' id='word_1_304' title='bbox 1694 2820 1829 2876; x_wconf 78' lang='lat' dir='ltr'><strong>sub-</strong></span> 
     </span>
     <span class='ocr_line' id='line_1_46' title="bbox 252 2893 1827 2972; baseline -0.006 -15"><span class='ocrx_word' id='word_1_305' title='bbox 252 2903 514 2963; x_wconf 78' lang='lat' dir='ltr'><strong>veniant:</strong></span> <span class='ocrx_word' id='word_1_306' title='bbox 558 2910 847 2972; x_wconf 76' lang='lat' dir='ltr'><strong>puqnamr</strong></span> <span class='ocrx_word' id='word_1_307' title='bbox 885 2900 1009 2954; x_wconf 80' lang='lat' dir='ltr'><strong>curi</strong></span> <span class='ocrx_word' id='word_1_308' title='bbox 1063 2896 1307 2953; x_wconf 73' lang='lat' dir='ltr'><strong>hostibus</strong></span> <span class='ocrx_word' id='word_1_309' title='bbox 1361 2899 1542 2949; x_wconf 75' lang='lat' dir='ltr'><strong>nostro</strong></span> <span class='ocrx_word' id='word_1_310' title='bbox 1601 2893 1827 2949; x_wconf 75' lang='lat' dir='ltr'><strong>victores</strong></span> 
     </span>
    </p>
   </div>
   <div class='ocr_carea' id='block_1_11' title="bbox 254 2972 1817 3153">
    <p class='ocr_par' dir='ltr' id='par_1_11' title="bbox 254 2972 1817 3153">
     <span class='ocr_line' id='line_1_47' title="bbox 254 2972 507 3031; baseline -0.012 0"><span class='ocrx_word' id='word_1_311' title='bbox 254 2972 507 3031; x_wconf 75' lang='lat' dir='ltr'><strong>evadunt.</strong></span> 
     </span>
     <span class='ocr_line' id='line_1_48' title="bbox 254 3072 1817 3153; baseline -0.006 -15"><span class='ocrx_word' id='word_1_312' title='bbox 254 3081 375 3139; x_wconf 80' lang='lat' dir='ltr'><strong>Rex</strong></span> <span class='ocrx_word' id='word_1_313' title='bbox 414 3095 551 3153; x_wconf 91' lang='lat' dir='ltr'><strong>ergo</strong></span> <span class='ocrx_word' id='word_1_314' title='bbox 610 3080 679 3136; x_wconf 87' lang='lat' dir='ltr'><strong>ad</strong></span> <span class='ocrx_word' id='word_1_315' title='bbox 742 3083 993 3146; x_wconf 90' lang='lat' dir='ltr'><strong>montes,</strong></span> <span class='ocrx_word' id='word_1_316' title='bbox 1027 3084 1086 3134; x_wconf 93' lang='lat' dir='ltr'><strong>ut</strong></span> <span class='ocrx_word' id='word_1_317' title='bbox 1134 3075 1534 3150; x_wconf 65' lang='lat' dir='ltr'><strong>praediximus,</strong></span> <span class='ocrx_word' id='word_1_318' title='bbox 1567 3072 1817 3146; x_wconf 82' lang='lat' dir='ltr'><strong>fugiens,</strong></span> 
     </span>
    </p>
   </div>
   <div class='ocr_carea' id='block_1_12' title="bbox 182 3133 1892 3237">
    <p class='ocr_par' dir='ltr' id='par_1_12' title="bbox 182 3133 1892 3237">
     <span class='ocr_line' id='line_1_49' title="bbox 182 3133 1892 3237; baseline -0.006 -9"><span class='ocrx_word' id='word_1_319' title='bbox 182 3171 420 3228; x_wconf 83' lang='lat' dir='ltr'><strong>amissis</strong></span> <span class='ocrx_word' id='word_1_320' title='bbox 439 3174 539 3225; x_wconf 79' lang='lat' dir='ltr'><strong>viae</strong></span> <span class='ocrx_word' id='word_1_321' title='bbox 572 3169 963 3237; x_wconf 89' lang='lat' dir='ltr'><strong>consortibus,</strong></span> <span class='ocrx_word' id='word_1_322' title='bbox 997 3166 1208 3222; x_wconf 88' lang='lat' dir='ltr'><strong>velocis</strong></span> <span class='ocrx_word' id='word_1_323' title='bbox 1236 3164 1368 3235; x_wconf 89' lang='lat' dir='ltr'><strong>equi</strong></span> <span class='ocrx_word' id='word_1_324' title='bbox 1390 3169 1622 3236; x_wconf 89' lang='lat' dir='ltr'><strong>ereptus</strong></span> <span class='ocrx_word' id='word_1_325' title='bbox 1645 3163 1820 3219; x_wconf 89' lang='lat' dir='ltr'><strong>bene·</strong></span> <span class='ocrx_word' id='word_1_326' title='bbox 1849 3133 1892 3199; x_wconf 81' lang='lat' dir='ltr'>C</span> 
     </span>
    </p>
   </div>
   <div class='ocr_carea' id='block_1_13' title="bbox 178 3253 1830 4486">
    <p class='ocr_par' dir='ltr' id='par_1_13' title="bbox 178 3253 1830 4486">
     <span class='ocr_line' id='line_1_50' title="bbox 178 3253 1822 3331; baseline -0.006 -14"><span class='ocrx_word' id='word_1_327' title='bbox 178 3259 310 3317; x_wconf 82' lang='lat' dir='ltr'><strong>ficio</strong></span> <span class='ocrx_word' id='word_1_328' title='bbox 333 3262 390 3316; x_wconf 89' lang='lat' dir='ltr'><strong>et</strong></span> <span class='ocrx_word' id='word_1_329' title='bbox 420 3258 680 3331; x_wconf 70' lang='lat' dir='ltr'><strong>praedicti</strong></span> <span class='ocrx_word' id='word_1_330' title='bbox 730 3256 944 3314; x_wconf 88' lang='lat' dir='ltr'><strong>nobilis</strong></span> <span class='ocrx_word' id='word_1_331' title='bbox 985 3255 1093 3311; x_wconf 91' lang='lat' dir='ltr'><strong>viri</strong></span> <span class='ocrx_word' id='word_1_332' title='bbox 1152 3256 1386 3314; x_wconf 84' lang='lat' dir='ltr'><strong>ducatu,</strong></span> <span class='ocrx_word' id='word_1_333' title='bbox 1412 3258 1532 3309; x_wconf 90' lang='lat' dir='ltr'><strong>tota</strong></span> <span class='ocrx_word' id='word_1_334' title='bbox 1569 3260 1734 3309; x_wconf 88' lang='lat' dir='ltr'><strong>nocte</strong></span> <span class='ocrx_word' id='word_1_335' title='bbox 1764 3253 1822 3308; x_wconf 92' lang='lat' dir='ltr'><strong>in</strong></span> 
     </span>
     <span class='ocr_line' id='line_1_51' title="bbox 178 3342 1826 3419; baseline -0.005 -13"><span class='ocrx_word' id='word_1_336' title='bbox 178 3348 325 3406; x_wconf 90' lang='lat' dir='ltr'><strong>locis</strong></span> <span class='ocrx_word' id='word_1_337' title='bbox 346 3347 590 3404; x_wconf 88' lang='lat' dir='ltr'><strong>desertis</strong></span> <span class='ocrx_word' id='word_1_338' title='bbox 640 3346 903 3419; x_wconf 89' lang='lat' dir='ltr'><strong>trepidus</strong></span> <span class='ocrx_word' id='word_1_339' title='bbox 945 3344 1116 3402; x_wconf 87' lang='lat' dir='ltr'><strong>latuit</strong></span> <span class='ocrx_word' id='word_1_340' title='bbox 1147 3362 1162 3401; x_wconf 74' lang='grc' dir='ltr'><strong><em>ε</em></strong></span> <span class='ocrx_word' id='word_1_341' title='bbox 1197 3358 1367 3400; x_wconf 88' lang='lat' dir='ltr'><strong>mane</strong></span> <span class='ocrx_word' id='word_1_342' title='bbox 1395 3344 1565 3411; x_wconf 79' lang='lat' dir='ltr'><strong>sacto,</strong></span> <span class='ocrx_word' id='word_1_343' title='bbox 1599 3342 1826 3398; x_wconf 90' lang='lat' dir='ltr'><strong>duobus</strong></span> 
     </span>
     <span class='ocr_line' id='line_1_52' title="bbox 183 3431 1828 3510; baseline -0.007 -14"><span class='ocrx_word' id='word_1_344' title='bbox 183 3435 387 3507; x_wconf 84' lang='lat' dir='ltr'><strong>sociis,</strong></span> <span class='ocrx_word' id='word_1_345' title='bbox 415 3453 566 3510; x_wconf 87' lang='lat' dir='ltr'><strong>quos</strong></span> <span class='ocrx_word' id='word_1_346' title='bbox 597 3451 771 3493; x_wconf 89' lang='lat' dir='ltr'><strong>casus</strong></span> <span class='ocrx_word' id='word_1_347' title='bbox 800 3433 1106 3501; x_wconf 90' lang='lat' dir='ltr'><strong>obtulerat,</strong></span> <span class='ocrx_word' id='word_1_348' title='bbox 1129 3434 1458 3500; x_wconf 88' lang='lat' dir='ltr'><strong>comitatus,</strong></span> <span class='ocrx_word' id='word_1_349' title='bbox 1491 3431 1714 3486; x_wconf 89' lang='lat' dir='ltr'><strong>viarum</strong></span> <span class='ocrx_word' id='word_1_350' title='bbox 1737 3447 1828 3486; x_wconf 78' lang='lat' dir='ltr'><strong>se-</strong></span> 
     </span>
     <span class='ocr_line' id='line_1_53' title="bbox 187 3522 1830 3600; baseline -0.005 -15"><span class='ocrx_word' id='word_1_351' title='bbox 187 3532 357 3586; x_wconf 89' lang='lat' dir='ltr'><strong>cutus</strong></span> <span class='ocrx_word' id='word_1_352' title='bbox 370 3527 695 3600; x_wconf 83' lang='lat' dir='ltr'><strong>dispendia,</strong></span> <span class='ocrx_word' id='word_1_353' title='bbox 721 3542 823 3598; x_wconf 90' lang='lat' dir='ltr'><strong>per</strong></span> <span class='ocrx_word' id='word_1_354' title='bbox 864 3525 1089 3582; x_wconf 91' lang='lat' dir='ltr'><strong>medias</strong></span> <span class='ocrx_word' id='word_1_355' title='bbox 1111 3522 1366 3580; x_wconf 86' lang='lat' dir='ltr'><strong>hostium</strong></span> <span class='ocrx_word' id='word_1_356' title='bbox 1382 3522 1625 3578; x_wconf 90' lang='lat' dir='ltr'><strong>insidias</strong></span> <span class='ocrx_word' id='word_1_357' title='bbox 1648 3528 1830 3577; x_wconf 81' lang='lat' dir='ltr'><strong>Areur</strong></span> 
     </span>
     <span class='ocr_line' id='line_1_54' title="bbox 189 3610 1829 3690; baseline -0.005 -16"><span class='ocrx_word' id='word_1_358' title='bbox 189 3632 375 3689; x_wconf 86' lang='lat' dir='ltr'><strong>usque</strong></span> <span class='ocrx_word' id='word_1_359' title='bbox 405 3616 682 3690; x_wconf 80' lang='lat' dir='ltr'><strong>pervenit.</strong></span> <span class='ocrx_word' id='word_1_360' title='bbox 716 3615 823 3671; x_wconf 93' lang='lat' dir='ltr'><strong>Ubi</strong></span> <span class='ocrx_word' id='word_1_361' title='bbox 872 3632 907 3671; x_wconf 88' lang='lat' dir='ltr'><strong>a</strong></span> <span class='ocrx_word' id='word_1_362' title='bbox 953 3614 1098 3680; x_wconf 93' lang='lat' dir='ltr'><strong>suis,</strong></span> <span class='ocrx_word' id='word_1_363' title='bbox 1132 3613 1232 3686; x_wconf 89' lang='lat' dir='ltr'><strong>qui</strong></span> <span class='ocrx_word' id='word_1_364' title='bbox 1279 3612 1336 3669; x_wconf 93' lang='lat' dir='ltr'><strong>in</strong></span> <span class='ocrx_word' id='word_1_365' title='bbox 1386 3612 1588 3668; x_wconf 89' lang='lat' dir='ltr'><strong>eodem</strong></span> <span class='ocrx_word' id='word_1_366' title='bbox 1615 3610 1829 3683; x_wconf 90' lang='lat' dir='ltr'><strong>oppido</strong></span> 
     </span>
     <span class='ocr_line' id='line_1_55' title="bbox 191 3700 1828 3778; baseline -0.006 -15"><span class='ocrx_word' id='word_1_367' title='bbox 191 3716 377 3775; x_wconf 84' lang='lat' dir='ltr'><strong>erant,</strong></span> <span class='ocrx_word' id='word_1_368' title='bbox 404 3706 729 3778; x_wconf 84' lang='lat' dir='ltr'><strong>gaudenter</strong></span> <span class='ocrx_word' id='word_1_369' title='bbox 764 3710 1059 3776; x_wconf 86' lang='lat' dir='ltr'><strong>exceptus,</strong></span> <span class='ocrx_word' id='word_1_370' title='bbox 1092 3706 1329 3774; x_wconf 89' lang='lat' dir='ltr'><strong>sumpto</strong></span> <span class='ocrx_word' id='word_1_371' title='bbox 1368 3700 1517 3770; x_wconf 89' lang='lat' dir='ltr'><strong>cibo,</strong></span> <span class='ocrx_word' id='word_1_372' title='bbox 1540 3700 1828 3755; x_wconf 80' lang='lat' dir='ltr'><strong>contorta-</strong></span> 
     </span>
     <span class='ocr_line' id='line_1_56' title="bbox 188 3788 1830 3866; baseline -0.005 -15"><span class='ocrx_word' id='word_1_373' title='bbox 188 3797 286 3851; x_wconf 88' lang='lat' dir='ltr'><strong>tus</strong></span> <span class='ocrx_word' id='word_1_374' title='bbox 311 3799 397 3850; x_wconf 87' lang='lat' dir='ltr'><strong>est</strong></span> <span class='ocrx_word' id='word_1_375' title='bbox 422 3811 438 3863; x_wconf 91' lang='lat'><strong>;</strong></span> <span class='ocrx_word' id='word_1_376' title='bbox 472 3810 603 3850; x_wconf 86' lang='lat' dir='ltr'><strong>nam</strong></span> <span class='ocrx_word' id='word_1_377' title='bbox 638 3809 753 3866; x_wconf 77' lang='lat' dir='ltr'><strong>prae</strong></span> <span class='ocrx_word' id='word_1_378' title='bbox 783 3792 955 3848; x_wconf 78' lang='lat' dir='ltr'><strong>ramis</strong></span> <span class='ocrx_word' id='word_1_379' title='bbox 976 3791 1219 3861; x_wconf 87' lang='lat' dir='ltr'><strong>sitisque</strong></span> <span class='ocrx_word' id='word_1_380' title='bbox 1249 3788 1540 3861; x_wconf 88' lang='lat' dir='ltr'><strong>angustia,</strong></span> <span class='ocrx_word' id='word_1_381' title='bbox 1574 3788 1711 3844; x_wconf 93' lang='lat' dir='ltr'><strong>dum</strong></span> <span class='ocrx_word' id='word_1_382' title='bbox 1737 3802 1830 3843; x_wconf 87' lang='lat' dir='ltr'><strong>ve-</strong></span> 
     </span>
     <span class='ocr_line' id='line_1_57' title="bbox 184 3875 1830 3955; baseline -0.004 -16"><span class='ocrx_word' id='word_1_383' title='bbox 184 3881 356 3950; x_wconf 88' lang='lat' dir='ltr'><strong>niret,</strong></span> <span class='ocrx_word' id='word_1_384' title='bbox 390 3897 537 3955; x_wconf 90' lang='lat' dir='ltr'><strong>pene</strong></span> <span class='ocrx_word' id='word_1_385' title='bbox 595 3882 899 3939; x_wconf 77' lang='lat' dir='ltr'><strong>defecerat.</strong></span> <span class='ocrx_word' id='word_1_386' title='bbox 932 3880 1174 3936; x_wconf 84' lang='lat' dir='ltr'><strong>Videtur</strong></span> <span class='ocrx_word' id='word_1_387' title='bbox 1220 3887 1409 3935; x_wconf 90' lang='lat' dir='ltr'><strong>autem</strong></span> <span class='ocrx_word' id='word_1_388' title='bbox 1456 3881 1513 3933; x_wconf 91' lang='lat' dir='ltr'><strong>et</strong></span> <span class='ocrx_word' id='word_1_389' title='bbox 1552 3875 1830 3932; x_wconf 90' lang='lat' dir='ltr'><strong>divinitus</strong></span> 
     </span>
     <span class='ocr_line' id='line_1_58' title="bbox 185 3966 1825 4046; baseline -0.005 -18"><span class='ocrx_word' id='word_1_390' title='bbox 185 3977 557 4046; x_wconf 85' lang='lat' dir='ltr'><strong>procuratum</strong></span> <span class='ocrx_word' id='word_1_391' title='bbox 620 3972 899 4044; x_wconf 89' lang='lat' dir='ltr'><strong>quiddam</strong></span> <span class='ocrx_word' id='word_1_392' title='bbox 959 3970 1114 4043; x_wconf 92' lang='lat' dir='ltr'><strong>quod</strong></span> <span class='ocrx_word' id='word_1_393' title='bbox 1172 3968 1223 4026; x_wconf 90' lang='lat' dir='ltr'><strong>ei</strong></span> <span class='ocrx_word' id='word_1_394' title='bbox 1277 3968 1491 4023; x_wconf 89' lang='lat' dir='ltr'><strong>dicitur</strong></span> <span class='ocrx_word' id='word_1_395' title='bbox 1520 3966 1825 4023; x_wconf 89' lang='lat' dir='ltr'><strong>accidisse.</strong></span> 
     </span>
     <span class='ocr_line' id='line_1_59' title="bbox 182 4055 1826 4128; baseline -0.005 -11"><span class='ocrx_word' id='word_1_396' title='bbox 182 4064 330 4117; x_wconf 77' lang='lat' dir='ltr'><strong>Nam</strong></span> <span class='ocrx_word' id='word_1_397' title='bbox 362 4061 561 4117; x_wconf 86' lang='lat' dir='ltr'><strong>eadem</strong></span> <span class='ocrx_word' id='word_1_398' title='bbox 586 4060 698 4128; x_wconf 87' lang='lat' dir='ltr'><strong>die,</strong></span> <span class='ocrx_word' id='word_1_399' title='bbox 713 4059 808 4115; x_wconf 84' lang='lat' dir='ltr'><strong>vix</strong></span> <span class='ocrx_word' id='word_1_400' title='bbox 837 4060 1013 4115; x_wconf 89' lang='lat' dir='ltr'><strong>unius</strong></span> <span class='ocrx_word' id='word_1_401' title='bbox 1036 4056 1504 4128; x_wconf 77' lang='lat' dir='ltr'><strong>bcroeinterjecto</strong></span> <span class='ocrx_word' id='word_1_402' title='bbox 1525 4055 1732 4126; x_wconf 89' lang='lat' dir='ltr'><strong>spatio,</strong></span> <span class='ocrx_word' id='word_1_403' title='bbox 1755 4055 1826 4110; x_wconf 89' lang='lat' dir='ltr'><strong>ab</strong></span> 
     </span>
     <span class='ocr_line' id='line_1_60' title="bbox 184 4146 1828 4223; baseline -0.004 -17"><span class='ocrx_word' id='word_1_404' title='bbox 184 4150 386 4206; x_wconf 87' lang='lat' dir='ltr'><strong>eodem</strong></span> <span class='ocrx_word' id='word_1_405' title='bbox 409 4150 625 4223; x_wconf 89' lang='lat' dir='ltr'><strong>oppido</strong></span> <span class='ocrx_word' id='word_1_406' title='bbox 658 4150 953 4206; x_wconf 81' lang='lat' dir='ltr'><strong>maximus</strong></span> <span class='ocrx_word' id='word_1_407' title='bbox 975 4146 1233 4204; x_wconf 89' lang='lat' dir='ltr'><strong>hostium</strong></span> <span class='ocrx_word' id='word_1_408' title='bbox 1258 4147 1601 4202; x_wconf 82' lang='lat' dir='ltr'><strong>discesserat</strong></span> <span class='ocrx_word' id='word_1_409' title='bbox 1626 4160 1828 4201; x_wconf 88' lang='lat' dir='ltr'><strong>nume-</strong></span> 
     </span>
     <span class='ocr_line' id='line_1_61' title="bbox 189 4234 1827 4310; baseline -0.002 -16"><span class='ocrx_word' id='word_1_410' title='bbox 189 4254 314 4304; x_wconf 89' lang='lat' dir='ltr'><strong>rus,</strong></span> <span class='ocrx_word' id='word_1_411' title='bbox 347 4241 444 4310; x_wconf 91' lang='lat' dir='ltr'><strong>qui</strong></span> <span class='ocrx_word' id='word_1_412' title='bbox 478 4239 605 4294; x_wconf 89' lang='lat' dir='ltr'><strong>sine</strong></span> <span class='ocrx_word' id='word_1_413' title='bbox 653 4238 1081 4293; x_wconf 87' lang='lat' dir='ltr'><strong>intermissione</strong></span> <span class='ocrx_word' id='word_1_414' title='bbox 1119 4236 1426 4309; x_wconf 85' lang='lat' dir='ltr'><strong>oppidanis</strong></span> <span class='ocrx_word' id='word_1_415' title='bbox 1457 4241 1573 4292; x_wconf 88' lang='lat' dir='ltr'><strong>tota</strong></span> <span class='ocrx_word' id='word_1_416' title='bbox 1601 4234 1693 4291; x_wconf 91' lang='lat' dir='ltr'><strong>die</strong></span> <span class='ocrx_word' id='word_1_417' title='bbox 1725 4250 1827 4306; x_wconf 93' lang='lat' dir='ltr'><strong>pro</strong></span> 
     </span>
     <span class='ocr_line' id='line_1_62' title="bbox 187 4322 1826 4398; baseline 0 -18"><span class='ocrx_word' id='word_1_418' title='bbox 187 4324 412 4381; x_wconf 73' lang='lat' dir='ltr'><strong>foribus</strong></span> <span class='ocrx_word' id='word_1_419' title='bbox 458 4324 678 4380; x_wconf 90' lang='lat' dir='ltr'><strong>bellum</strong></span> <span class='ocrx_word' id='word_1_420' title='bbox 726 4323 1083 4393; x_wconf 84' lang='lat' dir='ltr'><strong>intulerant;</strong></span> <span class='ocrx_word' id='word_1_421' title='bbox 1117 4342 1264 4398; x_wconf 91' lang='lat' dir='ltr'><strong>quos</strong></span> <span class='ocrx_word' id='word_1_422' title='bbox 1306 4325 1437 4380; x_wconf 89' lang='lat' dir='ltr'><strong>siin</strong></span> <span class='ocrx_word' id='word_1_423' title='bbox 1468 4324 1669 4380; x_wconf 90' lang='lat' dir='ltr'><strong>codem</strong></span> <span class='ocrx_word' id='word_1_424' title='bbox 1704 4322 1826 4381; x_wconf 91' lang='lat' dir='ltr'><strong>loco</strong></span> 
     </span>
     <span class='ocr_line' id='line_1_63' title="bbox 188 4413 1824 4486; baseline -0.001 -17"><span class='ocrx_word' id='word_1_425' title='bbox 188 4419 626 4486; x_wconf 86' lang='lat' dir='ltr'><strong>perseverantes</strong></span> <span class='ocrx_word' id='word_1_426' title='bbox 670 4430 770 4470; x_wconf 86' lang='lat' dir='ltr'><strong>rex</strong></span> <span class='ocrx_word' id='word_1_427' title='bbox 817 4416 1098 4471; x_wconf 88' lang='lat' dir='ltr'><strong>accedens</strong></span> <span class='ocrx_word' id='word_1_428' title='bbox 1137 4414 1469 4486; x_wconf 89' lang='lat' dir='ltr'><strong>reperisset,</strong></span> <span class='ocrx_word' id='word_1_429' title='bbox 1501 4413 1595 4469; x_wconf 80' lang='lat' dir='ltr'><strong>vix</strong></span> <span class='ocrx_word' id='word_1_430' title='bbox 1623 4428 1824 4469; x_wconf 91' lang='lat' dir='ltr'><strong>eorum</strong></span> 
     </span>
    </p>
   </div>
   <div class='ocr_carea' id='block_1_14' title="bbox 186 4483 1902 4575">
    <p class='ocr_par' dir='ltr' id='par_1_14' title="bbox 186 4483 1902 4575">
     <span class='ocr_line' id='line_1_64' title="bbox 186 4483 1902 4575; baseline -0.005 -18"><span class='ocrx_word' id='word_1_431' title='bbox 186 4516 400 4558; x_wconf 88' lang='lat' dir='ltr'><strong>manus</strong></span> <span class='ocrx_word' id='word_1_432' title='bbox 430 4501 718 4575; x_wconf 87' lang='lat' dir='ltr'><strong>potuisset</strong></span> <span class='ocrx_word' id='word_1_433' title='bbox 747 4502 1018 4574; x_wconf 78' lang='lat' dir='ltr'><strong>effugere.</strong></span> <span class='ocrx_word' id='word_1_434' title='bbox 1054 4501 1275 4558; x_wconf 88' lang='lat' dir='ltr'><strong>Rumor</strong></span> <span class='ocrx_word' id='word_1_435' title='bbox 1318 4500 1549 4556; x_wconf 90' lang='lat' dir='ltr'><strong>interim</strong></span> <span class='ocrx_word' id='word_1_436' title='bbox 1589 4500 1661 4555; x_wconf 90' lang='lat' dir='ltr'><strong>de</strong></span> <span class='ocrx_word' id='word_1_437' title='bbox 1693 4515 1824 4571; x_wconf 84' lang='lat' dir='ltr'><strong>rege</strong></span> <span class='ocrx_word' id='word_1_438' title='bbox 1856 4483 1902 4549; x_wconf 87' lang='lat' dir='ltr'>D</span> 
     </span>
    </p>
   </div>
   <div class='ocr_carea' id='block_1_15' title="bbox 176 4590 1827 5648">
    <p class='ocr_par' dir='ltr' id='par_1_15' title="bbox 176 4590 1827 5648">
     <span class='ocr_line' id='line_1_65' title="bbox 189 4590 1827 4664; baseline -0.001 -18"><span class='ocrx_word' id='word_1_439' title='bbox 189 4591 383 4648; x_wconf 81' lang='lat' dir='ltr'><strong>varius</strong></span> <span class='ocrx_word' id='word_1_440' title='bbox 430 4590 792 4658; x_wconf 89' lang='lat' dir='ltr'><strong>habebatur;</strong></span> <span class='ocrx_word' id='word_1_441' title='bbox 826 4608 960 4648; x_wconf 89' lang='lat' dir='ltr'><strong>nam</strong></span> <span class='ocrx_word' id='word_1_442' title='bbox 1019 4592 1120 4664; x_wconf 89' lang='lat' dir='ltr'><strong>qui</strong></span> <span class='ocrx_word' id='word_1_443' title='bbox 1176 4591 1249 4647; x_wconf 89' lang='lat' dir='ltr'><strong>de</strong></span> <span class='ocrx_word' id='word_1_444' title='bbox 1297 4590 1493 4662; x_wconf 76' lang='lat' dir='ltr'><strong>praelio</strong></span> <span class='ocrx_word' id='word_1_445' title='bbox 1523 4592 1827 4645; x_wconf 88' lang='lat' dir='ltr'><strong>evaserant</strong></span> 
     </span>
     <span class='ocr_line' id='line_1_66' title="bbox 184 4678 1825 4755; baseline -0.002 -18"><span class='ocrx_word' id='word_1_446' title='bbox 184 4681 380 4753; x_wconf 85' lang='lat' dir='ltr'><strong>pauci,</strong></span> <span class='ocrx_word' id='word_1_447' title='bbox 412 4681 874 4755; x_wconf 81' lang='lat' dir='ltr'><strong>Hierosolymam</strong></span> <span class='ocrx_word' id='word_1_448' title='bbox 904 4681 1223 4747; x_wconf 88' lang='lat' dir='ltr'><strong>venientes,</strong></span> <span class='ocrx_word' id='word_1_449' title='bbox 1259 4695 1450 4752; x_wconf 90' lang='lat' dir='ltr'><strong>regem</strong></span> <span class='ocrx_word' id='word_1_450' title='bbox 1482 4678 1631 4735; x_wconf 89' lang='lat' dir='ltr'><strong>inter</strong></span> <span class='ocrx_word' id='word_1_451' title='bbox 1664 4683 1825 4734; x_wconf 75' lang='lat' dir='ltr'><strong>ciste-</strong></span> 
     </span>
     <span class='ocr_line' id='line_1_67' title="bbox 186 4767 1824 4841; baseline -0.002 -14"><span class='ocrx_word' id='word_1_452' title='bbox 186 4785 284 4827; x_wconf 85' lang='lat' dir='ltr'><strong>ros</strong></span> <span class='ocrx_word' id='word_1_453' title='bbox 315 4771 593 4829; x_wconf 87' lang='lat' dir='ltr'><strong>cecidisse</strong></span> <span class='ocrx_word' id='word_1_454' title='bbox 622 4771 976 4828; x_wconf 89' lang='lat' dir='ltr'><strong>asserebant.</strong></span> <span class='ocrx_word' id='word_1_455' title='bbox 1008 4771 1332 4841; x_wconf 87' lang='lat' dir='ltr'><strong>Episcopus</strong></span> <span class='ocrx_word' id='word_1_456' title='bbox 1352 4784 1483 4824; x_wconf 84' lang='lat' dir='ltr'><strong>vero</strong></span> <span class='ocrx_word' id='word_1_457' title='bbox 1515 4767 1824 4824; x_wconf 85' lang='lat' dir='ltr'><strong>Liddensis</strong></span> 
     </span>
     <span class='ocr_line' id='line_1_68' title="bbox 189 4857 1823 4932; baseline -0.001 -18"><span class='ocrx_word' id='word_1_458' title='bbox 189 4857 312 4931; x_wconf 88' lang='lat' dir='ltr'><strong>qui,</strong></span> <span class='ocrx_word' id='word_1_459' title='bbox 335 4861 533 4915; x_wconf 87' lang='lat' dir='ltr'><strong>audita</strong></span> <span class='ocrx_word' id='word_1_460' title='bbox 556 4865 615 4917; x_wconf 89' lang='lat' dir='ltr'><strong>et</strong></span> <span class='ocrx_word' id='word_1_461' title='bbox 636 4875 813 4932; x_wconf 89' lang='lat' dir='ltr'><strong>prope</strong></span> <span class='ocrx_word' id='word_1_462' title='bbox 844 4863 1155 4932; x_wconf 88' lang='lat' dir='ltr'><strong>conspecta</strong></span> <span class='ocrx_word' id='word_1_463' title='bbox 1170 4873 1370 4915; x_wconf 90' lang='lat' dir='ltr'><strong>eorum</strong></span> <span class='ocrx_word' id='word_1_464' title='bbox 1394 4858 1489 4929; x_wconf 90' lang='lat' dir='ltr'><strong>qui</strong></span> <span class='ocrx_word' id='word_1_465' title='bbox 1515 4859 1574 4915; x_wconf 92' lang='lat' dir='ltr'><strong>in</strong></span> <span class='ocrx_word' id='word_1_466' title='bbox 1603 4861 1823 4913; x_wconf 80' lang='lat' dir='ltr'><strong>Ramn-</strong></span> 
     </span>
     <span class='ocr_line' id='line_1_69' title="bbox 182 4946 1826 5022; baseline 0 -19"><span class='ocrx_word' id='word_1_467' title='bbox 182 4946 333 5003; x_wconf 91' lang='lat' dir='ltr'><strong>lensi</strong></span> <span class='ocrx_word' id='word_1_468' title='bbox 363 4949 627 5019; x_wconf 83' lang='lat' dir='ltr'><strong>proesidio</strong></span> <span class='ocrx_word' id='word_1_469' title='bbox 658 4951 813 5022; x_wconf 89' lang='lat' dir='ltr'><strong>capti</strong></span> <span class='ocrx_word' id='word_1_470' title='bbox 847 4950 1073 5007; x_wconf 76' lang='lat' dir='ltr'><strong>fuerant</strong></span> <span class='ocrx_word' id='word_1_471' title='bbox 1104 4953 1318 5019; x_wconf 87' lang='lat' dir='ltr'><strong>strage,</strong></span> <span class='ocrx_word' id='word_1_472' title='bbox 1342 4947 1537 5004; x_wconf 87' lang='lat' dir='ltr'><strong>relicta</strong></span> <span class='ocrx_word' id='word_1_473' title='bbox 1567 4946 1826 5004; x_wconf 80' lang='lat' dir='ltr'><strong>Ecclesia</strong></span> 
     </span>
     <span class='ocr_line' id='line_1_70' title="bbox 183 5034 1824 5111; baseline -0.002 -17"><span class='ocrx_word' id='word_1_474' title='bbox 183 5051 291 5094; x_wconf 84' lang='lat' dir='ltr'><strong>sua</strong></span> <span class='ocrx_word' id='word_1_475' title='bbox 310 5034 532 5107; x_wconf 81' lang='lat' dir='ltr'><strong>Joppen</strong></span> <span class='ocrx_word' id='word_1_476' title='bbox 562 5040 921 5109; x_wconf 81' lang='lat' dir='ltr'><strong>confugerat,</strong></span> <span class='ocrx_word' id='word_1_477' title='bbox 956 5039 1025 5094; x_wconf 89' lang='lat' dir='ltr'><strong>de</strong></span> <span class='ocrx_word' id='word_1_478' title='bbox 1055 5054 1189 5111; x_wconf 90' lang='lat' dir='ltr'><strong>rege</strong></span> <span class='ocrx_word' id='word_1_479' title='bbox 1211 5038 1622 5110; x_wconf 86' lang='lat' dir='ltr'><strong>interrogatus.</strong></span> <span class='ocrx_word' id='word_1_480' title='bbox 1650 5053 1713 5094; x_wconf 90' lang='lat' dir='ltr'><strong>se</strong></span> <span class='ocrx_word' id='word_1_481' title='bbox 1736 5037 1824 5093; x_wconf 90' lang='lat' dir='ltr'><strong>ni-</strong></span> 
     </span>
     <span class='ocr_line' id='line_1_71' title="bbox 183 5123 1825 5200; baseline -0.001 -17"><span class='ocrx_word' id='word_1_482' title='bbox 183 5123 265 5183; x_wconf 89' lang='lat' dir='ltr'><strong>hil</strong></span> <span class='ocrx_word' id='word_1_483' title='bbox 300 5127 538 5182; x_wconf 90' lang='lat' dir='ltr'><strong>omnino</strong></span> <span class='ocrx_word' id='word_1_484' title='bbox 568 5127 716 5184; x_wconf 89' lang='lat' dir='ltr'><strong>scire</strong></span> <span class='ocrx_word' id='word_1_485' title='bbox 745 5128 1071 5196; x_wconf 75' lang='lat' dir='ltr'><strong>fatebatur;</strong></span> <span class='ocrx_word' id='word_1_486' title='bbox 1102 5144 1201 5184; x_wconf 90' lang='lat' dir='ltr'><strong>eos</strong></span> <span class='ocrx_word' id='word_1_487' title='bbox 1230 5133 1423 5184; x_wconf 87' lang='lat' dir='ltr'><strong>tamen</strong></span> <span class='ocrx_word' id='word_1_488' title='bbox 1455 5128 1555 5200; x_wconf 89' lang='lat' dir='ltr'><strong>qui</strong></span> <span class='ocrx_word' id='word_1_489' title='bbox 1589 5127 1648 5182; x_wconf 91' lang='lat' dir='ltr'><strong>in</strong></span> <span class='ocrx_word' id='word_1_490' title='bbox 1680 5143 1825 5199; x_wconf 76' lang='lat' dir='ltr'><strong>prae-</strong></span> 
     </span>
     <span class='ocr_line' id='line_1_72' title="bbox 183 5214 1816 5288; baseline 0 -17"><span class='ocrx_word' id='word_1_491' title='bbox 183 5214 398 5271; x_wconf 87' lang='lat' dir='ltr'><strong>sidium</strong></span> <span class='ocrx_word' id='word_1_492' title='bbox 432 5232 495 5272; x_wconf 91' lang='lat' dir='ltr'><strong>se</strong></span> <span class='ocrx_word' id='word_1_493' title='bbox 527 5221 886 5288; x_wconf 88' lang='lat' dir='ltr'><strong>receperant,</strong></span> <span class='ocrx_word' id='word_1_494' title='bbox 910 5216 1088 5273; x_wconf 89' lang='lat' dir='ltr'><strong>vitam</strong></span> <span class='ocrx_word' id='word_1_495' title='bbox 1132 5217 1546 5274; x_wconf 88' lang='lat' dir='ltr'><strong>miserabiliter</strong></span> <span class='ocrx_word' id='word_1_496' title='bbox 1594 5215 1816 5271; x_wconf 83' lang='lat' dir='ltr'><strong>finiisse</strong></span> 
     </span>
     <span class='ocr_line' id='line_1_73' title="bbox 178 5305 1820 5381; baseline -0.001 -19"><span class='ocrx_word' id='word_1_497' title='bbox 178 5310 514 5363; x_wconf 83' lang='lat' dir='ltr'><strong>constanter</strong></span> <span class='ocrx_word' id='word_1_498' title='bbox 542 5308 870 5374; x_wconf 88' lang='lat' dir='ltr'><strong>asserebat;</strong></span> <span class='ocrx_word' id='word_1_499' title='bbox 904 5324 967 5364; x_wconf 91' lang='lat' dir='ltr'><strong>se</strong></span> <span class='ocrx_word' id='word_1_500' title='bbox 996 5323 1230 5381; x_wconf 89' lang='lat' dir='ltr'><strong>quoque</strong></span> <span class='ocrx_word' id='word_1_501' title='bbox 1278 5308 1417 5380; x_wconf 81' lang='lat' dir='ltr'><strong>fuga</strong></span> <span class='ocrx_word' id='word_1_502' title='bbox 1445 5305 1691 5362; x_wconf 88' lang='lat' dir='ltr'><strong>latenter</strong></span> <span class='ocrx_word' id='word_1_503' title='bbox 1704 5307 1820 5362; x_wconf 90' lang='lat' dir='ltr'><strong>ela-</strong></span> 
     </span>
     <span class='ocr_line' id='line_1_74' title="bbox 181 5394 1820 5466; baseline 0.002 -16"><span class='ocrx_word' id='word_1_504' title='bbox 181 5407 372 5465; x_wconf 85' lang='lat' dir='ltr'><strong>psum,</strong></span> <span class='ocrx_word' id='word_1_505' title='bbox 406 5403 468 5451; x_wconf 86' lang='lat' dir='ltr'><strong>ut</strong></span> <span class='ocrx_word' id='word_1_506' title='bbox 522 5394 651 5451; x_wconf 76' lang='lat' dir='ltr'><strong>vitas</strong></span> <span class='ocrx_word' id='word_1_507' title='bbox 706 5397 1056 5466; x_wconf 86' lang='lat' dir='ltr'><strong>consuleret,</strong></span> <span class='ocrx_word' id='word_1_508' title='bbox 1088 5396 1280 5454; x_wconf 89' lang='lat' dir='ltr'><strong>dicere</strong></span> <span class='ocrx_word' id='word_1_509' title='bbox 1327 5413 1442 5452; x_wconf 90' lang='lat' dir='ltr'><strong>non</strong></span> <span class='ocrx_word' id='word_1_510' title='bbox 1490 5397 1820 5453; x_wconf 86' lang='lat' dir='ltr'><strong>verebatur.</strong></span> 
     </span>
     <span class='ocr_line' id='line_1_75' title="bbox 184 5479 1824 5559; baseline 0.004 -21"><span class='ocrx_word' id='word_1_511' title='bbox 184 5479 323 5538; x_wconf 76' lang='lat' dir='ltr'><strong>Erat</strong></span> <span class='ocrx_word' id='word_1_512' title='bbox 349 5497 482 5554; x_wconf 85' lang='lat' dir='ltr'><strong>ergo</strong></span> <span class='ocrx_word' id='word_1_513' title='bbox 530 5501 629 5556; x_wconf 88' lang='lat' dir='ltr'><strong>per</strong></span> <span class='ocrx_word' id='word_1_514' title='bbox 684 5490 869 5543; x_wconf 90' lang='lat' dir='ltr'><strong>totum</strong></span> <span class='ocrx_word' id='word_1_515' title='bbox 930 5502 1199 5559; x_wconf 87' lang='lat' dir='ltr'><strong>regnum,</strong></span> <span class='ocrx_word' id='word_1_516' title='bbox 1226 5488 1294 5543; x_wconf 88' lang='lat' dir='ltr'><strong>ad</strong></span> <span class='ocrx_word' id='word_1_517' title='bbox 1327 5503 1475 5559; x_wconf 91' lang='lat' dir='ltr'><strong>quos</strong></span> <span class='ocrx_word' id='word_1_518' title='bbox 1496 5503 1686 5544; x_wconf 87' lang='lat' dir='ltr'><strong>sermo</strong></span> <span class='ocrx_word' id='word_1_519' title='bbox 1715 5487 1824 5545; x_wconf 86' lang='lat' dir='ltr'><strong>iste</strong></span> 
     </span>
     <span class='ocr_line' id='line_1_76' title="bbox 176 5573 1822 5648; baseline 0.003 -19"><span class='ocrx_word' id='word_1_520' title='bbox 176 5576 539 5645; x_wconf 76' lang='lat' dir='ltr'><strong>pervenerat,</strong></span> <span class='ocrx_word' id='word_1_521' title='bbox 554 5573 770 5647; x_wconf 88' lang='lat' dir='ltr'><strong>ubique</strong></span> <span class='ocrx_word' id='word_1_522' title='bbox 796 5573 1012 5646; x_wconf 85' lang='lat' dir='ltr'><strong>luctus,</strong></span> <span class='ocrx_word' id='word_1_523' title='bbox 1034 5574 1254 5648; x_wconf 88' lang='lat' dir='ltr'><strong>ubique</strong></span> <span class='ocrx_word' id='word_1_524' title='bbox 1270 5577 1528 5648; x_wconf 78' lang='lat' dir='ltr'><strong>gemitus</strong></span> <span class='ocrx_word' id='word_1_525' title='bbox 1559 5585 1614 5632; x_wconf 88' lang='lat' dir='ltr'><strong>et</strong></span> <span class='ocrx_word' id='word_1_526' title='bbox 1632 5576 1822 5648; x_wconf 68' lang='lat' dir='ltr'><strong>lacu-</strong></span> 
     </span>
    </p>
   </div>
   <div class='ocr_carea' id='block_1_16' title="bbox 1930 1814 3590 5652">
    <p class='ocr_par' dir='ltr' id='par_1_16' title="bbox 1930 1814 3590 5652">
     <span class='ocr_line' id='line_1_77' title="bbox 1939 1814 3589 1891; baseline 0.005 -23"><span class='ocrx_word' id='word_1_527' title='bbox 1939 1814 2096 1882; x_wconf 86' lang='lat' dir='ltr'><strong>Quod</strong></span> <span class='ocrx_word' id='word_1_528' title='bbox 2130 1830 2223 1870; x_wconf 81' lang='lat' dir='ltr'><strong>rex</strong></span> <span class='ocrx_word' id='word_1_529' title='bbox 2280 1814 2549 1881; x_wconf 88' lang='lat' dir='ltr'><strong>audiens,</strong></span> <span class='ocrx_word' id='word_1_530' title='bbox 2578 1816 2906 1888; x_wconf 87' lang='lat' dir='ltr'><strong>assumptis</strong></span> <span class='ocrx_word' id='word_1_531' title='bbox 2963 1832 3163 1874; x_wconf 90' lang='lat' dir='ltr'><strong>secum</strong></span> <span class='ocrx_word' id='word_1_532' title='bbox 3221 1834 3371 1891; x_wconf 89' lang='lat' dir='ltr'><strong>quos</strong></span> <span class='ocrx_word' id='word_1_533' title='bbox 3427 1819 3589 1890; x_wconf 87' lang='lat' dir='ltr'><strong>apud</strong></span> 
     </span>
     <span class='ocr_line' id='line_1_78' title="bbox 1935 1903 3589 1977; baseline 0.004 -17"><span class='ocrx_word' id='word_1_534' title='bbox 1935 1903 2163 1975; x_wconf 81' lang='lat' dir='ltr'><strong>Joppen</strong></span> <span class='ocrx_word' id='word_1_535' title='bbox 2199 1903 2454 1960; x_wconf 87' lang='lat' dir='ltr'><strong>invenire</strong></span> <span class='ocrx_word' id='word_1_536' title='bbox 2486 1905 2792 1976; x_wconf 86' lang='lat' dir='ltr'><strong>poterat,ei</strong></span> <span class='ocrx_word' id='word_1_537' title='bbox 2817 1906 3076 1977; x_wconf 90' lang='lat' dir='ltr'><strong>procedit</strong></span> <span class='ocrx_word' id='word_1_538' title='bbox 3094 1906 3589 1977; x_wconf 88' lang='lat' dir='ltr'><strong>obviam,tlmens</strong></span> 
     </span>
     <span class='ocr_line' id='line_1_79' title="bbox 1939 1991 3588 2064; baseline 0.003 -16"><span class='ocrx_word' id='word_1_539' title='bbox 1939 2007 2011 2048; x_wconf 91' lang='lat' dir='ltr'><strong>ne</strong></span> <span class='ocrx_word' id='word_1_540' title='bbox 2033 1991 2230 2048; x_wconf 88' lang='lat' dir='ltr'><strong>hostes</strong></span> <span class='ocrx_word' id='word_1_541' title='bbox 2251 2008 2354 2064; x_wconf 90' lang='lat' dir='ltr'><strong>per</strong></span> <span class='ocrx_word' id='word_1_542' title='bbox 2376 1994 2666 2064; x_wconf 84' lang='lat' dir='ltr'><strong>regionem</strong></span> <span class='ocrx_word' id='word_1_543' title='bbox 2693 1992 2873 2050; x_wconf 89' lang='lat' dir='ltr'><strong>libere</strong></span> <span class='ocrx_word' id='word_1_544' title='bbox 2894 1994 3191 2052; x_wconf 71' lang='lat' dir='ltr'><strong>diffusieis</strong></span> <span class='ocrx_word' id='word_1_545' title='bbox 3210 1997 3277 2052; x_wconf 90' lang='lat' dir='ltr'><strong>ad</strong></span> <span class='ocrx_word' id='word_1_546' title='bbox 3288 1996 3588 2053; x_wconf 80' lang='lat' dir='ltr'><strong>venienti-</strong></span> 
     </span>
     <span class='ocr_line' id='line_1_80' title="bbox 1937 2081 3589 2159; baseline 0.004 -22"><span class='ocrx_word' id='word_1_547' title='bbox 1937 2082 2052 2138; x_wconf 89' lang='lat' dir='ltr'><strong>bus</strong></span> <span class='ocrx_word' id='word_1_548' title='bbox 2082 2081 2328 2137; x_wconf 86' lang='lat' dir='ltr'><strong>insidias</strong></span> <span class='ocrx_word' id='word_1_549' title='bbox 2375 2083 2759 2150; x_wconf 87' lang='lat' dir='ltr'><strong>molirentur;</strong></span> <span class='ocrx_word' id='word_1_550' title='bbox 2793 2091 2910 2150; x_wconf 87' lang='lat' dir='ltr'><strong>aut,</strong></span> <span class='ocrx_word' id='word_1_551' title='bbox 2954 2085 3324 2157; x_wconf 88' lang='lat' dir='ltr'><strong>congregatis</strong></span> <span class='ocrx_word' id='word_1_552' title='bbox 3371 2086 3589 2159; x_wconf 83' lang='lat' dir='ltr'><strong>copiis,</strong></span> 
     </span>
     <span class='ocr_line' id='line_1_81' title="bbox 1938 2170 3589 2243; baseline 0.004 -16"><span class='ocrx_word' id='word_1_553' title='bbox 1938 2185 2140 2227; x_wconf 89' lang='lat' dir='ltr'><strong>eorum</strong></span> <span class='ocrx_word' id='word_1_554' title='bbox 2174 2170 2481 2227; x_wconf 77' lang='lat' dir='ltr'><strong>manifeste</strong></span> <span class='ocrx_word' id='word_1_555' title='bbox 2509 2171 2618 2226; x_wconf 89' lang='lat' dir='ltr'><strong>iter</strong></span> <span class='ocrx_word' id='word_1_556' title='bbox 2675 2171 2957 2243; x_wconf 88' lang='lat' dir='ltr'><strong>impedire</strong></span> <span class='ocrx_word' id='word_1_557' title='bbox 2991 2173 3335 2230; x_wconf 89' lang='lat' dir='ltr'><strong>niterentur.</strong></span> <span class='ocrx_word' id='word_1_558' title='bbox 3367 2179 3589 2232; x_wconf 90' lang='lat' dir='ltr'><strong>Occur-</strong></span> 
     </span>
     <span class='ocr_line' id='line_1_82' title="bbox 1939 2258 3588 2331; baseline 0.005 -16"><span class='ocrx_word' id='word_1_559' title='bbox 1939 2276 2074 2316; x_wconf 89' lang='lat' dir='ltr'><strong>rens</strong></span> <span class='ocrx_word' id='word_1_560' title='bbox 2102 2275 2238 2331; x_wconf 85' lang='lat' dir='ltr'><strong>ergo</strong></span> <span class='ocrx_word' id='word_1_561' title='bbox 2269 2258 2385 2315; x_wconf 90' lang='lat' dir='ltr'><strong>illis</strong></span> <span class='ocrx_word' id='word_1_562' title='bbox 2436 2260 2658 2328; x_wconf 81' lang='lat' dir='ltr'><strong>Junctis</strong></span> <span class='ocrx_word' id='word_1_563' title='bbox 2706 2276 2840 2316; x_wconf 89' lang='lat' dir='ltr'><strong>cum</strong></span> <span class='ocrx_word' id='word_1_564' title='bbox 2901 2261 3080 2318; x_wconf 88' lang='lat' dir='ltr'><strong>multa</strong></span> <span class='ocrx_word' id='word_1_565' title='bbox 3125 2261 3422 2321; x_wconf 84' lang='lat' dir='ltr'><strong>hilaritate</strong></span> <span class='ocrx_word' id='word_1_566' title='bbox 3451 2280 3588 2322; x_wconf 86' lang='lat' dir='ltr'><strong>oon·</strong></span> 
     </span>
     <span class='ocr_line' id='line_1_83' title="bbox 1937 2347 3586 2422; baseline 0.004 -19"><span class='ocrx_word' id='word_1_567' title='bbox 1937 2349 2202 2419; x_wconf 85' lang='lat' dir='ltr'><strong>plexibus</strong></span> <span class='ocrx_word' id='word_1_568' title='bbox 2231 2352 2289 2405; x_wconf 90' lang='lat' dir='ltr'><strong>et</strong></span> <span class='ocrx_word' id='word_1_569' title='bbox 2317 2347 2653 2419; x_wconf 90' lang='lat' dir='ltr'><strong>agminibus</strong></span> <span class='ocrx_word' id='word_1_570' title='bbox 2685 2348 2943 2420; x_wconf 88' lang='lat' dir='ltr'><strong>sociatis,</strong></span> <span class='ocrx_word' id='word_1_571' title='bbox 2971 2348 3197 2422; x_wconf 82' lang='lat' dir='ltr'><strong>Joppen</strong></span> <span class='ocrx_word' id='word_1_572' title='bbox 3227 2367 3365 2408; x_wconf 90' lang='lat' dir='ltr'><strong>cum</strong></span> <span class='ocrx_word' id='word_1_573' title='bbox 3389 2352 3586 2411; x_wconf 87' lang='lat' dir='ltr'><strong>multa</strong></span> 
     </span>
     <span class='ocr_line' id='line_1_84' title="bbox 1938 2437 3590 2514; baseline 0.003 -20"><span class='ocrx_word' id='word_1_574' title='bbox 1938 2437 2148 2494; x_wconf 87' lang='lat' dir='ltr'><strong>civium</strong></span> <span class='ocrx_word' id='word_1_575' title='bbox 2168 2437 2551 2494; x_wconf 83' lang='lat' dir='ltr'><strong>exsultatione</strong></span> <span class='ocrx_word' id='word_1_576' title='bbox 2570 2438 2818 2511; x_wconf 89' lang='lat' dir='ltr'><strong>ingressi</strong></span> <span class='ocrx_word' id='word_1_577' title='bbox 2839 2446 2994 2496; x_wconf 89' lang='lat' dir='ltr'><strong>sunt.</strong></span> <span class='ocrx_word' id='word_1_578' title='bbox 3025 2439 3221 2497; x_wconf 77' lang='lat' dir='ltr'><strong>Missis</strong></span> <span class='ocrx_word' id='word_1_579' title='bbox 3233 2439 3417 2514; x_wconf 88' lang='lat' dir='ltr'><strong>igitur</strong></span> <span class='ocrx_word' id='word_1_580' title='bbox 3437 2458 3590 2499; x_wconf 91' lang='lat' dir='ltr'><strong>uun-</strong></span> 
     </span>
     <span class='ocr_line' id='line_1_85' title="bbox 1939 2526 3587 2599; baseline 0.004 -17"><span class='ocrx_word' id='word_1_581' title='bbox 1939 2526 2060 2592; x_wconf 88' lang='lat' dir='ltr'><strong>tiis,</strong></span> <span class='ocrx_word' id='word_1_582' title='bbox 2092 2542 2192 2583; x_wconf 90' lang='lat' dir='ltr'><strong>eos</strong></span> <span class='ocrx_word' id='word_1_583' title='bbox 2222 2528 2400 2599; x_wconf 90' lang='lat' dir='ltr'><strong>quiin</strong></span> <span class='ocrx_word' id='word_1_584' title='bbox 2435 2527 2729 2583; x_wconf 90' lang='lat' dir='ltr'><strong>montibus</strong></span> <span class='ocrx_word' id='word_1_585' title='bbox 2749 2532 2915 2584; x_wconf 89' lang='lat' dir='ltr'><strong>erant</strong></span> <span class='ocrx_word' id='word_1_586' title='bbox 2935 2528 3007 2585; x_wconf 92' lang='lat' dir='ltr'><strong>ad</strong></span> <span class='ocrx_word' id='word_1_587' title='bbox 3029 2528 3504 2588; x_wconf 88' lang='lat' dir='ltr'><strong>subveniendum</strong></span> <span class='ocrx_word' id='word_1_588' title='bbox 3531 2531 3587 2589; x_wconf 92' lang='lat' dir='ltr'><strong>ei</strong></span> 
     </span>
     <span class='ocr_line' id='line_1_86' title="bbox 1937 2614 3586 2691; baseline 0.004 -19"><span class='ocrx_word' id='word_1_589' title='bbox 1937 2615 2247 2683; x_wconf 89' lang='lat' dir='ltr'><strong>sollicitat;</strong></span> <span class='ocrx_word' id='word_1_590' title='bbox 2283 2614 2384 2688; x_wconf 89' lang='lat' dir='ltr'><strong>qui</strong></span> <span class='ocrx_word' id='word_1_591' title='bbox 2417 2623 2639 2673; x_wconf 90' lang='lat' dir='ltr'><strong>mature</strong></span> <span class='ocrx_word' id='word_1_592' title='bbox 2661 2618 3092 2686; x_wconf 87' lang='lat' dir='ltr'><strong>convenientes,</strong></span> <span class='ocrx_word' id='word_1_593' title='bbox 3117 2627 3352 2691; x_wconf 88' lang='lat' dir='ltr'><strong>propter</strong></span> <span class='ocrx_word' id='word_1_594' title='bbox 3379 2620 3586 2679; x_wconf 84' lang='lat' dir='ltr'><strong>hostes</strong></span> 
     </span>
     <span class='ocr_line' id='line_1_87' title="bbox 1938 2703 3588 2782; baseline 0.005 -23"><span class='ocrx_word' id='word_1_595' title='bbox 1938 2703 2037 2779; x_wconf 90' lang='lat' dir='ltr'><strong>qui</strong></span> <span class='ocrx_word' id='word_1_596' title='bbox 2062 2705 2254 2761; x_wconf 89' lang='lat' dir='ltr'><strong>media</strong></span> <span class='ocrx_word' id='word_1_597' title='bbox 2272 2704 2512 2762; x_wconf 89' lang='lat' dir='ltr'><strong>liberius</strong></span> <span class='ocrx_word' id='word_1_598' title='bbox 2529 2706 2891 2769; x_wconf 80' lang='lat' dir='ltr'><strong>obtinebant,</strong></span> <span class='ocrx_word' id='word_1_599' title='bbox 2910 2707 3135 2764; x_wconf 85' lang='lat' dir='ltr'><strong>viarum</strong></span> <span class='ocrx_word' id='word_1_600' title='bbox 3149 2708 3588 2782; x_wconf 85' lang='lat' dir='ltr'><strong>secutidispen·</strong></span> 
     </span>
     <span class='ocr_line' id='line_1_88' title="bbox 1937 2794 3583 2869; baseline 0.004 -19"><span class='ocrx_word' id='word_1_601' title='bbox 1937 2797 2054 2862; x_wconf 88' lang='lat' dir='ltr'><strong>dia,</strong></span> <span class='ocrx_word' id='word_1_602' title='bbox 2079 2794 2228 2849; x_wconf 78' lang='lat' dir='ltr'><strong>intra</strong></span> <span class='ocrx_word' id='word_1_603' title='bbox 2286 2810 2501 2866; x_wconf 89' lang='lat' dir='ltr'><strong>paucos</strong></span> <span class='ocrx_word' id='word_1_604' title='bbox 2548 2796 2673 2852; x_wconf 91' lang='lat' dir='ltr'><strong>dies</strong></span> <span class='ocrx_word' id='word_1_605' title='bbox 2727 2797 2880 2869; x_wconf 87' lang='lat' dir='ltr'><strong>apud</strong></span> <span class='ocrx_word' id='word_1_606' title='bbox 2930 2799 3111 2854; x_wconf 81' lang='lat' dir='ltr'><strong>Arsur</strong></span> <span class='ocrx_word' id='word_1_607' title='bbox 3143 2804 3536 2868; x_wconf 88' lang='lat' dir='ltr'><strong>pervenerunt</strong></span> <span class='ocrx_word' id='word_1_608' title='bbox 3567 2814 3583 2856; x_wconf 71' lang='grc' dir='ltr'>ι</span> 
     </span>
     <span class='ocr_line' id='line_1_89' title="bbox 1938 2884 3586 2958; baseline 0.003 -17"><span class='ocrx_word' id='word_1_609' title='bbox 1938 2886 2094 2941; x_wconf 91' lang='lat' dir='ltr'><strong>unde</strong></span> <span class='ocrx_word' id='word_1_610' title='bbox 2151 2900 2284 2940; x_wconf 90' lang='lat' dir='ltr'><strong>cum</strong></span> <span class='ocrx_word' id='word_1_611' title='bbox 2342 2884 2689 2941; x_wconf 80' lang='lat' dir='ltr'><strong>difficultate</strong></span> <span class='ocrx_word' id='word_1_612' title='bbox 2719 2891 2776 2941; x_wconf 91' lang='lat' dir='ltr'><strong>et</strong></span> <span class='ocrx_word' id='word_1_613' title='bbox 2813 2889 2941 2943; x_wconf 83' lang='lat' dir='ltr'><strong>vitae</strong></span> <span class='ocrx_word' id='word_1_614' title='bbox 2983 2886 3266 2958; x_wconf 86' lang='lat' dir='ltr'><strong>periculo,</strong></span> <span class='ocrx_word' id='word_1_615' title='bbox 3316 2887 3586 2946; x_wconf 85' lang='lat' dir='ltr'><strong>hostibus</strong></span> 
     </span>
     <span class='ocr_line' id='line_1_90' title="bbox 1937 2976 3582 3051; baseline 0.003 -17"><span class='ocrx_word' id='word_1_616' title='bbox 1937 2976 2086 3034; x_wconf 89' lang='lat' dir='ltr'><strong>inter</strong></span> <span class='ocrx_word' id='word_1_617' title='bbox 2115 2977 2375 3034; x_wconf 90' lang='lat' dir='ltr'><strong>eundum</strong></span> <span class='ocrx_word' id='word_1_618' title='bbox 2431 2977 2898 3048; x_wconf 88' lang='lat' dir='ltr'><strong>occurrentibus,</strong></span> <span class='ocrx_word' id='word_1_619' title='bbox 2935 2977 3187 3051; x_wconf 83' lang='lat' dir='ltr'><strong>Joppen,</strong></span> <span class='ocrx_word' id='word_1_620' title='bbox 3217 2984 3458 3038; x_wconf 88' lang='lat' dir='ltr'><strong>auctore</strong></span> <span class='ocrx_word' id='word_1_621' title='bbox 3479 2981 3582 3039; x_wconf 83' lang='lat' dir='ltr'><strong>Do·</strong></span> 
     </span>
     <span class='ocr_line' id='line_1_91' title="bbox 1936 3067 3584 3140; baseline 0.004 -18"><span class='ocrx_word' id='word_1_622' title='bbox 1936 3069 2118 3135; x_wconf 90' lang='lat' dir='ltr'><strong>mino,</strong></span> <span class='ocrx_word' id='word_1_623' title='bbox 2178 3071 2584 3139; x_wconf 89' lang='lat' dir='ltr'><strong>pervenerunt.</strong></span> <span class='ocrx_word' id='word_1_624' title='bbox 2619 3067 2793 3123; x_wconf 84' lang='lat' dir='ltr'><strong>Erant</strong></span> <span class='ocrx_word' id='word_1_625' title='bbox 2820 3072 3012 3124; x_wconf 90' lang='lat' dir='ltr'><strong>autem</strong></span> <span class='ocrx_word' id='word_1_626' title='bbox 3061 3069 3163 3140; x_wconf 90' lang='lat' dir='ltr'><strong>qui</strong></span> <span class='ocrx_word' id='word_1_627' title='bbox 3218 3069 3291 3125; x_wconf 89' lang='lat' dir='ltr'><strong>de</strong></span> <span class='ocrx_word' id='word_1_628' title='bbox 3331 3086 3481 3128; x_wconf 88' lang='lat' dir='ltr'><strong>novo</strong></span> <span class='ocrx_word' id='word_1_629' title='bbox 3500 3086 3584 3129; x_wconf 84' lang='lat' dir='ltr'><strong>ac-</strong></span> 
     </span>
     <span class='ocr_line' id='line_1_92' title="bbox 1932 3155 3578 3231; baseline 0.002 -18"><span class='ocrx_word' id='word_1_630' title='bbox 1932 3161 2220 3213; x_wconf 89' lang='lat' dir='ltr'><strong>cesserant</strong></span> <span class='ocrx_word' id='word_1_631' title='bbox 2240 3156 2463 3227; x_wconf 86' lang='lat' dir='ltr'><strong>equites</strong></span> <span class='ocrx_word' id='word_1_632' title='bbox 2477 3155 2794 3228; x_wconf 89' lang='lat' dir='ltr'><strong>promiscui</strong></span> <span class='ocrx_word' id='word_1_633' title='bbox 2819 3157 3070 3229; x_wconf 89' lang='lat' dir='ltr'><strong>meriti,q</strong></span> <span class='ocrx_word' id='word_1_634' title='bbox 3080 3157 3206 3214; x_wconf 89' lang='lat' dir='ltr'><strong>uasi</strong></span> <span class='ocrx_word' id='word_1_635' title='bbox 3219 3160 3546 3231; x_wconf 83' lang='lat' dir='ltr'><strong>nonaginta</strong></span> <span class='ocrx_word' id='word_1_636' title='bbox 3561 3180 3578 3230; x_wconf 80' lang='grc' dir='ltr'>ς</span> 
     </span>
     <span class='ocr_line' id='line_1_93' title="bbox 1934 3246 3580 3321; baseline 0.003 -19"><span class='ocrx_word' id='word_1_637' title='bbox 1934 3246 2149 3320; x_wconf 90' lang='lat' dir='ltr'><strong>quibus</strong></span> <span class='ocrx_word' id='word_1_638' title='bbox 2181 3248 2448 3318; x_wconf 90' lang='lat' dir='ltr'><strong>receptis,</strong></span> <span class='ocrx_word' id='word_1_639' title='bbox 2479 3247 2754 3303; x_wconf 89' lang='lat' dir='ltr'><strong>dominus</strong></span> <span class='ocrx_word' id='word_1_640' title='bbox 2785 3263 2883 3304; x_wconf 82' lang='lat' dir='ltr'><strong>rex</strong></span> <span class='ocrx_word' id='word_1_641' title='bbox 2922 3247 2982 3303; x_wconf 92' lang='lat' dir='ltr'><strong>in</strong></span> <span class='ocrx_word' id='word_1_642' title='bbox 3013 3248 3227 3305; x_wconf 88' lang='lat' dir='ltr'><strong>bonam</strong></span> <span class='ocrx_word' id='word_1_643' title='bbox 3253 3264 3423 3321; x_wconf 86' lang='lat' dir='ltr'><strong>spem</strong></span> <span class='ocrx_word' id='word_1_644' title='bbox 3455 3265 3580 3307; x_wconf 88' lang='lat' dir='ltr'><strong>ere·</strong></span> 
     </span>
     <span class='ocr_line' id='line_1_94' title="bbox 1932 3337 3581 3415; baseline 0.003 -21"><span class='ocrx_word' id='word_1_645' title='bbox 1932 3343 2383 3407; x_wconf 76' lang='lat' dir='ltr'><strong>ctus,·1uaerens,</strong></span> <span class='ocrx_word' id='word_1_646' title='bbox 2401 3353 2549 3409; x_wconf 90' lang='lat' dir='ltr'><strong>quas</strong></span> <span class='ocrx_word' id='word_1_647' title='bbox 2585 3338 2925 3405; x_wconf 85' lang='lat' dir='ltr'><strong>intulerant,</strong></span> <span class='ocrx_word' id='word_1_648' title='bbox 2944 3337 3217 3395; x_wconf 87' lang='lat' dir='ltr'><strong>hostibus</strong></span> <span class='ocrx_word' id='word_1_649' title='bbox 3237 3354 3581 3415; x_wconf 84' lang='lat' dir='ltr'><strong>recompen-</strong></span> 
     </span>
     <span class='ocr_line' id='line_1_95' title="bbox 1933 3427 3572 3500; baseline 0.003 -16"><span class='ocrx_word' id='word_1_650' title='bbox 1933 3443 2065 3484; x_wconf 90' lang='lat' dir='ltr'><strong>sare</strong></span> <span class='ocrx_word' id='word_1_651' title='bbox 2096 3427 2343 3498; x_wconf 85' lang='lat' dir='ltr'><strong>injuriae</strong></span> <span class='ocrx_word' id='word_1_652' title='bbox 2376 3435 2429 3483; x_wconf 89' lang='lat' dir='ltr'><strong>et</strong></span> <span class='ocrx_word' id='word_1_653' title='bbox 2462 3427 2615 3483; x_wconf 86' lang='lat' dir='ltr'><strong>mala</strong></span> <span class='ocrx_word' id='word_1_654' title='bbox 2660 3444 2786 3500; x_wconf 86' lang='lat' dir='ltr'><strong>quas</strong></span> <span class='ocrx_word' id='word_1_655' title='bbox 2833 3428 3232 3500; x_wconf 85' lang='lat' dir='ltr'><strong>irrogaverant</strong></span> <span class='ocrx_word' id='word_1_656' title='bbox 3262 3431 3572 3489; x_wconf 77' lang='lat' dir='ltr'><strong>refundere</strong></span> 
     </span>
     <span class='ocr_line' id='line_1_96' title="bbox 1933 3517 3587 3589; baseline 0.001 -15"><span class='ocrx_word' id='word_1_657' title='bbox 1933 3533 2067 3574; x_wconf 92' lang='lat' dir='ltr'><strong>cum</strong></span> <span class='ocrx_word' id='word_1_658' title='bbox 2101 3519 2318 3582; x_wconf 89' lang='lat' dir='ltr'><strong>usuris,</strong></span> <span class='ocrx_word' id='word_1_659' title='bbox 2349 3517 2652 3574; x_wconf 89' lang='lat' dir='ltr'><strong>instructis</strong></span> <span class='ocrx_word' id='word_1_660' title='bbox 2706 3526 2760 3573; x_wconf 90' lang='lat' dir='ltr'><strong>et</strong></span> <span class='ocrx_word' id='word_1_661' title='bbox 2783 3518 2953 3589; x_wconf 85' lang='lat' dir='ltr'><strong>juxta</strong></span> <span class='ocrx_word' id='word_1_662' title='bbox 2981 3519 3065 3574; x_wconf 86' lang='lat' dir='ltr'><strong>rei</strong></span> <span class='ocrx_word' id='word_1_663' title='bbox 3099 3518 3370 3576; x_wconf 87' lang='lat' dir='ltr'><strong>militaris</strong></span> <span class='ocrx_word' id='word_1_664' title='bbox 3403 3519 3587 3578; x_wconf 90' lang='lat' dir='ltr'><strong>disci-</strong></span> 
     </span>
     <span class='ocr_line' id='line_1_97' title="bbox 1933 3605 3574 3680; baseline 0.004 -19"><span class='ocrx_word' id='word_1_665' title='bbox 1933 3605 2150 3679; x_wconf 84' lang='lat' dir='ltr'><strong>plinam</strong></span> <span class='ocrx_word' id='word_1_666' title='bbox 2207 3606 2494 3662; x_wconf 88' lang='lat' dir='ltr'><strong>ordinatis</strong></span> <span class='ocrx_word' id='word_1_667' title='bbox 2553 3622 2802 3677; x_wconf 87' lang='lat' dir='ltr'><strong>congrue</strong></span> <span class='ocrx_word' id='word_1_668' title='bbox 2859 3612 2977 3662; x_wconf 88' lang='lat' dir='ltr'><strong>tam</strong></span> <span class='ocrx_word' id='word_1_669' title='bbox 3037 3608 3305 3680; x_wconf 84' lang='lat' dir='ltr'><strong>equitum</strong></span> <span class='ocrx_word' id='word_1_670' title='bbox 3339 3608 3574 3666; x_wconf 86' lang='lat' dir='ltr'><strong>aciebus</strong></span> 
     </span>
     <span class='ocr_line' id='line_1_98' title="bbox 1933 3697 3574 3772; baseline 0.002 -21"><span class='ocrx_word' id='word_1_671' title='bbox 1933 3712 2108 3768; x_wconf 87' lang='lat' dir='ltr'><strong>quam</strong></span> <span class='ocrx_word' id='word_1_672' title='bbox 2144 3698 2404 3768; x_wconf 89' lang='lat' dir='ltr'><strong>peditum</strong></span> <span class='ocrx_word' id='word_1_673' title='bbox 2431 3697 2764 3768; x_wconf 81' lang='lat' dir='ltr'><strong>manipulis,</strong></span> <span class='ocrx_word' id='word_1_674' title='bbox 2799 3697 3068 3753; x_wconf 86' lang='lat' dir='ltr'><strong>hostibus</strong></span> <span class='ocrx_word' id='word_1_675' title='bbox 3091 3697 3323 3754; x_wconf 88' lang='lat' dir='ltr'><strong>obviam</strong></span> <span class='ocrx_word' id='word_1_676' title='bbox 3344 3699 3574 3772; x_wconf 88' lang='lat' dir='ltr'><strong>egredi·</strong></span> 
     </span>
     <span class='ocr_line' id='line_1_99' title="bbox 1934 3786 3570 3854; baseline 0.002 -12"><span class='ocrx_word' id='word_1_677' title='bbox 1934 3789 2047 3854; x_wconf 90' lang='lat' dir='ltr'><strong>tur,</strong></span> <span class='ocrx_word' id='word_1_678' title='bbox 2072 3802 2269 3842; x_wconf 89' lang='lat' dir='ltr'><strong>eorum</strong></span> <span class='ocrx_word' id='word_1_679' title='bbox 2310 3787 2743 3844; x_wconf 90' lang='lat' dir='ltr'><strong>multitudinem</strong></span> <span class='ocrx_word' id='word_1_680' title='bbox 2774 3788 2845 3844; x_wconf 89' lang='lat' dir='ltr'><strong>de</strong></span> <span class='ocrx_word' id='word_1_681' title='bbox 2876 3786 3106 3843; x_wconf 91' lang='lat' dir='ltr'><strong>Domini</strong></span> <span class='ocrx_word' id='word_1_682' title='bbox 3130 3788 3317 3844; x_wconf 84' lang='lat' dir='ltr'><strong>fretus</strong></span> <span class='ocrx_word' id='word_1_683' title='bbox 3355 3788 3570 3845; x_wconf 80' lang='lat' dir='ltr'><strong>auxilio</strong></span> 
     </span>
     <span class='ocr_line' id='line_1_100' title="bbox 1932 3875 3574 3950; baseline 0.001 -18"><span class='ocrx_word' id='word_1_684' title='bbox 1932 3876 2380 3948; x_wconf 80' lang='lat' dir='ltr'><strong>pervipendens.</strong></span> <span class='ocrx_word' id='word_1_685' title='bbox 2404 3877 2579 3932; x_wconf 78' lang='lat' dir='ltr'><strong>Erant</strong></span> <span class='ocrx_word' id='word_1_686' title='bbox 2600 3881 2790 3933; x_wconf 91' lang='lat' dir='ltr'><strong>autem</strong></span> <span class='ocrx_word' id='word_1_687' title='bbox 2811 3875 3009 3932; x_wconf 86' lang='lat' dir='ltr'><strong>hostes</strong></span> <span class='ocrx_word' id='word_1_688' title='bbox 3033 3877 3093 3931; x_wconf 91' lang='lat' dir='ltr'><strong>in</strong></span> <span class='ocrx_word' id='word_1_689' title='bbox 3119 3877 3379 3947; x_wconf 86' lang='lat' dir='ltr'><strong>proximo</strong></span> <span class='ocrx_word' id='word_1_690' title='bbox 3401 3877 3574 3950; x_wconf 86' lang='lat' dir='ltr'><strong>quasi</strong></span> 
     </span>
     <span class='ocr_line' id='line_1_101' title="bbox 1930 3963 3576 4039; baseline 0.001 -17"><span class='ocrx_word' id='word_1_691' title='bbox 1930 3963 2003 4022; x_wconf 88' lang='lat' dir='ltr'><strong>ad</strong></span> <span class='ocrx_word' id='word_1_692' title='bbox 2037 3964 2307 4021; x_wconf 87' lang='lat' dir='ltr'><strong>milliaria</strong></span> <span class='ocrx_word' id='word_1_693' title='bbox 2390 3965 2526 4036; x_wconf 88' lang='lat' dir='ltr'><strong>tria,</strong></span> <span class='ocrx_word' id='word_1_694' title='bbox 2593 3970 2801 4033; x_wconf 88' lang='lat' dir='ltr'><strong>crates,</strong></span> <span class='ocrx_word' id='word_1_695' title='bbox 2849 3965 3037 4022; x_wconf 88' lang='lat' dir='ltr'><strong>scalas</strong></span> <span class='ocrx_word' id='word_1_696' title='bbox 3067 3973 3124 4021; x_wconf 89' lang='lat' dir='ltr'><strong>et</strong></span> <span class='ocrx_word' id='word_1_697' title='bbox 3163 3965 3306 4022; x_wconf 89' lang='lat' dir='ltr'><strong>varii</strong></span> <span class='ocrx_word' id='word_1_698' title='bbox 3345 3966 3576 4039; x_wconf 88' lang='lat' dir='ltr'><strong>generis</strong></span> 
     </span>
     <span class='ocr_line' id='line_1_102' title="bbox 1934 4053 3573 4127; baseline 0.002 -18"><span class='ocrx_word' id='word_1_699' title='bbox 1934 4054 2236 4110; x_wconf 85' lang='lat' dir='ltr'><strong>machinas</strong></span> <span class='ocrx_word' id='word_1_700' title='bbox 2263 4070 2332 4110; x_wconf 82' lang='lat' dir='ltr'><strong>ex</strong></span> <span class='ocrx_word' id='word_1_701' title='bbox 2359 4053 2544 4111; x_wconf 88' lang='lat' dir='ltr'><strong>electa</strong></span> <span class='ocrx_word' id='word_1_702' title='bbox 2576 4053 2865 4127; x_wconf 90' lang='lat' dir='ltr'><strong>tignorum</strong></span> <span class='ocrx_word' id='word_1_703' title='bbox 2898 4053 3144 4110; x_wconf 89' lang='lat' dir='ltr'><strong>materia</strong></span> <span class='ocrx_word' id='word_1_704' title='bbox 3173 4062 3573 4123; x_wconf 80' lang='lat' dir='ltr'><strong>contexentes3</strong></span> 
     </span>
     <span class='ocr_line' id='line_1_103' title="bbox 1933 4143 3574 4216; baseline 0.001 -17"><span class='ocrx_word' id='word_1_705' title='bbox 1933 4143 2149 4216; x_wconf 91' lang='lat' dir='ltr'><strong>quibus</strong></span> <span class='ocrx_word' id='word_1_706' title='bbox 2176 4151 2295 4199; x_wconf 89' lang='lat' dir='ltr'><strong>erat</strong></span> <span class='ocrx_word' id='word_1_707' title='bbox 2318 4144 2700 4215; x_wconf 88' lang='lat' dir='ltr'><strong>propositum,</strong></span> <span class='ocrx_word' id='word_1_708' title='bbox 2723 4150 2778 4200; x_wconf 92' lang='lat' dir='ltr'><strong>et</strong></span> <span class='ocrx_word' id='word_1_709' title='bbox 2809 4143 2868 4199; x_wconf 90' lang='lat' dir='ltr'><strong>id</strong></span> <span class='ocrx_word' id='word_1_710' title='bbox 2890 4143 3081 4215; x_wconf 88' lang='lat' dir='ltr'><strong>ipsum</strong></span> <span class='ocrx_word' id='word_1_711' title='bbox 3106 4143 3227 4199; x_wconf 90' lang='lat' dir='ltr'><strong>leve</strong></span> <span class='ocrx_word' id='word_1_712' title='bbox 3248 4143 3574 4210; x_wconf 83' lang='lat' dir='ltr'><strong>videbatur,</strong></span> 
     </span>
     <span class='ocr_line' id='line_1_104' title="bbox 1935 4233 3578 4306; baseline 0.001 -16"><span class='ocrx_word' id='word_1_713' title='bbox 1935 4236 2135 4290; x_wconf 86' lang='lat' dir='ltr'><strong>urbem</strong></span> <span class='ocrx_word' id='word_1_714' title='bbox 2164 4233 2463 4289; x_wconf 88' lang='lat' dir='ltr'><strong>inimicam</strong></span> <span class='ocrx_word' id='word_1_715' title='bbox 2511 4234 2880 4306; x_wconf 89' lang='lat' dir='ltr'><strong>impugnare,</strong></span> <span class='ocrx_word' id='word_1_716' title='bbox 2914 4249 3226 4305; x_wconf 86' lang='lat' dir='ltr'><strong>regemque</strong></span> <span class='ocrx_word' id='word_1_717' title='bbox 3274 4235 3578 4292; x_wconf 87' lang='lat' dir='ltr'><strong>obsessum</strong></span> 
     </span>
     <span class='ocr_line' id='line_1_105' title="bbox 1934 4319 3580 4396; baseline 0 -19"><span class='ocrx_word' id='word_1_718' title='bbox 1934 4321 2203 4386; x_wconf 85' lang='lat' dir='ltr'><strong>interius,</strong></span> <span class='ocrx_word' id='word_1_719' title='bbox 2244 4336 2378 4377; x_wconf 89' lang='lat' dir='ltr'><strong>cum</strong></span> <span class='ocrx_word' id='word_1_720' title='bbox 2420 4321 2644 4377; x_wconf 89' lang='lat' dir='ltr'><strong>civibus</strong></span> <span class='ocrx_word' id='word_1_721' title='bbox 2680 4321 2991 4389; x_wconf 83' lang='lat' dir='ltr'><strong>universis,</strong></span> <span class='ocrx_word' id='word_1_722' title='bbox 3012 4320 3184 4394; x_wconf 86' lang='lat' dir='ltr'><strong>quasi</strong></span> <span class='ocrx_word' id='word_1_723' title='bbox 3231 4319 3370 4378; x_wconf 86' lang='lat' dir='ltr'><strong>vilia</strong></span> <span class='ocrx_word' id='word_1_724' title='bbox 3399 4323 3580 4396; x_wconf 81' lang='lat' dir='ltr'><strong>capti-</strong></span> 
     </span>
     <span class='ocr_line' id='line_1_106' title="bbox 1933 4410 3581 4483; baseline 0.003 -17"><span class='ocrx_word' id='word_1_725' title='bbox 1933 4427 2068 4466; x_wconf 86' lang='lat' dir='ltr'><strong>vare</strong></span> <span class='ocrx_word' id='word_1_726' title='bbox 2120 4411 2432 4483; x_wconf 87' lang='lat' dir='ltr'><strong>mancipia.</strong></span> <span class='ocrx_word' id='word_1_727' title='bbox 2467 4410 2735 4483; x_wconf 91' lang='lat' dir='ltr'><strong>Dumque</strong></span> <span class='ocrx_word' id='word_1_728' title='bbox 2776 4411 2835 4466; x_wconf 92' lang='lat' dir='ltr'><strong>in</strong></span> <span class='ocrx_word' id='word_1_729' title='bbox 2869 4410 2982 4467; x_wconf 91' lang='lat' dir='ltr'><strong>hoc</strong></span> <span class='ocrx_word' id='word_1_730' title='bbox 3003 4418 3196 4467; x_wconf 86' lang='lat' dir='ltr'><strong>essent</strong></span> <span class='ocrx_word' id='word_1_731' title='bbox 3224 4427 3399 4483; x_wconf 89' lang='lat' dir='ltr'><strong>opere</strong></span> <span class='ocrx_word' id='word_1_732' title='bbox 3427 4413 3581 4471; x_wconf 87' lang='lat' dir='ltr'><strong>solli-</strong></span> 
     </span>
     <span class='ocr_line' id='line_1_107' title="bbox 1934 4503 3575 4576; baseline 0.001 -16"><span class='ocrx_word' id='word_1_733' title='bbox 1934 4504 2054 4570; x_wconf 88' lang='lat' dir='ltr'><strong>citi,</strong></span> <span class='ocrx_word' id='word_1_734' title='bbox 2083 4519 2214 4561; x_wconf 88' lang='lat' dir='ltr'><strong>eccc</strong></span> <span class='ocrx_word' id='word_1_735' title='bbox 2243 4520 2340 4561; x_wconf 87' lang='lat' dir='ltr'><strong>rex</strong></span> <span class='ocrx_word' id='word_1_736' title='bbox 2369 4519 2499 4560; x_wconf 91' lang='lat' dir='ltr'><strong>cum</strong></span> <span class='ocrx_word' id='word_1_737' title='bbox 2531 4520 2638 4560; x_wconf 82' lang='lat' dir='ltr'><strong>suo</strong></span> <span class='ocrx_word' id='word_1_738' title='bbox 2664 4505 2784 4574; x_wconf 82' lang='lat' dir='ltr'><strong>jam</strong></span> <span class='ocrx_word' id='word_1_739' title='bbox 2810 4519 3060 4576; x_wconf 67' lang='lat' dir='ltr'><strong>presens</strong></span> <span class='ocrx_word' id='word_1_740' title='bbox 3079 4503 3275 4560; x_wconf 87' lang='lat' dir='ltr'><strong>aderat</strong></span> <span class='ocrx_word' id='word_1_741' title='bbox 3295 4505 3575 4564; x_wconf 84' lang='lat' dir='ltr'><strong>exercitu.</strong></span> 
     </span>
     <span class='ocr_line' id='line_1_108' title="bbox 1933 4592 3579 4664; baseline 0.001 -15"><span class='ocrx_word' id='word_1_742' title='bbox 1933 4593 2094 4658; x_wconf 88' lang='lat' dir='ltr'><strong>Quod</strong></span> <span class='ocrx_word' id='word_1_743' title='bbox 2145 4594 2402 4648; x_wconf 87' lang='lat' dir='ltr'><strong>videntes</strong></span> <span class='ocrx_word' id='word_1_744' title='bbox 2450 4593 2787 4662; x_wconf 83' lang='lat' dir='ltr'><strong>adversarii,</strong></span> <span class='ocrx_word' id='word_1_745' title='bbox 2820 4592 2972 4664; x_wconf 90' lang='lat' dir='ltr'><strong>quod</strong></span> <span class='ocrx_word' id='word_1_746' title='bbox 3007 4592 3080 4648; x_wconf 90' lang='lat' dir='ltr'><strong>ab</strong></span> <span class='ocrx_word' id='word_1_747' title='bbox 3111 4593 3184 4649; x_wconf 91' lang='lat' dir='ltr'><strong>iis</strong></span> <span class='ocrx_word' id='word_1_748' title='bbox 3213 4608 3365 4663; x_wconf 89' lang='lat' dir='ltr'><strong>quos</strong></span> <span class='ocrx_word' id='word_1_749' title='bbox 3393 4595 3579 4652; x_wconf 83' lang='lat' dir='ltr'><strong>victos</strong></span> 
     </span>
     <span class='ocr_line' id='line_1_109' title="bbox 1934 4681 3575 4754; baseline 0.002 -16"><span class='ocrx_word' id='word_1_750' title='bbox 1934 4681 2283 4754; x_wconf 85' lang='lat' dir='ltr'><strong>reputabant</strong></span> <span class='ocrx_word' id='word_1_751' title='bbox 2343 4682 2493 4737; x_wconf 91' lang='lat' dir='ltr'><strong>ultro</strong></span> <span class='ocrx_word' id='word_1_752' title='bbox 2553 4686 2998 4751; x_wconf 87' lang='lat' dir='ltr'><strong>provocarentur</strong></span> <span class='ocrx_word' id='word_1_753' title='bbox 3027 4681 3098 4737; x_wconf 89' lang='lat' dir='ltr'><strong>ad</strong></span> <span class='ocrx_word' id='word_1_754' title='bbox 3132 4682 3354 4754; x_wconf 68' lang='lat' dir='ltr'><strong>pretia,</strong></span> <span class='ocrx_word' id='word_1_755' title='bbox 3381 4697 3575 4741; x_wconf 87' lang='lat' dir='ltr'><strong>corre·</strong></span> 
     </span>
     <span class='ocr_line' id='line_1_110' title="bbox 1934 4770 3573 4845; baseline 0.002 -19"><span class='ocrx_word' id='word_1_756' title='bbox 1934 4773 2050 4845; x_wconf 88' lang='lat' dir='ltr'><strong>ptis</strong></span> <span class='ocrx_word' id='word_1_757' title='bbox 2072 4771 2252 4827; x_wconf 87' lang='lat' dir='ltr'><strong>armis</strong></span> <span class='ocrx_word' id='word_1_758' title='bbox 2265 4772 2584 4843; x_wconf 89' lang='lat' dir='ltr'><strong>accingunt</strong></span> <span class='ocrx_word' id='word_1_759' title='bbox 2603 4787 2666 4828; x_wconf 88' lang='lat' dir='ltr'><strong>se</strong></span> <span class='ocrx_word' id='word_1_760' title='bbox 2683 4779 2742 4827; x_wconf 90' lang='lat' dir='ltr'><strong>ut</strong></span> <span class='ocrx_word' id='word_1_761' title='bbox 2772 4775 3105 4839; x_wconf 88' lang='lat' dir='ltr'><strong>occurrant,</strong></span> <span class='ocrx_word' id='word_1_762' title='bbox 3131 4770 3279 4827; x_wconf 91' lang='lat' dir='ltr'><strong>nihil</strong></span> <span class='ocrx_word' id='word_1_763' title='bbox 3299 4770 3573 4830; x_wconf 81' lang='lat' dir='ltr'><strong>timentes</strong></span> 
     </span>
     <span class='ocr_line' id='line_1_111' title="bbox 1933 4859 3579 4931; baseline 0.001 -13"><span class='ocrx_word' id='word_1_764' title='bbox 1933 4876 2033 4918; x_wconf 82' lang='lat' dir='ltr'><strong>eos</strong></span> <span class='ocrx_word' id='word_1_765' title='bbox 2064 4876 2207 4931; x_wconf 89' lang='lat' dir='ltr'><strong>quos</strong></span> <span class='ocrx_word' id='word_1_766' title='bbox 2232 4860 2354 4929; x_wconf 87' lang='lat' dir='ltr'><strong>jam</strong></span> <span class='ocrx_word' id='word_1_767' title='bbox 2382 4859 2611 4931; x_wconf 88' lang='lat' dir='ltr'><strong>penitus</strong></span> <span class='ocrx_word' id='word_1_768' title='bbox 2636 4860 2916 4917; x_wconf 81' lang='lat' dir='ltr'><strong>defecisse</strong></span> <span class='ocrx_word' id='word_1_769' title='bbox 2973 4860 3436 4918; x_wconf 79' lang='lat' dir='ltr'><strong>arbitrabantur.</strong></span> <span class='ocrx_word' id='word_1_770' title='bbox 3468 4861 3579 4919; x_wconf 83' lang='lat' dir='ltr'><strong>No·</strong></span> 
     </span>
     <span class='ocr_line' id='line_1_112' title="bbox 1935 4949 3576 5022; baseline 0.001 -15"><span class='ocrx_word' id='word_1_771' title='bbox 1935 4949 2070 5007; x_wconf 89' lang='lat' dir='ltr'><strong>stris</strong></span> <span class='ocrx_word' id='word_1_772' title='bbox 2102 4954 2294 5005; x_wconf 88' lang='lat' dir='ltr'><strong>tamen</strong></span> <span class='ocrx_word' id='word_1_773' title='bbox 2318 4950 2696 5018; x_wconf 90' lang='lat' dir='ltr'><strong>irruentibus,</strong></span> <span class='ocrx_word' id='word_1_774' title='bbox 2729 4955 2786 5007; x_wconf 89' lang='lat' dir='ltr'><strong>et</strong></span> <span class='ocrx_word' id='word_1_775' title='bbox 2815 4966 2917 5022; x_wconf 91' lang='lat' dir='ltr'><strong>pro</strong></span> <span class='ocrx_word' id='word_1_776' title='bbox 2947 4949 3227 5007; x_wconf 88' lang='lat' dir='ltr'><strong>omnibus</strong></span> <span class='ocrx_word' id='word_1_777' title='bbox 3255 4965 3386 5022; x_wconf 77' lang='lat' dir='ltr'><strong>qus.-</strong></span> <span class='ocrx_word' id='word_1_778' title='bbox 3414 4966 3576 5009; x_wconf 85' lang='lat' dir='ltr'><strong>acee-</strong></span> 
     </span>
     <span class='ocr_line' id='line_1_113' title="bbox 1932 5037 3573 5112; baseline 0.001 -17"><span class='ocrx_word' id='word_1_779' title='bbox 1932 5043 2140 5112; x_wconf 88' lang='lat' dir='ltr'><strong>perant</strong></span> <span class='ocrx_word' id='word_1_780' title='bbox 2161 5040 2378 5111; x_wconf 83' lang='lat' dir='ltr'><strong>paratis</strong></span> <span class='ocrx_word' id='word_1_781' title='bbox 2392 5055 2768 5112; x_wconf 88' lang='lat' dir='ltr'><strong>recompensa</strong></span> <span class='ocrx_word' id='word_1_782' title='bbox 2777 5054 2834 5095; x_wconf 94' lang='lat' dir='ltr'><strong>re</strong></span> <span class='ocrx_word' id='word_1_783' title='bbox 2845 5037 3121 5110; x_wconf 86' lang='lat' dir='ltr'><strong>duplicia,</strong></span> <span class='ocrx_word' id='word_1_784' title='bbox 3136 5053 3299 5095; x_wconf 89' lang='lat' dir='ltr'><strong>more</strong></span> <span class='ocrx_word' id='word_1_785' title='bbox 3314 5037 3573 5110; x_wconf 89' lang='lat' dir='ltr'><strong>leonum,</strong></span> 
     </span>
     <span class='ocr_line' id='line_1_114' title="bbox 1931 5128 3576 5203; baseline 0.002 -18"><span class='ocrx_word' id='word_1_786' title='bbox 1931 5131 2143 5203; x_wconf 88' lang='lat' dir='ltr'><strong>quibus</strong></span> <span class='ocrx_word' id='word_1_787' title='bbox 2173 5129 2354 5202; x_wconf 90' lang='lat' dir='ltr'><strong>raptis</strong></span> <span class='ocrx_word' id='word_1_788' title='bbox 2390 5128 2600 5187; x_wconf 88' lang='lat' dir='ltr'><strong>catulis</strong></span> <span class='ocrx_word' id='word_1_789' title='bbox 2621 5135 2712 5186; x_wconf 90' lang='lat' dir='ltr'><strong>est</strong></span> <span class='ocrx_word' id='word_1_790' title='bbox 2740 5130 2826 5185; x_wconf 91' lang='lat' dir='ltr'><strong>ira</strong></span> <span class='ocrx_word' id='word_1_791' title='bbox 2847 5128 3212 5203; x_wconf 87' lang='lat' dir='ltr'><strong>propensior,</strong></span> <span class='ocrx_word' id='word_1_792' title='bbox 3235 5132 3292 5185; x_wconf 91' lang='lat' dir='ltr'><strong>et</strong></span> <span class='ocrx_word' id='word_1_793' title='bbox 3306 5145 3409 5201; x_wconf 88' lang='lat' dir='ltr'><strong>pro</strong></span> <span class='ocrx_word' id='word_1_794' title='bbox 3431 5146 3576 5188; x_wconf 83' lang='lat' dir='ltr'><strong>uxo·</strong></span> 
     </span>
     <span class='ocr_line' id='line_1_115' title="bbox 1931 5216 3579 5291; baseline -0.001 -15"><span class='ocrx_word' id='word_1_795' title='bbox 1931 5219 2097 5276; x_wconf 90' lang='lat' dir='ltr'><strong>ribus</strong></span> <span class='ocrx_word' id='word_1_796' title='bbox 2125 5224 2181 5275; x_wconf 92' lang='lat' dir='ltr'><strong>et</strong></span> <span class='ocrx_word' id='word_1_797' title='bbox 2210 5217 2429 5287; x_wconf 88' lang='lat' dir='ltr'><strong>liberis,</strong></span> <span class='ocrx_word' id='word_1_798' title='bbox 2465 5234 2568 5291; x_wconf 89' lang='lat' dir='ltr'><strong>pro</strong></span> <span class='ocrx_word' id='word_1_799' title='bbox 2600 5217 2866 5274; x_wconf 83' lang='lat' dir='ltr'><strong>libertate</strong></span> <span class='ocrx_word' id='word_1_800' title='bbox 2893 5223 2950 5274; x_wconf 88' lang='lat' dir='ltr'><strong>et</strong></span> <span class='ocrx_word' id='word_1_801' title='bbox 2969 5217 3157 5291; x_wconf 86' lang='lat' dir='ltr'><strong>patria</strong></span> <span class='ocrx_word' id='word_1_802' title='bbox 3186 5216 3327 5275; x_wconf 84' lang='lat' dir='ltr'><strong>totis</strong></span> <span class='ocrx_word' id='word_1_803' title='bbox 3353 5218 3579 5277; x_wconf 86' lang='lat' dir='ltr'><strong>viribus</strong></span> 
     </span>
     <span class='ocr_line' id='line_1_116' title="bbox 1932 5307 3578 5380; baseline 0.002 -16"><span class='ocrx_word' id='word_1_804' title='bbox 1932 5308 2321 5377; x_wconf 89' lang='lat' dir='ltr'><strong>decertantes,</strong></span> <span class='ocrx_word' id='word_1_805' title='bbox 2353 5308 2545 5364; x_wconf 85' lang='lat' dir='ltr'><strong>infusa</strong></span> <span class='ocrx_word' id='word_1_806' title='bbox 2604 5307 2675 5363; x_wconf 89' lang='lat' dir='ltr'><strong>de</strong></span> <span class='ocrx_word' id='word_1_807' title='bbox 2732 5307 3006 5380; x_wconf 90' lang='lat' dir='ltr'><strong>supernis</strong></span> <span class='ocrx_word' id='word_1_808' title='bbox 3052 5307 3264 5365; x_wconf 88' lang='lat' dir='ltr'><strong>virtute</strong></span> <span class='ocrx_word' id='word_1_809' title='bbox 3290 5310 3349 5364; x_wconf 81' lang='lat' dir='ltr'><strong>et</strong></span> <span class='ocrx_word' id='word_1_810' title='bbox 3377 5308 3578 5367; x_wconf 81' lang='lat' dir='ltr'><strong>divina</strong></span> 
     </span>
     <span class='ocr_line' id='line_1_117' title="bbox 1932 5395 3573 5472; baseline 0.001 -19"><span class='ocrx_word' id='word_1_811' title='bbox 1932 5396 2708 5470; x_wconf 76' lang='lat' dir='ltr'><strong>proeeuntegratia,hcstium</strong></span> <span class='ocrx_word' id='word_1_812' title='bbox 2726 5395 2942 5468; x_wconf 90' lang='lat' dir='ltr'><strong>gladiis</strong></span> <span class='ocrx_word' id='word_1_813' title='bbox 2955 5395 3287 5453; x_wconf 88' lang='lat' dir='ltr'><strong>dissolvunt</strong></span> <span class='ocrx_word' id='word_1_814' title='bbox 3307 5398 3573 5472; x_wconf 79' lang='lat' dir='ltr'><strong>agmina3</strong></span> 
     </span>
     <span class='ocr_line' id='line_1_118' title="bbox 1931 5484 3576 5558; baseline 0.002 -15"><span class='ocrx_word' id='word_1_815' title='bbox 1931 5491 1990 5543; x_wconf 90' lang='lat' dir='ltr'><strong>et</strong></span> <span class='ocrx_word' id='word_1_816' title='bbox 2018 5487 2333 5545; x_wconf 72' lang='lat' dir='ltr'><strong>interiectis</strong></span> <span class='ocrx_word' id='word_1_817' title='bbox 2361 5503 2430 5543; x_wconf 80' lang='lat' dir='ltr'><strong>ex</strong></span> <span class='ocrx_word' id='word_1_818' title='bbox 2449 5502 2650 5544; x_wconf 89' lang='lat' dir='ltr'><strong>eorum</strong></span> <span class='ocrx_word' id='word_1_819' title='bbox 2681 5501 2923 5558; x_wconf 84' lang='lat' dir='ltr'><strong>numero</strong></span> <span class='ocrx_word' id='word_1_820' title='bbox 2945 5484 3422 5558; x_wconf 86' lang='lat' dir='ltr'><strong>quampluribus,</strong></span> <span class='ocrx_word' id='word_1_821' title='bbox 3438 5486 3576 5546; x_wconf 85' lang='lat' dir='ltr'><strong>reli·</strong></span> 
     </span>
     <span class='ocr_line' id='line_1_119' title="bbox 1930 5574 3573 5652; baseline 0.002 -20"><span class='ocrx_word' id='word_1_822' title='bbox 1930 5590 2084 5649; x_wconf 86' lang='lat' dir='ltr'><strong>quos</strong></span> <span class='ocrx_word' id='word_1_823' title='bbox 2096 5576 2548 5651; x_wconf 74' lang='lat' dir='ltr'><strong>turpiter-fugam</strong></span> <span class='ocrx_word' id='word_1_824' title='bbox 2562 5575 2709 5635; x_wconf 90' lang='lat' dir='ltr'><strong>inire</strong></span> <span class='ocrx_word' id='word_1_825' title='bbox 2719 5574 2940 5650; x_wconf 84' lang='lat' dir='ltr'><strong>compet</strong></span> <span class='ocrx_word' id='word_1_826' title='bbox 2947 5574 3340 5651; x_wconf 81' lang='lat' dir='ltr'><strong>tunt.1nsequi</strong></span> <span class='ocrx_word' id='word_1_827' title='bbox 3353 5582 3573 5652; x_wconf 85' lang='lat' dir='ltr'><strong>autem,</strong></span> 
     </span>
    </p>
   </div>
  </div>
 </body>
</html>
