3784 6000
201 205 208 215 ·
248 194 393 255 1⁸97

202 338 211 353 ’
320 321 481 380 tione
498 336 607 395 pce

312 396 550 466 justum
579 396 790 465 fuerit,
809 393 1109 467 proeet'pit.

318 503 446 557 Non
494 516 717 573 parvus
766 502 825 558 in
867 501 1154 557 charitate
1201 498 1501 573 profectus
1545 494 1897 559 ostenditur,

205 588 219 604 “
243 604 386 646 cum
416 589 694 647 fraternas
723 589 892 661 pacis
922 589 1156 646 lucrum
1188 587 1527 662 peculiariis
1567 584 1900 659 quaestibus

243 678 585 735 antefertur.
619 681 719 736 Est
744 679 926 747 enim,
951 683 1014 736 ut
1036 680 1119 735 ait
1142 675 1746 750 Apostolus,quaestus
1774 687 1901 730 ma-

240 784 398 840 anus
421 768 617 840 pietas
637 784 771 826 eum
791 768 1148 838 sufficientia
1174 768 1230 840 (Ι
1260 768 1407 824 Tim.
1431 767 1530 835 vi),
1553 765 1647 821 cui
1666 779 1778 820 nos
1794 776 1898 834 po-

239 857 541 914 tissimum
565 863 801 929 oportet
823 857 1151 924 intendere,
1189 857 1295 930 qui
1335 862 1566 912 terrena
1595 851 1897 910 credimur

238 961 350 1020 pro
377 945 717 1005 coelestibus
742 946 1062 1004 dimisisse.
1082 946 1248 1004 Unde
1268 945 1560 1019 quoniam
1576 942 1673 1001 ille
1704 942 1765 998 in
1784 957 1892 998 ne-

237 1035 560 1108 gotiatione
583 1036 835 1109 pecoris,
858 1036 1023 1109 quod
1043 1051 1079 1093 a
1106 1035 1386 1093 fratribus
1410 1033 1614 1091 vestris
1641 1035 1890 1100 emerat,

234 1124 315 1182 ad
336 1139 643 1182 summam
667 1125 785 1182 fere
806 1131 1208 1182 trecentorum
1236 1124 1567 1182 solidorum
1595 1136 1658 1178 se
1681 1119 1891 1178 asserit

230 1216 706 1270 circumventum
751 1231 766 1281 ;
802 1213 1081 1270 volumus
1124 1219 1188 1270 ut
1210 1212 1493 1270 discretio
1534 1216 1735 1268 vestra
1760 1224 1886 1265 rem

231 1302 546 1374 diligenter
582 1304 864 1376 inquirat,
897 1309 974 1369 et,
1027 1304 1076 1360 si
1116 1318 1326 1359 verum
1355 1317 1492 1359 esse
1531 1298 1887 1373 compererit

227 1392 397 1465 quod
422 1393 721 1459 asseritur,
754 1394 1042 1450 damnum
1064 1392 1410 1465 praedictiN.
1444 1388 1884 1462 compensatio·

226 1494 303 1538 ne
333 1481 669 1538 rationabili
695 1483 1053 1539 moderetur.
1085 1483 1176 1539 Sic
1203 1480 1364 1538 enim
1395 1485 1452 1537 et
1477 1480 1575 1536 hic
1590 1477 1885 1551 glorifica·

226 1568 389 1627 bitur
420 1573 606 1638 Deus;
638 1570 734 1627 cui
764 1570 1133 1644 acceptabile
1151 1569 1508 1627 sacrificium
1529 1570 1588 1624 in
1619 1583 1726 1626 ara
1755 1581 1880 1623 cor·

1622 232 1637 244 .
1755 186 2150 251 sptem
2241 220 2248 227 ·

607 323 729 380 071³
756 321 993 380 dicebat
1020 320 1508 388 circumventum,
1529 317 1704 378 reddi
1740 316 1902 390 quod
1936 319 1980 369 Δ
2016 313 2186 370 tatis:
2211 315 2556 376 necfuitibi
2579 320 2985 380 consideratio
3003 339 3212 396 prava,
3237 338 3376 398 quai
3389 323 3550 397 regis
3560 323 3667 382 ho·

3475 238 3482 249 ·
3526 200 3670 266 1⁸9⁸

2011 403 2397 463 norificentiae
2424 407 2740 480 derogaret
2766 428 2780 466 ε
2815 410 2922 468 sed
2952 413 3208 486 simplex
3238 420 3295 472 et
3324 418 3667 488 opportuna

2011 495 2293 566 provisio,
2336 513 2411 553 ne
2449 499 2677 569 puritas
2707 498 2968 567 Ordinis,
3001 517 3345 576 nomenque
3391 518 3663 576 personoe

2010 582 2343 651 ignominia
2355 591 2655 644 crescente
2668 587 2994 648 vilesceret.
3010 591 3178 656 Quod
3198 599 3398 648 autem
3413 598 3664 665 captum

2005 685 2070 726 se
2100 673 2311 731 asserit
2336 678 2396 731 et
2422 676 2581 733 velut
2617 677 2678 734 in
2723 692 2959 736 carcere
3004 679 3415 747 constitutum,
3452 681 3665 738 viderit

2003 759 2131 832 ipse
2172 763 2319 836 quid
2359 764 2521 821 dicat
2552 781 2567 832 ;
2596 781 2671 823 ue
2703 766 2852 825 forte
2891 768 3007 825 hoc
3044 769 3242 842 magis
3270 785 3382 843 pro
3423 785 3662 827 carcere

2002 848 2266 922 deputet,
2296 853 2462 926 quod
2504 870 2627 912 non
2667 857 3026 928 permittitur
3066 859 3315 916 circuire
3350 865 3567 917 terram
3605 863 3663 917 et

2002 940 2422 1011 perambulare
2445 958 2603 1012 eam,
2620 950 2682 1000 ut
2698 946 2926 1003 vadens
2938 947 3222 1021 loquatur
3234 950 3530 1006 adversus
3544 948 3664 1007 fra-

1999 1032 2120 1085 tres
2144 1046 2308 1101 suos,
2337 1037 2395 1088 et
2424 1038 2636 1091 contra
2674 1033 2830 1091 filios
2864 1036 3074 1093 matris
3105 1053 3230 1094 suae
3258 1043 3446 1111 ponat
3490 1053 3665 1097 scan-

1998 1117 2225 1175 dalum.
2248 1120 2437 1177 Aures
2458 1137 2601 1193 ergo
2620 1129 2851 1182 vestras
2877 1126 3046 1182 vanis
3067 1126 3291 1184 amodo
3322 1126 3659 1198 suggestio-

1995 1206 2176 1264 nibus
2198 1209 2601 1279 obstruentes,
2617 1212 3179 1286 agite,quaesumus‚
3203 1216 3436 1288 etapud
3457 1217 3659 1274 Domi-

1996 1311 2141 1352 num
2177 1312 2378 1367 regem
2419 1304 2568 1356 state
2598 1316 2708 1373 pro
2747 1300 2923 1359 nobis
2956 1319 2971 1369 ;
3006 1308 3069 1359 ut
3099 1319 3221 1361 non
3258 1305 3563 1363 contineat
3592 1304 3655 1363 in

1994 1385 2083 1443 ira
2113 1386 2553 1446 misericordias
2577 1406 2737 1457 suas,
2766 1406 2877 1448 nec
2896 1390 3138 1459 habeat,
3162 1409 3225 1449 se
3246 1395 3469 1466 jndice,
3494 1410 3652 1462 reos,

1991 1489 2149 1546 quos
2165 1476 2473 1534 sinceritas
2500 1477 2714 1550 probat
2735 1479 3057 1553 inculpatae
3075 1482 3323 1539 actionis
3343 1482 3647 1541 innoxios.

1993 1565 2250 1621 Domum
2298 1581 2439 1623 vero
2477 1568 2871 1625 mortuimaris
2901 1575 3193 1628 consueta
3221 1572 3438 1644 pietate
3465 1573 3652 1647 respi-

197 1657 319 1714 ·dis
338 1659 695 1731 incenditur,
717 1675 856 1717 cum
881 1663 1132 1717 terrenoe
1155 1659 1498 1732 cupiditatis
1511 1659 1723 1716 arvina
1742 1655 1884 1712 cha·
1913 1665 1959 1724 Β
1993 1653 2128 1718 ciat,
2161 1669 2236 1710 ne
2264 1659 2324 1710 et
2348 1655 2482 1727 ipsa
2508 1655 2641 1713 loco
2668 1656 2950 1730 supplicii
2974 1658 3121 1728 luat,
3150 1661 3314 1733 quod
3339 1659 3420 1718 ad
3456 1662 3648 1720 instar

226 1747 418 1806 ritatis
448 1748 694 1820 ignibus
722 1749 1016 1808 adoletur.

995 1848 1134 1905 vm.

224 1943 626 2003 AdSimonem
646 1945 1120 2004 Montisaeuti.—
1134 1948 1432 2005 Hortatur
1449 1946 1625 2003 illum
1651 1945 1882 2003 instare

509 2017 784 2087 operibus
819 2020 1064 2090 pietatis
1093 2033 1238 2091 erga
1265 2018 1591 2091 proximos.

185 2113 210 2127 ⁹
296 2105 657 2177 operantem
703 2107 763 2163 in
794 2106 965 2164 vobis
1017 2110 1270 2178 gratiam
1323 2107 1426 2163 Dei
1450 2106 1661 2173 nostri,
1688 2121 1875 2178 quam

222 2192 621 2250 velutolivam
638 2194 1003 2252 fructiferam
1019 2197 1081 2252 in
1098 2202 1336 2270 pectore
1368 2201 1563 2253 vestro
1591 2193 1880 2268 plantavit

222 2281 638 2354 Omnipotens,
671 2284 1001 2354 gaudenter
1033 2285 1388 2358 inspicimus
1419 2293 1475 2341 et
1512 2284 1877 2356 suscipimus

184 2372 557 2428 ²rcverenter
580 2392 598 2444 ;
633 2373 910 2441 scientes,
942 2375 1109 2447 quod
1157 2391 1470 2448 nunquam
1515 2390 1577 2430 se
1608 2373 1667 2431 in
1698 2373 1876 2430 bonai

221 2462 586 2533 operationis
621 2478 825 2519 ramos
861 2467 985 2520 tam
1019 2463 1136 2521 late
1175 2463 1554 2530 diffunderet,
1587 2462 1700 2519 nisi
1738 2478 1872 2521 eam

223 2550 469 2620 superni
491 2551 640 2607 roris
667 2551 957 2625 irriguum
982 2555 1039 2609 in
1062 2554 1194 2626 ipso
1217 2553 1292 2608 de
1320 2569 1444 2626 quo
1466 2551 1715 2625 pullulat
1736 2552 1876 2609 cha-

221 2636 413 2694 ritatis
447 2641 666 2711 cespite
697 2638 1066 2698 fecundaret.
1097 2642 1243 2698 Huic
1272 2657 1416 2711 ergo
1452 2641 1589 2698 totis
1620 2641 1681 2698 in
1712 2641 1876 2697 Chri-

222 2729 315 2783 sto
344 2728 788 2798 congaudentes
826 2729 1157 2799 aflectibus,
1184 2731 1359 2803 juges
1393 2733 1443 2787 ei
1480 2730 1780 2804 profectus
1817 2734 1875 2788 et

220 2812 449 2872 fructus
487 2817 700 2874 uberes
737 2819 1144 2891 imprecamur
1175 2837 1191 2887 ;
1234 2824 1297 2876 ut
1332 2821 1413 2877 ita
1450 2821 1732 2877 nimirum
1769 2835 1875 2892 per

172 2910 201 2924 ¹·
221 2902 558 2961 salutiferas
585 2906 849 2963 actiones
875 2914 1151 2981 erumpat
1170 2909 1573 2966 indesinenter
1593 2911 1653 2965 in
1677 2909 1873 2982 publi-

1991 1746 2052 1798 et
2074 1743 2572 1802 consuetudinem
2595 1745 2719 1803 vivi
2738 1747 2922 1805 maris
2938 1763 3182 1806 carnem
3203 1753 3510 1808 mortuam
3522 1766 3647 1809 non

1989 1835 2260 1889 retentat.

2805 1927 2850 1982 X

1990 2009 2086 2065 Ad
2113 2011 2384 2068 abbatem
2398 2010 2473 2069 de
2502 2012 2794 2071 Vallibus.
2824 2041 2890 2060 -
2915 2014 3197 2082 Queritur
3217 2015 3438 2074 tibrum
3469 2032 3642 2090 quem

2060 2083 2554 2147 commodaverat.
2599 2086 3045 2154 pessumdatum
3083 2087 3390 2145 stillicidio
3436 2089 3642 2158 fuisse,

2058 2158 2113 2211 et
2141 2160 2321 2211 noctu
2354 2155 2713 2223 restitutum,
2736 2172 2812 2215 ne
2833 2161 3070 2229 pateret
3094 2159 3535 2217 detrimentum.

2057 2280 2265 2337 Gravis
2284 2281 2520 2352 jactura
2540 2284 2649 2347 est,
2670 2285 2728 2338 et
2754 2281 3028 2355 pluribus
3049 2288 3268 2340 onusta
3290 2283 3640 2357 dispendiis,

1984 2384 2123 2426 cum
2152 2375 2396 2426 eatenus
2420 2369 2716 2426 damnum
2749 2371 2833 2428 rei
2862 2371 3191 2444 corporalis
3219 2372 3559 2441 incurritur,
3579 2379 3644 2431 ut

1983 2464 2041 2515 et
2069 2458 2373 2516 charitatis
2398 2457 2750 2530 simplicitas
2771 2458 3113 2516 deludatur.
3134 2460 3307 2527 Quod
3333 2461 3467 2517 ideo
3498 2461 3642 2518 dici-

1986 2563 2145 2614 mus,
2166 2547 2309 2620 quia
2331 2547 2552 2604 librum
2577 2563 2761 2621 quem
2788 2549 3099 2606 remisistis
3128 2548 3304 2607 nobis
3330 2550 3519 2607 nimio
3539 2566 3643 2608 ne-

1984 2636 2174 2707 glectu
2198 2636 2675 2709 pessumdatum,
2688 2646 2747 2695 et
2758 2626 3038 2696 stillicidii
3052 2638 3356 2697 alluvione
3370 2640 3639 2714 complu·

1985 2730 2275 2789 tum,cum
2292 2727 2529 2784 incaute
2541 2728 2909 2800 servassetis,
2924 2728 3274 2786 cautissime
3292 2729 3602 2788 remisistis
3619 2750 3635 2791 :

1984 2820 2341 2886 procurante
2365 2814 2638 2873 videlicet
2655 2817 2953 2889 portitore,
2979 2822 3039 2873 ut
3061 2832 3204 2874 eum
3229 2821 3411 2874 noctu
3428 2817 3640 2876 redde·

1980 2908 2089 2969 ret,
2120 2904 2325 2975 etipse
2352 2903 2743 2962 antelucanus
2772 2906 2830 2962 in
2852 2906 3179 2963 crastinum
3210 2922 3460 2964 causam
3486 2922 3635 2965 non·

174 3008 178 3012 ·
216 3008 379 3060 cum,
411 2994 577 3067 quod
600 2993 949 3053 indeficiens
972 2999 1172 3071 capiat
1197 2999 1254 3054 in
1282 2998 1504 3054 intimis
1535 2999 1952 3083 incremen-:C
1979 2991 2128 3049 dum
2178 2995 2421 3061 cognita
2466 2994 2870 3066 pertranssiret·
2916 2995 3097 3062 0118δί
3135 3010 3258 3053 110⁰
3313 2994 3631 3065 ⁸uffl00r0t2

216 3085 365 3139 tum.
398 3084 600 3157 Capiet
638 3090 862 3152 autem,
888 3087 938 3141 si
968 3102 1218 3158 erogare
1259 3103 1380 3145 non
1412 3090 1649 3145 desinat
1677 3104 1691 3155 ;
1724 3088 1869 3161 quia
1979 3083 2795 3156 quodinl'uriamdssmnidafi
2810 3084 3633 3158 ⁸01'0511u8h08908000u111st2

211 3170 413 3229 oleum
441 3173 677 3246 pietatis
706 3179 765 3232 et
796 3176 1193 3232 miserationis
1226 3183 1599 3249 unguentum
1637 3182 1867 3251 quanto

211 3261 516 3333 copiosius
547 3262 902 3321 infraternas
928 3267 1305 3323 necessitates
1330 3265 1676 3337 effunditur,
1701 3269 1865 3323 tanto

208 3348 385 3406 donis
422 3351 753 3423 potioribus
777 3357 1221 3425 augmentatur.
1251 3356 1444 3413 Nescit
1472 3354 1633 3413 enim
1661 3356 1866 3429 subja-

210 3454 343 3495 cere
372 3440 562 3511 gratia
587 3441 793 3500 divina
817 3442 1151 3501 defectibus
1185 3461 1199 3501 ε
1224 3445 1330 3501 sed
1357 3461 1468 3502 sua
1492 3446 1692 3518 potius
1724 3451 1863 3503 atte-

208 3529 494 3586 nuatione
523 3530 945 3603 pinguescens,
978 3533 1117 3590 inde
1148 3539 1459 3607 reparatur
1488 3535 1567 3591 ad
1602 3534 1858 3603 lucrum,

210 3616 372 3673 unde
392 3617 710 3676 videbatur
734 3621 1052 3678 incurrisse
1074 3622 1481 3695 dispendium.
1510 3625 1730 3682 instate
1756 3625 1862 3696 igi-

209 3708 323 3772 tur,
355 3707 506 3763 sicut
543 3714 600 3765 et
636 3707 848 3777 facitis,
879 3711 1164 3783 operibus
1199 3713 1450 3784 pietatis,
1486 3717 1552 3769 ut
1588 3717 1648 3770 et
1685 3713 1859 3771 vobis

205 3795 528 3867 acquiratis
546 3812 657 3870 pro
678 3799 1022 3857 meritorum
1043 3800 1426 3858 retributione
1451 3817 1738 3860 coronam
1768 3819 1782 3860 ε
1803 3807 1862 3861 et

205 3883 382 3941 nobis
400 3884 476 3941 de
501 3885 691 3944 salute
706 3892 904 3945 vestra
923 3903 1248 3962 perennem
1274 3888 1501 3948 faciatis
1516 3906 1858 3952 commeare

202 3971 488 4033 laetitiam.

986 4079 1072 4136 lx.

201 4171 301 4227 Ad
347 4172 779 4257 Vintoniensem
809 4176 1170 4249 episcopum.
1200 4209 1268 4220 -
1294 4180 1401 4237 Ait
1425 4183 1570 4239 sein
1593 4183 1854 4257 quodam

275 4249 505 4315 negotio
524 4262 731 4318 regum
748 4264 867 4304 non
893 4250 1305 4317 inhonorasse,
1325 4254 1430 4310 sed
1440 4255 1853 4326 ordinispuri-

275 4319 387 4372 tati
432 4319 817 4385 consuluisse,
858 4321 1142 4379 adversus
1180 4323 1406 4392 falsum
1451 4325 1714 4394 fratrem
1745 4344 1765 4382 .·
1801 4332 1874 4392 εἰ,

271 4388 510 4446 domum
533 4390 945 4450 Mortuimaris
961 4395 1351 4454 commendat.

274 4510 575 4585 susceptis
628 4529 767 4572 cum
804 4516 1133 4586 gratiarum
1183 4519 1416 4575 actione
1454 4518 1655 4577 litteris
1697 4537 1851 4595 quas

200 4599 464 4667 misistis.
495 4601 575 4658 ad
599 4601 965 4673 placandum
997 4607 1153 4677 regis
1191 4606 1270 4682 (2)
1305 4608 1578 4667 animum
1605 4613 1851 4669 nuntios

198 4693 256 4749 et
275 4690 501 4761 scripta
527 4689 841 4761 dirigimus
871 4712 889 4757 ς
924 4701 1254 4767 sperantes,
1285 4697 1450 4770 quod
1477 4698 1525 4753 si
1557 4699 1642 4756 rei
1667 4706 1848 4771 gestae

195 4777 530 4851 dignoverit
555 4780 897 4851 puritatem,
919 4784 1288 4842 serenabitur
1311 4786 1626 4845 clementia
1644 4789 1847 4846 vultus

193 4868 326 4941 ejus
354 4887 368 4929 :
404 4873 461 4925 et
490 4875 790 4927 convertet
809 4871 886 4927 ad
915 4872 1408 4943 misericordiam,
1433 4876 1600 4949 quod
1628 4876 1845 4952 dispo-

195 4956 379 5013 nebat
406 4957 485 5016 ad
527 4957 700 5014 iram.
735 4961 849 5017 Vos
885 4975 1130 5035 quoque
1177 4978 1251 5020 ne
1299 4964 1574 5036 ignorata
1600 4967 1846 5025 veritate

193 5042 380 5102 dubia
418 5063 526 5119 pro
559 5048 732 5105 certis
761 5050 1033 5124 accipere
1078 5052 1367 5120 debeatis,
1393 5054 1613 5111 credite
1645 5056 1846 5127 potius

195 5133 390 5199 nobis,
419 5134 601 5194 fidem
631 5139 678 5195 si
710 5139 906 5212 placet
932 5139 1285 5199 fidelissimo
1311 5144 1654 5203 testimonio
1680 5160 1843 5204 com-

195 5222 568 5293 mendantes,
614 5228 780 5299 quod
827 5230 1121 5303 quidquid
1165 5230 1241 5287 de
1272 5230 1370 5289 illo
1401 5231 1626 5290 factum
1673 5240 1764 5291 est
1791 5244 1846 5292 et

194 5315 501 5378 statutum,
533 5318 850 5375 necessitas
895 5319 1015 5391 egit
1037 5318 1209 5393 juris,
1243 5326 1304 5378 et
1325 5321 1632 5380 sinceritas
1660 5325 1846 5396 aequi-

181 5475 185 5479 ’
266 5473 348 5548 (2)
377 5475 594 5550 Regem
625 5479 851 5552 Anglioe
874 5481 972 5540 hic
1002 5482 1283 5559 intellige.

1975 3172 2090 3228 nisi
2110 3171 2310 3229 denuo
2336 3172 2764 3231 confidentiam
2779 3177 3049 3231 nostram
3071 3173 3216 3245 fuga
3230 3174 3508 3232 redderet
3520 3175 3633 3233 im-

1977 3260 2235 3333 provisas
2251 3261 2646 3318 festinationis
2668 3262 2934 3322 illusam.
2957 3264 3087 3330 Quo
3108 3266 3308 3322 autem
3329 3263 3531 3321 adhuc
3550 3263 3633 3322 illi

1975 3349 2163 3407 alium
2188 3366 2225 3408 a
2252 3350 2428 3407 nobis
2450 3351 2720 3425 accipere
2738 3350 2983 3419 librum,
3005 3351 3233 3425 quibus
3256 3352 3516 3426 priorem
3543 3352 3631 3411 di-

1976 3439 2221 3496 miserat
2244 3438 2361 3496 sub
2376 3439 2478 3497 tali
2491 3437 2902 3498 ludificatione
2920 3440 3239 3498 confusum
3263 3441 3294 3495 ‘2
3308 3441 3465 3499 Licet
3484 3457 3628 3515 ergo

1974 3544 2082 3601 pro
2110 3528 2231 3598 illa,
2252 3544 2389 3601 quae
2408 3528 2616 3586 omnia
2635 3529 2908 3596 sustinet,
2925 3529 3237 3598 charitate,
3259 3530 3627 3604 proteritam

1970 3616 2051 3675 ad
2070 3632 2336 3691 praesens
2350 3616 2802 3674 dissimulemus
2823 3616 3125 3675 offensam
3141 3633 3160 3685 ;
3180 3617 3400 3675 similia
3418 3622 3625 3680 tamen

1969 3722 2008 3763 a
2030 3706 2210 3763 simili
2225 3705 2637 3776 formidantes,
2653 3706 2875 3763 librum
2890 3705 3076 3764 alium
3097 3722 3280 3781 quem
3295 3707 3532 3765 habetis
3550 3724 3626 3767 ex

1969 3796 2210 3861 nostris,
2230 3795 2548 3853 confestim
2569 3795 2745 3852 nobis
2763 3797 3047 3853 volumus
3065 3796 3362 3868 resignari
3382 3812 3397 3855 ε
3431 3797 3623 3858 scien·

1969 3891 2055 3943 tes
2079 3886 2141 3943 in
2179 3901 2241 3943 se
2282 3885 2479 3958 potius
2520 3889 2864 3958 retorquere
2903 3884 3259 3958 periculum,
3301 3885 3406 3959 qui
3435 3901 3619 3960 expe-

1966 3975 2179 4033 rientia
2192 3972 2579 4048 praecedentis
2600 3972 2993 4041 incommodi,
3014 3973 3197 4033 futuri
3214 3990 3339 4033 non
3360 3974 3623 4035 declinat

1965 4064 2291 4124 infortunia
2318 4061 2675 4129 detrimenti.

1964 4244 2342 4315 Adreoinam
2366 4242 2695 4300 Tarasiam.
2710 4271 2778 4283 -
2797 4240 3342 4312 Laudatreqinam,
3355 4243 3618 4304 maxime

2072 4316 2143 4374 ob
2173 4314 2588 4373 liberalitatem
2607 4313 2672 4371 in
2690 4328 3007 4386 pauperes,
3040 4314 3184 4370 etin
3214 4315 3505 4374 ordinem.

2035 4433 2302 4491 Pervenit
2321 4432 2398 4490 ad
2424 4448 2535 4489 nos
2554 4447 2627 4489 ea
2653 4447 2840 4504 quam
2870 4429 3118 4488 misistis
3146 4431 3373 4505 pagina
3393 4431 3617 4492 littera-

1958 4538 2117 4591 rum,
2147 4539 2282 4596 quoe
2312 4527 2371 4580 et
2400 4521 2634 4579 eximias
2671 4520 3008 4578 devotionis
3039 4524 3166 4578 crat
3193 4520 3376 4594 plena
3406 4521 3613 4580 dulce-

1958 4613 2119 4679 dine,
2133 4619 2189 4669 et
2206 4612 2385 4686 regias
2410 4610 2693 4669 rutilabat
2709 4610 2850 4667 fidei
2870 4610 3152 4669 claritate.
3177 4609 3426 4682 Liquido
3443 4626 3615 4669 nam-

1957 4717 2077 4775 que
2097 4700 2520 4758 nobisillarum
2532 4705 2736 4759 tenore
2755 4700 3033 4767 innotuit,
3051 4698 3366 4772 quodcum
3389 4704 3610 4772 prmsto

1957 4790 2034 4846 sit
2058 4789 2228 4846 vobis
2259 4790 2336 4846 de
2372 4790 2601 4848 honore
2642 4789 2958 4863 principali
3000 4787 3357 4856 sublimitas,
3392 4789 3611 4847 mentis

1956 4878 2145 4936 multo
2164 4879 2359 4949 magis
2380 4878 2687 4936 humilitas
2704 4895 2811 4937 vos
2829 4881 3109 4949 honorat,
3123 4877 3332 4952 quoein
3353 4878 3613 4935 serenis-

1956 4968 2109 5025 simo
2129 4967 2307 5023 corde
2325 4972 2521 5025 vestro
2539 4968 2865 5027 mundanas
2887 4969 3165 5042 potentias
3183 4968 3406 5025 fastum
3420 4967 3608 5040 repri-

1957 5056 2081 5123 mit,
2104 5055 2251 5111 dum
2271 5054 2419 5112 illud
2438 5056 2500 5113 in
2519 5057 2815 5115 ambitum
2831 5057 3220 5116 beatitudinis
3240 5055 3499 5114 coelestis
3518 5059 3609 5114 at·-

1954 5144 2124 5203 tollit.
2148 5143 2293 5201 Hinc
2320 5145 2601 5218 estquod
2627 5152 2839 5219 praeter
2864 5161 3093 5205 morem
3121 5152 3470 5205 caeterarum
3500 5160 3608 5204 no-

1957 5234 2061 5290 stri
2104 5233 2391 5305 temporis
2448 5233 2829 5303 feminarum,
2857 5236 2919 5292 in
2962 5236 3333 5309 pauperibus
3390 5235 3607 5293 Christi

1956 5321 2350 5380 Christianam
2375 5336 2499 5379 non
2528 5322 2875 5382 erubescitis
2896 5330 3349 5398 paupertatem:
3373 5326 3522 5385 dum
3542 5325 3607 5383 il-
