3784 6000
174 230 289 291 101

1672 218 2101 286 EPISTOLAE.

176 360 470 434 impedies
490 360 933 432 processum,et
950 353 1349 415 meexlitteris
1363 353 1575 411 vestris
1590 354 1831 426 adjudi-
1862 360 1924 425 A
1953 372 2154 415 eorum
2186 362 2243 414 et
2260 359 2435 416 corda
2473 359 2604 417 novi
2647 365 2839 418 metus
2877 365 2936 418 et
2984 362 3237 435 autiquae
3274 362 3592 421 simultatis

186 450 347 507 cium
358 445 741 506 Abrinccueis
751 445 1006 518 episcopi
1019 448 1079 502 et
1092 442 1395 501 Becceusie
1405 448 1465 501 et
1476 443 1837 501 Saviniensie

179 539 489 606 abbatum,
531 536 812 595 continuo
876 535 1303 608 protraxerunt,
1353 548 1467 605 quo
1515 549 1586 590 ex
1632 533 1837 591 multis

188 629 387 686 musis
410 626 556 683 mihi
580 630 696 682 tota
729 624 1025 697 provincia
1045 626 1284 680 noverat
1311 623 1631 679 adversari:
1649 638 1682 678 a
1712 623 1839 694 qui-

174 719 287 775 bus
320 732 504 789 super
533 718 619 772 tot
648 715 937 785 tantisque
966 711 1237 785 capitulis
1258 711 1423 769 nulla
1451 711 1641 784 potuit
1661 711 1838 784 impe·

170 808 317 865 trari
331 804 767 876 dilatio,neque
781 802 1125 860 deliberatio
1139 801 1552 873 respondendi.
1572 801 1840 859 Confessi

171 901 317 953 sunt
332 896 413 954 ab
432 891 862 967 initiojudices,
879 892 1020 950 dum
1038 907 1363 965 ageremus,
1376 891 1598 949 nullam
1614 892 1839 963 sejnris

172 983 391 1042 habere
422 983 719 1057 peritiam,
752 996 859 1038 nec
887 982 1299 1053 exceptionum
1329 978 1421 1037 vel
1443 981 1843 1053 quarumlibet

172 1073 604 1147 allegationum
622 1071 971 1142 compendia
988 1074 1347 1143 recepturos,
1368 1069 1470 1127 sed
1505 1069 1581 1126 iis
1609 1076 1840 1126 tantum

171 1163 473 1231 insistere,
488 1163 647 1234 quod
670 1160 745 1217 iis
762 1159 953 1233 prima
975 1158 1122 1216 facle
1140 1158 1286 1215 velle
1308 1158 1502 1215 littera
1523 1158 1837 1215 videretur.

168 1252 502 1310 Accedebat
531 1251 608 1308 ad
636 1264 949 1321 gravamen
976 1262 1169 1304 meum
1211 1247 1363 1317 regis
1409 1246 1735 1320 indignatio
1780 1252 1842 1304 et

171 1341 553 1415 infatigabile
582 1338 846 1396 studium
877 1337 1117 1396 walteri
1147 1335 1629 1401 constantiensis,
1664 1353 1839 1408 quem

174 1431 259 1488 illi
273 1430 558 1488 factionis
578 1446 697 1487 sua
719 1444 897 1500 quam
915 1428 1224 1485 adversum
1240 1428 1840 1499 mejuraverant,pro·

173 1520 361 1578 misso
394 1520 764 1593 episcopatu,
799 1517 1123 1590 principem
1148 1516 1610 1585 constituerunt,
1635 1522 1693 1573 et
1713 1517 1838 1589 ipss

174 1612 245 1668 iis
276 1611 341 1666 in
370 1609 658 1667 omnibus
687 1605 971 1665 auxilium
1000 1610 1058 1663 et
1086 1606 1339 1662 favorem
1362 1605 1587 1678 regium
1606 1621 1839 1663 conser-

1946 447 2265 505 ohstinatio
2294 448 2607 519 clauserat,
2642 466 2831 523 neque
2861 452 2978 519 iam
3020 451 3201 510 latens
3231 451 3454 522 odium,
3484 452 3588 509 sed

1948 540 2225 608 prorupta
2244 537 2303 593 in
2327 538 2599 596 omnibus
2617 540 2858 597 audacia
2881 541 3207 599 videbatur.
3230 542 3594 599 Condemna-

1953 630 2162 683 verunt
2180 643 2269 684 me
2289 627 2487 700 itaque
2510 629 2570 685 in
2593 634 2825 686 centum
2857 630 3352 688 librasdonandas
3364 630 3597 688 canom-

1947 720 2052 784 eis,
2084 718 2310 789 quasin
2331 718 2620 775 utilitates
2638 718 2895 776 ecclesiae
2918 724 2977 776 et
2999 720 3299 793 legitimos
3323 724 3597 793 sumptae

1947 806 2360 880 expenderant,
2377 809 2638 881 mihique
2654 809 2723 865 de
2745 809 2970 882 capella
2988 826 3228 883 prorsus
3244 826 3393 867 nova
3415 825 3595 882 quam

1948 896 2092 952 mihi
2107 910 2462 968 paraveram,
2476 897 2761 965 casulam,
2774 897 3169 967 dalmaticam,
3183 899 3443 956 tunicam
3457 898 3592 956 abs·

1947 983 2246 1055 tulerunt3
2295 985 2495 1057 sicque
2525 1001 2616 1042 me
2664 985 2957 1059 privatum
3009 986 3263 1060 pecunia
3308 990 3367 1044 et
3411 985 3598 1044 sacris

1949 1075 2269 1146 spoliatum
2293 1074 2557 1131 vestibus
2578 1074 2920 1132 emiserunt.
2952 1075 3115 1139 Quod
3156 1092 3295 1133 sane
3338 1092 3473 1134 eum
3521 1076 3596 1133 ad

1947 1169 2201 1220 vestram
2220 1164 2580 1221 audientiam
2602 1165 2981 1236 pervenisset,
3005 1165 3364 1222 sententiam
3391 1181 3595 1222 eorum

1949 1254 2266 1327 apostolica
2277 1256 2582 1312 severitate
2591 1271 2664 1327 qu
2672 1255 3006 1325 assastis,et
3018 1271 3132 1324 me,
3146 1255 3297 1311 sicut
3307 1271 3378 1311 ex
3389 1251 3600 1310 litteris

1947 1341 2411 1415 vestrislntelligi
2429 1344 2983 1416 potest,abipsorum
2995 1342 3267 1401 voluistis
3279 1340 3598 1415 pervicacia

1948 1431 2202 1488 liberari.
2227 1432 2382 1502 Rogo
2413 1431 2611 1504 itaque
2641 1436 2706 1488 ut
2733 1440 2922 1489 vestra
2954 1432 3014 1488 in
3045 1434 3276 1489 decreto
3306 1447 3412 1488 euo
3458 1447 3597 1490 seu·

1947 1521 2130 1577 tentia
2141 1526 2559 1593 perseveret,su
2568 1521 2995 1593 umquclittcrae
3012 1526 3215 1578 vestro
3226 1536 3594 1592 consequau-

1949 1619 2042 1665 tur
2072 1609 2362 1679 effectum,
2396 1609 2657 1683 mihique
2682 1611 2835 1682 quod
2866 1627 2935 1667 ex
2964 1611 3183 1682 injusta
3202 1626 3384 1667 causa
3403 1608 3599 1665 subla-

174 1700 376 1768 vabat,
404 1696 725 1772 sigilloque
754 1697 909 1769 regis
951 1695 1106 1768 quod
1156 1694 1284 1767 ipse
1312 1695 1603 1765 servabat,
1636 1710 1838 1753 secure
1867 1712 1918 1779 Β
1948 1704 2076 1757 tum
2097 1703 2211 1767 est,
2232 1699 2462 1755 restitui
2484 1699 2734 1770 faciatis,
2757 1707 2822 1756 ut
2840 1701 2912 1756 ad
2938 1701 3147 1757 fratres
3169 1700 3244 1756 ad
3277 1715 3429 1771 quos
3455 1713 3604 1756 cou-

176 1786 584 1862 prosumebat
619 1785 907 1858 quidquid
944 1784 1117 1842 vellet
1144 1785 1456 1841 adversum
1517 1800 1629 1854 me,
1659 1784 1838 1842 etiam

181 1877 477 1950 sineregis
488 1875 871 1945 couscientia,
884 1873 1251 1947 consignare,
1267 1877 1333 1931 ut
1344 1873 1413 1930 de
1427 1873 1614 1945 ipsius
1627 1873 1840 1931 volun-

181 1971 302 2024 tate
317 1967 644 2040 procedere
664 1965 1018 2022 evaderetur.
1039 1962 1143 2020 His
1163 1963 1363 2035 itaque
1380 1962 1531 2020 dolis
1564 1962 1839 2020 instructi

185 2060 353 2117 etiam
367 2058 611 2132 judices
629 2074 668 2114 a
685 2056 931 2114 veritate
950 2054 1153 2127 iudicii
1176 2054 1501 2111 terroribus
1545 2052 1841 2123 abierunt,

190 2147 367 2220 parati
410 2144 658 2219 quidem
686 2145 761 2201 ad
782 2143 985 2201 omnia
1005 2157 1367 2216 quacunque
1397 2140 1472 2198 iis
1506 2145 1748 2214 possent
1766 2140 1838 2197 ab

188 2235 533 2293 adversariis
565 2232 862 2306 imperari.

253 2326 702 2396 proposuerunt
715 2321 915 2395 itaque
928 2336 1023 2378 ms
1037 2320 1191 2376 bona
1204 2319 1841 2392 Eccleeiaedilapidasse

188 2413 513 2485 profusius,
531 2427 665 2468 cum
698 2426 790 2467 me
819 2409 979 2466 mille
1005 2410 1288 2466 ducentas
1316 2408 1495 2465 librae
1524 2411 1668 2465 eteo
1711 2424 1841 2464 am-

188 2503 335 2576 plius
386 2509 699 2576 perpetuas
758 2500 1081 2573 acquisisse
1126 2504 1447 2567 constaret,
1478 2502 1536 2557 et
1562 2499 1839 2556 thesauro

194 2594 365 2648 etiam
380 2590 658 2647 intulisse
678 2590 1117 2662 quingentas,et
1135 2586 1440 2646 duodecim
1465 2587 1650 2645 millia
1666 2586 1839 2645 libra-

192 2698 316 2738 rum
336 2680 713 2737 exstantibus
731 2678 994 2737 adificiis
1015 2678 1398 2752 impendisse,
1418 2678 1726 2750 ipsamque
1744 2692 1840 2734 ec-

204 2770 437 2828 clesiam
458 2768 851 2841 episcopalem
870 2784 943 2826 ex
962 2772 1125 2840 parte
1143 2766 1481 2839 sumptibus
1502 2766 1649 2824 meis
1667 2772 1727 2823 et
1750 2781 1841 2827 ac.

194 2858 607 2932 quisitionibus
635 2858 967 2916 innovatam
995 2874 1013 2924 ς
1045 2857 1116 2913 ad
1161 2857 1565 2915 communiam
1609 2871 1840 2929 quoque

191 2949 601 3007 canonicorum
630 2950 930 3006 sexcentas
960 2946 1137 3004 libras
1166 2961 1394 3004 annuae
1432 2950 1492 3003 ct
1531 2951 1839 3019 perpetuas

192 3039 492 3113 acquisivi,
515 3043 694 3111 atque
714 3052 984 3096 mensam
1003 3037 1392 3111 episcopalem
1416 3035 1759 3109 quingentis
1780 3035 1840 3092 li·
1866 3081 1912 3151 c

191 3131 307 3188 bris
323 3139 381 3188 et
401 3146 475 3188 eo
495 3128 751 3202 amplius
771 3129 985 3187 annuis
1006 3135 1064 3184 et
1101 3127 1395 3199 perpetuis
1439 3125 1833 3198 augmentavi.

191 3219 409 3293 Deipao
426 3227 624 3276 autem
643 3219 937 3284 thesauro,
962 3220 1029 3274 ut
1059 3215 1210 3274 nihil
1243 3216 1606 3283 subtraham,
1635 3215 1834 3272 decem

189 3316 243 3365 et
258 3319 489 3381 septem
511 3323 741 3366 marcas
766 3306 1010 3363 ininitio
1030 3323 1167 3363 mee
1189 3304 1574 3378 promotionis
1595 3320 1834 3361 assum-

190 3397 297 3470 psi,
318 3397 468 3471 quia
490 3397 650 3454 bona
669 3395 866 3454 omnia
883 3392 1237 3468 episcopalia
1256 3394 1538 3451 redimere
1560 3394 1632 3450 de
1653 3409 1833 3451 mauu

190 3488 415 3545 comitis
444 3485 888 3557 Andagaveusis
915 3484 1195 3558 angebar,
1227 3499 1357 3556 quai
1387 3483 1512 3555 ipse
1541 3482 1687 3539 mihi
1733 3498 1839 3555 per

194 3576 329 3634 daos
356 3591 554 3633 annos
585 3580 644 3633 et
671 3578 791 3632 tres
823 3589 1049 3631 meuses
1078 3573 1418 3640 abstulerat,
1449 3573 1591 3645 quia
1618 3571 1837 3629 electus

194 3669 469 3728 unonice
485 3669 618 3726 siue
638 3667 828 3740 ipsius
845 3666 1250 3740 designatione
1274 3666 1498 3722 fueram
1524 3681 1835 3723 cousecra-

195 3763 287 3818 tus
314 3776 331 3814 :
362 3758 527 3831 quod
554 3773 661 3831 ego
688 3755 924 3829 quidem
952 3756 1024 3812 de
1050 3755 1429 3828 permissione
1465 3754 1690 3811 domini
1722 3754 1835 3811 mei

194 3849 453 3919 gloriosa
475 3846 767 3904 memorio
799 3861 961 3918 papo
1006 3843 1329 3902 innocentii
1380 3844 1511 3912 feci,
1541 3859 1677 3901 cum
1727 3859 1836 3916 ego

195 3939 353 4010 prius
382 3937 460 3995 de
488 3951 623 3994 meo
652 3938 980 4008 nongentas
1009 3933 1194 3991 libras
1231 3933 1292 3989 in
1316 3947 1446 3990 eam
1492 3948 1732 3990 causam
1779 3937 1839 3990 et

194 4027 450 4100 amplius
475 4024 902 4097 expendissem.
918 4024 981 4081 lu
1002 4022 1368 4096 expeditione
1387 4036 1621 4095 quoque
1643 4022 1839 4080 Hiero-

194 4115 568 4189 solymitana,
598 4115 672 4172 ad
704 4129 881 4187 quam
913 4129 1007 4170 me
1047 4117 1287 4169 auctus
1334 4111 1502 4169 Pater
1540 4111 1838 4183 Eugenius

194 4221 341 4279 papa
368 4203 685 4262 destinavit
702 4202 969 4273 invitam,
988 4203 1267 4260 mandato
1286 4200 1475 4275 ipsius
1486 4201 1727 4258 calicem
1742 4217 1837 4258 au·

195 4309 351 4350 ream
368 4293 619 4366 triginta
654 4296 713 4350 et
738 4296 992 4365 quatuor
1031 4293 1335 4349 unciarum
1384 4290 1652 4363 expendi,
1700 4305 1835 4347 cum

196 4385 317 4455 ipse
328 4383 499 4452 mihi,
518 4383 569 4439 si
589 4381 847 4455 amplius
863 4385 1179 4455 oporteret,
1198 4397 1327 4438 mea
1346 4397 1525 4438 causa
1539 4396 1838 4437 assumere

1949 1788 2096 1845 cessi
2119 1790 2419 1860 pervenire
2439 1789 2642 1861 possit,
2663 1789 2816 1859 quod
2839 1789 2912 1845 iis
2933 1789 3007 1845 ab
3028 1787 3198 1845 initio
3219 1789 3406 1844 fuerat
3425 1787 3604 1845 desti-

1950 1881 2178 1933 natum.
2204 1876 2497 1934 Insultant
2516 1876 2600 1933 illi
2624 1877 2937 1948 siquidem,
2951 1891 3180 1950 suoque
3200 1876 3359 1948 quod
3378 1876 3452 1932 ad
3471 1875 3601 1947 pias

1948 1981 2155 2022 causas
2185 1965 2371 2022 fuerat
2410 1966 2754 2036 deputatum
2792 1966 3156 2022 distribuunt
3208 1964 3514 2032 arbitratu,
3545 1969 3601 2021 et

1950 2071 2043 2111 me
2065 2054 2234 2126 quasi
2257 2056 2478 2110 nudum
2508 2059 2564 2111 et
2584 2055 2820 2127 inopem
2841 2054 3050 2111 exiisse
3071 2054 3339 2126 improba
3361 2067 3600 2125 cougra-

1948 2141 2231 2200 tulatione
2260 2142 2548 2201 letantur.
2571 2142 2759 2211 Faciat
2790 2142 2986 2214 itaque
3025 2146 3217 2199 vestra
3266 2140 3595 2199 misericor-

1949 2234 2047 2289 dia
2076 2233 2230 2305 quod
2261 2232 2545 2305 coepistis,
2576 2240 2630 2288 et
2659 2232 2815 2303 quod
2848 2249 2883 2288 a
2910 2231 3076 2289 vobis
3105 2231 3272 2303 quasi
3293 2230 3597 2287 decretum

1949 2327 2060 2388 est,
2092 2321 2359 2379 districta
2388 2323 2697 2378 severitate
2745 2319 3039 2393 praecipite
3076 2318 3489 2386 consummari,
3520 2332 3597 2375 ue

1948 2413 2017 2468 de
2039 2411 2256 2468 nostrie
2274 2410 2526 2482 gaudeat
2545 2409 2792 2482 simplex
2810 2409 2896 2465 vel
2937 2408 3206 2481 imperita
3244 2406 3466 2465 malitia
3493 2406 3595 2465 de-

1948 2500 2263 2556 trimentis.

2668 2586 2880 2643 Lxxn.

2054 2698 2126 2737 an
2153 2696 2424 2737 ananau
2452 2694 2893 2735 cimacienssu
2930 2694 3001 2734 ss·
3036 2692 3290 2733 saaraas
3329 2691 3485 2732 nus.

2018 2770 2327 2828 Confectus
2348 2770 2512 2826 senio
2531 2773 2588 2826 et
2608 2768 2942 2841 aliquarum
2962 2765 3374 2840 egritudinum
3387 2781 3593 2838 grava·

1948 2865 2046 2917 tus
2076 2876 2336 2929 accessu,
2360 2860 2430 2916 ad
2457 2859 2756 2916 medicina
2778 2857 3041 2914 salutare
3054 2855 3592 2914 remediumccufu·

1949 2964 2103 3022 gere,
2136 2952 2194 3008 et
2222 2949 2516 3007 confracta
2534 2946 2835 3005 laboribus
2861 2945 3124 3004 membra
3152 2945 3479 3005 necessaria
3498 2961 3588 3003 re-

1949 3040 2085 3111 quie
2124 3038 2428 3095 sublevare
2473 3038 2777 3095 constitui.
2818 3035 3115 3107 Siquidem
3163 3036 3226 3092 iu
3273 3033 3589 3107 perniciem

1951 3144 2143 3184 meam
2173 3127 2350 3184 veluti
2379 3127 2684 3199 conjurata
2702 3125 2948 3183 veniunt
2966 3124 3259 3194 debilitas,
3281 3122 3593 3180 infirmitas

1944 3222 2002 3274 et
2030 3220 2324 3280 senectus,
2361 3215 2623 3287 mihique
2652 3219 2741 3272 tot
2770 3215 3277 3271 incommodorum
3308 3211 3594 3270 instantia

1946 3305 2221 3362 fiduciam
2248 3305 2376 3361 vitae
2407 3304 2689 3376 longioris
2727 3303 3046 3376 abrumpit.
3095 3302 3330 3360 Accedit
3370 3299 3593 3359 extrin-

1946 3410 2116 3450 secus
2140 3392 2506 3466 negotiorum
2521 3392 2741 3466 quibus
2763 3392 3058 3450 distrahor
3078 3390 3412 3465 importuna
3430 3405 3593 3448 vexa·

1945 3483 2047 3551 tio,
2080 3499 2206 3554 quae
2249 3481 2657 3539 miserabiliter
2694 3480 3089 3548 anhelantem,
3123 3479 3216 3539 vel
3245 3480 3317 3537 ad
3339 3495 3594 3537 momen·

1946 3576 2073 3629 tum
2096 3572 2271 3627 etiam
2294 3569 2583 3644 respirare
2603 3587 2717 3628 non
2753 3569 2915 3627 sinit.
2959 3570 3257 3641 Siquidem
3281 3570 3496 3642 sepius
3514 3568 3590 3626 ad

1946 3660 2169 3733 regales
2224 3677 2358 3717 cum
2407 3659 2631 3717 caeteris
2688 3658 2887 3716 trahor
2922 3657 3217 3731 angarias,
3267 3670 3593 3726 eorumque

1947 3751 2165 3822 quibus
2193 3750 2395 3806 deesse
2426 3765 2540 3806 non
2590 3764 2850 3821 possum,
2903 3745 3302 3818 frequentibus
3349 3744 3594 3801 infestor

1946 3840 2198 3911 inJuriis,
2229 3840 2423 3896 media
2450 3838 2650 3895 omnia
2676 3837 2911 3893 interim
2940 3839 3027 3892 tot
3058 3834 3350 3906 tantisque
3369 3830 3591 3888 labori-

1947 3929 2058 3986 bus
2078 3927 2526 4000 sumptibusque
2546 3932 2841 3983 constrata
2861 3926 3022 3989 sunt,
3046 3930 3106 3979 ut
3128 3937 3234 3978 uec
3251 3921 3326 3978 ad
3351 3919 3597 3978 toleran-

1945 4019 2088 4074 tiam
2109 4033 2322 4090 corpus
2340 4015 2615 4082 sufficiat,
2637 4029 2743 4071 nec
2774 4013 2846 4070 ad
2877 4012 3245 4086 impendium
3265 4009 3594 4069 facultates.

1945 4111 2142 4175 Porro,
2164 4105 2212 4161 si
2226 4104 2346 4161 hnc
2359 4103 2535 4161 saluti
2547 4103 2721 4160 etiam
2737 4118 2851 4160 non
2863 4100 3551 4159 obsisterentanimarum
3577 4117 3596 4171 ς

1947 4195 2065 4252 viro
2088 4198 2282 4251 tamen
2302 4193 2457 4250 bono
2479 4191 2841 4249 tolerabilius
2864 4190 3169 4260 videretur,
3184 4189 3598 4246 sidctrimenta

1946 4284 2318 4359 praesentium
2332 4284 2401 4340 ad
2417 4285 2753 4357 proventum
2766 4281 3106 4355 proficerent
3117 4278 3602 4337 aeternorum.Sed

1948 4376 2250 4433 homiuum
2266 4389 2491 4445 semper
2502 4374 2905 4445 procedentem
2918 4370 3234 4439 alitia,etin
3245 4370 3496 4428 deterius
3508 4370 3601 4426 die

193 4473 593 4531 concessisset.
627 4471 926 4541 Proterea,
961 4485 1032 4528 ne
1063 4471 1211 4528 torte
1231 4470 1513 4543 jactantia
1541 4469 1829 4534 videatur,
1866 4460 1914 4526 1)
1944 4462 3604 4537 bussingulisexcedente,cumbona,tumcorpora,tumet

194 4571 411 4636 quanta
436 4561 674 4618 interim
705 4560 884 4618 fuerit
920 4560 1339 4632 hospitalitatis
1388 4560 1618 4621 effusio.
1659 4574 1839 4631 quam

191 4652 365 4709 etiam
396 4651 677 4723 frequens
703 4650 989 4708 donorum
1020 4650 1277 4707 charitas
1318 4648 1674 4716 illustrabat,
1694 4649 1841 4706 adeo

192 4741 352 4797 utab
384 4739 623 4797 homine
650 4737 1070 4796 mediocritatis
1119 4753 1261 4794 mess
1290 4737 1382 4794 vix
1432 4740 1598 4794 tauta
1643 4741 1843 4810 posset

192 4828 433 4903 largitas
450 4828 737 4900 expectari
772 4844 787 4882 ε
821 4829 975 4902 quod
1006 4827 1079 4885 ab
1109 4827 1203 4884 his
1233 4826 1336 4900 qui
1374 4826 1647 4884 viderunt
1663 4830 1721 4883 et
1747 4825 1842 4882 his

191 4919 290 4991 qui
314 4918 541 4992 experti
562 4920 705 4974 sunt
736 4915 998 4990 ,publico
1028 4917 1244 4990 passim
1274 4915 1605 4973 testimonio
1633 4915 1841 4973 conflr-

192 5013 414 5065 matur.

260 5095 597 5170 Supplicavi
618 5097 923 5170 jndicibus
943 5100 1012 5155 ut
1031 5112 1236 5154 eorum
1257 5112 1387 5168 quas
1408 5096 1674 5168 apposita
1702 5098 1843 5151 suut

188 5195 239 5243 et
266 5187 554 5254 detracta,
585 5187 919 5261 quantitate
948 5188 1237 5259 prspecta,
1252 5184 1535 5242 rationem
1565 5199 1843 5255 compen·

190 5274 439 5334 sationis
448 5276 905 5348 admitterent,si
918 5280 1115 5334 tamen
1127 5272 1537 5332 estimandum
1550 5272 1841 5331 videretur

188 5367 341 5440 quod
372 5365 433 5422 in
464 5369 585 5424 tam
617 5366 745 5439 piae
773 5374 833 5425 et
865 5364 1223 5424 necessarias
1265 5379 1473 5420 causas
1516 5378 1837 5434 expensum

189 5458 395 5524 fuerat,
416 5463 475 5513 et
503 5464 709 5530 postea
728 5455 862 5529 plus
878 5473 1058 5529 quam
1087 5453 1417 5527 septuagies
1437 5452 1650 5524 septies
1671 5452 1839 5509 resti·

186 5551 399 5608 tutum.
426 5545 559 5606 Nou
610 5561 747 5605 sum
805 5546 1123 5606 exauditus
1178 5544 1239 5602 in
1289 5541 1507 5617 aliquo,
1554 5541 1697 5614 quia
1739 5559 1840 5602 ora

1949 4557 2162 4613 auimae
2191 4552 2371 4612 simili
2393 4552 2564 4611 ruina
2588 4553 2805 4625 pariter
2825 4550 3221 4616 involvuntur,
3243 4553 3303 4604 ct
3322 4547 3598 4604 formida·

1951 4644 2054 4700 hili
2086 4643 2433 4715 plerumque
2461 4646 2945 4698 consummantur
2972 4640 3200 4694 eventu.
3245 4633 3386 4699 Quia
3419 4632 3600 4705 igitur

1951 4731 2229 4806 sapientis
2257 4735 2348 4788 est
2375 4746 2551 4787 casus
2594 4727 2935 4801 hujusmodi
2986 4723 3180 4796 sagaci
3234 4721 3602 4793 providentis

1953 4821 2288 4896 proevenire,
2302 4817 2710 4893 opportunitas
2731 4816 2841 4875 loci
2856 4814 2999 4871 mihi
3015 4813 3203 4868 fuerat
3214 4810 3598 4883 exquirenda,

1951 4911 2318 4984 ubiquietem
2333 4925 2523 4966 meam
2545 4922 2651 4963 nec
2662 4919 2972 4963 causarum
2989 4900 3282 4959 tumultus
3321 4900 3595 4968 infestet,

1952 5018 2059 5057 nec
2086 5001 2357 5056 incursus
2379 4994 2778 5054 multitudinis
2807 4991 3160 5065 interpellet,
3194 4992 3298 5048 sed
3336 4990 3603 5062 exemplo

1950 5088 2187 5147 meliore
2207 5101 2442 5158 semper
2460 5082 2787 5140 honestatis
2834 5082 3037 5139 studia
3075 5079 3513 5150 convalescant,
3545 5082 3603 5134 et

1950 5180 2023 5238 ad
2045 5194 2188 5235 versi
2209 5174 2443 5233 virtutis
2472 5189 2648 5245 opera
2668 5173 2860 5230 omnis
2898 5172 3085 5246 possit
3112 5171 3342 5230 occasio
3391 5167 3600 5225 deser-

1951 5271 2087 5328 vire.
2109 5269 2292 5340 Super
2310 5279 2429 5337 quo
2448 5278 2584 5320 cum
2607 5264 2679 5318 ad
2720 5262 2904 5319 multa
2939 5262 3065 5320 loca
3103 5259 3430 5318 multorum
3474 5269 3604 5330 pre-

1949 5360 2113 5418 cibus
2141 5362 2201 5414 et
2220 5352 2524 5412 desideriis
2553 5351 2856 5423 invitarer,
2877 5352 3116 5425 quidam
3163 5349 3329 5406 locus
3376 5344 3602 5405 ordinis

1947 5447 2124 5507 vestri
2145 5444 2248 5519 qui
2269 5443 2483 5500 dicitur
2503 5440 2900 5499 Mortuimaris
2920 5441 3074 5497 iuter
3093 5445 3301 5496 cuncta
3328 5433 3603 5511 compla-

1949 5539 2089 5610 cuit,
2120 5535 2259 5612 quia
2307 5531 2453 5591 mihi
2501 5531 2654 5590 visus
2697 5535 2788 5589 est
2833 5528 3033 5594 multis
3078 5525 3596 5588 commoditatibus
