<?xml version="1.0" encoding="UTF-8"?>
<!DOCTYPE html PUBLIC "-//W3C//DTD XHTML 1.0 Transitional//EN"
    "http://www.w3.org/TR/xhtml1/DTD/xhtml1-transitional.dtd">
<html xmlns="http://www.w3.org/1999/xhtml" xml:lang="en" lang="en">
 <head>
  <title>
</title>
<meta http-equiv="Content-Type" content="text/html;charset=utf-8" />
  <meta name='ocr-system' content='tesseract 3.04.00' />
  <meta name='ocr-capabilities' content='ocr_page ocr_carea ocr_par ocr_line ocrx_word'/>
</head>
<body>
  <div class='ocr_page' id='page_1' title='image "./patrologiaecurs32goog_0133.png"; bbox 0 0 3784 6000; ppageno 0'>
   <div class='ocr_carea' id='block_1_1' title="bbox 139 232 256 295">
    <p class='ocr_par' dir='ltr' id='par_1_1' title="bbox 139 232 256 295">
     <span class='ocr_line' id='line_1_1' title="bbox 139 232 256 295; baseline -0.026 0"><span class='ocrx_word' id='word_1_1' title='bbox 139 232 256 295; x_wconf 73' lang='lat'><strong>257</strong></span> 
     </span>
    </p>
   </div>
   <div class='ocr_carea' id='block_1_2' title="bbox 1072 233 2626 300">
    <p class='ocr_par' dir='ltr' id='par_1_2' title="bbox 1072 233 2626 300">
     <span class='ocr_line' id='line_1_2' title="bbox 1072 233 2626 300; baseline 0 -3"><span class='ocrx_word' id='word_1_2' title='bbox 1072 235 1277 299; x_wconf 77' lang='lat' dir='ltr'><strong>HIST.</strong></span> <span class='ocrx_word' id='word_1_3' title='bbox 1322 235 1601 299; x_wconf 78' lang='lat' dir='ltr'><strong>RERUM</strong></span> <span class='ocrx_word' id='word_1_4' title='bbox 1641 233 2180 300; x_wconf 70' lang='lat' dir='ltr'><strong>TRANSMARIN.</strong></span> <span class='ocrx_word' id='word_1_5' title='bbox 2224 267 2307 282; x_wconf 97' lang='lat'>—</span> <span class='ocrx_word' id='word_1_6' title='bbox 2343 235 2497 299; x_wconf 84' lang='lat' dir='ltr'><strong>LIB.</strong></span> <span class='ocrx_word' id='word_1_7' title='bbox 2544 236 2626 299; x_wconf 89' lang='lat'><strong>11.</strong></span> 
     </span>
    </p>
   </div>
   <div class='ocr_carea' id='block_1_3' title="bbox 136 363 3551 451">
    <p class='ocr_par' dir='ltr' id='par_1_3' title="bbox 136 363 3551 451">
     <span class='ocr_line' id='line_1_3' title="bbox 136 363 3551 451; baseline 0.006 -33"><span class='ocrx_word' id='word_1_8' title='bbox 136 366 192 418; x_wconf 87' lang='lat' dir='ltr'><strong>et</strong></span> <span class='ocrx_word' id='word_1_9' title='bbox 218 365 496 437; x_wconf 84' lang='lat' dir='ltr'><strong>supellex</strong></span> <span class='ocrx_word' id='word_1_10' title='bbox 523 363 866 426; x_wconf 79' lang='lat' dir='ltr'><strong>omnimoda</strong></span> <span class='ocrx_word' id='word_1_11' title='bbox 893 367 965 424; x_wconf 88' lang='lat' dir='ltr'><strong>de</strong></span> <span class='ocrx_word' id='word_1_12' title='bbox 1003 368 1240 425; x_wconf 90' lang='lat' dir='ltr'><strong>madore</strong></span> <span class='ocrx_word' id='word_1_13' title='bbox 1259 368 1425 443; x_wconf 69' lang='lat' dir='ltr'><strong>‚iugis</strong></span> <span class='ocrx_word' id='word_1_14' title='bbox 1462 386 1626 444; x_wconf 67' lang='lat' dir='ltr'><strong>nque</strong></span> <span class='ocrx_word' id='word_1_15' title='bbox 1670 387 1793 429; x_wconf 49' lang='lat' dir='ltr'><strong>cors</strong></span> <span class='ocrx_word' id='word_1_16' title='bbox 1818 371 1873 438; x_wconf 82' lang='lat' dir='ltr'>A</span> <span class='ocrx_word' id='word_1_17' title='bbox 1905 368 2163 441; x_wconf 86' lang='lat' dir='ltr'><strong>spatium</strong></span> <span class='ocrx_word' id='word_1_18' title='bbox 2189 386 2205 439; x_wconf 88' lang='grc'><strong>;</strong></span> <span class='ocrx_word' id='word_1_19' title='bbox 2237 385 2388 427; x_wconf 90' lang='lat' dir='ltr'><strong>nunc</strong></span> <span class='ocrx_word' id='word_1_20' title='bbox 2408 385 2508 441; x_wconf 86' lang='lat' dir='ltr'><strong>per</strong></span> <span class='ocrx_word' id='word_1_21' title='bbox 2529 369 2770 443; x_wconf 87' lang='lat' dir='ltr'><strong>triginta</strong></span> <span class='ocrx_word' id='word_1_22' title='bbox 2799 374 2885 431; x_wconf 90' lang='lat' dir='ltr'><strong>vel</strong></span> <span class='ocrx_word' id='word_1_23' title='bbox 2906 377 3161 451; x_wconf 89' lang='lat' dir='ltr'><strong>amplius</strong></span> <span class='ocrx_word' id='word_1_24' title='bbox 3183 378 3551 438; x_wconf 74' lang='lat' dir='ltr'><strong>diffunditur.</strong></span> 
     </span>
    </p>
   </div>
   <div class='ocr_carea' id='block_1_4' title="bbox 120 456 1788 1589">
    <p class='ocr_par' dir='ltr' id='par_1_4' title="bbox 120 456 1788 1589">
     <span class='ocr_line' id='line_1_4' title="bbox 133 456 1787 531; baseline 0.003 -20"><span class='ocrx_word' id='word_1_25' title='bbox 133 460 562 528; x_wconf 87' lang='lat' dir='ltr'><strong>rumperentur</strong></span> <span class='ocrx_word' id='word_1_26' title='bbox 581 462 637 514; x_wconf 89' lang='lat' dir='ltr'><strong>st</strong></span> <span class='ocrx_word' id='word_1_27' title='bbox 665 460 1083 531; x_wconf 85' lang='lat' dir='ltr'><strong>putrescerent.</strong></span> <span class='ocrx_word' id='word_1_28' title='bbox 1106 456 1218 513; x_wconf 89' lang='lat' dir='ltr'><strong>Sed</strong></span> <span class='ocrx_word' id='word_1_29' title='bbox 1242 474 1347 515; x_wconf 90' lang='lat' dir='ltr'><strong>nec</strong></span> <span class='ocrx_word' id='word_1_30' title='bbox 1369 459 1659 526; x_wconf 89' lang='lat' dir='ltr'><strong>homines,</strong></span> <span class='ocrx_word' id='word_1_31' title='bbox 1683 474 1787 517; x_wconf 88' lang='lat' dir='ltr'><strong>nec</strong></span> 
     </span>
     <span class='ocr_line' id='line_1_5' title="bbox 120 543 1784 620; baseline 0.002 -19"><span class='ocrx_word' id='word_1_32' title='bbox 120 543 422 616; x_wconf 80' lang='lat' dir='ltr'><strong>jumenta,</strong></span> <span class='ocrx_word' id='word_1_33' title='bbox 456 562 564 605; x_wconf 88' lang='lat' dir='ltr'><strong>nec</strong></span> <span class='ocrx_word' id='word_1_34' title='bbox 580 549 923 603; x_wconf 75' lang='lat' dir='ltr'><strong>caeterorum</strong></span> <span class='ocrx_word' id='word_1_35' title='bbox 946 545 1221 618; x_wconf 76' lang='lat' dir='ltr'><strong>quaslibet</strong></span> <span class='ocrx_word' id='word_1_36' title='bbox 1237 547 1647 620; x_wconf 85' lang='lat' dir='ltr'><strong>animantium,</strong></span> <span class='ocrx_word' id='word_1_37' title='bbox 1665 550 1784 605; x_wconf 90' lang='lat' dir='ltr'><strong>vim</strong></span> 
     </span>
     <span class='ocr_line' id='line_1_6' title="bbox 127 633 1788 710; baseline 0.004 -22"><span class='ocrx_word' id='word_1_38' title='bbox 127 633 346 706; x_wconf 88' lang='lat' dir='ltr'><strong>algoris</strong></span> <span class='ocrx_word' id='word_1_39' title='bbox 376 634 805 708; x_wconf 85' lang='lat' dir='ltr'><strong>penetrabilem</strong></span> <span class='ocrx_word' id='word_1_40' title='bbox 835 638 894 693; x_wconf 89' lang='lat' dir='ltr'><strong>et</strong></span> <span class='ocrx_word' id='word_1_41' title='bbox 923 634 1144 692; x_wconf 86' lang='lat' dir='ltr'><strong>nivium</strong></span> <span class='ocrx_word' id='word_1_42' title='bbox 1178 636 1465 706; x_wconf 88' lang='lat' dir='ltr'><strong>crebram,</strong></span> <span class='ocrx_word' id='word_1_43' title='bbox 1498 637 1618 695; x_wconf 89' lang='lat' dir='ltr'><strong>imo</strong></span> <span class='ocrx_word' id='word_1_44' title='bbox 1640 653 1788 710; x_wconf 89' lang='lat' dir='ltr'><strong>pene</strong></span> 
     </span>
     <span class='ocr_line' id='line_1_7' title="bbox 128 724 1780 800; baseline 0.002 -20"><span class='ocrx_word' id='word_1_45' title='bbox 128 724 499 796; x_wconf 83' lang='lat' dir='ltr'><strong>continuam,</strong></span> <span class='ocrx_word' id='word_1_46' title='bbox 531 730 819 798; x_wconf 86' lang='lat' dir='ltr'><strong>poterant,</strong></span> <span class='ocrx_word' id='word_1_47' title='bbox 859 725 1108 783; x_wconf 88' lang='lat' dir='ltr'><strong>tolerare</strong></span> <span class='ocrx_word' id='word_1_48' title='bbox 1156 725 1372 783; x_wconf 91' lang='lat' dir='ltr'><strong>diutius</strong></span> <span class='ocrx_word' id='word_1_49' title='bbox 1415 727 1780 800; x_wconf 74' lang='lat' dir='ltr'>asperginem</span> 
     </span>
     <span class='ocr_line' id='line_1_8' title="bbox 123 812 1786 889; baseline 0.002 -20"><span class='ocrx_word' id='word_1_50' title='bbox 123 812 559 887; x_wconf 87' lang='lat' dir='ltr'><strong>importunam,</strong></span> <span class='ocrx_word' id='word_1_51' title='bbox 588 813 806 888; x_wconf 89' lang='lat' dir='ltr'><strong>quibus</strong></span> <span class='ocrx_word' id='word_1_52' title='bbox 834 814 1111 871; x_wconf 91' lang='lat' dir='ltr'><strong>omnibus</strong></span> <span class='ocrx_word' id='word_1_53' title='bbox 1134 831 1195 871; x_wconf 90' lang='lat' dir='ltr'><strong>su</strong></span> <span class='ocrx_word' id='word_1_54' title='bbox 1204 831 1305 887; x_wconf 90' lang='lat' dir='ltr'><strong>pra</strong></span> <span class='ocrx_word' id='word_1_55' title='bbox 1324 815 1477 873; x_wconf 89' lang='lat' dir='ltr'><strong>vires</strong></span> <span class='ocrx_word' id='word_1_56' title='bbox 1497 816 1786 889; x_wconf 81' lang='lat' dir='ltr'><strong>angeban-</strong></span> 
     </span>
     <span class='ocr_line' id='line_1_9' title="bbox 125 903 1787 978; baseline 0 -20"><span class='ocrx_word' id='word_1_57' title='bbox 125 906 213 959; x_wconf 86' lang='lat' dir='ltr'><strong>tur</strong></span> <span class='ocrx_word' id='word_1_58' title='bbox 241 903 638 961; x_wconf 70' lang='lat' dir='ltr'><strong>incessanter.</strong></span> <span class='ocrx_word' id='word_1_59' title='bbox 669 903 775 962; x_wconf 75' lang='lat' dir='ltr'><strong>nis</strong></span> <span class='ocrx_word' id='word_1_60' title='bbox 803 909 1025 973; x_wconf 89' lang='lat' dir='ltr'><strong>autem,</strong></span> <span class='ocrx_word' id='word_1_61' title='bbox 1057 904 1166 961; x_wconf 88' lang='lat' dir='ltr'><strong>etsi</strong></span> <span class='ocrx_word' id='word_1_62' title='bbox 1196 907 1369 962; x_wconf 88' lang='lat' dir='ltr'><strong>verbo</strong></span> <span class='ocrx_word' id='word_1_63' title='bbox 1399 904 1653 978; x_wconf 88' lang='lat' dir='ltr'><strong>compati</strong></span> <span class='ocrx_word' id='word_1_64' title='bbox 1700 905 1787 958; x_wconf 87' lang='lat' dir='ltr'><strong>vi-</strong></span> 
     </span>
     <span class='ocr_line' id='line_1_10' title="bbox 122 991 1781 1067; baseline 0 -18"><span class='ocrx_word' id='word_1_65' title='bbox 122 993 367 1050; x_wconf 86' lang='lat' dir='ltr'><strong>deretur</strong></span> <span class='ocrx_word' id='word_1_66' title='bbox 384 991 725 1066; x_wconf 87' lang='lat' dir='ltr'><strong>imperator,</strong></span> <span class='ocrx_word' id='word_1_67' title='bbox 749 994 922 1067; x_wconf 88' lang='lat' dir='ltr'><strong>longe</strong></span> <span class='ocrx_word' id='word_1_68' title='bbox 942 998 1136 1050; x_wconf 82' lang='lat' dir='ltr'><strong>tamen</strong></span> <span class='ocrx_word' id='word_1_69' title='bbox 1158 993 1274 1051; x_wconf 87' lang='lat' dir='ltr'><strong>alia</strong></span> <span class='ocrx_word' id='word_1_70' title='bbox 1290 1009 1454 1050; x_wconf 88' lang='lat' dir='ltr'><strong>mens</strong></span> <span class='ocrx_word' id='word_1_71' title='bbox 1473 994 1603 1065; x_wconf 67' lang='lat' dir='ltr'><strong>eius</strong></span> <span class='ocrx_word' id='word_1_72' title='bbox 1624 998 1781 1051; x_wconf 87' lang='lat' dir='ltr'><strong>erat:</strong></span> 
     </span>
     <span class='ocr_line' id='line_1_11' title="bbox 123 1082 1783 1158; baseline 0.001 -21"><span class='ocrx_word' id='word_1_73' title='bbox 123 1085 182 1137; x_wconf 88' lang='lat' dir='ltr'><strong>et</strong></span> <span class='ocrx_word' id='word_1_74' title='bbox 207 1097 279 1139; x_wconf 81' lang='lat' dir='ltr'><strong>eo</strong></span> <span class='ocrx_word' id='word_1_75' title='bbox 311 1086 444 1140; x_wconf 85' lang='lat' dir='ltr'><strong>tota</strong></span> <span class='ocrx_word' id='word_1_76' title='bbox 472 1082 600 1155; x_wconf 81' lang='lat' dir='ltr'><strong>ejus</strong></span> <span class='ocrx_word' id='word_1_77' title='bbox 619 1082 968 1158; x_wconf 87' lang='lat' dir='ltr'><strong>properabat</strong></span> <span class='ocrx_word' id='word_1_78' title='bbox 987 1082 1256 1152; x_wconf 89' lang='lat' dir='ltr'><strong>intentio,</strong></span> <span class='ocrx_word' id='word_1_79' title='bbox 1281 1090 1344 1139; x_wconf 87' lang='lat' dir='ltr'><strong>ut</strong></span> <span class='ocrx_word' id='word_1_80' title='bbox 1361 1082 1692 1156; x_wconf 78' lang='lat' dir='ltr'>legionibus</span> <span class='ocrx_word' id='word_1_81' title='bbox 1722 1082 1783 1139; x_wconf 88' lang='lat' dir='ltr'><strong>in</strong></span> 
     </span>
     <span class='ocr_line' id='line_1_12' title="bbox 126 1170 1784 1246; baseline 0.001 -20"><span class='ocrx_word' id='word_1_82' title='bbox 126 1170 268 1229; x_wconf 89' lang='lat' dir='ltr'><strong>locis</strong></span> <span class='ocrx_word' id='word_1_83' title='bbox 320 1172 772 1246; x_wconf 80' lang='lat' dir='ltr'><strong>angustioribus</strong></span> <span class='ocrx_word' id='word_1_84' title='bbox 806 1172 1124 1242; x_wconf 88' lang='lat' dir='ltr'><strong>collocatis,</strong></span> <span class='ocrx_word' id='word_1_85' title='bbox 1173 1172 1458 1229; x_wconf 80' lang='lat' dir='ltr'><strong>minorem</strong></span> <span class='ocrx_word' id='word_1_86' title='bbox 1503 1170 1784 1244; x_wconf 84' lang='lat' dir='ltr'><strong>evagandi</strong></span> 
     </span>
     <span class='ocr_line' id='line_1_13' title="bbox 124 1258 1787 1334; baseline 0 -19"><span class='ocrx_word' id='word_1_87' title='bbox 124 1259 418 1318; x_wconf 79' lang='lat' dir='ltr'><strong>haberent</strong></span> <span class='ocrx_word' id='word_1_88' title='bbox 444 1260 782 1332; x_wconf 88' lang='lat' dir='ltr'><strong>licentiam;</strong></span> <span class='ocrx_word' id='word_1_89' title='bbox 814 1265 872 1318; x_wconf 92' lang='lat' dir='ltr'><strong>et</strong></span> <span class='ocrx_word' id='word_1_90' title='bbox 901 1262 1026 1333; x_wconf 87' lang='lat' dir='ltr'><strong>ipse</strong></span> <span class='ocrx_word' id='word_1_91' title='bbox 1056 1278 1154 1319; x_wconf 89' lang='lat' dir='ltr'><strong>eas</strong></span> <span class='ocrx_word' id='word_1_92' title='bbox 1186 1278 1288 1334; x_wconf 91' lang='lat' dir='ltr'><strong>pro</strong></span> <span class='ocrx_word' id='word_1_93' title='bbox 1339 1260 1579 1317; x_wconf 86' lang='lat' dir='ltr'><strong>arbitrio</strong></span> <span class='ocrx_word' id='word_1_94' title='bbox 1626 1258 1787 1317; x_wconf 90' lang='lat' dir='ltr'><strong>cohi·</strong></span> 
     </span>
     <span class='ocr_line' id='line_1_14' title="bbox 124 1349 1784 1426; baseline 0.002 -21"><span class='ocrx_word' id='word_1_95' title='bbox 124 1349 299 1405; x_wconf 87' lang='lat' dir='ltr'><strong>bendi</strong></span> <span class='ocrx_word' id='word_1_96' title='bbox 333 1351 625 1423; x_wconf 81' lang='lat' dir='ltr'><strong>majorem</strong></span> <span class='ocrx_word' id='word_1_97' title='bbox 655 1351 939 1426; x_wconf 88' lang='lat' dir='ltr'><strong>reciperet</strong></span> <span class='ocrx_word' id='word_1_98' title='bbox 968 1354 1335 1423; x_wconf 90' lang='lat' dir='ltr'><strong>potestatem.</strong></span> <span class='ocrx_word' id='word_1_99' title='bbox 1372 1350 1533 1416; x_wconf 87' lang='lat' dir='ltr'><strong>Quod</strong></span> <span class='ocrx_word' id='word_1_100' title='bbox 1569 1355 1633 1406; x_wconf 87' lang='lat' dir='ltr'><strong>ut</strong></span> <span class='ocrx_word' id='word_1_101' title='bbox 1670 1349 1784 1423; x_wconf 92' lang='lat' dir='ltr'><strong>ple·</strong></span> 
     </span>
     <span class='ocr_line' id='line_1_15' title="bbox 125 1438 1786 1514; baseline 0.001 -20"><span class='ocrx_word' id='word_1_102' title='bbox 125 1439 258 1496; x_wconf 88' lang='lat' dir='ltr'><strong>nius</strong></span> <span class='ocrx_word' id='word_1_103' title='bbox 287 1438 680 1513; x_wconf 84' lang='lat' dir='ltr'><strong>intelligatur,</strong></span> <span class='ocrx_word' id='word_1_104' title='bbox 710 1440 782 1499; x_wconf 88' lang='lat' dir='ltr'><strong>ds</strong></span> <span class='ocrx_word' id='word_1_105' title='bbox 809 1440 931 1499; x_wconf 86' lang='lat' dir='ltr'><strong>situ</strong></span> <span class='ocrx_word' id='word_1_106' title='bbox 956 1439 1239 1514; x_wconf 66' lang='lat' dir='ltr'><strong>prodicus</strong></span> <span class='ocrx_word' id='word_1_107' title='bbox 1260 1440 1423 1497; x_wconf 88' lang='lat' dir='ltr'><strong>urbis</strong></span> <span class='ocrx_word' id='word_1_108' title='bbox 1450 1438 1672 1512; x_wconf 90' lang='lat' dir='ltr'><strong>aliquid</strong></span> <span class='ocrx_word' id='word_1_109' title='bbox 1696 1443 1786 1495; x_wconf 84' lang='lat' dir='ltr'><strong>est</strong></span> 
     </span>
     <span class='ocr_line' id='line_1_16' title="bbox 135 1529 712 1589; baseline 0.007 -3"><span class='ocrx_word' id='word_1_110' title='bbox 135 1529 633 1589; x_wconf 86' lang='lat' dir='ltr'><strong>interserendum.</strong></span> <span class='ocrx_word' id='word_1_111' title='bbox 704 1539 712 1544; x_wconf 83' lang='lat'>&#39;</span> 
     </span>
    </p>
   </div>
   <div class='ocr_carea' id='block_1_5' title="bbox 121 1729 1789 3126">
    <p class='ocr_par' dir='ltr' id='par_1_5' title="bbox 133 1729 1784 2057">
     <span class='ocr_line' id='line_1_17' title="bbox 133 1729 1781 1806; baseline 0.001 -18"><span class='ocrx_word' id='word_1_112' title='bbox 133 1729 435 1804; x_wconf 71' lang='lat' dir='ltr'><strong><em>Descriptio</em></strong></span> <span class='ocrx_word' id='word_1_113' title='bbox 461 1734 605 1789; x_wconf 77' lang='lat' dir='ltr'><strong>sitm</strong></span> <span class='ocrx_word' id='word_1_114' title='bbox 639 1732 795 1789; x_wconf 75' lang='lat' dir='ltr'><strong>urbis</strong></span> <span class='ocrx_word' id='word_1_115' title='bbox 838 1733 1477 1806; x_wconf 64' lang='lat' dir='ltr'><strong>Constantinopolitanae.</strong></span> <span class='ocrx_word' id='word_1_116' title='bbox 1528 1734 1654 1789; x_wconf 74' lang='lat' dir='ltr'><strong>Dux</strong></span> <span class='ocrx_word' id='word_1_117' title='bbox 1701 1733 1781 1789; x_wconf 74' lang='lat' dir='ltr'><strong>le-</strong></span> 
     </span>
     <span class='ocr_line' id='line_1_18' title="bbox 194 1801 1780 1878; baseline 0.002 -19"><span class='ocrx_word' id='word_1_118' title='bbox 194 1809 360 1872; x_wconf 78' lang='lat' dir='ltr'><strong>ontos</strong></span> <span class='ocrx_word' id='word_1_119' title='bbox 390 1801 463 1859; x_wconf 75' lang='lat' dir='ltr'><strong>ud</strong></span> <span class='ocrx_word' id='word_1_120' title='bbox 511 1804 901 1876; x_wconf 77' lang='lat' dir='ltr'><strong><em>imperatorem</em></strong></span> <span class='ocrx_word' id='word_1_121' title='bbox 946 1807 1142 1878; x_wconf 72' lang='lat' dir='ltr'><strong>diripit</strong></span> <span class='ocrx_word' id='word_1_122' title='bbox 1159 1823 1182 1871; x_wconf 89' lang='lat'><em>;</em></span> <span class='ocrx_word' id='word_1_123' title='bbox 1217 1807 1488 1862; x_wconf 77' lang='lat' dir='ltr'><strong>exercitus</strong></span> <span class='ocrx_word' id='word_1_124' title='bbox 1534 1812 1719 1862; x_wconf 80' lang='lat' dir='ltr'><strong>noster</strong></span> <span class='ocrx_word' id='word_1_125' title='bbox 1744 1822 1780 1862; x_wconf 83' lang='lat' dir='ltr'><strong>a</strong></span> 
     </span>
     <span class='ocr_line' id='line_1_19' title="bbox 195 1875 1374 1949; baseline 0.001 -19"><span class='ocrx_word' id='word_1_126' title='bbox 195 1875 404 1933; x_wconf 66' lang='lat' dir='ltr'><strong>Graecis</strong></span> <span class='ocrx_word' id='word_1_127' title='bbox 432 1890 512 1932; x_wconf 66' lang='grc' dir='ltr'><strong>εκ</strong></span> <span class='ocrx_word' id='word_1_128' title='bbox 536 1875 831 1949; x_wconf 77' lang='lat' dir='ltr'><strong>improviso</strong></span> <span class='ocrx_word' id='word_1_129' title='bbox 857 1879 1091 1935; x_wconf 75' lang='lat' dir='ltr'><strong>sustinet</strong></span> <span class='ocrx_word' id='word_1_130' title='bbox 1119 1877 1374 1934; x_wconf 77' lang='lat' dir='ltr'><strong><em>incidias.</em></strong></span> 
     </span>
     <span class='ocr_line' id='line_1_20' title="bbox 193 1981 1784 2057; baseline 0.003 -21"><span class='ocrx_word' id='word_1_131' title='bbox 193 1984 357 2039; x_wconf 74' lang='lat' dir='ltr'><strong>liare</strong></span> <span class='ocrx_word' id='word_1_132' title='bbox 386 1981 698 2040; x_wconf 84' lang='lat' dir='ltr'><strong>Ponticum</strong></span> <span class='ocrx_word' id='word_1_133' title='bbox 730 1984 906 2057; x_wconf 89' lang='lat' dir='ltr'><strong>(quod</strong></span> <span class='ocrx_word' id='word_1_134' title='bbox 945 1983 1020 2041; x_wconf 87' lang='lat' dir='ltr'><strong>ab</strong></span> <span class='ocrx_word' id='word_1_135' title='bbox 1057 1985 1360 2057; x_wconf 87' lang='lat' dir='ltr'><strong>adjacente</strong></span> <span class='ocrx_word' id='word_1_136' title='bbox 1399 1984 1634 2056; x_wconf 81' lang='lat' dir='ltr'><strong>regione</strong></span> <span class='ocrx_word' id='word_1_137' title='bbox 1680 1998 1784 2041; x_wconf 91' lang='lat' dir='ltr'><strong>no-</strong></span> 
     </span>
    </p>

    <p class='ocr_par' dir='ltr' id='par_1_6' title="bbox 134 2071 1789 2145">
     <span class='ocr_line' id='line_1_21' title="bbox 134 2071 1789 2145; baseline 0.001 -18"><span class='ocrx_word' id='word_1_138' title='bbox 134 2086 261 2127; x_wconf 88' lang='lat' dir='ltr'><strong>men</strong></span> <span class='ocrx_word' id='word_1_139' title='bbox 290 2071 525 2143; x_wconf 87' lang='lat' dir='ltr'><strong>accepit</strong></span> <span class='ocrx_word' id='word_1_140' title='bbox 553 2071 573 2145; x_wconf 94' lang='lat'>)</span> <span class='ocrx_word' id='word_1_141' title='bbox 602 2073 890 2145; x_wconf 69' lang='lat' dir='ltr'><strong>proedictte</strong></span> <span class='ocrx_word' id='word_1_142' title='bbox 918 2073 1139 2130; x_wconf 83' lang='lat' dir='ltr'><strong>civitati</strong></span> <span class='ocrx_word' id='word_1_143' title='bbox 1172 2090 1206 2129; x_wconf 93' lang='lat' dir='ltr'><strong>a</strong></span> <span class='ocrx_word' id='word_1_144' title='bbox 1233 2077 1398 2145; x_wconf 89' lang='lat' dir='ltr'><strong>parte</strong></span> <span class='ocrx_word' id='word_1_145' title='bbox 1446 2072 1789 2144; x_wconf 85' lang='lat' dir='ltr'><strong>septentrio·</strong></span> 
     </span>
    </p>

    <p class='ocr_par' dir='ltr' id='par_1_7' title="bbox 121 2158 1787 3126">
     <span class='ocr_line' id='line_1_22' title="bbox 130 2158 1785 2232; baseline 0.001 -19"><span class='ocrx_word' id='word_1_146' title='bbox 130 2158 239 2214; x_wconf 87' lang='lat' dir='ltr'><strong>nali</strong></span> <span class='ocrx_word' id='word_1_147' title='bbox 271 2158 542 2229; x_wconf 86' lang='lat' dir='ltr'><strong>positum</strong></span> <span class='ocrx_word' id='word_1_148' title='bbox 573 2163 678 2229; x_wconf 85' lang='lat' dir='ltr'><strong>est,</strong></span> <span class='ocrx_word' id='word_1_149' title='bbox 701 2160 774 2216; x_wconf 89' lang='lat' dir='ltr'><strong>ab</strong></span> <span class='ocrx_word' id='word_1_150' title='bbox 804 2160 1008 2217; x_wconf 88' lang='lat' dir='ltr'><strong>eadem</strong></span> <span class='ocrx_word' id='word_1_151' title='bbox 1038 2160 1275 2232; x_wconf 86' lang='lat' dir='ltr'><strong>triginta</strong></span> <span class='ocrx_word' id='word_1_152' title='bbox 1304 2160 1529 2216; x_wconf 84' lang='lat' dir='ltr'><strong>distans</strong></span> <span class='ocrx_word' id='word_1_153' title='bbox 1576 2158 1785 2215; x_wconf 89' lang='lat' dir='ltr'><strong>millia-</strong></span> 
     </span>
     <span class='ocr_line' id='line_1_23' title="bbox 131 2247 1787 2321; baseline 0 -18"><span class='ocrx_word' id='word_1_154' title='bbox 131 2247 313 2317; x_wconf 89' lang='lat' dir='ltr'><strong>ribus,</strong></span> <span class='ocrx_word' id='word_1_155' title='bbox 336 2264 372 2304; x_wconf 87' lang='lat' dir='ltr'><strong>a</strong></span> <span class='ocrx_word' id='word_1_156' title='bbox 393 2264 516 2321; x_wconf 90' lang='lat' dir='ltr'><strong>quo</strong></span> <span class='ocrx_word' id='word_1_157' title='bbox 535 2247 598 2305; x_wconf 86' lang='lat' dir='ltr'><strong>ln</strong></span> <span class='ocrx_word' id='word_1_158' title='bbox 646 2249 885 2307; x_wconf 90' lang='lat' dir='ltr'><strong>modum</strong></span> <span class='ocrx_word' id='word_1_159' title='bbox 932 2249 1217 2318; x_wconf 83' lang='lat' dir='ltr'><strong>fluminis,</strong></span> <span class='ocrx_word' id='word_1_160' title='bbox 1250 2264 1354 2321; x_wconf 89' lang='lat' dir='ltr'><strong>per</strong></span> <span class='ocrx_word' id='word_1_161' title='bbox 1386 2248 1669 2321; x_wconf 85' lang='lat' dir='ltr'><strong>quasdam</strong></span> <span class='ocrx_word' id='word_1_162' title='bbox 1689 2264 1787 2304; x_wconf 88' lang='lat' dir='ltr'><strong>an-</strong></span> 
     </span>
     <span class='ocr_line' id='line_1_24' title="bbox 128 2336 1782 2411; baseline 0.001 -18"><span class='ocrx_word' id='word_1_163' title='bbox 128 2336 357 2409; x_wconf 83' lang='lat' dir='ltr'><strong>gustias</strong></span> <span class='ocrx_word' id='word_1_164' title='bbox 385 2338 453 2395; x_wconf 87' lang='lat' dir='ltr'><strong>in</strong></span> <span class='ocrx_word' id='word_1_165' title='bbox 484 2341 746 2395; x_wconf 87' lang='lat' dir='ltr'><strong>austrum</strong></span> <span class='ocrx_word' id='word_1_166' title='bbox 777 2337 1075 2396; x_wconf 89' lang='lat' dir='ltr'><strong>descendit</strong></span> <span class='ocrx_word' id='word_1_167' title='bbox 1105 2339 1373 2411; x_wconf 68' lang='lat' dir='ltr'><strong>quaedam</strong></span> <span class='ocrx_word' id='word_1_168' title='bbox 1404 2339 1532 2409; x_wconf 85' lang='lat' dir='ltr'><strong>ejus</strong></span> <span class='ocrx_word' id='word_1_169' title='bbox 1576 2337 1782 2409; x_wconf 88' lang='lat' dir='ltr'><strong>portio,</strong></span> 
     </span>
     <span class='ocr_line' id='line_1_25' title="bbox 129 2426 1785 2501; baseline -0.001 -17"><span class='ocrx_word' id='word_1_170' title='bbox 129 2444 243 2498; x_wconf 79' lang='lat' dir='ltr'><strong>quoe</strong></span> <span class='ocrx_word' id='word_1_171' title='bbox 258 2426 461 2499; x_wconf 85' lang='lat' dir='ltr'><strong>spatio</strong></span> <span class='ocrx_word' id='word_1_172' title='bbox 477 2427 863 2485; x_wconf 86' lang='lat' dir='ltr'><strong>ducentorum</strong></span> <span class='ocrx_word' id='word_1_173' title='bbox 881 2428 1126 2501; x_wconf 87' lang='lat' dir='ltr'><strong>triginta</strong></span> <span class='ocrx_word' id='word_1_174' title='bbox 1138 2427 1453 2485; x_wconf 88' lang='lat' dir='ltr'><strong>milliarum</strong></span> <span class='ocrx_word' id='word_1_175' title='bbox 1470 2427 1785 2484; x_wconf 72' lang='lat' dir='ltr'><strong>decurrens</strong></span> 
     </span>
     <span class='ocr_line' id='line_1_26' title="bbox 127 2514 1786 2588; baseline 0.002 -19"><span class='ocrx_word' id='word_1_176' title='bbox 127 2515 173 2570; x_wconf 90' lang='lat' dir='ltr'><strong>in</strong></span> <span class='ocrx_word' id='word_1_177' title='bbox 193 2514 501 2572; x_wconf 85' lang='lat' dir='ltr'><strong>directum</strong></span> <span class='ocrx_word' id='word_1_178' title='bbox 530 2514 685 2573; x_wconf 90' lang='lat' dir='ltr'><strong>inter</strong></span> <span class='ocrx_word' id='word_1_179' title='bbox 712 2516 916 2573; x_wconf 85' lang='lat' dir='ltr'><strong>Seston</strong></span> <span class='ocrx_word' id='word_1_180' title='bbox 945 2519 1004 2573; x_wconf 88' lang='lat' dir='ltr'><strong>et</strong></span> <span class='ocrx_word' id='word_1_181' title='bbox 1029 2515 1255 2573; x_wconf 87' lang='lat' dir='ltr'><strong>Abidon</strong></span> <span class='ocrx_word' id='word_1_182' title='bbox 1283 2517 1457 2573; x_wconf 89' lang='lat' dir='ltr'><strong>urbes</strong></span> <span class='ocrx_word' id='word_1_183' title='bbox 1504 2515 1786 2588; x_wconf 87' lang='lat' dir='ltr'><strong>antiquis·</strong></span> 
     </span>
     <span class='ocr_line' id='line_1_27' title="bbox 127 2604 1781 2679; baseline 0 -19"><span class='ocrx_word' id='word_1_184' title='bbox 127 2604 331 2674; x_wconf 83' lang='lat' dir='ltr'><strong>simas,</strong></span> <span class='ocrx_word' id='word_1_185' title='bbox 365 2621 623 2678; x_wconf 87' lang='lat' dir='ltr'><strong>quarum</strong></span> <span class='ocrx_word' id='word_1_186' title='bbox 649 2605 836 2664; x_wconf 89' lang='lat' dir='ltr'><strong>altera</strong></span> <span class='ocrx_word' id='word_1_187' title='bbox 862 2604 924 2662; x_wconf 86' lang='lat' dir='ltr'><strong>iu</strong></span> <span class='ocrx_word' id='word_1_188' title='bbox 948 2606 1181 2679; x_wconf 79' lang='lat' dir='ltr'><strong>Europa</strong></span> <span class='ocrx_word' id='word_1_189' title='bbox 1207 2610 1318 2676; x_wconf 88' lang='lat' dir='ltr'><strong>est,</strong></span> <span class='ocrx_word' id='word_1_190' title='bbox 1338 2605 1521 2663; x_wconf 89' lang='lat' dir='ltr'><strong>altera</strong></span> <span class='ocrx_word' id='word_1_191' title='bbox 1543 2606 1602 2662; x_wconf 92' lang='lat' dir='ltr'><strong>in</strong></span> <span class='ocrx_word' id='word_1_192' title='bbox 1625 2605 1781 2677; x_wconf 81' lang='lat' dir='ltr'><strong>Asia,</strong></span> 
     </span>
     <span class='ocr_line' id='line_1_28' title="bbox 121 2694 1783 2761; baseline 0.003 -14"><span class='ocrx_word' id='word_1_193' title='bbox 121 2694 170 2750; x_wconf 84' lang='lat' dir='ltr'><strong>in</strong></span> <span class='ocrx_word' id='word_1_194' title='bbox 199 2700 490 2752; x_wconf 79' lang='lat' dir='ltr'><strong>nostrum</strong></span> <span class='ocrx_word' id='word_1_195' title='bbox 521 2710 684 2751; x_wconf 90' lang='lat' dir='ltr'><strong>mare</strong></span> <span class='ocrx_word' id='word_1_196' title='bbox 714 2694 936 2752; x_wconf 89' lang='lat' dir='ltr'><strong>labitur</strong></span> <span class='ocrx_word' id='word_1_197' title='bbox 966 2694 1471 2752; x_wconf 75' lang='lat' dir='ltr'><strong>Mediterraneum.</strong></span> <span class='ocrx_word' id='word_1_198' title='bbox 1523 2696 1660 2761; x_wconf 75' lang='lat' dir='ltr'><strong>Quoe</strong></span> <span class='ocrx_word' id='word_1_199' title='bbox 1696 2694 1783 2752; x_wconf 92' lang='lat' dir='ltr'><strong>in-</strong></span> 
     </span>
     <span class='ocr_line' id='line_1_29' title="bbox 123 2783 1784 2857; baseline 0.001 -17"><span class='ocrx_word' id='word_1_200' title='bbox 123 2785 296 2841; x_wconf 80' lang='lat' dir='ltr'><strong>fluxio</strong></span> <span class='ocrx_word' id='word_1_201' title='bbox 330 2800 368 2840; x_wconf 91' lang='lat' dir='ltr'><strong>a</strong></span> <span class='ocrx_word' id='word_1_202' title='bbox 400 2783 676 2857; x_wconf 66' lang='lat' dir='ltr'><strong>praedicto</strong></span> <span class='ocrx_word' id='word_1_203' title='bbox 699 2785 844 2842; x_wconf 91' lang='lat' dir='ltr'><strong>mari</strong></span> <span class='ocrx_word' id='word_1_204' title='bbox 873 2785 1526 2857; x_wconf 81' lang='lat' dir='ltr'><strong>transfusa‚postquam</strong></span> <span class='ocrx_word' id='word_1_205' title='bbox 1551 2784 1784 2855; x_wconf 83' lang='lat' dir='ltr'><strong>triginta</strong></span> 
     </span>
     <span class='ocr_line' id='line_1_30' title="bbox 124 2873 1781 2946; baseline -0.001 -16"><span class='ocrx_word' id='word_1_206' title='bbox 124 2873 420 2930; x_wconf 85' lang='lat' dir='ltr'><strong>milliariis</strong></span> <span class='ocrx_word' id='word_1_207' title='bbox 447 2890 484 2931; x_wconf 85' lang='lat' dir='ltr'><strong>a</strong></span> <span class='ocrx_word' id='word_1_208' title='bbox 511 2873 719 2946; x_wconf 88' lang='lat' dir='ltr'><strong>primis</strong></span> <span class='ocrx_word' id='word_1_209' title='bbox 749 2873 1038 2944; x_wconf 76' lang='lat' dir='ltr'><strong>saucibus,</strong></span> <span class='ocrx_word' id='word_1_210' title='bbox 1067 2874 1222 2930; x_wconf 90' lang='lat' dir='ltr'><strong>unde</strong></span> <span class='ocrx_word' id='word_1_211' title='bbox 1252 2873 1427 2930; x_wconf 88' lang='lat' dir='ltr'><strong>habet</strong></span> <span class='ocrx_word' id='word_1_212' title='bbox 1455 2873 1781 2942; x_wconf 89' lang='lat' dir='ltr'><strong>introitum,</strong></span> 
     </span>
     <span class='ocr_line' id='line_1_31' title="bbox 123 2962 1780 3034; baseline -0.001 -13"><span class='ocrx_word' id='word_1_213' title='bbox 123 2963 409 3021; x_wconf 84' lang='lat' dir='ltr'><strong>continuo</strong></span> <span class='ocrx_word' id='word_1_214' title='bbox 445 2966 632 3022; x_wconf 88' lang='lat' dir='ltr'><strong>tractu</strong></span> <span class='ocrx_word' id='word_1_215' title='bbox 673 2963 994 3034; x_wconf 86' lang='lat' dir='ltr'><strong>descendit,</strong></span> <span class='ocrx_word' id='word_1_216' title='bbox 1040 2963 1239 3021; x_wconf 89' lang='lat' dir='ltr'><strong>sinum</strong></span> <span class='ocrx_word' id='word_1_217' title='bbox 1270 2962 1406 3020; x_wconf 82' lang='lat' dir='ltr'><strong>facit</strong></span> <span class='ocrx_word' id='word_1_218' title='bbox 1453 2963 1512 3020; x_wconf 91' lang='lat' dir='ltr'><strong>in</strong></span> <span class='ocrx_word' id='word_1_219' title='bbox 1563 2967 1780 3034; x_wconf 88' lang='lat' dir='ltr'><strong>partem</strong></span> 
     </span>
     <span class='ocr_line' id='line_1_32' title="bbox 124 3051 1781 3126; baseline -0.001 -16"><span class='ocrx_word' id='word_1_220' title='bbox 124 3051 578 3122; x_wconf 87' lang='lat' dir='ltr'><strong>occidentalem,</strong></span> <span class='ocrx_word' id='word_1_221' title='bbox 610 3054 782 3125; x_wconf 83' lang='lat' dir='ltr'><strong>cujus</strong></span> <span class='ocrx_word' id='word_1_222' title='bbox 812 3053 1108 3126; x_wconf 82' lang='lat' dir='ltr'><strong><em>longitudo</em></strong></span> <span class='ocrx_word' id='word_1_223' title='bbox 1138 3060 1223 3111; x_wconf 89' lang='lat' dir='ltr'><strong>est</strong></span> <span class='ocrx_word' id='word_1_224' title='bbox 1254 3055 1325 3110; x_wconf 90' lang='lat' dir='ltr'><strong>ad</strong></span> <span class='ocrx_word' id='word_1_225' title='bbox 1374 3053 1560 3110; x_wconf 86' lang='lat' dir='ltr'><strong>millia</strong></span> <span class='ocrx_word' id='word_1_226' title='bbox 1605 3052 1781 3125; x_wconf 91' lang='lat' dir='ltr'><strong>quin-</strong></span> 
     </span>
    </p>
   </div>
   <div class='ocr_carea' id='block_1_6' title="bbox 1886 459 3554 3121">
    <p class='ocr_par' dir='ltr' id='par_1_8' title="bbox 1886 459 3554 3121">
     <span class='ocr_line' id='line_1_33' title="bbox 1896 459 3553 540; baseline 0.009 -27"><span class='ocrx_word' id='word_1_227' title='bbox 1896 459 2070 514; x_wconf 86' lang='lat' dir='ltr'><strong>Sinus</strong></span> <span class='ocrx_word' id='word_1_228' title='bbox 2089 464 2283 517; x_wconf 88' lang='lat' dir='ltr'><strong>autem</strong></span> <span class='ocrx_word' id='word_1_229' title='bbox 2324 460 2637 531; x_wconf 70' lang='lat' dir='ltr'><strong>predictus</strong></span> <span class='ocrx_word' id='word_1_230' title='bbox 2668 463 2937 528; x_wconf 89' lang='lat' dir='ltr'><strong>tendens,</strong></span> <span class='ocrx_word' id='word_1_231' title='bbox 2964 472 3028 523; x_wconf 90' lang='lat' dir='ltr'><strong>nt</strong></span> <span class='ocrx_word' id='word_1_232' title='bbox 3048 469 3461 540; x_wconf 69' lang='lat' dir='ltr'><strong>premisimus,</strong></span> <span class='ocrx_word' id='word_1_233' title='bbox 3492 472 3553 528; x_wconf 94' lang='lat' dir='ltr'><strong>in</strong></span> 
     </span>
     <span class='ocr_line' id='line_1_34' title="bbox 1899 546 3548 628; baseline 0.007 -24"><span class='ocrx_word' id='word_1_234' title='bbox 1899 546 2294 619; x_wconf 78' lang='lat' dir='ltr'><strong>Occidentem,</strong></span> <span class='ocrx_word' id='word_1_235' title='bbox 2326 554 2529 621; x_wconf 89' lang='lat' dir='ltr'><strong>portus</strong></span> <span class='ocrx_word' id='word_1_236' title='bbox 2559 553 2648 606; x_wconf 89' lang='lat' dir='ltr'><strong>est</strong></span> <span class='ocrx_word' id='word_1_237' title='bbox 2676 550 2828 608; x_wconf 87' lang='lat' dir='ltr'><strong>inter</strong></span> <span class='ocrx_word' id='word_1_238' title='bbox 2854 569 2955 612; x_wconf 89' lang='lat' dir='ltr'><strong>eos</strong></span> <span class='ocrx_word' id='word_1_239' title='bbox 2985 573 3134 628; x_wconf 90' lang='lat' dir='ltr'><strong>quos</strong></span> <span class='ocrx_word' id='word_1_240' title='bbox 3165 558 3326 616; x_wconf 84' lang='lat' dir='ltr'><strong>orbis</strong></span> <span class='ocrx_word' id='word_1_241' title='bbox 3352 559 3548 628; x_wconf 86' lang='lat' dir='ltr'><strong>habet,</strong></span> 
     </span>
     <span class='ocr_line' id='line_1_35' title="bbox 1896 636 3549 721; baseline 0.01 -29"><span class='ocrx_word' id='word_1_242' title='bbox 1896 636 2206 694; x_wconf 89' lang='lat' dir='ltr'><strong>commoda</strong></span> <span class='ocrx_word' id='word_1_243' title='bbox 2217 637 2467 694; x_wconf 87' lang='lat' dir='ltr'><strong>statione</strong></span> <span class='ocrx_word' id='word_1_244' title='bbox 2482 639 2907 701; x_wconf 79' lang='lat' dir='ltr'><strong>famosissimus</strong></span> <span class='ocrx_word' id='word_1_245' title='bbox 2932 660 2946 700; x_wconf 90' lang='lat'>:</span> <span class='ocrx_word' id='word_1_246' title='bbox 2977 646 3126 703; x_wconf 75' lang='lat' dir='ltr'><strong>inira</strong></span> <span class='ocrx_word' id='word_1_247' title='bbox 3140 664 3317 721; x_wconf 90' lang='lat' dir='ltr'><strong>quem</strong></span> <span class='ocrx_word' id='word_1_248' title='bbox 3335 659 3391 706; x_wconf 86' lang='lat' dir='ltr'><strong>et</strong></span> <span class='ocrx_word' id='word_1_249' title='bbox 3406 650 3549 708; x_wconf 88' lang='lat' dir='ltr'><strong>Bos-</strong></span> 
     </span>
     <span class='ocr_line' id='line_1_36' title="bbox 1896 725 3545 808; baseline 0.009 -27"><span class='ocrx_word' id='word_1_250' title='bbox 1896 725 2168 797; x_wconf 89' lang='lat' dir='ltr'><strong>phorum,</strong></span> <span class='ocrx_word' id='word_1_251' title='bbox 2195 726 2254 782; x_wconf 92' lang='lat' dir='ltr'><strong>in</strong></span> <span class='ocrx_word' id='word_1_252' title='bbox 2284 725 2494 798; x_wconf 88' lang='lat' dir='ltr'><strong>angulo</strong></span> <span class='ocrx_word' id='word_1_253' title='bbox 2524 727 2802 801; x_wconf 89' lang='lat' dir='ltr'><strong>quodam,</strong></span> <span class='ocrx_word' id='word_1_254' title='bbox 2835 733 2949 789; x_wconf 84' lang='lat' dir='ltr'><strong>sita</strong></span> <span class='ocrx_word' id='word_1_255' title='bbox 2976 739 3067 792; x_wconf 86' lang='lat' dir='ltr'><strong>est</strong></span> <span class='ocrx_word' id='word_1_256' title='bbox 3096 736 3371 808; x_wconf 80' lang='lat' dir='ltr'><strong>praedicta</strong></span> <span class='ocrx_word' id='word_1_257' title='bbox 3400 738 3545 796; x_wconf 83' lang='lat' dir='ltr'><strong>civi-</strong></span> 
     </span>
     <span class='ocr_line' id='line_1_37' title="bbox 1892 815 3552 895; baseline 0.011 -27"><span class='ocrx_word' id='word_1_258' title='bbox 1892 818 2007 883; x_wconf 86' lang='lat' dir='ltr'><strong>tas,</strong></span> <span class='ocrx_word' id='word_1_259' title='bbox 2040 815 2177 870; x_wconf 91' lang='lat' dir='ltr'><strong>olim</strong></span> <span class='ocrx_word' id='word_1_260' title='bbox 2210 815 2366 872; x_wconf 89' lang='lat' dir='ltr'><strong>dicta</strong></span> <span class='ocrx_word' id='word_1_261' title='bbox 2397 815 2732 888; x_wconf 77' lang='lat' dir='ltr'><strong>Byzantium</strong></span> <span class='ocrx_word' id='word_1_262' title='bbox 2760 836 2775 875; x_wconf 74' lang='grc' dir='ltr'><strong><em>ε</em></strong></span> <span class='ocrx_word' id='word_1_263' title='bbox 2806 819 2970 879; x_wconf 90' lang='lat' dir='ltr'><strong>locus</strong></span> <span class='ocrx_word' id='word_1_264' title='bbox 3003 823 3301 895; x_wconf 89' lang='lat' dir='ltr'><strong>ignobilis,</strong></span> <span class='ocrx_word' id='word_1_265' title='bbox 3333 827 3552 886; x_wconf 90' lang='lat' dir='ltr'><strong>etinter</strong></span> 
     </span>
     <span class='ocr_line' id='line_1_38' title="bbox 1893 903 3554 990; baseline 0.009 -31"><span class='ocrx_word' id='word_1_266' title='bbox 1893 903 2275 960; x_wconf 76' lang='lat' dir='ltr'><strong>Thraciarum</strong></span> <span class='ocrx_word' id='word_1_267' title='bbox 2309 905 2483 962; x_wconf 90' lang='lat' dir='ltr'><strong>urbes</strong></span> <span class='ocrx_word' id='word_1_268' title='bbox 2513 908 2680 978; x_wconf 88' lang='lat' dir='ltr'><strong>quasi</strong></span> <span class='ocrx_word' id='word_1_269' title='bbox 2715 910 3036 969; x_wconf 91' lang='lat' dir='ltr'><strong>novissima</strong></span> <span class='ocrx_word' id='word_1_270' title='bbox 3065 930 3081 982; x_wconf 76' lang='grc' dir='ltr'>ς</span> <span class='ocrx_word' id='word_1_271' title='bbox 3111 930 3267 972; x_wconf 89' lang='lat' dir='ltr'><strong>nnnc</strong></span> <span class='ocrx_word' id='word_1_272' title='bbox 3299 918 3554 990; x_wconf 85' lang='lat' dir='ltr'><strong>amplia-</strong></span> 
     </span>
     <span class='ocr_line' id='line_1_39' title="bbox 1892 990 3549 1078; baseline 0.011 -32"><span class='ocrx_word' id='word_1_273' title='bbox 1892 990 2039 1047; x_wconf 87' lang='lat' dir='ltr'><strong>toris</strong></span> <span class='ocrx_word' id='word_1_274' title='bbox 2069 991 2311 1064; x_wconf 75' lang='lat' dir='ltr'><strong>Augusti</strong></span> <span class='ocrx_word' id='word_1_275' title='bbox 2342 992 2598 1052; x_wconf 78' lang='lat' dir='ltr'><strong>feliciore</strong></span> <span class='ocrx_word' id='word_1_276' title='bbox 2627 996 2907 1069; x_wconf 87' lang='lat' dir='ltr'><strong>insignita</strong></span> <span class='ocrx_word' id='word_1_277' title='bbox 2936 1003 3239 1074; x_wconf 82' lang='lat' dir='ltr'><strong>vocabulo,</strong></span> <span class='ocrx_word' id='word_1_278' title='bbox 3272 1005 3549 1078; x_wconf 84' lang='lat' dir='ltr'><strong>princeps</strong></span> 
     </span>
     <span class='ocr_line' id='line_1_40' title="bbox 1893 1079 3547 1161; baseline 0.01 -26"><span class='ocrx_word' id='word_1_279' title='bbox 1893 1079 2320 1151; x_wconf 88' lang='lat' dir='ltr'><strong>provinciarum</strong></span> <span class='ocrx_word' id='word_1_280' title='bbox 2354 1081 2506 1140; x_wconf 78' lang='lat' dir='ltr'><strong>facta</strong></span> <span class='ocrx_word' id='word_1_281' title='bbox 2532 1088 2638 1152; x_wconf 77' lang='lat' dir='ltr'><strong>est,</strong></span> <span class='ocrx_word' id='word_1_282' title='bbox 2671 1090 2728 1142; x_wconf 86' lang='lat' dir='ltr'><strong>et</strong></span> <span class='ocrx_word' id='word_1_283' title='bbox 2757 1086 2984 1161; x_wconf 89' lang='lat' dir='ltr'><strong>imperii</strong></span> <span class='ocrx_word' id='word_1_284' title='bbox 3027 1091 3315 1149; x_wconf 73' lang='lat' dir='ltr'><strong>familiare</strong></span> <span class='ocrx_word' id='word_1_285' title='bbox 3351 1094 3547 1151; x_wconf 86' lang='lat' dir='ltr'><strong>domi-</strong></span> 
     </span>
     <span class='ocr_line' id='line_1_41' title="bbox 1892 1167 3548 1256; baseline 0.011 -31"><span class='ocrx_word' id='word_1_286' title='bbox 1892 1167 2134 1226; x_wconf 90' lang='lat' dir='ltr'><strong>cilium:</strong></span> <span class='ocrx_word' id='word_1_287' title='bbox 2175 1171 2369 1228; x_wconf 83' lang='lat' dir='ltr'><strong>Romoe</strong></span> <span class='ocrx_word' id='word_1_288' title='bbox 2402 1174 2645 1232; x_wconf 87' lang='lat' dir='ltr'><strong>senioris</strong></span> <span class='ocrx_word' id='word_1_289' title='bbox 2669 1184 2721 1232; x_wconf 90' lang='lat' dir='ltr'><strong>et</strong></span> <span class='ocrx_word' id='word_1_290' title='bbox 2753 1193 2966 1236; x_wconf 90' lang='lat' dir='ltr'><strong>nomen</strong></span> <span class='ocrx_word' id='word_1_291' title='bbox 3008 1180 3300 1256; x_wconf 89' lang='lat' dir='ltr'><strong>invidens,</strong></span> <span class='ocrx_word' id='word_1_292' title='bbox 3343 1187 3400 1242; x_wconf 88' lang='lat' dir='ltr'><strong>et</strong></span> <span class='ocrx_word' id='word_1_293' title='bbox 3451 1185 3548 1242; x_wconf 87' lang='lat' dir='ltr'><strong>di-</strong></span> 
     </span>
     <span class='ocr_line' id='line_1_42' title="bbox 1890 1258 3539 1344; baseline 0.012 -31"><span class='ocrx_word' id='word_1_294' title='bbox 1890 1258 2135 1330; x_wconf 87' lang='lat' dir='ltr'><strong>gnitatis</strong></span> <span class='ocrx_word' id='word_1_295' title='bbox 2182 1263 2637 1335; x_wconf 67' lang='lat' dir='ltr'><strong>prerogativam.</strong></span> <span class='ocrx_word' id='word_1_296' title='bbox 2689 1267 2726 1321; x_wconf 79' lang='lat' dir='ltr'><strong>A</strong></span> <span class='ocrx_word' id='word_1_297' title='bbox 2777 1268 3065 1327; x_wconf 87' lang='lat' dir='ltr'><strong>Pausania</strong></span> <span class='ocrx_word' id='word_1_298' title='bbox 3114 1274 3539 1344; x_wconf 82' lang='lat' dir='ltr'><strong>Spartiatarum</strong></span> 
     </span>
     <span class='ocr_line' id='line_1_43' title="bbox 1890 1349 3545 1429; baseline 0.011 -25"><span class='ocrx_word' id='word_1_299' title='bbox 1890 1364 2022 1417; x_wconf 86' lang='lat' dir='ltr'><strong>rege</strong></span> <span class='ocrx_word' id='word_1_300' title='bbox 2054 1349 2215 1422; x_wconf 91' lang='lat' dir='ltr'><strong>prius</strong></span> <span class='ocrx_word' id='word_1_301' title='bbox 2258 1351 2508 1420; x_wconf 83' lang='lat' dir='ltr'><strong>condita,</strong></span> <span class='ocrx_word' id='word_1_302' title='bbox 2552 1353 2725 1425; x_wconf 86' lang='lat' dir='ltr'><strong>juxta</strong></span> <span class='ocrx_word' id='word_1_303' title='bbox 2753 1355 2810 1412; x_wconf 92' lang='lat' dir='ltr'><strong>id</strong></span> <span class='ocrx_word' id='word_1_304' title='bbox 2861 1361 3016 1429; x_wconf 90' lang='lat' dir='ltr'><strong>quod</strong></span> <span class='ocrx_word' id='word_1_305' title='bbox 3064 1359 3125 1416; x_wconf 89' lang='lat' dir='ltr'><strong>in</strong></span> <span class='ocrx_word' id='word_1_306' title='bbox 3173 1362 3348 1420; x_wconf 89' lang='lat' dir='ltr'><strong>tertio</strong></span> <span class='ocrx_word' id='word_1_307' title='bbox 3391 1362 3545 1422; x_wconf 90' lang='lat' dir='ltr'><strong>libro</strong></span> 
     </span>
     <span class='ocr_line' id='line_1_44' title="bbox 1889 1436 3546 1526; baseline 0.011 -34"><span class='ocrx_word' id='word_1_308' title='bbox 1889 1436 2054 1493; x_wconf 90' lang='lat' dir='ltr'><strong>Pauli</strong></span> <span class='ocrx_word' id='word_1_309' title='bbox 2085 1436 2274 1495; x_wconf 88' lang='lat' dir='ltr'><strong>Orosii</strong></span> <span class='ocrx_word' id='word_1_310' title='bbox 2305 1441 2651 1512; x_wconf 77' lang='lat' dir='ltr'><strong>continetur,</strong></span> <span class='ocrx_word' id='word_1_311' title='bbox 2682 1443 2933 1504; x_wconf 78' lang='lat' dir='ltr'><strong>formam</strong></span> <span class='ocrx_word' id='word_1_312' title='bbox 2962 1447 3187 1506; x_wconf 88' lang='lat' dir='ltr'><strong>habens</strong></span> <span class='ocrx_word' id='word_1_313' title='bbox 3235 1450 3546 1526; x_wconf 72' lang='lat' dir='ltr'><strong>trianguli,</strong></span> 
     </span>
     <span class='ocr_line' id='line_1_45' title="bbox 1889 1526 3542 1609; baseline 0.009 -27"><span class='ocrx_word' id='word_1_314' title='bbox 1889 1526 2066 1583; x_wconf 90' lang='lat' dir='ltr'><strong>trium</strong></span> <span class='ocrx_word' id='word_1_315' title='bbox 2099 1527 2482 1603; x_wconf 78' lang='lat' dir='ltr'><strong>inaequalium</strong></span> <span class='ocrx_word' id='word_1_316' title='bbox 2512 1529 2785 1602; x_wconf 89' lang='lat' dir='ltr'><strong>laterum,</strong></span> <span class='ocrx_word' id='word_1_317' title='bbox 2817 1535 2989 1607; x_wconf 86' lang='lat' dir='ltr'><strong>cujus</strong></span> <span class='ocrx_word' id='word_1_318' title='bbox 3011 1539 3267 1609; x_wconf 89' lang='lat' dir='ltr'><strong>primum</strong></span> <span class='ocrx_word' id='word_1_319' title='bbox 3289 1539 3446 1599; x_wconf 87' lang='lat' dir='ltr'><strong>latus</strong></span> <span class='ocrx_word' id='word_1_320' title='bbox 3468 1541 3542 1599; x_wconf 85' lang='lat' dir='ltr'><strong>ab</strong></span> 
     </span>
     <span class='ocr_line' id='line_1_46' title="bbox 1887 1617 3551 1698; baseline 0.01 -26"><span class='ocrx_word' id='word_1_321' title='bbox 1887 1631 1955 1673; x_wconf 90' lang='lat' dir='ltr'><strong>eo</strong></span> <span class='ocrx_word' id='word_1_322' title='bbox 1986 1617 2223 1690; x_wconf 87' lang='lat' dir='ltr'><strong>angulo,</strong></span> <span class='ocrx_word' id='word_1_323' title='bbox 2256 1620 2355 1692; x_wconf 86' lang='lat' dir='ltr'><strong>qui</strong></span> <span class='ocrx_word' id='word_1_324' title='bbox 2387 1619 2540 1677; x_wconf 90' lang='lat' dir='ltr'><strong>inter</strong></span> <span class='ocrx_word' id='word_1_325' title='bbox 2559 1626 2790 1692; x_wconf 88' lang='lat' dir='ltr'><strong>portum</strong></span> <span class='ocrx_word' id='word_1_326' title='bbox 2816 1623 3258 1698; x_wconf 82' lang='lat' dir='ltr'><strong>Hellespontum</strong></span> <span class='ocrx_word' id='word_1_327' title='bbox 3282 1630 3551 1688; x_wconf 90' lang='lat' dir='ltr'><strong>contine·</strong></span> 
     </span>
     <span class='ocr_line' id='line_1_47' title="bbox 1886 1706 3543 1790; baseline 0.011 -30"><span class='ocrx_word' id='word_1_328' title='bbox 1886 1708 2000 1773; x_wconf 90' lang='lat' dir='ltr'><strong>tur,</strong></span> <span class='ocrx_word' id='word_1_329' title='bbox 2035 1706 2135 1762; x_wconf 92' lang='lat' dir='ltr'><strong>ubi</strong></span> <span class='ocrx_word' id='word_1_330' title='bbox 2183 1713 2271 1763; x_wconf 88' lang='lat' dir='ltr'><strong>est</strong></span> <span class='ocrx_word' id='word_1_331' title='bbox 2325 1708 2566 1765; x_wconf 89' lang='lat' dir='ltr'><strong>ecclesia</strong></span> <span class='ocrx_word' id='word_1_332' title='bbox 2604 1710 2797 1769; x_wconf 78' lang='lat' dir='ltr'><strong>Sancti</strong></span> <span class='ocrx_word' id='word_1_333' title='bbox 2849 1712 3103 1788; x_wconf 86' lang='lat' dir='ltr'><strong>Georgii,</strong></span> <span class='ocrx_word' id='word_1_334' title='bbox 3151 1734 3282 1790; x_wconf 80' lang='lat' dir='ltr'><strong>quae</strong></span> <span class='ocrx_word' id='word_1_335' title='bbox 3330 1720 3543 1778; x_wconf 81' lang='lat' dir='ltr'><strong>dicitur</strong></span> 
     </span>
     <span class='ocr_line' id='line_1_48' title="bbox 1890 1795 3543 1871; baseline 0.011 -23"><span class='ocrx_word' id='word_1_336' title='bbox 1890 1795 2185 1867; x_wconf 67' lang='lat' dir='ltr'><strong>Honorino,</strong></span> <span class='ocrx_word' id='word_1_337' title='bbox 2216 1812 2402 1870; x_wconf 86' lang='lat' dir='ltr'><strong>usqne</strong></span> <span class='ocrx_word' id='word_1_338' title='bbox 2441 1799 2511 1856; x_wconf 85' lang='lat' dir='ltr'><strong>ad</strong></span> <span class='ocrx_word' id='word_1_339' title='bbox 2558 1799 2842 1871; x_wconf 91' lang='lat' dir='ltr'><strong>palatium</strong></span> <span class='ocrx_word' id='word_1_340' title='bbox 2891 1820 3125 1868; x_wconf 88' lang='lat' dir='ltr'><strong>novum.</strong></span> <span class='ocrx_word' id='word_1_341' title='bbox 3175 1808 3268 1866; x_wconf 90' lang='lat' dir='ltr'><strong>cui</strong></span> <span class='ocrx_word' id='word_1_342' title='bbox 3330 1824 3543 1867; x_wconf 90' lang='lat' dir='ltr'><strong>nomen</strong></span> 
     </span>
     <span class='ocr_line' id='line_1_49' title="bbox 1893 1881 3547 1966; baseline 0.011 -29"><span class='ocrx_word' id='word_1_343' title='bbox 1893 1881 2272 1954; x_wconf 89' lang='lat' dir='ltr'><strong>Blaquernas,</strong></span> <span class='ocrx_word' id='word_1_344' title='bbox 2295 1901 2467 1942; x_wconf 87' lang='lat' dir='ltr'><strong>secus</strong></span> <span class='ocrx_word' id='word_1_345' title='bbox 2489 1893 2716 1959; x_wconf 88' lang='lat' dir='ltr'><strong>portum</strong></span> <span class='ocrx_word' id='word_1_346' title='bbox 2741 1889 2957 1947; x_wconf 89' lang='lat' dir='ltr'><strong>directe</strong></span> <span class='ocrx_word' id='word_1_347' title='bbox 2979 1896 3344 1964; x_wconf 88' lang='lat' dir='ltr'><strong>protenditur</strong></span> <span class='ocrx_word' id='word_1_348' title='bbox 3365 1916 3381 1966; x_wconf 75' lang='grc' dir='ltr'>ς</span> <span class='ocrx_word' id='word_1_349' title='bbox 3405 1898 3547 1954; x_wconf 88' lang='lat' dir='ltr'><strong>alte-</strong></span> 
     </span>
     <span class='ocr_line' id='line_1_50' title="bbox 1891 1973 3542 2058; baseline 0.01 -32"><span class='ocrx_word' id='word_1_350' title='bbox 1891 1988 2026 2027; x_wconf 91' lang='lat' dir='ltr'><strong>rum</strong></span> <span class='ocrx_word' id='word_1_351' title='bbox 2042 1988 2172 2030; x_wconf 81' lang='lat' dir='ltr'><strong>vero</strong></span> <span class='ocrx_word' id='word_1_352' title='bbox 2189 1973 2261 2029; x_wconf 88' lang='lat' dir='ltr'><strong>ab</strong></span> <span class='ocrx_word' id='word_1_353' title='bbox 2278 1975 2482 2031; x_wconf 87' lang='lat' dir='ltr'><strong>eodem</strong></span> <span class='ocrx_word' id='word_1_354' title='bbox 2505 1975 2701 2033; x_wconf 79' lang='lat' dir='ltr'><strong>Sancti</strong></span> <span class='ocrx_word' id='word_1_355' title='bbox 2719 1977 2945 2052; x_wconf 82' lang='lat' dir='ltr'><strong>Georgii</strong></span> <span class='ocrx_word' id='word_1_356' title='bbox 2961 1983 3337 2053; x_wconf 89' lang='lat' dir='ltr'><strong>monasterio,</strong></span> <span class='ocrx_word' id='word_1_357' title='bbox 3356 2001 3542 2058; x_wconf 85' lang='lat' dir='ltr'><strong>usquc</strong></span> 
     </span>
     <span class='ocr_line' id='line_1_51' title="bbox 1892 2060 3545 2141; baseline 0.011 -27"><span class='ocrx_word' id='word_1_358' title='bbox 1892 2060 1961 2115; x_wconf 85' lang='lat' dir='ltr'><strong>sd</strong></span> <span class='ocrx_word' id='word_1_359' title='bbox 1991 2061 2238 2116; x_wconf 78' lang='lat' dir='ltr'><strong>Auream</strong></span> <span class='ocrx_word' id='word_1_360' title='bbox 2277 2067 2524 2134; x_wconf 88' lang='lat' dir='ltr'><strong>portam,</strong></span> <span class='ocrx_word' id='word_1_361' title='bbox 2571 2080 2739 2121; x_wconf 88' lang='lat' dir='ltr'><strong>secus</strong></span> <span class='ocrx_word' id='word_1_362' title='bbox 2785 2067 3222 2141; x_wconf 85' lang='lat' dir='ltr'><strong>Hellespontum</strong></span> <span class='ocrx_word' id='word_1_363' title='bbox 3267 2072 3545 2137; x_wconf 80' lang='lat' dir='ltr'><strong>ducitur:</strong></span> 
     </span>
     <span class='ocr_line' id='line_1_52' title="bbox 1891 2148 3543 2233; baseline 0.011 -30"><span class='ocrx_word' id='word_1_364' title='bbox 1891 2148 2134 2206; x_wconf 86' lang='lat' dir='ltr'><strong>tertium</strong></span> <span class='ocrx_word' id='word_1_365' title='bbox 2163 2167 2297 2207; x_wconf 87' lang='lat' dir='ltr'><strong>vero</strong></span> <span class='ocrx_word' id='word_1_366' title='bbox 2327 2153 2399 2207; x_wconf 91' lang='lat' dir='ltr'><strong>ab</strong></span> <span class='ocrx_word' id='word_1_367' title='bbox 2431 2154 2626 2210; x_wconf 88' lang='lat' dir='ltr'><strong>eadem</strong></span> <span class='ocrx_word' id='word_1_368' title='bbox 2661 2160 2826 2227; x_wconf 89' lang='lat' dir='ltr'><strong>porta</strong></span> <span class='ocrx_word' id='word_1_369' title='bbox 2865 2172 3050 2230; x_wconf 89' lang='lat' dir='ltr'><strong>usque</strong></span> <span class='ocrx_word' id='word_1_370' title='bbox 3081 2161 3153 2216; x_wconf 91' lang='lat' dir='ltr'><strong>ad</strong></span> <span class='ocrx_word' id='word_1_371' title='bbox 3201 2163 3543 2233; x_wconf 74' lang='lat' dir='ltr'><strong>proedictum</strong></span> 
     </span>
     <span class='ocr_line' id='line_1_53' title="bbox 1896 2236 3549 2319; baseline 0.011 -26"><span class='ocrx_word' id='word_1_372' title='bbox 1896 2236 2175 2310; x_wconf 85' lang='lat' dir='ltr'><strong>palatium</strong></span> <span class='ocrx_word' id='word_1_373' title='bbox 2209 2239 2587 2313; x_wconf 84' lang='lat' dir='ltr'><strong>Blaquernas‚</strong></span> <span class='ocrx_word' id='word_1_374' title='bbox 2620 2259 2721 2314; x_wconf 90' lang='lat' dir='ltr'><strong>per</strong></span> <span class='ocrx_word' id='word_1_375' title='bbox 2739 2248 3107 2318; x_wconf 78' lang='lat' dir='ltr'><strong>campestria,</strong></span> <span class='ocrx_word' id='word_1_376' title='bbox 3131 2251 3338 2319; x_wconf 88' lang='lat' dir='ltr'><strong>muris,</strong></span> <span class='ocrx_word' id='word_1_377' title='bbox 3365 2252 3549 2310; x_wconf 88' lang='lat' dir='ltr'><strong>turri-</strong></span> 
     </span>
     <span class='ocr_line' id='line_1_54' title="bbox 1896 2326 3543 2406; baseline 0.01 -24"><span class='ocrx_word' id='word_1_378' title='bbox 1896 2326 2007 2383; x_wconf 89' lang='lat' dir='ltr'><strong>bus</strong></span> <span class='ocrx_word' id='word_1_379' title='bbox 2037 2330 2094 2385; x_wconf 86' lang='lat' dir='ltr'><strong>ct</strong></span> <span class='ocrx_word' id='word_1_380' title='bbox 2123 2329 2583 2387; x_wconf 82' lang='lat' dir='ltr'><strong>antemuralibus</strong></span> <span class='ocrx_word' id='word_1_381' title='bbox 2613 2332 2843 2405; x_wconf 89' lang='lat' dir='ltr'><strong>insigne</strong></span> <span class='ocrx_word' id='word_1_382' title='bbox 2883 2338 3262 2406; x_wconf 85' lang='lat' dir='ltr'><strong>protenditur.</strong></span> <span class='ocrx_word' id='word_1_383' title='bbox 3307 2341 3543 2400; x_wconf 85' lang='lat' dir='ltr'><strong>Portum</strong></span> 
     </span>
     <span class='ocr_line' id='line_1_55' title="bbox 1895 2416 3543 2503; baseline 0.01 -30"><span class='ocrx_word' id='word_1_384' title='bbox 1895 2424 2090 2473; x_wconf 87' lang='lat' dir='ltr'><strong>autem</strong></span> <span class='ocrx_word' id='word_1_385' title='bbox 2121 2416 2331 2476; x_wconf 83' lang='lat' dir='ltr'><strong>fluvius</strong></span> <span class='ocrx_word' id='word_1_386' title='bbox 2379 2419 2619 2492; x_wconf 87' lang='lat' dir='ltr'><strong>quidam</strong></span> <span class='ocrx_word' id='word_1_387' title='bbox 2669 2422 3015 2494; x_wconf 89' lang='lat' dir='ltr'><strong>ingreditur,</strong></span> <span class='ocrx_word' id='word_1_388' title='bbox 3065 2432 3260 2486; x_wconf 62' lang='lat' dir='ltr'><strong>aestate</strong></span> <span class='ocrx_word' id='word_1_389' title='bbox 3306 2429 3543 2503; x_wconf 91' lang='lat' dir='ltr'><strong>quidem</strong></span> 
     </span>
     <span class='ocr_line' id='line_1_56' title="bbox 1895 2505 3545 2590; baseline 0.01 -30"><span class='ocrx_word' id='word_1_390' title='bbox 1895 2505 2201 2575; x_wconf 88' lang='lat' dir='ltr'><strong>modicus;</strong></span> <span class='ocrx_word' id='word_1_391' title='bbox 2232 2508 2333 2563; x_wconf 91' lang='lat' dir='ltr'><strong>sed</strong></span> <span class='ocrx_word' id='word_1_392' title='bbox 2378 2506 2571 2567; x_wconf 87' lang='lat' dir='ltr'><strong>hieme</strong></span> <span class='ocrx_word' id='word_1_393' title='bbox 2614 2512 2780 2584; x_wconf 89' lang='lat' dir='ltr'><strong>aquis</strong></span> <span class='ocrx_word' id='word_1_394' title='bbox 2826 2513 3179 2584; x_wconf 83' lang='lat' dir='ltr'><strong>pluvialibus</strong></span> <span class='ocrx_word' id='word_1_395' title='bbox 3227 2517 3372 2575; x_wconf 85' lang='lat' dir='ltr'><strong>solet</strong></span> <span class='ocrx_word' id='word_1_396' title='bbox 3420 2519 3545 2590; x_wconf 66' lang='lat' dir='ltr'><strong>fleri</strong></span> 
     </span>
     <span class='ocr_line' id='line_1_57' title="bbox 1892 2594 3543 2682; baseline 0.01 -33"><span class='ocrx_word' id='word_1_397' title='bbox 1892 2594 2225 2665; x_wconf 83' lang='lat' dir='ltr'><strong>torrentior,</strong></span> <span class='ocrx_word' id='word_1_398' title='bbox 2253 2600 2484 2668; x_wconf 88' lang='lat' dir='ltr'><strong>pontem</strong></span> <span class='ocrx_word' id='word_1_399' title='bbox 2518 2598 2738 2657; x_wconf 88' lang='lat' dir='ltr'><strong>habens</strong></span> <span class='ocrx_word' id='word_1_400' title='bbox 2760 2617 2942 2674; x_wconf 86' lang='lat' dir='ltr'><strong>supra</strong></span> <span class='ocrx_word' id='word_1_401' title='bbox 2971 2620 3031 2661; x_wconf 85' lang='lat' dir='ltr'><strong>se</strong></span> <span class='ocrx_word' id='word_1_402' title='bbox 3059 2605 3335 2677; x_wconf 89' lang='lat' dir='ltr'><strong>positum,</strong></span> <span class='ocrx_word' id='word_1_403' title='bbox 3367 2624 3543 2682; x_wconf 87' lang='lat' dir='ltr'><strong>quem</strong></span> 
     </span>
     <span class='ocr_line' id='line_1_58' title="bbox 1891 2683 3545 2761; baseline 0.013 -23"><span class='ocrx_word' id='word_1_404' title='bbox 1891 2683 2289 2754; x_wconf 84' lang='lat' dir='ltr'><strong>pertransiens</strong></span> <span class='ocrx_word' id='word_1_405' title='bbox 2322 2696 2654 2746; x_wconf 84' lang='lat' dir='ltr'><strong>nostrornm</strong></span> <span class='ocrx_word' id='word_1_406' title='bbox 2700 2692 3010 2761; x_wconf 81' lang='lat' dir='ltr'><strong>exercitus,</strong></span> <span class='ocrx_word' id='word_1_407' title='bbox 3043 2694 3195 2754; x_wconf 89' lang='lat' dir='ltr'><strong>inter</strong></span> <span class='ocrx_word' id='word_1_408' title='bbox 3237 2698 3545 2758; x_wconf 88' lang='lat' dir='ltr'><strong>Ponticum</strong></span> 
     </span>
     <span class='ocr_line' id='line_1_59' title="bbox 1893 2773 3544 2860; baseline 0.01 -32"><span class='ocrx_word' id='word_1_409' title='bbox 1893 2787 2057 2829; x_wconf 90' lang='lat' dir='ltr'><strong>mare</strong></span> <span class='ocrx_word' id='word_1_410' title='bbox 2085 2781 2140 2830; x_wconf 90' lang='lat' dir='ltr'><strong>et</strong></span> <span class='ocrx_word' id='word_1_411' title='bbox 2174 2773 2557 2846; x_wconf 88' lang='lat' dir='ltr'><strong>Bosphorum,</strong></span> <span class='ocrx_word' id='word_1_412' title='bbox 2590 2782 2648 2835; x_wconf 90' lang='lat' dir='ltr'><strong>et</strong></span> <span class='ocrx_word' id='word_1_413' title='bbox 2676 2786 2912 2853; x_wconf 90' lang='lat' dir='ltr'><strong>portum</strong></span> <span class='ocrx_word' id='word_1_414' title='bbox 2944 2783 3001 2841; x_wconf 89' lang='lat' dir='ltr'><strong>in</strong></span> <span class='ocrx_word' id='word_1_415' title='bbox 3034 2785 3296 2844; x_wconf 70' lang='lat' dir='ltr'><strong>aedificiis</strong></span> <span class='ocrx_word' id='word_1_416' title='bbox 3324 2804 3453 2860; x_wconf 78' lang='lat' dir='ltr'><strong>quoe</strong></span> <span class='ocrx_word' id='word_1_417' title='bbox 3484 2787 3544 2845; x_wconf 89' lang='lat' dir='ltr'><strong>in</strong></span> 
     </span>
     <span class='ocr_line' id='line_1_60' title="bbox 1892 2861 3549 2960; baseline 0.01 -43"><span class='ocrx_word' id='word_1_418' title='bbox 1892 2861 2018 2934; x_wconf 87' lang='lat' dir='ltr'><strong>ipso</strong></span> <span class='ocrx_word' id='word_1_419' title='bbox 2050 2862 2329 2933; x_wconf 85' lang='lat' dir='ltr'><strong>Bosphori</strong></span> <span class='ocrx_word' id='word_1_420' title='bbox 2357 2863 2549 2923; x_wconf 92' lang='lat' dir='ltr'><strong>littore</strong></span> <span class='ocrx_word' id='word_1_421' title='bbox 2573 2876 2737 2925; x_wconf 88' lang='lat' dir='ltr'><strong>erant</strong></span> <span class='ocrx_word' id='word_1_422' title='bbox 2765 2869 3021 2943; x_wconf 86' lang='lat' dir='ltr'><strong>plurima</strong></span> <span class='ocrx_word' id='word_1_423' title='bbox 3052 2871 3385 2960; x_wconf 79' lang='lat' dir='ltr'><strong>hospitandi</strong></span> <span class='ocrx_word' id='word_1_424' title='bbox 3425 2892 3549 2950; x_wconf 89' lang='lat' dir='ltr'><strong>gra·</strong></span> 
     </span>
     <span class='ocr_line' id='line_1_61' title="bbox 1891 2951 3543 3034; baseline 0.01 -26"><span class='ocrx_word' id='word_1_425' title='bbox 1891 2951 1976 3009; x_wconf 89' lang='lat' dir='ltr'><strong>tia</strong></span> <span class='ocrx_word' id='word_1_426' title='bbox 2004 2967 2068 3009; x_wconf 91' lang='lat' dir='ltr'><strong>se</strong></span> <span class='ocrx_word' id='word_1_427' title='bbox 2116 2952 2500 3013; x_wconf 87' lang='lat' dir='ltr'><strong>contulerant.</strong></span> <span class='ocrx_word' id='word_1_428' title='bbox 2546 2955 2817 3031; x_wconf 88' lang='lat' dir='ltr'><strong>Dumque</strong></span> <span class='ocrx_word' id='word_1_429' title='bbox 2862 2961 2943 3017; x_wconf 91' lang='lat' dir='ltr'><strong>ibi</strong></span> <span class='ocrx_word' id='word_1_430' title='bbox 2989 2978 3214 3021; x_wconf 88' lang='lat' dir='ltr'><strong>moram</strong></span> <span class='ocrx_word' id='word_1_431' title='bbox 3270 2966 3543 3034; x_wconf 81' lang='lat' dir='ltr'><strong>iacerent,</strong></span> 
     </span>
     <span class='ocr_line' id='line_1_62' title="bbox 1890 3041 3542 3121; baseline 0.01 -23"><span class='ocrx_word' id='word_1_432' title='bbox 1890 3041 2250 3114; x_wconf 88' lang='lat' dir='ltr'><strong>reliquorum</strong></span> <span class='ocrx_word' id='word_1_433' title='bbox 2283 3044 2612 3118; x_wconf 88' lang='lat' dir='ltr'><strong>principum</strong></span> <span class='ocrx_word' id='word_1_434' title='bbox 2645 3054 3045 3121; x_wconf 86' lang='lat' dir='ltr'><strong>exspectantes</strong></span> <span class='ocrx_word' id='word_1_435' title='bbox 3061 3056 3397 3117; x_wconf 87' lang='lat' dir='ltr'><strong>adventum.</strong></span> <span class='ocrx_word' id='word_1_436' title='bbox 3422 3058 3542 3115; x_wconf 82' lang='lat' dir='ltr'><strong>dux</strong></span> 
     </span>
    </p>
   </div>
   <div class='ocr_carea' id='block_1_7' title="bbox 123 3130 3544 3218">
    <p class='ocr_par' dir='ltr' id='par_1_9' title="bbox 123 3130 3544 3218">
     <span class='ocr_line' id='line_1_63' title="bbox 123 3130 3544 3218; baseline 0.005 -32"><span class='ocrx_word' id='word_1_437' title='bbox 123 3159 256 3217; x_wconf 61' lang='lat' dir='ltr'><strong>que,</strong></span> <span class='ocrx_word' id='word_1_438' title='bbox 287 3142 383 3201; x_wconf 61' lang='lat' dir='ltr'><strong>vel</strong></span> <span class='ocrx_word' id='word_1_439' title='bbox 408 3158 549 3214; x_wconf 60' lang='lat'><strong>0033</strong></span> <span class='ocrx_word' id='word_1_440' title='bbox 582 3142 828 3201; x_wconf 62' lang='lat' dir='ltr'><strong>latitudo</strong></span> <span class='ocrx_word' id='word_1_441' title='bbox 856 3159 989 3202; x_wconf 65' lang='lat' dir='ltr'>vero</span> <span class='ocrx_word' id='word_1_442' title='bbox 1022 3144 1191 3218; x_wconf 65' lang='lat' dir='ltr'><strong>quasi</strong></span> <span class='ocrx_word' id='word_1_443' title='bbox 1216 3144 1412 3201; x_wconf 65' lang='lat' dir='ltr'><strong>unius,</strong></span> <span class='ocrx_word' id='word_1_444' title='bbox 1435 3143 1553 3201; x_wconf 70' lang='lat'>1100</span> <span class='ocrx_word' id='word_1_445' title='bbox 1581 3147 1777 3201; x_wconf 60' lang='lat' dir='ltr'><strong>autem</strong></span> <span class='ocrx_word' id='word_1_446' title='bbox 1807 3141 1859 3209; x_wconf 79' lang='lat' dir='ltr'>G</span> <span class='ocrx_word' id='word_1_447' title='bbox 1888 3130 2673 3206; x_wconf 81' lang='lat' dir='ltr'><strong>frequentibusimperatoris</strong></span> <span class='ocrx_word' id='word_1_448' title='bbox 2687 3137 3544 3215; x_wconf 84' lang='lat' dir='ltr'><strong>sollicitabaturlegationibus,</strong></span> 
     </span>
    </p>
   </div>
   <div class='ocr_carea' id='block_1_8' title="bbox 115 3233 1784 4465">
    <p class='ocr_par' dir='ltr' id='par_1_10' title="bbox 115 3233 1784 4465">
     <span class='ocr_line' id='line_1_64' title="bbox 122 3233 1776 3308; baseline -0.001 -18"><span class='ocrx_word' id='word_1_449' title='bbox 122 3235 196 3291; x_wconf 88' lang='lat' dir='ltr'><strong>ita</strong></span> <span class='ocrx_word' id='word_1_450' title='bbox 224 3237 559 3308; x_wconf 81' lang='lat' dir='ltr'><strong>angustum</strong></span> <span class='ocrx_word' id='word_1_451' title='bbox 591 3249 773 3306; x_wconf 89' lang='lat' dir='ltr'><strong>mare,</strong></span> <span class='ocrx_word' id='word_1_452' title='bbox 804 3235 960 3307; x_wconf 92' lang='lat' dir='ltr'><strong>quod</strong></span> <span class='ocrx_word' id='word_1_453' title='bbox 989 3252 1024 3290; x_wconf 88' lang='lat' dir='ltr'><strong>a</strong></span> <span class='ocrx_word' id='word_1_454' title='bbox 1051 3235 1291 3293; x_wconf 83' lang='lat' dir='ltr'><strong>Pontico</strong></span> <span class='ocrx_word' id='word_1_455' title='bbox 1321 3233 1380 3290; x_wconf 91' lang='lat' dir='ltr'><strong>in</strong></span> <span class='ocrx_word' id='word_1_456' title='bbox 1431 3233 1776 3290; x_wconf 83' lang='lat' dir='ltr'><strong>Mediterra-</strong></span> 
     </span>
     <span class='ocr_line' id='line_1_65' title="bbox 121 3323 1775 3397; baseline -0.001 -17"><span class='ocrx_word' id='word_1_457' title='bbox 121 3340 301 3381; x_wconf 85' lang='lat' dir='ltr'><strong>neum</strong></span> <span class='ocrx_word' id='word_1_458' title='bbox 344 3339 455 3396; x_wconf 87' lang='lat' dir='ltr'><strong>per</strong></span> <span class='ocrx_word' id='word_1_459' title='bbox 501 3323 753 3381; x_wconf 85' lang='lat' dir='ltr'><strong>ducenta</strong></span> <span class='ocrx_word' id='word_1_460' title='bbox 799 3323 1041 3396; x_wconf 90' lang='lat' dir='ltr'><strong>triginta</strong></span> <span class='ocrx_word' id='word_1_461' title='bbox 1089 3324 1340 3381; x_wconf 87' lang='lat' dir='ltr'><strong>miliaria</strong></span> <span class='ocrx_word' id='word_1_462' title='bbox 1388 3323 1775 3397; x_wconf 87' lang='lat' dir='ltr'><strong>protenditur,</strong></span> 
     </span>
     <span class='ocr_line' id='line_1_66' title="bbox 120 3410 1773 3485; baseline -0.002 -15"><span class='ocrx_word' id='word_1_463' title='bbox 120 3411 470 3485; x_wconf 84' lang='lat' dir='ltr'><strong>Bosphorus</strong></span> <span class='ocrx_word' id='word_1_464' title='bbox 481 3410 851 3484; x_wconf 86' lang='lat' dir='ltr'><strong>Propontidis</strong></span> <span class='ocrx_word' id='word_1_465' title='bbox 862 3412 984 3470; x_wconf 89' lang='lat' dir='ltr'><strong>sive</strong></span> <span class='ocrx_word' id='word_1_466' title='bbox 1007 3412 1412 3485; x_wconf 78' lang='lat' dir='ltr'><strong>Hellespontus</strong></span> <span class='ocrx_word' id='word_1_467' title='bbox 1431 3411 1773 3485; x_wconf 87' lang='lat' dir='ltr'><strong>appellatur.</strong></span> 
     </span>
     <span class='ocr_line' id='line_1_67' title="bbox 120 3500 1778 3575; baseline -0.001 -18"><span class='ocrx_word' id='word_1_468' title='bbox 120 3501 289 3568; x_wconf 87' lang='lat' dir='ltr'><strong>Quod</strong></span> <span class='ocrx_word' id='word_1_469' title='bbox 325 3502 527 3558; x_wconf 89' lang='lat' dir='ltr'><strong>autem</strong></span> <span class='ocrx_word' id='word_1_470' title='bbox 557 3500 642 3557; x_wconf 88' lang='lat' dir='ltr'><strong>ita</strong></span> <span class='ocrx_word' id='word_1_471' title='bbox 670 3501 765 3569; x_wconf 88' lang='lat' dir='ltr'><strong>sit,</strong></span> <span class='ocrx_word' id='word_1_472' title='bbox 795 3501 1034 3559; x_wconf 89' lang='lat' dir='ltr'><strong>Solinus</strong></span> <span class='ocrx_word' id='word_1_473' title='bbox 1062 3502 1123 3558; x_wconf 92' lang='lat' dir='ltr'><strong>in</strong></span> <span class='ocrx_word' id='word_1_474' title='bbox 1148 3502 1396 3575; x_wconf 89' lang='lat' dir='ltr'><strong>septimo</strong></span> <span class='ocrx_word' id='word_1_475' title='bbox 1436 3501 1663 3558; x_wconf 90' lang='lat' dir='ltr'><strong>decimo</strong></span> <span class='ocrx_word' id='word_1_476' title='bbox 1705 3501 1778 3556; x_wconf 81' lang='lat' dir='ltr'><strong>De</strong></span> 
     </span>
     <span class='ocr_line' id='line_1_68' title="bbox 117 3588 1776 3660; baseline 0.001 -15"><span class='ocrx_word' id='word_1_477' title='bbox 117 3588 575 3645; x_wconf 69' lang='lat' dir='ltr'><strong>mentorabilibus</strong></span> <span class='ocrx_word' id='word_1_478' title='bbox 601 3591 871 3660; x_wconf 88' lang='lat' dir='ltr'><strong>testatur,</strong></span> <span class='ocrx_word' id='word_1_479' title='bbox 905 3592 987 3647; x_wconf 85' lang='lat' dir='ltr'><strong>ita</strong></span> <span class='ocrx_word' id='word_1_480' title='bbox 1026 3589 1263 3646; x_wconf 89' lang='lat' dir='ltr'><strong>dicens:</strong></span> <span class='ocrx_word' id='word_1_481' title='bbox 1316 3590 1557 3659; x_wconf 67' lang='lat' dir='ltr'><strong>Quarum</strong></span> <span class='ocrx_word' id='word_1_482' title='bbox 1604 3589 1776 3646; x_wconf 77' lang='lat' dir='ltr'><strong>Euro·</strong></span> 
     </span>
     <span class='ocr_line' id='line_1_69' title="bbox 115 3676 1778 3750; baseline 0.001 -18"><span class='ocrx_word' id='word_1_483' title='bbox 115 3693 202 3750; x_wconf 76' lang='lat' dir='ltr'><strong>pae</strong></span> <span class='ocrx_word' id='word_1_484' title='bbox 229 3678 390 3733; x_wconf 68' lang='lat' dir='ltr'><strong>sirius</strong></span> <span class='ocrx_word' id='word_1_485' title='bbox 419 3676 773 3750; x_wconf 78' lang='lat' dir='ltr'><strong>Hellesponto</strong></span> <span class='ocrx_word' id='word_1_486' title='bbox 819 3679 1036 3750; x_wconf 82' lang='lat' dir='ltr'><strong>incipit,</strong></span> <span class='ocrx_word' id='word_1_487' title='bbox 1080 3677 1279 3735; x_wconf 71' lang='lat' dir='ltr'><strong>Bloeotis</strong></span> <span class='ocrx_word' id='word_1_488' title='bbox 1326 3679 1464 3735; x_wconf 74' lang='lat' dir='ltr'><strong>ostio</strong></span> <span class='ocrx_word' id='word_1_489' title='bbox 1511 3679 1778 3735; x_wconf 67' lang='lat' dir='ltr'><strong>termina·</strong></span> 
     </span>
     <span class='ocr_line' id='line_1_70' title="bbox 120 3767 1779 3840; baseline -0.001 -17"><span class='ocrx_word' id='word_1_490' title='bbox 120 3775 235 3835; x_wconf 82' lang='lat' dir='ltr'><strong>tur,</strong></span> <span class='ocrx_word' id='word_1_491' title='bbox 268 3773 445 3840; x_wconf 80' lang='lat' dir='ltr'><strong>atquc</strong></span> <span class='ocrx_word' id='word_1_492' title='bbox 473 3767 650 3822; x_wconf 78' lang='lat' dir='ltr'><strong>omnis</strong></span> <span class='ocrx_word' id='word_1_493' title='bbox 679 3767 794 3824; x_wconf 61' lang='grc' dir='ltr'><strong>ἥατο</strong></span> <span class='ocrx_word' id='word_1_494' title='bbox 823 3767 1073 3834; x_wconf 75' lang='lat' dir='ltr'><strong>latitudo,</strong></span> <span class='ocrx_word' id='word_1_495' title='bbox 1104 3784 1224 3840; x_wconf 79' lang='lat' dir='ltr'><strong>quae</strong></span> <span class='ocrx_word' id='word_1_496' title='bbox 1248 3770 1533 3836; x_wconf 76' lang='lat' dir='ltr'><strong>Europam</strong></span> <span class='ocrx_word' id='word_1_497' title='bbox 1569 3768 1779 3824; x_wconf 78' lang='lat' dir='ltr'><strong>Asiam-</strong></span> 
     </span>
     <span class='ocr_line' id='line_1_71' title="bbox 121 3857 1778 3931; baseline 0.003 -18"><span class='ocrx_word' id='word_1_498' title='bbox 121 3873 227 3929; x_wconf 75' lang='lat' dir='ltr'><strong>que</strong></span> <span class='ocrx_word' id='word_1_499' title='bbox 259 3857 484 3926; x_wconf 73' lang='lat' dir='ltr'><strong>dividit,</strong></span> <span class='ocrx_word' id='word_1_500' title='bbox 515 3859 575 3912; x_wconf 79' lang='lat' dir='ltr'><strong>in</strong></span> <span class='ocrx_word' id='word_1_501' title='bbox 593 3859 798 3930; x_wconf 75' lang='lat' dir='ltr'><strong>septem</strong></span> <span class='ocrx_word' id='word_1_502' title='bbox 817 3858 1128 3914; x_wconf 76' lang='lat' dir='ltr'><strong>stadiorum</strong></span> <span class='ocrx_word' id='word_1_503' title='bbox 1147 3861 1429 3931; x_wconf 67' lang='lat' dir='ltr'><strong>angustias</strong></span> <span class='ocrx_word' id='word_1_504' title='bbox 1458 3861 1778 3931; x_wconf 66' lang='lat' dir='ltr'><strong>stt-iupiter.</strong></span> 
     </span>
     <span class='ocr_line' id='line_1_72' title="bbox 122 3943 1778 4020; baseline 0.005 -21"><span class='ocrx_word' id='word_1_505' title='bbox 122 3943 230 4001; x_wconf 78' lang='lat' dir='ltr'><strong>Hic</strong></span> <span class='ocrx_word' id='word_1_506' title='bbox 261 3948 356 4002; x_wconf 86' lang='lat' dir='ltr'><strong>est</strong></span> <span class='ocrx_word' id='word_1_507' title='bbox 386 3944 815 4018; x_wconf 75' lang='lat' dir='ltr'><strong>Hellespontus,</strong></span> <span class='ocrx_word' id='word_1_508' title='bbox 848 3961 1021 4019; x_wconf 89' lang='lat' dir='ltr'><strong>quem</strong></span> <span class='ocrx_word' id='word_1_509' title='bbox 1053 3945 1267 4005; x_wconf 86' lang='lat' dir='ltr'><strong>Xerxes</strong></span> <span class='ocrx_word' id='word_1_510' title='bbox 1316 3951 1488 4020; x_wconf 91' lang='lat' dir='ltr'><strong>ponte</strong></span> <span class='ocrx_word' id='word_1_511' title='bbox 1531 3951 1778 4009; x_wconf 82' lang='lat' dir='ltr'><strong>navibus</strong></span> 
     </span>
     <span class='ocr_line' id='line_1_73' title="bbox 123 4033 1781 4112; baseline 0.005 -24"><span class='ocrx_word' id='word_1_512' title='bbox 123 4033 278 4091; x_wconf 77' lang='lat' dir='ltr'><strong>sacto</strong></span> <span class='ocrx_word' id='word_1_513' title='bbox 310 4035 637 4105; x_wconf 85' lang='lat' dir='ltr'><strong>permeavit</strong></span> <span class='ocrx_word' id='word_1_514' title='bbox 665 4037 835 4092; x_wconf 84' lang='lat' dir='ltr'><strong>tenus</strong></span> <span class='ocrx_word' id='word_1_515' title='bbox 863 4034 1091 4091; x_wconf 90' lang='lat' dir='ltr'><strong>deinde.</strong></span> <span class='ocrx_word' id='word_1_516' title='bbox 1143 4037 1409 4109; x_wconf 83' lang='lat' dir='ltr'><strong>Europus</strong></span> <span class='ocrx_word' id='word_1_517' title='bbox 1459 4039 1781 4112; x_wconf 90' lang='lat' dir='ltr'><strong>porrigitur</strong></span> 
     </span>
     <span class='ocr_line' id='line_1_74' title="bbox 122 4121 1782 4198; baseline 0.005 -20"><span class='ocrx_word' id='word_1_518' title='bbox 122 4123 195 4178; x_wconf 88' lang='lat' dir='ltr'><strong>ad</strong></span> <span class='ocrx_word' id='word_1_519' title='bbox 228 4122 380 4179; x_wconf 64' lang='lat' dir='ltr'><strong>Asiae</strong></span> <span class='ocrx_word' id='word_1_520' title='bbox 411 4121 613 4180; x_wconf 86' lang='lat' dir='ltr'><strong>urbem</strong></span> <span class='ocrx_word' id='word_1_521' title='bbox 661 4123 958 4197; x_wconf 84' lang='lat' dir='ltr'><strong>Priapum.</strong></span> <span class='ocrx_word' id='word_1_522' title='bbox 1010 4140 1122 4197; x_wconf 87' lang='lat' dir='ltr'><strong>qua</strong></span> <span class='ocrx_word' id='word_1_523' title='bbox 1166 4125 1416 4198; x_wconf 83' lang='lat' dir='ltr'><strong>Magnus</strong></span> <span class='ocrx_word' id='word_1_524' title='bbox 1456 4126 1782 4186; x_wconf 73' lang='lat' dir='ltr'><strong>Alexander</strong></span> 
     </span>
     <span class='ocr_line' id='line_1_75' title="bbox 123 4211 1784 4288; baseline 0.004 -20"><span class='ocrx_word' id='word_1_525' title='bbox 123 4211 400 4284; x_wconf 88' lang='lat' dir='ltr'><strong>potiundi</strong></span> <span class='ocrx_word' id='word_1_526' title='bbox 448 4212 609 4270; x_wconf 89' lang='lat' dir='ltr'><strong>orbis</strong></span> <span class='ocrx_word' id='word_1_527' title='bbox 656 4229 853 4271; x_wconf 89' lang='lat' dir='ltr'><strong>amore</strong></span> <span class='ocrx_word' id='word_1_528' title='bbox 899 4214 1279 4283; x_wconf 87' lang='lat' dir='ltr'><strong>transcendit,</strong></span> <span class='ocrx_word' id='word_1_529' title='bbox 1328 4219 1387 4270; x_wconf 88' lang='lat' dir='ltr'><strong>et</strong></span> <span class='ocrx_word' id='word_1_530' title='bbox 1434 4221 1648 4288; x_wconf 90' lang='lat' dir='ltr'><strong>pontus</strong></span> <span class='ocrx_word' id='word_1_531' title='bbox 1695 4224 1784 4275; x_wconf 87' lang='lat' dir='ltr'><strong>est</strong></span> 
     </span>
     <span class='ocr_line' id='line_1_76' title="bbox 122 4301 1783 4378; baseline 0.004 -22"><span class='ocrx_word' id='word_1_532' title='bbox 122 4301 263 4359; x_wconf 88' lang='lat' dir='ltr'><strong>inde</strong></span> <span class='ocrx_word' id='word_1_533' title='bbox 278 4301 552 4372; x_wconf 74' lang='lat' dir='ltr'><strong>diffusus,</strong></span> <span class='ocrx_word' id='word_1_534' title='bbox 572 4317 807 4375; x_wconf 74' lang='lat' dir='ltr'><strong>aequore</strong></span> <span class='ocrx_word' id='word_1_535' title='bbox 827 4302 1237 4376; x_wconf 89' lang='lat' dir='ltr'><strong>patentissimo</strong></span> <span class='ocrx_word' id='word_1_536' title='bbox 1253 4320 1317 4359; x_wconf 91' lang='lat' dir='ltr'><strong>ru</strong></span> <span class='ocrx_word' id='word_1_537' title='bbox 1328 4319 1458 4361; x_wconf 92' lang='lat' dir='ltr'><strong>rsus</strong></span> <span class='ocrx_word' id='word_1_538' title='bbox 1471 4305 1783 4378; x_wconf 88' lang='lat' dir='ltr'><strong>stringitur</strong></span> 
     </span>
     <span class='ocr_line' id='line_1_77' title="bbox 121 4389 1779 4465; baseline 0.004 -20"><span class='ocrx_word' id='word_1_539' title='bbox 121 4389 183 4446; x_wconf 90' lang='lat' dir='ltr'><strong>in</strong></span> <span class='ocrx_word' id='word_1_540' title='bbox 216 4390 660 4463; x_wconf 85' lang='lat' dir='ltr'><strong>Propontidem,</strong></span> <span class='ocrx_word' id='word_1_541' title='bbox 691 4407 824 4448; x_wconf 86' lang='lat' dir='ltr'><strong>mox</strong></span> <span class='ocrx_word' id='word_1_542' title='bbox 855 4391 915 4447; x_wconf 93' lang='lat' dir='ltr'><strong>in</strong></span> <span class='ocrx_word' id='word_1_543' title='bbox 956 4392 1306 4465; x_wconf 86' lang='lat' dir='ltr'><strong>quingentos</strong></span> <span class='ocrx_word' id='word_1_544' title='bbox 1358 4408 1566 4465; x_wconf 87' lang='lat' dir='ltr'><strong>passus</strong></span> <span class='ocrx_word' id='word_1_545' title='bbox 1611 4410 1779 4452; x_wconf 90' lang='lat' dir='ltr'><strong>coar-</strong></span> 
     </span>
    </p>
   </div>
   <div class='ocr_carea' id='block_1_9' title="bbox 120 4478 1854 4580">
    <p class='ocr_par' dir='ltr' id='par_1_11' title="bbox 120 4478 1854 4580">
     <span class='ocr_line' id='line_1_78' title="bbox 120 4478 1854 4580; baseline 0.002 -43"><span class='ocrx_word' id='word_1_546' title='bbox 120 4481 339 4548; x_wconf 86' lang='lat' dir='ltr'><strong>ctatur,</strong></span> <span class='ocrx_word' id='word_1_547' title='bbox 396 4478 575 4552; x_wconf 82' lang='lat' dir='ltr'><strong>fitque</strong></span> <span class='ocrx_word' id='word_1_548' title='bbox 632 4479 963 4552; x_wconf 86' lang='lat' dir='ltr'><strong>Bosphorus</strong></span> <span class='ocrx_word' id='word_1_549' title='bbox 1029 4480 1337 4550; x_wconf 84' lang='lat' dir='ltr'><strong>Thracius,</strong></span> <span class='ocrx_word' id='word_1_550' title='bbox 1398 4497 1508 4554; x_wconf 90' lang='lat' dir='ltr'><strong>qua</strong></span> <span class='ocrx_word' id='word_1_551' title='bbox 1560 4483 1777 4542; x_wconf 90' lang='lat' dir='ltr'><strong>Darius</strong></span> <span class='ocrx_word' id='word_1_552' title='bbox 1805 4514 1854 4580; x_wconf 77' lang='lat' dir='ltr'>D</span> 
     </span>
    </p>
   </div>
   <div class='ocr_carea' id='block_1_10' title="bbox 119 4568 1778 5267">
    <p class='ocr_par' dir='ltr' id='par_1_12' title="bbox 119 4568 1778 5267">
     <span class='ocr_line' id='line_1_79' title="bbox 119 4568 1771 4640; baseline 0.004 -15"><span class='ocrx_word' id='word_1_553' title='bbox 119 4568 324 4640; x_wconf 84' lang='lat' dir='ltr'><strong>copias</strong></span> <span class='ocrx_word' id='word_1_554' title='bbox 341 4569 770 4640; x_wconf 83' lang='lat' dir='ltr'><strong>transportavit.</strong></span> <span class='ocrx_word' id='word_1_555' title='bbox 794 4568 1013 4626; x_wconf 86' lang='lat' dir='ltr'><strong>Horum</strong></span> <span class='ocrx_word' id='word_1_556' title='bbox 1035 4579 1228 4626; x_wconf 83' lang='lat' dir='ltr'><strong>autem</strong></span> <span class='ocrx_word' id='word_1_557' title='bbox 1250 4585 1443 4628; x_wconf 65' lang='lat' dir='ltr'><strong>causas</strong></span> <span class='ocrx_word' id='word_1_558' title='bbox 1464 4573 1771 4631; x_wconf 89' lang='lat' dir='ltr'><strong>nominum</strong></span> 
     </span>
     <span class='ocr_line' id='line_1_80' title="bbox 121 4657 1771 4731; baseline 0.004 -17"><span class='ocrx_word' id='word_1_559' title='bbox 121 4674 156 4714; x_wconf 93' lang='lat' dir='ltr'><strong>a</strong></span> <span class='ocrx_word' id='word_1_560' title='bbox 171 4657 474 4715; x_wconf 88' lang='lat' dir='ltr'><strong>veteribus</strong></span> <span class='ocrx_word' id='word_1_561' title='bbox 491 4665 792 4731; x_wconf 83' lang='lat' dir='ltr'><strong>poetarum</strong></span> <span class='ocrx_word' id='word_1_562' title='bbox 809 4657 1020 4715; x_wconf 79' lang='lat' dir='ltr'><strong>fabulis</strong></span> <span class='ocrx_word' id='word_1_563' title='bbox 1033 4659 1304 4715; x_wconf 88' lang='lat' dir='ltr'><strong>videntur</strong></span> <span class='ocrx_word' id='word_1_564' title='bbox 1314 4661 1598 4718; x_wconf 66' lang='lat' dir='ltr'><strong>deductu.</strong></span> <span class='ocrx_word' id='word_1_565' title='bbox 1622 4662 1771 4720; x_wconf 88' lang='lat' dir='ltr'><strong>Nam</strong></span> 
     </span>
     <span class='ocr_line' id='line_1_81' title="bbox 120 4746 1776 4825; baseline 0.004 -22"><span class='ocrx_word' id='word_1_566' title='bbox 120 4746 465 4819; x_wconf 85' lang='lat' dir='ltr'><strong>Bosphorus</strong></span> <span class='ocrx_word' id='word_1_567' title='bbox 495 4747 625 4805; x_wconf 88' lang='lat' dir='ltr'><strong>ideo</strong></span> <span class='ocrx_word' id='word_1_568' title='bbox 657 4746 871 4804; x_wconf 88' lang='lat' dir='ltr'><strong>dicitur</strong></span> <span class='ocrx_word' id='word_1_569' title='bbox 899 4748 1053 4822; x_wconf 91' lang='lat' dir='ltr'><strong>quod</strong></span> <span class='ocrx_word' id='word_1_570' title='bbox 1073 4748 1305 4820; x_wconf 84' lang='lat' dir='ltr'><strong>Jupiter</strong></span> <span class='ocrx_word' id='word_1_571' title='bbox 1323 4749 1608 4823; x_wconf 80' lang='lat' dir='ltr'><strong>Europam</strong></span> <span class='ocrx_word' id='word_1_572' title='bbox 1635 4754 1776 4825; x_wconf 78' lang='lat' dir='ltr'><strong>Age·</strong></span> 
     </span>
     <span class='ocr_line' id='line_1_82' title="bbox 124 4835 1777 4911; baseline 0.004 -19"><span class='ocrx_word' id='word_1_573' title='bbox 124 4836 288 4893; x_wconf 89' lang='lat' dir='ltr'><strong>noris</strong></span> <span class='ocrx_word' id='word_1_574' title='bbox 320 4835 505 4892; x_wconf 82' lang='lat' dir='ltr'><strong>filiam</strong></span> <span class='ocrx_word' id='word_1_575' title='bbox 533 4836 594 4894; x_wconf 93' lang='lat' dir='ltr'><strong>in</strong></span> <span class='ocrx_word' id='word_1_576' title='bbox 624 4837 788 4895; x_wconf 82' lang='lat' dir='ltr'><strong>bovis</strong></span> <span class='ocrx_word' id='word_1_577' title='bbox 818 4836 1007 4911; x_wconf 84' lang='lat' dir='ltr'><strong>cssigie</strong></span> <span class='ocrx_word' id='word_1_578' title='bbox 1048 4842 1374 4911; x_wconf 89' lang='lat' dir='ltr'><strong>assumpta,</strong></span> <span class='ocrx_word' id='word_1_579' title='bbox 1419 4843 1583 4898; x_wconf 90' lang='lat' dir='ltr'><strong>trans</strong></span> <span class='ocrx_word' id='word_1_580' title='bbox 1631 4840 1777 4898; x_wconf 90' lang='lat' dir='ltr'><strong>illud</strong></span> 
     </span>
     <span class='ocr_line' id='line_1_83' title="bbox 122 4924 1776 5000; baseline 0.003 -18"><span class='ocrx_word' id='word_1_581' title='bbox 122 4941 290 4982; x_wconf 85' lang='lat' dir='ltr'><strong>mare</strong></span> <span class='ocrx_word' id='word_1_582' title='bbox 331 4924 543 4998; x_wconf 87' lang='lat' dir='ltr'><strong>legitur</strong></span> <span class='ocrx_word' id='word_1_583' title='bbox 583 4927 953 4999; x_wconf 87' lang='lat' dir='ltr'><strong>deportasse;</strong></span> <span class='ocrx_word' id='word_1_584' title='bbox 1003 4926 1413 5000; x_wconf 86' lang='lat' dir='ltr'><strong>Hellespontus</strong></span> <span class='ocrx_word' id='word_1_585' title='bbox 1460 4933 1653 4988; x_wconf 90' lang='lat' dir='ltr'><strong>autem</strong></span> <span class='ocrx_word' id='word_1_586' title='bbox 1703 4931 1776 4989; x_wconf 86' lang='lat' dir='ltr'><strong>ab</strong></span> 
     </span>
     <span class='ocr_line' id='line_1_84' title="bbox 119 5014 1777 5091; baseline 0.004 -18"><span class='ocrx_word' id='word_1_587' title='bbox 119 5014 754 5088; x_wconf 77' lang='lat' dir='ltr'><strong>HellePhryxisorore;</strong></span> <span class='ocrx_word' id='word_1_588' title='bbox 786 5033 1105 5091; x_wconf 75' lang='lat' dir='ltr'><strong>quoesuper</strong></span> <span class='ocrx_word' id='word_1_589' title='bbox 1144 5016 1385 5075; x_wconf 88' lang='lat' dir='ltr'><strong>arietem</strong></span> <span class='ocrx_word' id='word_1_590' title='bbox 1424 5023 1777 5079; x_wconf 89' lang='lat' dir='ltr'><strong>cumeodem</strong></span> 
     </span>
     <span class='ocr_line' id='line_1_85' title="bbox 119 5105 1778 5170; baseline 0.004 -8"><span class='ocrx_word' id='word_1_591' title='bbox 119 5106 304 5162; x_wconf 74' lang='lat' dir='ltr'><strong>fratre</strong></span> <span class='ocrx_word' id='word_1_592' title='bbox 332 5120 443 5162; x_wconf 92' lang='lat' dir='ltr'><strong>suo</strong></span> <span class='ocrx_word' id='word_1_593' title='bbox 473 5105 855 5164; x_wconf 90' lang='lat' dir='ltr'><strong>nihilominus</strong></span> <span class='ocrx_word' id='word_1_594' title='bbox 884 5105 1093 5163; x_wconf 89' lang='lat' dir='ltr'><strong>dicitur</strong></span> <span class='ocrx_word' id='word_1_595' title='bbox 1125 5108 1552 5164; x_wconf 79' lang='lat' dir='ltr'><strong>transfretasse.</strong></span> <span class='ocrx_word' id='word_1_596' title='bbox 1586 5110 1778 5170; x_wconf 86' lang='lat' dir='ltr'><strong>Verbo</strong></span> 
     </span>
     <span class='ocr_line' id='line_1_86' title="bbox 119 5189 1774 5267; baseline 0.003 -20"><span class='ocrx_word' id='word_1_597' title='bbox 119 5195 317 5248; x_wconf 86' lang='lat' dir='ltr'><strong>autem</strong></span> <span class='ocrx_word' id='word_1_598' title='bbox 347 5189 572 5265; x_wconf 86' lang='lat' dir='ltr'><strong>vulgari</strong></span> <span class='ocrx_word' id='word_1_599' title='bbox 601 5192 816 5250; x_wconf 87' lang='lat' dir='ltr'><strong>dicitur</strong></span> <span class='ocrx_word' id='word_1_600' title='bbox 835 5191 1143 5250; x_wconf 88' lang='lat' dir='ltr'><strong>Brachium</strong></span> <span class='ocrx_word' id='word_1_601' title='bbox 1166 5192 1365 5248; x_wconf 84' lang='lat' dir='ltr'><strong>Sancti</strong></span> <span class='ocrx_word' id='word_1_602' title='bbox 1384 5192 1633 5267; x_wconf 89' lang='lat' dir='ltr'><strong>Georgii,</strong></span> <span class='ocrx_word' id='word_1_603' title='bbox 1668 5195 1774 5252; x_wconf 79' lang='lat' dir='ltr'><strong>liiu-</strong></span> 
     </span>
    </p>
   </div>
   <div class='ocr_carea' id='block_1_11' title="bbox 111 5277 1779 5627">
    <p class='ocr_par' dir='ltr' id='par_1_13' title="bbox 111 5277 1779 5627">
     <span class='ocr_line' id='line_1_87' title="bbox 116 5277 1756 5356; baseline 0.003 -20"><span class='ocrx_word' id='word_1_604' title='bbox 116 5294 276 5351; x_wconf 73' lang='lat' dir='ltr'><strong>ropae</strong></span> <span class='ocrx_word' id='word_1_605' title='bbox 305 5277 568 5353; x_wconf 65' lang='lat' dir='ltr'><strong>Asiaque</strong></span> <span class='ocrx_word' id='word_1_606' title='bbox 594 5279 786 5344; x_wconf 89' lang='lat' dir='ltr'><strong>limes.</strong></span> <span class='ocrx_word' id='word_1_607' title='bbox 809 5282 979 5354; x_wconf 77' lang='lat' dir='ltr'><strong>quus</strong></span> <span class='ocrx_word' id='word_1_608' title='bbox 1000 5280 1099 5337; x_wconf 90' lang='lat' dir='ltr'><strong>illa</strong></span> <span class='ocrx_word' id='word_1_609' title='bbox 1118 5285 1206 5337; x_wconf 90' lang='lat' dir='ltr'><strong>est</strong></span> <span class='ocrx_word' id='word_1_610' title='bbox 1226 5279 1552 5354; x_wconf 87' lang='lat' dir='ltr'><strong>longitudo,</strong></span> <span class='ocrx_word' id='word_1_611' title='bbox 1577 5298 1756 5356; x_wconf 87' lang='lat' dir='ltr'><strong>quam</strong></span> 
     </span>
     <span class='ocr_line' id='line_1_88' title="bbox 115 5366 1779 5447; baseline 0.005 -21"><span class='ocrx_word' id='word_1_612' title='bbox 115 5367 403 5426; x_wconf 85' lang='lat' dir='ltr'><strong>diximus.</strong></span> <span class='ocrx_word' id='word_1_613' title='bbox 429 5366 647 5428; x_wconf 84' lang='lat' dir='ltr'><strong>Verum</strong></span> <span class='ocrx_word' id='word_1_614' title='bbox 686 5370 1020 5430; x_wconf 87' lang='lat' dir='ltr'><strong>latitudinis</strong></span> <span class='ocrx_word' id='word_1_615' title='bbox 1048 5387 1167 5429; x_wconf 91' lang='lat' dir='ltr'><strong>non</strong></span> <span class='ocrx_word' id='word_1_616' title='bbox 1215 5374 1307 5428; x_wconf 87' lang='lat' dir='ltr'><strong>est</strong></span> <span class='ocrx_word' id='word_1_617' title='bbox 1356 5387 1779 5447; x_wconf 87' lang='lat' dir='ltr'><strong>usquequaque</strong></span> 
     </span>
     <span class='ocr_line' id='line_1_89' title="bbox 115 5457 1776 5537; baseline 0.005 -22"><span class='ocrx_word' id='word_1_618' title='bbox 115 5458 326 5515; x_wconf 91' lang='lat' dir='ltr'><strong>modus</strong></span> <span class='ocrx_word' id='word_1_619' title='bbox 353 5457 546 5531; x_wconf 86' lang='lat' dir='ltr'><strong>idem;</strong></span> <span class='ocrx_word' id='word_1_620' title='bbox 578 5476 717 5520; x_wconf 90' lang='lat' dir='ltr'><strong>nam</strong></span> <span class='ocrx_word' id='word_1_621' title='bbox 745 5476 852 5537; x_wconf 87' lang='lat' dir='ltr'><strong>pro</strong></span> <span class='ocrx_word' id='word_1_622' title='bbox 881 5458 1280 5534; x_wconf 84' lang='lat' dir='ltr'><strong>adiacentium</strong></span> <span class='ocrx_word' id='word_1_623' title='bbox 1312 5459 1429 5517; x_wconf 92' lang='lat' dir='ltr'><strong>situ</strong></span> <span class='ocrx_word' id='word_1_624' title='bbox 1451 5465 1509 5518; x_wconf 90' lang='lat' dir='ltr'><strong>et</strong></span> <span class='ocrx_word' id='word_1_625' title='bbox 1527 5462 1776 5537; x_wconf 87' lang='lat' dir='ltr'><strong>disposi-</strong></span> 
     </span>
     <span class='ocr_line' id='line_1_90' title="bbox 111 5546 1776 5627; baseline 0.003 -17"><span class='ocrx_word' id='word_1_626' title='bbox 111 5546 276 5610; x_wconf 88' lang='lat' dir='ltr'><strong>tione</strong></span> <span class='ocrx_word' id='word_1_627' title='bbox 299 5546 630 5627; x_wconf 76' lang='lat' dir='ltr'><strong>reglonum,</strong></span> <span class='ocrx_word' id='word_1_628' title='bbox 660 5566 820 5611; x_wconf 88' lang='lat' dir='ltr'><strong>nunc</strong></span> <span class='ocrx_word' id='word_1_629' title='bbox 846 5550 922 5611; x_wconf 83' lang='lat' dir='ltr'><strong>ad</strong></span> <span class='ocrx_word' id='word_1_630' title='bbox 946 5551 1123 5611; x_wconf 79' lang='lat' dir='ltr'><strong>nnius</strong></span> <span class='ocrx_word' id='word_1_631' title='bbox 1133 5549 1503 5611; x_wconf 89' lang='lat' dir='ltr'><strong>contrahitur</strong></span> <span class='ocrx_word' id='word_1_632' title='bbox 1513 5550 1776 5615; x_wconf 86' lang='lat' dir='ltr'><strong>milliarii</strong></span> 
     </span>
    </p>
   </div>
   <div class='ocr_carea' id='block_1_12' title="bbox 1888 3221 3635 3306">
    <p class='ocr_par' dir='ltr' id='par_1_14' title="bbox 1888 3221 3635 3306">
     <span class='ocr_line' id='line_1_91' title="bbox 1888 3221 3635 3306; baseline 0.01 -29"><span class='ocrx_word' id='word_1_633' title='bbox 1888 3225 1953 3277; x_wconf 92' lang='lat' dir='ltr'><strong>ut</strong></span> <span class='ocrx_word' id='word_1_634' title='bbox 1981 3222 2053 3277; x_wconf 96' lang='lat' dir='ltr'><strong>ad</strong></span> <span class='ocrx_word' id='word_1_635' title='bbox 2084 3238 2219 3279; x_wconf 90' lang='lat' dir='ltr'><strong>eum</strong></span> <span class='ocrx_word' id='word_1_636' title='bbox 2249 3221 2532 3280; x_wconf 89' lang='lat' dir='ltr'><strong>introiret.</strong></span> <span class='ocrx_word' id='word_1_637' title='bbox 2567 3226 2674 3294; x_wconf 85' lang='lat' dir='ltr'><strong>Qui</strong></span> <span class='ocrx_word' id='word_1_638' title='bbox 2708 3232 3041 3302; x_wconf 86' lang='lat' dir='ltr'><strong>suspectam</strong></span> <span class='ocrx_word' id='word_1_639' title='bbox 3066 3231 3434 3306; x_wconf 79' lang='lat' dir='ltr'><strong>habensejus</strong></span> <span class='ocrx_word' id='word_1_640' title='bbox 3459 3236 3536 3293; x_wconf 76' lang='lat' dir='ltr'><strong>fa·</strong></span> <span class='ocrx_word' id='word_1_641' title='bbox 3630 3238 3635 3247; x_wconf 93' lang='lat'>&#39;</span> 
     </span>
    </p>
   </div>
   <div class='ocr_carea' id='block_1_13' title="bbox 1883 3312 3544 4904">
    <p class='ocr_par' dir='ltr' id='par_1_15' title="bbox 1883 3312 3544 4904">
     <span class='ocr_line' id='line_1_92' title="bbox 1886 3312 3544 3400; baseline 0.011 -32"><span class='ocrx_word' id='word_1_642' title='bbox 1886 3312 2302 3382; x_wconf 88' lang='lat' dir='ltr'><strong>miliaritatem‚</strong></span> <span class='ocrx_word' id='word_1_643' title='bbox 2336 3319 2395 3373; x_wconf 89' lang='lat' dir='ltr'><strong>et</strong></span> <span class='ocrx_word' id='word_1_644' title='bbox 2423 3316 2779 3391; x_wconf 89' lang='lat' dir='ltr'><strong>colloquium</strong></span> <span class='ocrx_word' id='word_1_645' title='bbox 2831 3322 3240 3395; x_wconf 77' lang='lat' dir='ltr'><strong>reformidans,</strong></span> <span class='ocrx_word' id='word_1_646' title='bbox 3292 3328 3362 3384; x_wconf 85' lang='lat' dir='ltr'><strong>ad</strong></span> <span class='ocrx_word' id='word_1_647' title='bbox 3409 3327 3544 3400; x_wconf 87' lang='lat' dir='ltr'><strong>ejus</strong></span> 
     </span>
     <span class='ocr_line' id='line_1_93' title="bbox 1885 3409 3542 3479; baseline 0.009 -16"><span class='ocrx_word' id='word_1_648' title='bbox 1885 3409 2242 3466; x_wconf 86' lang='lat' dir='ltr'><strong>vocationem</strong></span> <span class='ocrx_word' id='word_1_649' title='bbox 2311 3411 2585 3468; x_wconf 84' lang='lat' dir='ltr'><strong>accedere</strong></span> <span class='ocrx_word' id='word_1_650' title='bbox 2651 3413 2973 3474; x_wconf 82' lang='lat' dir='ltr'><strong>verebatur.</strong></span> <span class='ocrx_word' id='word_1_651' title='bbox 3048 3419 3271 3477; x_wconf 76' lang='lat' dir='ltr'><strong>videns</strong></span> <span class='ocrx_word' id='word_1_652' title='bbox 3347 3428 3542 3479; x_wconf 86' lang='lat' dir='ltr'><strong>tamen</strong></span> 
     </span>
     <span class='ocr_line' id='line_1_94' title="bbox 1884 3498 3537 3582; baseline 0.01 -30"><span class='ocrx_word' id='word_1_653' title='bbox 1884 3498 2040 3568; x_wconf 90' lang='lat' dir='ltr'><strong>quod</strong></span> <span class='ocrx_word' id='word_1_654' title='bbox 2072 3499 2311 3557; x_wconf 89' lang='lat' dir='ltr'><strong>omnino</strong></span> <span class='ocrx_word' id='word_1_655' title='bbox 2341 3507 2492 3557; x_wconf 88' lang='lat' dir='ltr'><strong>esset</strong></span> <span class='ocrx_word' id='word_1_656' title='bbox 2521 3500 2798 3561; x_wconf 87' lang='lat' dir='ltr'><strong>indecens</strong></span> <span class='ocrx_word' id='word_1_657' title='bbox 2827 3511 2886 3562; x_wconf 89' lang='lat' dir='ltr'><strong>et</strong></span> <span class='ocrx_word' id='word_1_658' title='bbox 2925 3511 3125 3564; x_wconf 89' lang='lat' dir='ltr'><strong>contra</strong></span> <span class='ocrx_word' id='word_1_659' title='bbox 3164 3508 3537 3582; x_wconf 85' lang='lat' dir='ltr'><strong>disciplinam</strong></span> 
     </span>
     <span class='ocr_line' id='line_1_95' title="bbox 1886 3585 3532 3671; baseline 0.009 -29"><span class='ocrx_word' id='word_1_660' title='bbox 1886 3585 2225 3660; x_wconf 86' lang='lat' dir='ltr'><strong>honestatis,</strong></span> <span class='ocrx_word' id='word_1_661' title='bbox 2259 3588 2306 3645; x_wconf 94' lang='lat' dir='ltr'><strong>si</strong></span> <span class='ocrx_word' id='word_1_662' title='bbox 2339 3605 2456 3645; x_wconf 92' lang='lat' dir='ltr'><strong>non</strong></span> <span class='ocrx_word' id='word_1_663' title='bbox 2489 3592 2588 3646; x_wconf 87' lang='lat' dir='ltr'><strong>aut</strong></span> <span class='ocrx_word' id='word_1_664' title='bbox 2624 3589 2685 3645; x_wconf 89' lang='lat' dir='ltr'><strong>in</strong></span> <span class='ocrx_word' id='word_1_665' title='bbox 2718 3606 2966 3663; x_wconf 86' lang='lat' dir='ltr'><strong>persona</strong></span> <span class='ocrx_word' id='word_1_666' title='bbox 3006 3596 3239 3668; x_wconf 89' lang='lat' dir='ltr'><strong>propria</strong></span> <span class='ocrx_word' id='word_1_667' title='bbox 3286 3600 3532 3671; x_wconf 89' lang='lat' dir='ltr'><strong>veniret,</strong></span> 
     </span>
     <span class='ocr_line' id='line_1_96' title="bbox 1885 3674 3538 3755; baseline 0.007 -24"><span class='ocrx_word' id='word_1_668' title='bbox 1885 3681 1984 3731; x_wconf 91' lang='lat' dir='ltr'><strong>aut</strong></span> <span class='ocrx_word' id='word_1_669' title='bbox 2005 3674 2209 3734; x_wconf 84' lang='lat' dir='ltr'><strong>saltem</strong></span> <span class='ocrx_word' id='word_1_670' title='bbox 2240 3693 2345 3750; x_wconf 90' lang='lat' dir='ltr'><strong>pro</strong></span> <span class='ocrx_word' id='word_1_671' title='bbox 2366 3693 2429 3733; x_wconf 90' lang='lat' dir='ltr'><strong>se</strong></span> <span class='ocrx_word' id='word_1_672' title='bbox 2458 3675 2699 3734; x_wconf 88' lang='lat' dir='ltr'><strong>idoneos</strong></span> <span class='ocrx_word' id='word_1_673' title='bbox 2715 3680 2969 3738; x_wconf 89' lang='lat' dir='ltr'><strong>mitteret</strong></span> <span class='ocrx_word' id='word_1_674' title='bbox 2990 3685 3393 3755; x_wconf 88' lang='lat' dir='ltr'><strong>responsales:</strong></span> <span class='ocrx_word' id='word_1_675' title='bbox 3428 3702 3538 3743; x_wconf 93' lang='lat' dir='ltr'><strong>no-</strong></span> 
     </span>
     <span class='ocr_line' id='line_1_97' title="bbox 1883 3761 3541 3843; baseline 0.008 -25"><span class='ocrx_word' id='word_1_676' title='bbox 1883 3761 2034 3820; x_wconf 89' lang='lat' dir='ltr'><strong>biles</strong></span> <span class='ocrx_word' id='word_1_677' title='bbox 2084 3764 2235 3822; x_wconf 89' lang='lat' dir='ltr'><strong>viros</strong></span> <span class='ocrx_word' id='word_1_678' title='bbox 2289 3765 2588 3825; x_wconf 87' lang='lat' dir='ltr'><strong>dominum</strong></span> <span class='ocrx_word' id='word_1_679' title='bbox 2636 3765 2930 3826; x_wconf 85' lang='lat' dir='ltr'><strong>Cononem</strong></span> <span class='ocrx_word' id='word_1_680' title='bbox 2979 3772 3051 3828; x_wconf 92' lang='lat' dir='ltr'><strong>de</strong></span> <span class='ocrx_word' id='word_1_681' title='bbox 3099 3771 3293 3830; x_wconf 80' lang='lat' dir='ltr'><strong>Monte</strong></span> <span class='ocrx_word' id='word_1_682' title='bbox 3339 3778 3541 3843; x_wconf 89' lang='lat' dir='ltr'><strong>scuto,</strong></span> 
     </span>
     <span class='ocr_line' id='line_1_98' title="bbox 1887 3851 3532 3932; baseline 0.007 -25"><span class='ocrx_word' id='word_1_683' title='bbox 1887 3851 2191 3909; x_wconf 90' lang='lat' dir='ltr'><strong>dominum</strong></span> <span class='ocrx_word' id='word_1_684' title='bbox 2237 3870 2469 3929; x_wconf 91' lang='lat' dir='ltr'><strong>quoque</strong></span> <span class='ocrx_word' id='word_1_685' title='bbox 2514 3855 2867 3914; x_wconf 88' lang='lat' dir='ltr'><strong>Balduinum</strong></span> <span class='ocrx_word' id='word_1_686' title='bbox 2892 3858 2962 3915; x_wconf 89' lang='lat' dir='ltr'><strong>de</strong></span> <span class='ocrx_word' id='word_1_687' title='bbox 3011 3861 3219 3932; x_wconf 88' lang='lat' dir='ltr'><strong>Burgo,</strong></span> <span class='ocrx_word' id='word_1_688' title='bbox 3255 3865 3314 3918; x_wconf 85' lang='lat' dir='ltr'><strong>et</strong></span> <span class='ocrx_word' id='word_1_689' title='bbox 3335 3862 3532 3918; x_wconf 74' lang='lat' dir='ltr'><strong>ilenri-</strong></span> 
     </span>
     <span class='ocr_line' id='line_1_99' title="bbox 1889 3941 3539 4019; baseline 0.008 -23"><span class='ocrx_word' id='word_1_690' title='bbox 1889 3957 2023 3997; x_wconf 89' lang='lat' dir='ltr'><strong>cum</strong></span> <span class='ocrx_word' id='word_1_691' title='bbox 2056 3941 2126 3997; x_wconf 91' lang='lat' dir='ltr'><strong>de</strong></span> <span class='ocrx_word' id='word_1_692' title='bbox 2156 3942 2367 4011; x_wconf 83' lang='lat' dir='ltr'><strong>Ascha,</strong></span> <span class='ocrx_word' id='word_1_693' title='bbox 2398 3950 2464 4000; x_wconf 91' lang='lat' dir='ltr'><strong>ut</strong></span> <span class='ocrx_word' id='word_1_694' title='bbox 2491 3962 2554 4004; x_wconf 91' lang='lat' dir='ltr'><strong>se</strong></span> <span class='ocrx_word' id='word_1_695' title='bbox 2584 3952 2917 4005; x_wconf 83' lang='lat' dir='ltr'><strong>excusatum</strong></span> <span class='ocrx_word' id='word_1_696' title='bbox 2951 3947 3250 4019; x_wconf 89' lang='lat' dir='ltr'><strong>haberent,</strong></span> <span class='ocrx_word' id='word_1_697' title='bbox 3273 3951 3347 4007; x_wconf 87' lang='lat' dir='ltr'><strong>ad</strong></span> <span class='ocrx_word' id='word_1_698' title='bbox 3368 3967 3539 4009; x_wconf 89' lang='lat' dir='ltr'><strong>eum-</strong></span> 
     </span>
     <span class='ocr_line' id='line_1_100' title="bbox 1890 4030 3541 4104; baseline 0.007 -18"><span class='ocrx_word' id='word_1_699' title='bbox 1890 4031 2022 4087; x_wconf 90' lang='lat' dir='ltr'><strong>dem</strong></span> <span class='ocrx_word' id='word_1_700' title='bbox 2055 4030 2255 4102; x_wconf 91' lang='lat' dir='ltr'><strong>dirigit</strong></span> <span class='ocrx_word' id='word_1_701' title='bbox 2286 4031 2721 4104; x_wconf 89' lang='lat' dir='ltr'><strong>imperatorem.</strong></span> <span class='ocrx_word' id='word_1_702' title='bbox 2752 4036 2860 4101; x_wconf 86' lang='lat' dir='ltr'><strong>Qui</strong></span> <span class='ocrx_word' id='word_1_703' title='bbox 2891 4036 3097 4095; x_wconf 86' lang='lat' dir='ltr'><strong>videns</strong></span> <span class='ocrx_word' id='word_1_704' title='bbox 3120 4038 3344 4096; x_wconf 89' lang='lat' dir='ltr'><strong>domini</strong></span> <span class='ocrx_word' id='word_1_705' title='bbox 3368 4041 3541 4099; x_wconf 85' lang='lat' dir='ltr'><strong>ducis</strong></span> 
     </span>
     <span class='ocr_line' id='line_1_101' title="bbox 1889 4118 3542 4204; baseline 0.007 -27"><span class='ocrx_word' id='word_1_706' title='bbox 1889 4118 2303 4188; x_wconf 87' lang='lat' dir='ltr'><strong>constantiam,</strong></span> <span class='ocrx_word' id='word_1_707' title='bbox 2330 4125 2387 4178; x_wconf 89' lang='lat' dir='ltr'><strong>et</strong></span> <span class='ocrx_word' id='word_1_708' title='bbox 2415 4124 2569 4196; x_wconf 90' lang='lat' dir='ltr'><strong>quod</strong></span> <span class='ocrx_word' id='word_1_709' title='bbox 2600 4141 2735 4181; x_wconf 90' lang='lat' dir='ltr'><strong>eum</strong></span> <span class='ocrx_word' id='word_1_710' title='bbox 2767 4125 2838 4182; x_wconf 91' lang='lat' dir='ltr'><strong>ad</strong></span> <span class='ocrx_word' id='word_1_711' title='bbox 2862 4143 2925 4183; x_wconf 90' lang='lat' dir='ltr'><strong>se</strong></span> <span class='ocrx_word' id='word_1_712' title='bbox 2954 4126 3293 4186; x_wconf 83' lang='lat' dir='ltr'><strong>nullatenus</strong></span> <span class='ocrx_word' id='word_1_713' title='bbox 3345 4135 3542 4204; x_wconf 85' lang='lat' dir='ltr'><strong>posset</strong></span> 
     </span>
     <span class='ocr_line' id='line_1_102' title="bbox 1889 4207 3540 4292; baseline 0.008 -27"><span class='ocrx_word' id='word_1_714' title='bbox 1889 4223 2145 4277; x_wconf 89' lang='lat' dir='ltr'><strong>evocare,</strong></span> <span class='ocrx_word' id='word_1_715' title='bbox 2176 4207 2388 4266; x_wconf 90' lang='lat' dir='ltr'><strong>iterum</strong></span> <span class='ocrx_word' id='word_1_716' title='bbox 2416 4211 2644 4270; x_wconf 84' lang='lat' dir='ltr'><strong>venalia</strong></span> <span class='ocrx_word' id='word_1_717' title='bbox 2691 4214 3006 4274; x_wconf 91' lang='lat' dir='ltr'><strong>interdicit.</strong></span> <span class='ocrx_word' id='word_1_718' title='bbox 3057 4216 3167 4274; x_wconf 90' lang='lat' dir='ltr'><strong>Sed</strong></span> <span class='ocrx_word' id='word_1_719' title='bbox 3218 4234 3408 4292; x_wconf 89' lang='lat' dir='ltr'><strong>neque</strong></span> <span class='ocrx_word' id='word_1_720' title='bbox 3453 4219 3540 4278; x_wconf 90' lang='lat' dir='ltr'><strong>sic</strong></span> 
     </span>
     <span class='ocr_line' id='line_1_103' title="bbox 1888 4297 3539 4375; baseline 0.008 -20"><span class='ocrx_word' id='word_1_721' title='bbox 1888 4297 2212 4355; x_wconf 84' lang='lat' dir='ltr'><strong>constantis</strong></span> <span class='ocrx_word' id='word_1_722' title='bbox 2242 4297 2346 4354; x_wconf 89' lang='lat' dir='ltr'><strong>viri</strong></span> <span class='ocrx_word' id='word_1_723' title='bbox 2378 4299 2644 4358; x_wconf 86' lang='lat' dir='ltr'><strong>animum</strong></span> <span class='ocrx_word' id='word_1_724' title='bbox 2677 4303 2866 4375; x_wconf 88' lang='lat' dir='ltr'><strong>potuit</strong></span> <span class='ocrx_word' id='word_1_725' title='bbox 2891 4303 3157 4364; x_wconf 88' lang='lat' dir='ltr'><strong>emollire</strong></span> <span class='ocrx_word' id='word_1_726' title='bbox 3180 4322 3195 4363; x_wconf 73' lang='grc' dir='ltr'><strong>ε</strong></span> <span class='ocrx_word' id='word_1_727' title='bbox 3221 4309 3374 4366; x_wconf 91' lang='lat' dir='ltr'><strong>unde</strong></span> <span class='ocrx_word' id='word_1_728' title='bbox 3403 4325 3539 4368; x_wconf 85' lang='lat' dir='ltr'><strong>ma·-</strong></span> 
     </span>
     <span class='ocr_line' id='line_1_104' title="bbox 1889 4389 3537 4470; baseline 0.009 -29"><span class='ocrx_word' id='word_1_729' title='bbox 1889 4403 2033 4443; x_wconf 91' lang='lat' dir='ltr'><strong>num</strong></span> <span class='ocrx_word' id='word_1_730' title='bbox 2067 4402 2406 4460; x_wconf 84' lang='lat' dir='ltr'><strong>aggravans,</strong></span> <span class='ocrx_word' id='word_1_731' title='bbox 2432 4389 2592 4448; x_wconf 87' lang='lat' dir='ltr'><strong>misit</strong></span> <span class='ocrx_word' id='word_1_732' title='bbox 2619 4392 2840 4450; x_wconf 90' lang='lat' dir='ltr'><strong>occulte</strong></span> <span class='ocrx_word' id='word_1_733' title='bbox 2860 4394 3196 4466; x_wconf 83' lang='lat' dir='ltr'><strong>sagittarios</strong></span> <span class='ocrx_word' id='word_1_734' title='bbox 3217 4397 3344 4470; x_wconf 91' lang='lat' dir='ltr'><strong>qui,</strong></span> <span class='ocrx_word' id='word_1_735' title='bbox 3368 4401 3537 4458; x_wconf 83' lang='lat' dir='ltr'><strong>navi-</strong></span> 
     </span>
     <span class='ocr_line' id='line_1_105' title="bbox 1891 4475 3540 4555; baseline 0.009 -25"><span class='ocrx_word' id='word_1_736' title='bbox 1891 4475 2003 4532; x_wconf 90' lang='lat' dir='ltr'><strong>bus</strong></span> <span class='ocrx_word' id='word_1_737' title='bbox 2031 4475 2243 4533; x_wconf 89' lang='lat' dir='ltr'><strong>invecti</strong></span> <span class='ocrx_word' id='word_1_738' title='bbox 2271 4478 2340 4533; x_wconf 87' lang='lat' dir='ltr'><strong>ad</strong></span> <span class='ocrx_word' id='word_1_739' title='bbox 2370 4495 2498 4536; x_wconf 91' lang='lat' dir='ltr'><strong>eam</strong></span> <span class='ocrx_word' id='word_1_740' title='bbox 2535 4486 2758 4553; x_wconf 88' lang='lat' dir='ltr'><strong>partem</strong></span> <span class='ocrx_word' id='word_1_741' title='bbox 2807 4482 2869 4540; x_wconf 90' lang='lat' dir='ltr'><strong>in</strong></span> <span class='ocrx_word' id='word_1_742' title='bbox 2899 4500 3015 4555; x_wconf 92' lang='lat' dir='ltr'><strong>qua</strong></span> <span class='ocrx_word' id='word_1_743' title='bbox 3044 4485 3160 4541; x_wconf 80' lang='lat' dir='ltr'><strong>dux</strong></span> <span class='ocrx_word' id='word_1_744' title='bbox 3207 4492 3401 4544; x_wconf 84' lang='lat' dir='ltr'><strong>castra</strong></span> <span class='ocrx_word' id='word_1_745' title='bbox 3445 4487 3540 4546; x_wconf 88' lang='lat' dir='ltr'><strong>lo·</strong></span> 
     </span>
     <span class='ocr_line' id='line_1_106' title="bbox 1884 4567 3530 4648; baseline 0.007 -26"><span class='ocrx_word' id='word_1_746' title='bbox 1884 4567 2134 4632; x_wconf 85' lang='lat' dir='ltr'><strong>caverat,</strong></span> <span class='ocrx_word' id='word_1_747' title='bbox 2167 4567 2584 4638; x_wconf 83' lang='lat' dir='ltr'><strong>pervenientes,</strong></span> <span class='ocrx_word' id='word_1_748' title='bbox 2635 4587 2867 4629; x_wconf 90' lang='lat' dir='ltr'><strong>summo</strong></span> <span class='ocrx_word' id='word_1_749' title='bbox 2906 4589 3076 4630; x_wconf 86' lang='lat' dir='ltr'><strong>mane</strong></span> <span class='ocrx_word' id='word_1_750' title='bbox 3126 4573 3187 4631; x_wconf 91' lang='lat' dir='ltr'><strong>in</strong></span> <span class='ocrx_word' id='word_1_751' title='bbox 3235 4575 3365 4648; x_wconf 89' lang='lat' dir='ltr'><strong>ipso</strong></span> <span class='ocrx_word' id='word_1_752' title='bbox 3414 4574 3530 4634; x_wconf 88' lang='lat' dir='ltr'><strong>diei</strong></span> 
     </span>
     <span class='ocr_line' id='line_1_107' title="bbox 1886 4653 3538 4734; baseline 0.009 -27"><span class='ocrx_word' id='word_1_753' title='bbox 1886 4653 2226 4725; x_wconf 89' lang='lat' dir='ltr'><strong>crepusculo</strong></span> <span class='ocrx_word' id='word_1_754' title='bbox 2258 4655 2470 4713; x_wconf 87' lang='lat' dir='ltr'><strong>mullos</strong></span> <span class='ocrx_word' id='word_1_755' title='bbox 2502 4672 2569 4713; x_wconf 88' lang='lat' dir='ltr'><strong>ex</strong></span> <span class='ocrx_word' id='word_1_756' title='bbox 2591 4660 2804 4715; x_wconf 89' lang='lat' dir='ltr'><strong>nostris</strong></span> <span class='ocrx_word' id='word_1_757' title='bbox 2831 4659 2931 4732; x_wconf 92' lang='lat' dir='ltr'><strong>qui</strong></span> <span class='ocrx_word' id='word_1_758' title='bbox 2963 4661 3035 4716; x_wconf 91' lang='lat' dir='ltr'><strong>ad</strong></span> <span class='ocrx_word' id='word_1_759' title='bbox 3068 4677 3227 4718; x_wconf 87' lang='lat' dir='ltr'><strong>mare</strong></span> <span class='ocrx_word' id='word_1_760' title='bbox 3255 4663 3538 4734; x_wconf 87' lang='lat' dir='ltr'><strong>exierant,</strong></span> 
     </span>
     <span class='ocr_line' id='line_1_108' title="bbox 1886 4741 3538 4822; baseline 0.007 -24"><span class='ocrx_word' id='word_1_761' title='bbox 1886 4741 2077 4814; x_wconf 87' lang='lat' dir='ltr'><strong>etqui</strong></span> <span class='ocrx_word' id='word_1_762' title='bbox 2123 4743 2194 4800; x_wconf 89' lang='lat' dir='ltr'><strong>de</strong></span> <span class='ocrx_word' id='word_1_763' title='bbox 2242 4743 2511 4802; x_wconf 86' lang='lat' dir='ltr'><strong>fenestris</strong></span> <span class='ocrx_word' id='word_1_764' title='bbox 2556 4746 3027 4818; x_wconf 88' lang='lat' dir='ltr'><strong>speculabantur,</strong></span> <span class='ocrx_word' id='word_1_765' title='bbox 3076 4750 3310 4822; x_wconf 86' lang='lat' dir='ltr'><strong>sagittis</strong></span> <span class='ocrx_word' id='word_1_766' title='bbox 3331 4752 3538 4810; x_wconf 78' lang='lat' dir='ltr'><strong>confo-</strong></span> 
     </span>
     <span class='ocr_line' id='line_1_109' title="bbox 1888 4831 2894 4904; baseline 0.007 -17"><span class='ocrx_word' id='word_1_767' title='bbox 1888 4831 2121 4901; x_wconf 89' lang='lat' dir='ltr'><strong>derunt,</strong></span> <span class='ocrx_word' id='word_1_768' title='bbox 2153 4832 2424 4904; x_wconf 88' lang='lat' dir='ltr'><strong>plurimis</strong></span> <span class='ocrx_word' id='word_1_769' title='bbox 2454 4834 2894 4894; x_wconf 83' lang='lat' dir='ltr'><strong>interficientes.</strong></span> 
     </span>
    </p>
   </div>
   <div class='ocr_carea' id='block_1_14' title="bbox 2504 4941 2924 5002">
    <p class='ocr_par' dir='ltr' id='par_1_16' title="bbox 2504 4941 2924 5002">
     <span class='ocr_line' id='line_1_110' title="bbox 2504 4941 2924 5002; baseline 0.01 -5"><span class='ocrx_word' id='word_1_770' title='bbox 2504 4941 2738 4998; x_wconf 82' lang='lat' dir='ltr'>CAPUT</span> <span class='ocrx_word' id='word_1_771' title='bbox 2769 4942 2924 5002; x_wconf 89' lang='lat' dir='ltr'><strong>v111.</strong></span> 
     </span>
    </p>
   </div>
   <div class='ocr_carea' id='block_1_15' title="bbox 1887 5028 3537 5178">
    <p class='ocr_par' dir='ltr' id='par_1_17' title="bbox 1887 5028 3537 5178">
     <span class='ocr_line' id='line_1_111' title="bbox 1887 5028 3537 5108; baseline 0.004 -19"><span class='ocrx_word' id='word_1_772' title='bbox 1887 5030 1969 5089; x_wconf 74' lang='lat' dir='ltr'><strong>Ad</strong></span> <span class='ocrx_word' id='word_1_773' title='bbox 1997 5028 2189 5085; x_wconf 81' lang='lat' dir='ltr'><strong>urbem</strong></span> <span class='ocrx_word' id='word_1_774' title='bbox 2211 5029 2506 5085; x_wconf 79' lang='lat' dir='ltr'><strong>revertitur</strong></span> <span class='ocrx_word' id='word_1_775' title='bbox 2531 5033 2819 5098; x_wconf 76' lang='lat' dir='ltr'><strong>exercitus,</strong></span> <span class='ocrx_word' id='word_1_776' title='bbox 2850 5037 2903 5090; x_wconf 75' lang='lat' dir='ltr'><strong>et</strong></span> <span class='ocrx_word' id='word_1_777' title='bbox 2923 5037 3121 5108; x_wconf 75' lang='lat' dir='ltr'><strong>inycnr</strong></span> <span class='ocrx_word' id='word_1_778' title='bbox 3162 5052 3351 5108; x_wconf 70' lang='lat' dir='ltr'><strong>puqna</strong></span> <span class='ocrx_word' id='word_1_779' title='bbox 3388 5054 3537 5097; x_wconf 73' lang='lat' dir='ltr'><strong>rom-</strong></span> 
     </span>
     <span class='ocr_line' id='line_1_112' title="bbox 2134 5099 3373 5178; baseline 0.009 -22"><span class='ocrx_word' id='word_1_780' title='bbox 2134 5099 2398 5156; x_wconf 77' lang='lat' dir='ltr'><strong>mittitur.</strong></span> <span class='ocrx_word' id='word_1_781' title='bbox 2431 5105 2748 5160; x_wconf 65' lang='lat' dir='ltr'><strong>Graecorum</strong></span> <span class='ocrx_word' id='word_1_782' title='bbox 2773 5103 2836 5173; x_wconf 72' lang='lat' dir='ltr'><strong>fit</strong></span> <span class='ocrx_word' id='word_1_783' title='bbox 2862 5109 3066 5178; x_wconf 73' lang='lat' dir='ltr'><strong>stt-apes</strong></span> <span class='ocrx_word' id='word_1_784' title='bbox 3097 5112 3373 5168; x_wconf 74' lang='lat' dir='ltr'><strong>maxima.</strong></span> 
     </span>
    </p>
   </div>
   <div class='ocr_carea' id='block_1_16' title="bbox 1883 5191 3537 5629">
    <p class='ocr_par' dir='ltr' id='par_1_18' title="bbox 1883 5191 3537 5629">
     <span class='ocr_line' id='line_1_113' title="bbox 1959 5191 3535 5268; baseline 0.009 -20"><span class='ocrx_word' id='word_1_785' title='bbox 1959 5191 2123 5260; x_wconf 86' lang='lat' dir='ltr'><strong>Quod</strong></span> <span class='ocrx_word' id='word_1_786' title='bbox 2154 5194 2464 5264; x_wconf 89' lang='lat' dir='ltr'><strong>postquam</strong></span> <span class='ocrx_word' id='word_1_787' title='bbox 2496 5193 2629 5250; x_wconf 89' lang='lat' dir='ltr'><strong>duci</strong></span> <span class='ocrx_word' id='word_1_788' title='bbox 2660 5197 2996 5255; x_wconf 86' lang='lat' dir='ltr'><strong>nuntiatum</strong></span> <span class='ocrx_word' id='word_1_789' title='bbox 3041 5203 3153 5268; x_wconf 86' lang='lat' dir='ltr'><strong>est,</strong></span> <span class='ocrx_word' id='word_1_790' title='bbox 3202 5204 3535 5261; x_wconf 89' lang='lat' dir='ltr'><strong>convocatis</strong></span> 
     </span>
     <span class='ocr_line' id='line_1_114' title="bbox 1884 5281 3537 5364; baseline 0.006 -23"><span class='ocrx_word' id='word_1_791' title='bbox 1884 5282 2083 5357; x_wconf 89' lang='lat' dir='ltr'><strong>populi</strong></span> <span class='ocrx_word' id='word_1_792' title='bbox 2115 5281 2496 5354; x_wconf 90' lang='lat' dir='ltr'><strong>principibus,</strong></span> <span class='ocrx_word' id='word_1_793' title='bbox 2527 5283 2598 5341; x_wconf 89' lang='lat' dir='ltr'><strong>de</strong></span> <span class='ocrx_word' id='word_1_794' title='bbox 2618 5289 2917 5345; x_wconf 88' lang='lat' dir='ltr'><strong>communi</strong></span> <span class='ocrx_word' id='word_1_795' title='bbox 2945 5289 3193 5345; x_wconf 89' lang='lat' dir='ltr'><strong>consilio</strong></span> <span class='ocrx_word' id='word_1_796' title='bbox 3213 5290 3374 5347; x_wconf 83' lang='lat' dir='ltr'><strong>l&#39;ratri</strong></span> <span class='ocrx_word' id='word_1_797' title='bbox 3392 5308 3537 5364; x_wconf 75' lang='lat' dir='ltr'><strong>prae·</strong></span> 
     </span>
     <span class='ocr_line' id='line_1_115' title="bbox 1886 5373 3529 5450; baseline 0.005 -20"><span class='ocrx_word' id='word_1_798' title='bbox 1886 5373 2057 5445; x_wconf 89' lang='lat' dir='ltr'><strong>cepit,</strong></span> <span class='ocrx_word' id='word_1_799' title='bbox 2092 5373 2156 5427; x_wconf 91' lang='lat' dir='ltr'><strong>ut</strong></span> <span class='ocrx_word' id='word_1_800' title='bbox 2183 5374 2488 5441; x_wconf 83' lang='lat' dir='ltr'><strong>assumpta</strong></span> <span class='ocrx_word' id='word_1_801' title='bbox 2517 5377 2678 5442; x_wconf 88' lang='lat' dir='ltr'><strong>parte</strong></span> <span class='ocrx_word' id='word_1_802' title='bbox 2710 5375 2929 5432; x_wconf 73' lang='lat' dir='ltr'><strong>mititte</strong></span> <span class='ocrx_word' id='word_1_803' title='bbox 2978 5381 3248 5449; x_wconf 80' lang='lat' dir='ltr'><strong>properet</strong></span> <span class='ocrx_word' id='word_1_804' title='bbox 3296 5383 3529 5450; x_wconf 90' lang='lat' dir='ltr'><strong>pontem</strong></span> 
     </span>
     <span class='ocr_line' id='line_1_116' title="bbox 1883 5463 3537 5544; baseline 0.003 -22"><span class='ocrx_word' id='word_1_805' title='bbox 1883 5476 2190 5534; x_wconf 89' lang='lat' dir='ltr'><strong>occupare,</strong></span> <span class='ocrx_word' id='word_1_806' title='bbox 2214 5475 2318 5532; x_wconf 90' lang='lat' dir='ltr'><strong>per</strong></span> <span class='ocrx_word' id='word_1_807' title='bbox 2344 5475 2518 5531; x_wconf 88' lang='lat' dir='ltr'><strong>quem</strong></span> <span class='ocrx_word' id='word_1_808' title='bbox 2548 5463 2922 5534; x_wconf 86' lang='lat' dir='ltr'><strong>transierant,</strong></span> <span class='ocrx_word' id='word_1_809' title='bbox 2953 5481 3024 5522; x_wconf 91' lang='lat' dir='ltr'><strong>ne</strong></span> <span class='ocrx_word' id='word_1_810' title='bbox 3071 5464 3132 5522; x_wconf 91' lang='lat' dir='ltr'><strong>in</strong></span> <span class='ocrx_word' id='word_1_811' title='bbox 3175 5464 3294 5523; x_wconf 90' lang='lat' dir='ltr'><strong>illis</strong></span> <span class='ocrx_word' id='word_1_812' title='bbox 3337 5483 3537 5544; x_wconf 88' lang='lat' dir='ltr'><strong>angn-</strong></span> 
     </span>
     <span class='ocr_line' id='line_1_117' title="bbox 1884 5547 3529 5629; baseline 0.006 -19"><span class='ocrx_word' id='word_1_813' title='bbox 1884 5550 2013 5610; x_wconf 88' lang='lat' dir='ltr'><strong>stiis</strong></span> <span class='ocrx_word' id='word_1_814' title='bbox 2040 5547 2366 5622; x_wconf 86' lang='lat' dir='ltr'><strong>intercepti,</strong></span> <span class='ocrx_word' id='word_1_815' title='bbox 2397 5553 2590 5623; x_wconf 78' lang='lat' dir='ltr'><strong>gentis</strong></span> <span class='ocrx_word' id='word_1_816' title='bbox 2618 5567 2739 5611; x_wconf 71' lang='lat' dir='ltr'><strong>sua</strong></span> <span class='ocrx_word' id='word_1_817' title='bbox 2755 5553 3062 5629; x_wconf 87' lang='lat' dir='ltr'><strong>dispendia</strong></span> <span class='ocrx_word' id='word_1_818' title='bbox 3083 5553 3401 5629; x_wconf 87' lang='lat' dir='ltr'><strong>patiantur.</strong></span> <span class='ocrx_word' id='word_1_819' title='bbox 3425 5558 3529 5625; x_wconf 88' lang='lat' dir='ltr'><strong>Ille</strong></span> 
     </span>
    </p>
   </div>
  </div>
 </body>
</html>
