3784 6000
163 279 312 338 {233

1170 277 1535 337 EPISTOLAE
1567 278 1654 336 ΕΤ
1692 275 2145 338 PRIVILEGtA.
2185 306 2256 321 -
2293 276 2409 334 AN.
2452 275 2610 336 1184.

3434 277 3575 338 1234

147 406 313 480 qnod
343 404 674 472 consuevit,
700 404 1043 461 honoretur.
1078 405 1141 460 ln
1173 404 1424 462 ecclesia
1448 407 1506 462 S.
1552 402 1798 463 loannis
1831 385 2206 460 tbi-correctio
2243 417 2382 459 vero
2429 402 2489 459 in
2526 403 2934 476 spiritualibus
2963 404 3279 477 pertinebit
3327 404 3407 462 ad
3449 405 3574 478 epi·

143 495 220 554 de
244 494 554 553 casanello
585 492 768 551 semel
797 493 859 549 in
888 508 1050 550 anno
1090 494 1216 567 ipse
1246 493 1336 550 vel
1373 494 1504 566 ejus
1551 494 1796 550 nuntius

143 584 471 644 honorilice
496 584 859 657 suscipiatur
880 588 937 639 et
976 588 1343 655 procuretur,
1370 582 1668 656 capellani
1689 599 1798 640 au·

142 678 258 731 tem
302 673 724 747 praedictarum
771 671 1182 737 ecclesiarum,
1215 671 1435 728 scilicet
1464 675 1522 730 S.
1547 671 1797 729 loannis

142 763 203 820 in
233 763 449 828 insula,
488 768 545 819 et
580 765 637 820 S.
673 762 864 819 Mariae
894 761 969 817 de
1016 764 1315 828 Ronzano,
1346 765 1403 818 et
1439 761 1653 834 reliqui
1677 760 1796 817 cle-

141 852 244 910 rici
271 853 375 926 qui
417 857 556 909 sunt
582 853 643 909 in
667 850 1086 925 ipsiscapellis,
1118 851 1352 907 dabunt
1377 852 1662 925 episcopo
1698 866 1795 908 ca-

138 940 557 1008 thedraticum,
582 947 639 998 et
666 956 819 1013 quos
839 941 1157 1013 episcopus
1182 939 1795 997 excommunicaverit

138 1030 213 1087 de
243 1029 619 1103 parochianis
644 1029 790 1096 suis,
833 1028 925 1085 vel
956 1027 1032 1084 de
1064 1026 1289 1095 clericis
1318 1028 1700 1086 manentibus
1729 1029 1792 1086 in

138 1118 402 1190 capellis,
429 1118 507 1175 ad
527 1119 1018 1175 communionem
1044 1117 1159 1189 ipsi
1174 1131 1296 1174 non
1314 1117 1646 1174 admittent.
1669 1116 1791 1175 cle-

135 1207 239 1264 rici
265 1222 475 1264 curam
515 1207 858 1265 animarum
889 1210 1182 1276 gerentes,
1205 1210 1260 1261 et
1296 1206 1485 1262 vocati
1519 1205 1596 1264 ad
1615 1220 1791 1279 syno-

131 1297 281 1352 dum
305 1297 563 1363 venient,
604 1300 662 1352 et
688 1310 843 1367 quos
870 1295 1190 1367 episcopus
1218 1293 1296 1352 ad
1326 1309 1534 1352 curam
1562 1296 1791 1354 anima·

133 1401 267 1441 rum
294 1383 691 1459 promovebit,
715 1383 1059 1440 fidelitatem
1087 1383 1137 1440 ei
1161 1383 1497 1442 etecclesioe
1528 1386 1786 1443 Pennen.

125 1473 434 1546 jurabunt.
463 1476 540 1530 De
570 1471 803 1546 capella
832 1488 968 1530 vero
998 1475 1053 1529 S.
1081 1473 1333 1530 loannis
1358 1473 1420 1531 in
1450 1474 1784 1542 casanello,

129 1578 269 1637 quoe
289 1567 377 1619 est
403 1562 465 1619 in
501 1566 639 1619 Atro
663 1561 873 1626 Veteri,
904 1560 1121 1618 habeat
1152 1562 1476 1635 episcopus
1507 1568 1787 1636 quartam

129 1651 522 1717 decimarum,
553 1655 611 1708 et
641 1651 1129 1717 mortuariorum,
1153 1654 1212 1706 et
1249 1650 1344 1707 ille
1371 1652 1475 1724 qui
1516 1650 1598 1708 ibi
1639 1653 1789 1723 gerit

1908 506 2185 563 scopum,
2236 492 2297 548 in
2327 492 2761 564 temporalibus
2790 494 2870 550 ad
2893 493 3203 551 abbatem.
3257 494 3566 553 Manifesta

1907 581 2314 637 sanecrimina
2326 583 2600 637 omnium
2613 581 2895 640 laicorum
2910 583 3408 655 parochianorum
3423 600 3565 657 prm-

1905 667 2202 725 dictarum
2223 669 2612 727 ecclesiarum
2634 671 2960 728 referentur
2983 672 3062 728 ad
3083 672 3459 745 episcopum.
3487 675 3556 732 Ut

1905 764 2105 814 autem
2132 757 2477 815 haecomnia
2502 766 2861 832 perpetuum
2874 761 3059 817 robur
3089 760 3387 817 firmitatis
3415 761 3567 820 obti-

1904 847 2428 920 neant,praesentis
2443 849 2753 920 scripturae
2778 849 3068 922 paginam
3093 854 3438 906 nostrorum
3485 849 3564 906 si·

1904 934 2181 1006 gillorum
2210 937 2599 1009 impressione
2647 938 3037 1010 signavimus.
3088 939 3237 994 Acta
3283 942 3422 995 sunt
3450 938 3568 998 ista

1902 1025 1963 1080 in
1988 1025 2220 1082 civitate
2250 1026 2557 1098 Anagniae,
2587 1042 2751 1083 anno
2770 1027 2941 1084 Dom.
2978 1028 3133 1094 ¹183,
3177 1026 3564 1100 pontificatus

1905 1114 1969 1168 D.
1999 1115 2185 1170 nostri
2218 1115 2374 1171 Lucii
2399 1116 2466 1171 ΙΙΙ
2493 1131 2667 1187 papoe
2697 1131 2860 1173 anno
2900 1115 3092 1184 tertio,
3114 1115 3240 1172 ind.
3280 1131 3342 1182 ιι,
3367 1131 3561 1174 mens.

1903 1202 2189 1260 Decemb.
2220 1203 2316 1261 die
2344 1207 2431 1259 22.
2453 1223 2481 1256 i>
2503 1206 2662 1261 Hanc
2684 1205 2863 1275 igitur
2877 1204 3382 1278 compositionem
3403 1205 3562 1263 sicut

1901 1291 2052 1349 iuter
2082 1306 2189 1348 vos
2217 1293 2370 1350 sacta
2399 1297 2486 1350 est
2515 1299 2572 1351 et
2603 1298 2862 1366 recepta,
2898 1298 2959 1351 ut
2986 1294 3259 1365 superius
3280 1292 3357 1351 de
3379 1293 3563 1352 verbo

1898 1381 1978 1438 ad
1991 1381 2242 1439 verbum
2255 1380 2701 1447 adnotavimus,
2713 1382 3063 1440 auctoritate
3076 1381 3407 1455 apostolica
3425 1397 3564 1439 con·

1898 1470 2234 1538 firmamus,
2269 1478 2325 1528 et
2356 1472 2668 1543 proesentis
2689 1471 2893 1544 scripti
2920 1470 3253 1545 patrocinio
3283 1486 3563 1528 commu-

1897 1559 2119 1626 nimus,
2150 1565 2475 1617 statuentes
2504 1564 2567 1616 ut
2591 1560 2739 1616 nulli
2765 1560 3011 1617 omnino
3043 1560 3358 1617 hominum
3384 1559 3560 1618 liceat

1896 1647 2054 1704 hane
2099 1650 2387 1720 paginam
2427 1654 2644 1706 nostroe
2681 1648 3159 1705 confirmationis
3215 1647 3559 1721 infringere,

129 1755 337 1797 curam
366 1740 730 1802 animarum,
756 1737 980 1811 jurabit
1004 1738 1345 1796 fidelitatem
1376 1741 1633 1798 Pennen.
1667 1743 1786 1815 epi·
1818 1742 1866 1808 Β
1896 1735 1990 1793 vel
2027 1736 2080 1793 ei
2107 1753 2264 1794 ausu
2291 1738 2606 1796 temerario
2633 1737 2957 1805 contraire;
2980 1738 3029 1794 si
3049 1738 3187 1810 quis
3217 1743 3420 1795 autem
3442 1737 3561 1796 hoc

129 1845 336 1901 scopo,
377 1833 432 1886 et
466 1829 757 1886 Pennensi
812 1827 1083 1885 sscslesiae
1107 1846 1126 1901 ;
1155 1827 1348 1886 abbas
1375 1844 1514 1886 vero
1541 1828 1787 1887 habebit

128 1917 310 1991 pleno
331 1919 465 1991 iure
515 1917 952 1975 institutionem
1004 1921 1062 1974 et
1097 1917 1540 1976 destitutionem
1589 1919 1650 1976 in
1690 1920 1784 1977 his

125 2007 393 2081 quinque
422 2006 705 2074 eeclesiis,
729 2005 950 2064 scilicet
979 2006 1040 2063 in
1071 2007 1128 2064 S.
1168 2007 1420 2065 Ioannis
1450 2006 1526 2065 de
1556 2008 1781 2077 insula,

128 2097 185 2155 S.
208 2097 404 2154 Μαι-ιω
433 2094 512 2152 ad
533 2098 897 2166 Roozanum,
925 2095 982 2153 S.
1002 2096 1249 2153 loannis
1277 2095 1338 2152 ιιι
1360 2095 1693 2163 casanello,
1724 2097 1783 2154 S.

124 2183 351 2243 Nieolai
380 2186 440 2241 ιιι
463 2183 753 2251 Galbano,
784 2186 842 2241 S.
863 2183 1186 2242 Salvatoris
1210 2183 1287 2243 ad
1303 2184 1534 2243 Fanum
1562 2204 1582 2254 ς
1615 2191 1672 2242 et
1699 2185 1784 2242 in-

124 2275 439 2332 terdictum
469 2272 634 2348 quod
661 2273 790 2345 ipse
822 2273 1088 2346 posuerit
1114 2273 1174 2330 in
1218 2274 1347 2346 jam
1399 2272 1573 2330 dictis
1595 2274 1784 2332 eccle·

124 2363 247 2435 siis,
300 2368 355 2421 et
392 2379 546 2438 quos
577 2363 1182 2420 excommunicaverit
1226 2363 1301 2420 de
1339 2363 1651 2421 monacbis
1690 2364 1785 2423 vel

121 2451 347 2511 clericis
370 2453 754 2510 manentibus
775 2453 836 2508 in
850 2452 1142 2525 praedictis
1154 2453 1436 2518 ecelesiis,
1461 2453 1784 2527 episcopus

122 2556 245 2599 non
270 2541 557 2600 absolvet.
583 2541 642 2598 Si
680 2557 834 2615 quos
864 2541 944 2598 ad
974 2556 1178 2598 sacros
1207 2540 1451 2598 ordines
1474 2541 1550 2598 de
1576 2558 1784 2600 mona·

118 2630 244 2687 chis
266 2630 360 2687 vel
384 2630 610 2688 clericis
641 2630 747 2705 qui
779 2635 919 2687 sunt
948 2630 1008 2686 in
1038 2628 1213 2687 dictis
1237 2629 1524 2697 ecelesiis,
1555 2631 1784 2703 episeo-

119 2736 236 2794 pus
252 2719 650 2794 promovebit,
670 2719 1002 2794 nonexiget
1028 2718 1106 2776 ab
1124 2719 1208 2777 eis
1219 2719 1242 2791 j
1253 2727 1654 2786 uramentum,
1668 2719 1779 2777 nisi

118 2807 465 2883 promoveat
478 2824 583 2866 eos
601 2809 679 2866 ad
697 2825 905 2865 curam
922 2810 1266 2866 animarum
1281 2808 1638 2880 gerendam:
1663 2811 1779 2882 pri·

112 2898 331 2970 vilegia
359 2914 504 2955 sane
562 2899 619 2957 S.
670 2901 954 2955 Romanae
996 2898 1266 2955 Ecclesiae
1319 2898 1684 2955 monasterio
1715 2900 1773 2956 S.

117 2988 333 3056 Quirici
373 2987 605 3047 indulta
649 2988 973 3061 episcopus
1010 2986 1385 3046 conservabit
1417 2987 1661 3052 illibata,
1693 2988 1774 3047 ita

1896 1830 2185 1884 attentare
2198 1827 2667 1900 proesumpserit,
2681 1826 3158 1899 indignationem
3180 1826 3558 1899 omnipoten-

1897 1914 1969 1971 tis
2002 1915 2100 1971 Dei
2129 1919 2186 1972 et
2223 1914 2330 1971 Ba.
2373 1914 2527 1972 Petri
2567 1920 2624 1971 et
2645 1914 2803 1971 Pauli
2856 1915 3274 1987 apostolorum
3312 1914 3444 1986 eJus
3488 1930 3553 1971 se

1896 2005 2127 2062 noverit
2153 2005 2558 2062 incursurum.

1969 2095 2183 2151 Datum
2210 2094 2519 2166 Anagnioe,
2550 2110 2650 2150 xiv
2678 2093 2806 2151 Kal.
2843 2092 3163 2151 Februarii.

1999 2289 2352 2348 Monasterii
2380 2287 2739 2348 Lenonensis
2764 2289 3087 2361 privileqia
3113 2289 3445 2361 confirmat.

2383 2379 2713 2452 (Anagniae,
2749 2379 2915 2435 Febr.
2954 2378 3065 2450 16.)

1889 2466 2152 2541 monica,
2184 2468 2358 2527 Mem.
2378 2483 2536 2540 pour
2551 2463 2788 2525 set-vird
2815 2467 2996 2524 vaist.
3020 2467 3094 2524 de
3123 2468 3313 2533 Bret„
3339 2467 3383 2533 1.
3401 2465 3554 2541 689.]

1963 2557 2171 2615 Lucius
2200 2558 2537 2631 episeopus,
2567 2573 2772 2614 servus
2802 2571 3114 2613 servorum
3169 2555 3288 2622 Dei,
3321 2554 3554 2612 dilectis

1891 2645 2027 2702 filiis
2064 2646 2247 2720 priori
2275 2652 2332 2702 et
2359 2645 2671 2702 monachis
2696 2644 2955 2701 coenobii
2979 2642 3370 2708 Lehonensis,
3393 2642 3551 2700 salu·

1890 2739 2010 2792 tem
2036 2739 2094 2791 et
2121 2734 2518 2808 apostolicam
2550 2733 3057 2790 benedictionem.

1959 2826 2262 2892 Quantum
2286 2823 2713 2881 monasterium
2728 2826 3014 2887 vestrum,
3035 2836 3144 2894 pro
3156 2836 3342 2878 eausa
3358 2836 3546 2894 quam

1885 2912 2180 2970 adversus
2194 2911 2537 2970 coenobium
2552 2913 2589 2968 S
2601 2955 2614 2967 .
2631 2910 2887 2983 maglorii
2904 2910 3247 2967 parisiensis
3261 2909 3549 2967 habuisse

1882 3002 2253 3074 dignoscitur
2270 3018 2468 3059 rerum
2491 3017 2741 3058 suarum
2761 2999 3188 3058 detrimentum
3212 2998 3545 3072 incurrerit,

118 3083 317 3136 ‘amen
331 3083 396 3135 ¹³²
429 3078 675 3152 proefata
696 3078 813 3134 Sint
842 3078 1145 3150 privilegi&
1166 3076 1357 3143 Salva·
1392 3077 1597 3148 etiam
1614 3075 1774 3135 dict&
1806 3101 1850 3165 g
1882 3106 1993 3149 nos
2015 3091 2197 3151 latere
2228 3107 2350 3148 non
2404 3094 2614 3163 potest.
2662 3090 2767 3163 qui
2798 3090 2970 3147 toties
2998 3087 3310 3162 querelam
3347 3089 3547 3161 ipsam

114 3168 497 3235 monasteria,
525 3174 579 3224 et
612 3166 820 3224 omnia
840 3166 995 3223 infra
1035 3167 1165 3236 ipsa
1191 3165 1556 3222 monasteria
1579 3166 1773 3223 consi·

112 3255 325 3314 stentia
352 3256 543 3314 sintin
586 3255 969 3327 dispositione
993 3254 1252 3319 abbatis,
1282 3259 1340 3311 et
1367 3253 1534 3312 salva
1551 3254 1670 3310 sint
1696 3271 1771 3314 ea

109 3360 246 3419 quae
278 3345 336 3401 in
365 3346 478 3402 hac
498 3345 822 3402 concordia
835 3344 1230 3401 continentur.
1253 3342 1558 3399 Monachis
1583 3342 1767 3400 etele-

109 3434 247 3490 rieis
300 3436 356 3492 S.
386 3434 633 3490 loannis
664 3434 722 3489 in
777 3432 1107 3499 casanello,
1161 3433 1209 3487 si
1262 3447 1417 3504 quos
1443 3432 1765 3504 episcopus

110 3522 226 3579 sibi
240 3523 442 3593 jurare
464 3523 617 3588 fecit,
650 3523 940 3592 absolvet,
961 3526 1178 3594 proeter
1208 3520 1371 3577 illum
1401 3519 1506 3594 qui
1531 3524 1761 3582 tenetet

109 3611 332 3670 tenebit
352 3611 645 3684 capellam
667 3611 785 3667 Atri
806 3612 1049 3675 Veteris,
1070 3610 1173 3684 qui
1200 3610 1497 3667 tenebitur
1512 3608 1588 3665 ad
1599 3609 1761 3681 jura·

109 3705 379 3757 mentum
411 3700 734 3757 fidelitatis.
750 3700 950 3757 clerici
974 3715 1111 3757 vero
1128 3704 1618 3771 gerentescuram
1634 3697 1758 3754 ani·

104 3804 345 3846 marum
384 3791 442 3846 ιιι
499 3789 731 3862 capella
760 3788 1041 3846 ecclesias.
1086 3790 1142 3846 S.
1172 3789 1426 3845 Ioannis
1483 3789 1544 3845 in
1584 3787 1757 3845 casa-

104 3877 264 3935 nello
285 3878 620 3952 suscipiant
636 3879 837 3951 ipsam
856 3894 1062 3936 curam
1080 3876 1157 3934 de
1181 3893 1368 3935 manu
1392 3876 1681 3950 episcopi,
1700 3881 1760 3935 et

105 3968 469 4024 tenebuntur
480 3969 824 4042 juramento
849 3968 1153 4040 episcopo,
1174 3971 1229 4023 et
1256 3966 1544 4023 pennensi
1570 3966 1760 4023 Eccle-

104 4054 231 4111 siae.
266 4056 346 4111 De
392 4055 634 4130 reliquis
681 4072 818 4113 vero
867 4055 1038 4112 dietis
1061 4055 1343 4121 ecclesiis»,
1374 4055 1423 4111 si
1463 4069 1618 4128 quos
1647 4054 1759 4114 sibi

95 4145 303 4218 jurare
333 4143 487 4211 feeit,
507 4145 781 4204 absolvet
800 4151 1012 4218 proeter
1030 4144 1161 4201 illos
1188 4144 1291 4218 qui
1321 4144 1382 4201 in
1403 4144 1550 4216 ipsis
1572 4145 1761 4202 eccle-

102 4231 206 4288 siis
237 4248 442 4290 curam
473 4238 687 4305 gerunt
723 4234 1086 4291 animarum.
1118 4234 1395 4291 Praeterea
1436 4233 1759 4307 episeopus

99 4322 162 4379 in
194 4321 530 4379 visitatione
557 4321 875 4395 paroehioe,
912 4323 1040 4396 ipse
1062 4322 1152 4381 vel
1179 4324 1311 4395 ejus
1336 4322 1584 4380 nuntius
1613 4323 1758 4381 reci-

1878 3180 2245 3250 audivimus,
2285 3184 2343 3237 et
2370 3195 2665 3252 expensas
2695 3194 2848 3252 quas
2899 3176 3244 3235 coenobium
3281 3182 3544 3235 vestrum

1877 3269 2097 3326 subivit
2126 3283 2236 3341 pro
2281 3283 2501 3342 magna
2528 3273 2695 3340 parte
2726 3266 3125 3324 intelleximus
3163 3271 3221 3322 et
3249 3265 3542 3324 laborem.

1874 3358 2028 3424 Quia
2049 3372 2188 3412 vero
2220 3355 2557 3422 curandus,
2588 3357 2692 3428 qui
2726 3362 2865 3412 tunc
2904 3356 2966 3412 in
3037 3360 3229 3411 vestro
3265 3354 3546 3412 coenobio

1873 3462 1984 3519 pro
2014 3446 2234 3503 abbate
2259 3444 2503 3517 gerebat
2528 3459 2709 3516 super
2728 3443 2992 3500 ecelesiis
3014 3442 3389 3500 etbeneflciis
3418 3458 3543 3501 non

1872 3534 2249 3601 vacantibus,
2299 3538 2358 3590 et
2405 3532 2837 3606 promissiones
2883 3529 3024 3588 fecit
3071 3530 3445 3603 quibusdam
3485 3534 3544 3588 et

1871 3625 2112 3681 chartas
2148 3639 2294 3679 suas
2322 3637 2503 3693 super
2528 3620 2628 3678 tali
2645 3619 3041 3693 promissione
3070 3616 3444 3689 conscripsit,
3477 3621 3544 3676 ut

1869 3713 1953 3771 sic
1986 3711 2243 3785 plurium
2283 3711 2395 3767 sibi
2448 3715 2651 3784 posset
2677 3709 2942 3766 favorem
2981 3708 3309 3781 acquirere,
3365 3706 3542 3778 cujus

1868 3801 2285 3875 promissionis
2311 3801 2562 3858 obtentu
2598 3799 2820 3856 domus
2853 3800 3048 3854 vestra
3074 3795 3328 3853 nimium
3357 3795 3540 3854 inses-

1868 3889 2512 3964 tatur,praesentivobis
2535 3889 2757 3962 pagina
2769 3886 3055 3944 duximus
3074 3884 3531 3957 indulgendum,

1869 3984 1934 4039 ut
1963 3977 2108 4036 nulli
2140 3978 2389 4035 obtentu
2422 3975 2841 4051 promissionis
2879 3973 3044 4032 factae
3084 3972 3164 4031 ab
3202 3973 3301 4031 illo
3329 3974 3406 4032 de
3435 3972 3536 4032 be·

1870 4067 2096 4125 neflciis
2120 4066 2209 4123 vel
2235 4066 2499 4124 eeclesiis
2528 4080 2651 4123 non
2672 4064 3031 4122 vacantibus
3056 4062 3384 4121 teneamini
3410 4078 3532 4121 res·

1867 4156 2156 4231 pondere,
2202 4155 2525 4213 districtius
2581 4154 2925 4212 inhibentes
2981 4167 3057 4210 ne
3087 4151 3234 4210 tales
3267 4151 3530 4226 promis-

1867 4247 2067 4304 siones
2095 4246 2170 4302 de
2211 4249 2426 4302 cmtero
2480 4243 2676 4301 facere
2731 4242 3111 4316 proesumatis
3138 4257 3155 4308 ;
3183 4245 3242 4299 et
3276 4241 3326 4298 si
3361 4239 3536 4299 factm

1868 4336 2103 4403 suerint,
2136 4334 2364 4392 viribus
2414 4348 2617 4392 carere
2648 4347 2995 4390 censemus.

97 4411 308 4483 pietur,
334 4415 392 4467 et
420 4410 748 4468 honorifice
779 4412 1141 4469 tractabitur.
1175 4413 1237 4467 ln
1267 4411 1518 4469 ecclesia
1542 4412 1599 4468 S.
1634 4410 1757 4469 Sal·
1789 4453 1836 4510 D
1939 4424 2154 4482 Datum
2184 4422 2494 4496 Anagnia,
2519 4438 2619 4480 xiv
2645 4422 2780 4478 Kal.
2814 4419 3032 4478 Martii.

95 4500 316 4556 vatoris
344 4500 421 4556 ad
472 4501 722 4566 Fanum,
750 4505 806 4558 et
833 4500 894 4558 S.
954 4500 1175 4559 Nicolai
1207 4500 1266 4557 in
1297 4499 1565 4559 Galbano
1612 4515 1758 4558 con-

95 4592 305 4645 suetus
326 4604 543 4646 census
566 4589 617 4645 ei
639 4589 901 4647 dabitur.
935 4590 1015 4646 De
1035 4589 1288 4647 eeclesia
1326 4591 1382 4648 S.
1412 4589 1752 4658 salvatoris,

92 4677 171 4734 de
200 4693 324 4751 qua
351 4678 666 4735 destitutus
696 4678 907 4745 suerat,
932 4682 989 4736 et
1013 4694 1224 4737 omnes
1250 4678 1466 4745 cleriei,
1489 4679 1592 4753 qui
1617 4683 1758 4736 sunt

96 4767 159 4825 in
189 4767 464 4834 ecclesia,
496 4768 556 4824 in
581 4769 806 4842 quibus
856 4769 1195 4841 baptismus
1226 4769 1581 4839 celebratur,
1608 4774 1667 4824 et.
1694 4768 1758 4826 in

93 4856 316 4930 quibus
336 4873 482 4914 eura
502 4858 725 4928 geritur
745 4857 1108 4926 animarum,
1130 4862 1258 4915 tam
1278 4858 1337 4914 in
1357 4856 1605 4930 capellis
1629 4872 1758 4915 om·

95 4944 274 5001 nibus
301 4947 357 5000 S.
408 4946 657 5004 Joannis
682 4948 743 5003 in
775 4946 1112 5013 Casanello,
1152 4962 1339 5021 quam
1380 4946 1441 5004 in
1470 4945 1757 5004 omnibus

96 5031 230 5091 aliis
250 5033 537 5104 ecclesiis,
561 5035 686 5092 sive
705 5036 824 5092 sint
841 5034 1107 5108 capelloe,
1130 5035 1253 5091 sive
1276 5050 1418 5102 non,
1439 5035 1498 5092 in
1531 5034 1758 5108 quibus

95 5120 317 5192 geritur
350 5138 494 5181 cura
519 5125 885 5190 animarum,
914 5123 1246 5195 suscipiant
1271 5138 1409 5180 eam
1443 5137 1654 5180 euram
1681 5121 1758 5178 de

102 5224 288 5267 manu
314 5213 601 5285 episcopi,
631 5218 687 5270 et
707 5213 962 5270 reddant
1000 5212 1053 5269 ei
1078 5211 1571 5278 cathedraticum,
1601 5216 1660 5268 et
1679 5216 1756 5267 te·

102 5297 407 5355 nebuntur
434 5300 486 5356 ei
531 5301 876 5373 juramento
916 5300 1234 5359 fidelitatis.
1263 5300 1346 5357 De
1372 5304 1593 5374 quarta
1624 5313 1760 5357 vero

99 5387 464 5446 decimarum
482 5395 540 5447 et
563 5391 1026 5448 mortuariorum
1046 5389 1321 5448 omnium
1335 5388 1757 5463 proedictarum

97 5474 507 5544 eeclesiarum,
550 5484 799 5552 excepta
822 5479 1056 5551 capella
1078 5479 1155 5535 de
1176 5482 1333 5544 Atro,
1373 5476 1760 5535 medietatem

102 5564 353 5626 habebit
373 5566 721 5647 episcopus,
765 5572 823 5627 et
847 5566 1508 5634 medietatsm‚attsrsm
1542 5564 1756 5628 abbas.

2542 4510 2829 4570 cxxvln.

1864 4601 2292 4661 Monasterium
2335 4601 2393 4658 S.
2454 4601 2768 4658 Trinitatis
2797 4596 3206 4655 Florentinum
3247 4595 3530 4654 tuendum

1934 4674 2177 4745 suscipit
2196 4682 2251 4732 ee
2270 4675 2398 4744 ejus
2432 4673 2819 4743 possessiones
2841 4683 2915 4726 ac
2935 4670 3089 4739 jnra
3118 4667 3460 4736 confirmat.

2363 4758 2695 4833 (Anagnioe‚
2721 4758 2888 4815 Febr.
2911 4756 3027 4829 17.)

1977 4851 2162 4927 [[..Αιιῃ
2195 4850 2363 4908 Eccl.
2400 4849 2669 4906 Florent.
2704 4848 2999 4915 Monam„
3030 4849 3068 4902 t.
3103 4844 3149 4914 1,
3190 4858 3251 4917 p.
3286 4841 3440 4917 2oo.]

1940 4942 2141 4998 Luctus
2164 4938 2503 5011 episcopus,
2537 4950 2745 4993 servus
2775 4949 3087 4991 servorum
3140 4932 3261 4999 Dei,
3305 4929 3537 4990 dilectis

1866 5029 2028 5095 filiis,
2073 5027 2400 5085 Htssosruo
2471 5024 2672 5082 abbati
2737 5021 3087 5081 monasterii
3125 5022 3182 5077 S.
3240 5018 3534 5080 Trinitatis

1870 5118 2237 5187 Florentium,
2294 5115 2547 5188 ejusque
2601 5111 2910 5180 fratirbus,
2970 5116 3092 5168 tam
3135 5108 3533 5184 proesentibus

1868 5222 2056 5281 quam
2078 5205 2308 5272 tuturis,
2337 5202 2675 5275 regularem
2703 5200 2886 5259 vitam
2898 5199 3204 5274 professis,
3236 5198 3298 5255 in
3325 5211 3535 5272 perpe·

1870 5299 2181 5453 ωΐὶιιιιζιιοε
2205 5398 2242 5440 a
2264 5380 2438 5439 nobis
2481 5380 2701 5454 petitur
2734 5376 2900 5452 quod
2934 5375 3211 5450 religioni
3227 5379 3285 5434 et
3315 5374 3534 5433 hones·

1868 5471 1974 5531 tati
2003 5470 2324 5529 convenire
2334 5467 2732 5543 dignoscitur,
2763 5467 2969 5526 animo
2994 5482 3106 5524 uos
3129 5465 3299 5523 decet
3325 5463 3534 5522 libenti

1868 5560 2216 5632 concedere,
2257 5565 2316 5620 et
2343 5557 2674 5637 petentium
2702 5555 3021 5615 desideriis
3055 5569 3393 5632 congruum
3419 5552 3534 5615 im·
