3784 6000
179 262 310 330 789

730 258 936 321 HIST.
983 257 1257 321 RERUM
1304 258 1856 326 TRANSMARIN.
1900 298 1981 313 —
2020 268 2171 332 LIB.
2216 267 2348 332 XX.
2392 269 2846 334 AMALRIGUS
2888 269 3070 333 REX.

3486 268 3612 338 ’190

185 398 520 458 commercia
565 396 776 453 nostris
833 394 1116 464 incoquita
1170 409 1333 451 secun
1363 395 1658 468 trahentes,
1688 397 1843 454 utili·
1871 397 1926 467 Α
1955 404 2011 458 et
2041 403 2226 460 multo
2256 402 2508 460 deterior
2541 402 2689 460 facta
2721 408 2847 462 erat
2885 406 3085 461 nostra
3124 404 3412 464 conditio:
3463 419 3606 463 nam

186 493 296 547 tati
322 488 492 546 simul
517 491 567 543 et
597 486 792 543 honori
822 485 975 540 nobis
1012 493 1191 554 erant,
1238 486 1371 540 dum
1399 485 1471 541 ad
1515 501 1612 543 nos
1642 488 1835 559 inpre-

183 580 440 637 diamur.
474 580 719 635 Praetere
762 590 956 631 census
996 578 1174 630 annui
1214 577 1478 632 immensa
1523 581 1831 647 praestatiO,

181 674 302 728 tam
329 669 456 739 fisco
504 667 678 736 rapio,
709 681 871 737 quam
902 664 1205 721 domesticis
1237 665 1582 736 sinqulorum
1603 670 1834 738 peculiis

183 761 333 814 vires
362 756 688 829 praestabat,
749 754 1023 822 inserebat
1066 753 1480 811 incrementum.
1528 756 1594 813 At
1639 776 1835 819 nance

183 862 466 914 converso,
517 848 715 900 cuncta
761 844 1038 899 calculum
1074 854 1201 899 sune
1248 844 1439 900 sortita
1470 845 1834 920 deteriorem,-

182 942 433 994 mueatus
480 944 558 992 est
594 934 743 992 color
780 935 1042 1005 optimus,
1099 940 1152 989 et
1196 950 1352 990 versa
1406 944 1483 992 est
1524 936 1580 992 in
1622 937 1832 996 luctum

183 1028 406 1083 cithara
436 1033 644 1081 nostra.
688 1025 1018 1095 Quocunque
1056 1039 1140 1078 me
1174 1031 1402 1095 vertam,
1432 1030 1710 1097 suspectas
1743 1031 1833 1084 in-

183 1119 345 1174 venio
372 1120 575 1188 partes.
609 1116 757 1171 Mare
783 1122 998 1185 pacatos
1021 1123 1180 1186 neqat
1210 1114 1414 1186 aditus,
1442 1119 1619 1174 omnis
1649 1121 1834 1176 vicina

181 1223 285 1281 per
321 1206 621 1262 circuitum
662 1204 814 1274 rapio
851 1202 1092 1258 hostibus
1116 1212 1295 1275 paret,
1332 1207 1382 1261 et
1413 1208 1470 1259 in
1500 1210 1752 1263 nostram
1777 1226 1833 1265 se

185 1294 486 1366 accinyunt
512 1293 818 1365 perniciem
868 1309 1037 1364 reqna
1080 1294 1449 1349 contermina.
1499 1296 1620 1350 Haec
1646 1300 1831 1353 omnia

183 1383 428 1441 hominis
470 1382 638 1439 unius
670 1384 877 1438 invexit
898 1382 1190 1455 cupiditas,
1216 1388 1265 1440 et
1296 1383 1542 1440 avaritia
1574 1384 1831 1443 vitiorum

185 1474 362 1532 radix
388 1481 575 1529 nostra
601 1470 947 1529 obnubilavit
984 1471 1113 1528 data
1151 1470 1419 1528 divinitus
1455 1488 1674 1531 serena.
1721 1476 1829 1533 Sed

186 1564 260 1622 ad
293 1562 596 1619 historiam
628 1562 954 1618 redeamus.

813 1669 1045 1727 CAPUT
1083 1670 1205 1726 ΧΠ.

1948 491 2406 552 violentissimus
2434 492 2624 549 hostis
2666 499 2885 562 noster,
2940 494 3272 552 Noradinus
3298 512 3401 569 per
3447 495 3608 554 mare

1946 585 2191 653 poterat,
2227 582 2411 639 classe
2445 599 2758 640 numerosa
2806 600 2873 639 ex
2905 585 3146 657 AEgypto
3177 585 3601 656 proficiscente,

1946 686 2195 745 regnum
2229 677 2492 728 nostrum
2523 676 2746 728 arctare
2777 690 2891 729 non
2924 674 3244 746 modicum,
3267 681 3323 731 et
3357 673 3610 747 quamli-

1944 761 2042 818 bet
2073 778 2142 819 ex
2174 761 2489 818 maritimis
2511 764 2762 820 urbibus
2787 767 3033 835 utroque
3063 762 3284 822 vallare
3311 766 3601 837 exercitu3

1943 859 1996 907 et
2028 852 2181 923 quod
2208 851 2640 908 formidabilius
2664 856 2807 921 erat,
2834 852 3156 927 peregrinis
3179 854 3251 911 ad
3276 870 3381 911 nos
3406 858 3602 912 trans·

1944 925 2099 996 itum
2130 940 2415 1012 impedire
2444 944 2547 996 aut
2577 956 2786 1013 negare
2817 942 3085 1013 penitus;
3119 941 3433 999 consulunt
3453 958 3601 1015 opus

1941 1045 2088 1096 esso,
2124 1033 2187 1085 ut
2220 1031 2291 1085 de
2338 1027 2595 1101 praelatis
2641 1030 3017 1087 ecclesiarum
3057 1030 3164 1087 viri
3205 1029 3596 1100 venerabiles,

1942 1119 2267 1190 prudentes
2322 1122 2380 1174 et
2433 1116 2768 1190 eloquentia
2824 1118 3072 1189 praediti,
3143 1120 3215 1176 ad
3269 1119 3601 1179 Occidentis

1944 1205 2242 1278 principes
2311 1205 2728 1279 dirigerentur,
2781 1224 2859 1279 qu
2912 1207 3178 1263 idoceant
3209 1210 3267 1264 et
3286 1206 3599 1282 diligenter

1951 1294 2252 1350 insinuent
2283 1295 2447 1366 regui
2483 1310 2783 1365 pressuras
2825 1295 3261 1367 importabiles;
3303 1299 3362 1352 et
3398 1294 3601 1368 populi

1941 1381 2260 1440 Christiani
2299 1382 2699 1455 afflictionem,
2741 1387 2798 1441 et
2828 1398 3000 1441 casus
3045 1399 3276 1455 asperos
3319 1383 3598 1443 fratribus
3708 1407 3713 1412 ·

1936 1471 2336 1529 imminentes.
2392 1472 2571 1529 Electi
2603 1476 2747 1529 sunt
2765 1487 2902 1544 crgo
2927 1474 2998 1530 de
3019 1473 3322 1530 communi
3346 1473 3594 1533 consilio

1939 1561 2002 1618 in
2027 1577 2174 1633 opus
2207 1561 2519 1619 ministerii
2550 1561 2732 1631 huJus
2771 1562 3048 1620 dominus
3089 1561 3443 1635 patriarcha,
3488 1563 3599 1621 do·

1938 1650 2135 1708 minus
2165 1650 2440 1708 Ernesius
2470 1650 2852 1709 Caesariensis
2882 1651 3379 1726 archiepiscopus,
3411 1652 3593 1711 domi·

182 1759 557 1817 Sagahadinm
595 1760 718 1829 ejus
758 1774 829 1814 a
873 1761 1024 1828 fatre
1060 1775 1245 1829 nepos,
1295 1760 1558 1827 desumto
1594 1762 1832 1819 succedit
1862 1782 1913 1847 B
1942 1754 2054 1796 nus
2084 1738 2427 1796 Willelmus
2457 1738 2814 1797 Acconensis
2834 1740 3190 1814 episcopus;
3223 1739 3594 1815 sumptisque

600 1838 653 1887 et
683 1845 911 1900 reanum
943 1832 1147 1889 obtinet
1173 1833 1415 1904 AEqypti.

260 1939 491 1997 Mortuo
522 1937 765 1995 soldano
795 1941 850 1995 et
893 1938 1032 1995 filiis
1062 1939 1211 2010 eJus,
1244 1939 1462 2013 quibus
1491 1948 1688 1997 contra
1713 1943 1834 2016 pie·

183 2033 330 2087 tatis
357 2029 626 2100 formam,
671 2029 832 2086 necis
880 2029 1157 2087 indebitae
1203 2047 1408 2089 causas
1454 2033 1834 2104 praebuimus,

185 2120 506 2178 Siraconus
524 2120 637 2177 voti
658 2135 894 2191 compos
914 2120 1164 2176 obtinuit
1185 2121 1579 2193 principatum
1602 2142 1616 2192 ς
1637 2138 1834 2180 verum

187 2210 302 2266 boc
322 2224 589 2266 successu
632 2225 746 2265 non
770 2208 865 2265 diu
892 2212 982 2265 est
1003 2209 1261 2277 laetatus;
1286 2226 1419 2266 nam
1442 2211 1538 2266 vix
1558 2228 1709 2268 anno
1741 2228 1835 2284 po·

186 2300 334 2358 titus
355 2301 799 2374 imperio,rebus
822 2301 1097 2357 humanis
1118 2308 1423 2375 exemptus
1446 2308 1532 2360 est
1554 2320 1568 2359 τ
1593 2306 1685 2362 cui
1706 2320 1836 2363 suc·

187 2389 367 2447 cessit
394 2390 786 2447 Salahadinus
825 2390 1020 2447 fratris
1058 2391 1183 2463 ejus
1220 2392 1594 2464 Negemedini
1651 2397 1830 2471 filius,

190 2480 277 2536 vir
305 2478 456 2535 acris
485 2479 727 2551 ingenii,
759 2479 941 2535 armis
972 2484 1246 2537 strenuus
1276 2486 1335 2537 et
1362 2499 1539 2555 supra
1592 2487 1831 2544 modum

190 2568 470 2625 liberalis.
523 2568 626 2625 Hic
674 2568 879 2640 primis
931 2569 1209 2641 auspiciis
1238 2572 1327 2627 sui
1360 2573 1724 2646 principatus
1755 2577 1828 2632 ad

188 2657 482 2729 calipham
513 2656 819 2713 dominum
844 2674 1042 2726 suurn,
1076 2667 1133 2714 ut
1164 2660 1394 2717 solitam
1427 2662 1511 2717 illi
1532 2664 1830 2722 exhiheret

186 2746 590 2814 reverentiam,
643 2746 964 2818 ingressus,
1015 2748 1178 2805 clava
1220 2767 1397 2822 quam
1447 2753 1711 2824 gestabat
1767 2754 1825 2811 in

185 2836 481 2907 manibus,
513 2838 730 2894 dicitur
760 2854 895 2894 eum
930 2839 999 2895 ad
1043 2844 1245 2897 terram
1286 2846 1640 2913 prostratum
1673 2845 1827 2901 occi-

187 2929 368 2998 disse,
401 2945 750 3002 omnemque
779 2931 907 3002 ejus
938 2929 1126 3000 gladio
1160 2935 1657 2992 transverberasse
1687 2951 1826 3008 pro-

176 3018 408 3091 geniem
420 3062 435 3089 ,
454 3024 519 3075 ut
531 3020 604 3076 ad
619 3019 848 3076 nullum
864 3023 1221 3093 superiorem
1237 3023 1455 3081 habens
1467 3029 1821 3098 respectum,

175 3107 297 3178 ipse
325 3108 440 3166 sibi
464 3113 521 3166 et
549 3108 777 3181 calipha
797 3114 851 3166 et
874 3109 1155 3168 soldanus
1175 3117 1354 3170 esset:
1380 3115 1620 3173 timebat
1641 3115 1818 3183 enim,
1851 3146 1905 3215 G

172 3213 245 3255 ne
274 3198 346 3255 ad
376 3215 440 3255 se
472 3198 892 3272 ingredientem
941 3200 1276 3272 aliquando,
1310 3204 1595 3275 quiajam
1644 3209 1814 3262 Turct

174 3286 390 3360 populo
414 3288 585 3343 invisi
613 3288 996 3358 habebantur,
1011 3290 1271 3363 jugulari
1294 3294 1651 3365 preciperet.
1681 3300 1819 3350 Prte-

170 3378 334 3434 venit
361 3392 501 3450 ergo
536 3392 694 3447 eum,
728 3383 783 3435 et
812 3379 926 3435 sibi
957 3397 1118 3437 more
1144 3382 1367 3438 domini
1401 3383 1545 3440 nihil
1577 3384 1687 3442 tale
1716 3401 1819 3441 ve-

174 3468 328 3523 renti
357 3471 600 3523 mortem
631 3468 850 3537 intulit,
883 3485 1061 3540 quam
1102 3471 1289 3527 eidem
1327 3470 1445 3540 ille,
1478 3478 1544 3528 ut
1584 3475 1818 3545 dicitur,

178 3557 420 3629 parabat
453 3558 764 3615 intentare.
808 3559 1032 3617 Mortuo
1082 3560 1258 3631 igitur
1299 3561 1550 3634 calipha,
1599 3565 1819 3636 regiam

181 3661 386 3719 gazam
418 3651 476 3703 et
502 3647 808 3706 thesauros
837 3655 893 3705 et
922 3658 1129 3707 cuncta
1161 3650 1321 3707 illius
1351 3652 1561 3710 domus
1585 3655 1821 3712 deside-

177 3735 405 3802 rabilia,
438 3753 542 3808 pro
575 3735 758 3794 libero
789 3739 1072 3812 diripiens
1095 3740 1355 3809 arbitrio,
1377 3748 1590 3800 cuncta
1610 3742 1818 3801 libera·

173 3824 311 3882 liter
338 3826 540 3895 nimis,
576 3826 857 3884 militibus
888 3830 1162 3901 erogavit,
1192 3830 1277 3888 ita
1316 3836 1380 3887 ut
1412 3832 1565 3889 intra
1603 3850 1821 3906 paucos

176 3913 305 3971 dies
359 3916 647 3973 evacuatis
697 3917 988 3975 vestiariis
1018 3921 1142 3992 ipse
1170 3925 1427 3978 mutuam
1459 3938 1690 3980 sumens
1720 3939 1825 3996 pe-

175 4004 435 4073 cuniam,
457 4005 617 4076 gravi
640 4007 893 4078 pondere
914 4024 976 4064 se
997 4007 1282 4083 obligaret
1300 4010 1435 4067 aeris
1469 4010 1662 4069 alieni.
1694 4012 1821 4069 Non

176 4092 492 4150 defuerunt
522 4099 740 4164 tamen,
775 4100 839 4152 ut
883 4097 1117 4166 dicitur,
1151 4100 1250 4171 qui
1289 4102 1362 4156 de
1410 4100 1546 4158 fillis
1580 4102 1824 4174 caliphae

177 4183 406 4241 occulte
425 4187 712 4256 quosdam
736 4189 1044 4260 eriperent,
1065 4190 1577 4264 eaintentione,ut,
1599 4193 1824 4251 reddita

179 4273 462 4346 AEgyptiis
517 4274 833 4347 aliquando
900 4279 1061 4350 regni
1128 4279 1655 4349 administratione,
1707 4299 1823 4342 non

174 4363 405 4420 deesset
432 4364 531 4436 qui
575 4367 1099 4436 praedecessoribus
1130 4370 1278 4444 suis,
1319 4372 1597 4445 nominis,
1630 4374 1824 4447 digni-

179 4453 318 4510 tatis
346 4457 406 4510 et
433 4455 744 4528 sanguinis
773 4459 958 4515 haeres
986 4460 1279 4517 existeret.

781 4548 1015 4606 CAPUT
1055 4552 1208 4608 Xlll.

173 4633 487 4692 Bernartius
550 4640 872 4693 monasterii
921 4643 1125 4697 montis
1172 4640 1381 4696 Thabor
1440 4643 1628 4708 abbaS,
1697 4643 1821 4699 Lid-

245 4706 407 4762 densi
470 4708 724 4766 Ecclesiae
795 4713 1124 4780 praeficitur.
1193 4712 1509 4770 Fredericus
1564 4716 1821 4788 Tyremis

246 4778 682 4848 archiepiscopus
720 4781 787 4835 ab
834 4783 1277 4839 occidentalibus
1318 4785 1673 4857 principibus
1717 4804 1821 4860 pe-

246 4852 451 4906 titurus
481 4851 787 4919 auaet‘lz'um,
808 4854 880 4908 ad
906 4862 1091 4926 partes
1119 4856 1387 4926 diripitur
1417 4859 1691 4917 occiduas.

250 4937 498 4996 Domino
530 4957 660 5015 rege
694 4942 749 4996 in
784 4959 1023 5015 regnum
1057 4961 1305 5014 reverso,
1330 4946 1411 5002 nil
1435 4949 1718 5005 memoria
1738 4948 1821 5004 di·

174 5043 357 5100 gnum
392 5029 582 5100 prima
613 5031 771 5087 illius
804 5033 941 5088 anni
966 5040 1124 5106 parte
1147 5041 1374 5108 gestum
1395 5043 1505 5109 est,
1528 5038 1641 5095 nisi
1664 5037 1817 5111 quod

175 5117 451 5175 defuncto
483 5118 767 5194 RaynerO,
818 5123 980 5178 bonas
1031 5126 1325 5181 memoriae
1371 5126 1642 5184 Liddonsi
1690 5127 1820 5200 epi-

175 5223 376 5280 scop0,
409 5207 738 5267 Bernardus
759 5212 940 5269 abbas
968 5214 1224 5271 ecclesioe
1248 5216 1460 5272 montis
1483 5216 1734 5285 Thabor,
1758 5216 1819 5274 in

174 5296 377 5355 eadem
407 5297 649 5354 ecclesia
698 5299 1124 5360 inthronizatus
1156 5310 1261 5361 est.
1310 5304 1454 5363 Vere
1483 5309 1681 5363 tamen
1725 5322 1819 5363 se-

176 5392 409 5461 quente,
441 5390 597 5462 quod
630 5395 755 5447 erat
788 5393 933 5449 sexti
976 5394 1118 5450 anni
1145 5395 1366 5452 domini
1397 5395 1674 5453 Amalrici
1703 5395 1821 5453 ini-

174 5476 351 5546 tium,
386 5477 649 5537 videntes
680 5482 842 5553 regni
881 5485 1310 5557 prudentiores,
1343 5487 1497 5558 quod
1529 5485 1588 5544 in
1619 5486 1822 5561 subju-

174 5571 316 5641 gata
351 5566 556 5628 Turcis
593 5569 859 5647 AEgypto,
898 5572 1222 5647 plurimum
1262 5575 1432 5634 nobis
1472 5574 1818 5653 decesserat,

1945 1835 2061 1886 tam
2091 1827 2311 1885 domini
2346 1827 2501 1902 regis
2530 1844 2709 1900 quam
2744 1828 3154 1886 universorum
3184 1829 3593 1904 episcoporum

1943 1917 2176 1987 litteris,
2208 1918 2280 1975 ad
2318 1916 2622 1975 dominum
2660 1917 3028 1975 Fredericum
3060 1918 3457 1976 Romanorum
3487 1916 3597 1975 im·

1942 2010 2294 2081 peratorem,
2316 2007 2390 2063 ad
2414 2005 2723 2063 dominum
2751 2005 3105 2064 Ludovicum
3127 2006 3481 2064 Francorum
3502 2022 3592 2064 rs-

1940 2113 2096 2170 gem,
2128 2097 2202 2153 ad
2233 2095 2540 2153 dominum
2573 2095 2890 2153 Henricum
2922 2111 3118 2170 regem
3147 2095 3494 2168 Anglorum,
3517 2095 3593 2154 ad

1942 2186 2250 2243 dominum
2291 2183 2661 2242 willelmum
2705 2183 2910 2243 Sicilie
2946 2200 3176 2257 regem3
3220 2186 3292 2242 ad
3346 2184 3591 2244 comites

1941 2267 2191 2350 quoque,
2235 2274 2464 2332 nobiles
2503 2280 2560 2334 et
2599 2274 2847 2346 inclytos
2884 2273 3222 2347 Philippum
3264 2273 3589 2334 Flandren-

1940 2382 2088 2433 sem,
2112 2364 2426 2423 Heni-icum
2451 2364 2819 2431 Trecensem,
2845 2362 3252 2420 Theobaldum
3272 2363 3589 2422 carnoten-

1938 2470 2085 2522 sem,
2137 2457 2194 2510 et
2236 2453 2306 2510 ad
2337 2451 2594 2526 reliquos
2634 2450 3099 2509 occidentalium
3132 2451 3388 2523 partium
3418 2452 3587 2525 prin-

1938 2544 2119 2617 cipes,
2176 2558 2379 2598 navem
2447 2542 2837 2598 concendunt.
2900 2541 3013 2598 Sed
3072 2539 3267 2598 subito
3324 2541 3595 2614 sequenti

1937 2635 2104 2690 nocte
2136 2631 2343 2688 oborta
2381 2633 2727 2704 tempestate
2769 2627 3047 2699 maxima,
3092 2643 3237 2685 nave
3284 2633 3580 2704 quassata,

1935 2720 2136 2777 fractis
2169 2720 2445 2789 remigiis,
2473 2719 2646 2776 malis
2667 2718 2971 2792 depositis,
2996 2718 3319 2791 plurimum
3342 2718 3586 2791 turbati,

1936 2817 2065 2883 post
2110 2809 2393 2877 triduum,
2453 2810 2546 2866 vix
2593 2811 2898 2867 evadentes
2940 2808 3336 2880 naufragium,
3367 2807 3585 2867 reversi

1934 2905 2091 2956 sunt.
2145 2898 2443 2956 Successit
2481 2898 2564 2956 eis
2620 2898 2679 2955 iu
2721 2898 2923 2955 eadem
2968 2896 3259 2970 legatione
3308 2897 3589 2958 dominus

1935 2989 2275 3047 Fredericus
2305 2988 2581 3063 Tyrensis
2603 2986 3093 3062 archiepiscopus,
3128 2985 3316 3045 multa
3345 3003 3587 3061 precum

1929 3078 2153 3135 domini
2185 3076 2335 3150 regis
2378 3085 2432 3135 et
2464 3077 2793 3150 principum
2833 3076 3091 3134 devictus
3128 3076 3433 3147 instantia,
3470 3077 3589 3135 du-

1934 3183 2073 3224 cens
2103 3182 2302 3224 secum
2348 3165 2649 3223 dominum
2681 3164 2965 3223 Joannem
2997 3165 3430 3223 paneadensem
3457 3164 3582 3239 epi-

1929 3271 2200 3329 scopum,
2230 3254 2496 3327 eiusdem
2526 3254 2782 3312 ecclesias
2822 3254 3295 3328 suffraganeum3
3327 3254 3431 3328 qui
3460 3270 3583 3314 me·

1924 3344 2173 3403 lioribus
2198 3343 2481 3418 auspiciis
2512 3360 2716 3401 navem
2740 3343 3014 3417 ingressi,
3046 3342 3290 3403 feliciter
3313 3344 3388 3401 ad
3417 3348 3582 3418 opta-

1926 3440 2053 3494 tum
2077 3439 2308 3508 portum
2332 3435 2756 3507 navigaverunt
2778 3452 2793 3504 ;
2819 3451 3026 3507 parum
3046 3438 3245 3492 tamen
3266 3434 3328 3492 in
3349 3435 3581 3507 negotio

1928 3525 2083 3598 quod
2105 3525 2190 3581 eis
2221 3524 2555 3596 injunctum
2587 3524 2795 3594 fuerat,
2853 3523 3241 3596 proficientes.
3273 3523 3420 3580 Nam
3441 3540 3585 3599 prae·

1929 3614 2120 3671 dictus
2151 3613 2480 3687 episcopus,
2513 3618 2825 3686 postquam
2857 3614 2917 3670 iu
2950 3613 3254 3670 Franciam
3284 3613 3573 3686 pervenit,

1927 3705 2124 3761 statim
2156 3704 2313 3777 apud
2346 3704 2603 3761 Parisios
2636 3701 2911 3761 ultimum
2944 3703 3157 3761 elausit
3173 3702 3330 3761 diem
3354 3727 3371 3773 ς
3394 3702 3580 3761 domi·

1930 3811 2044 3851 nus
2082 3808 2215 3851 vero
2231 3791 2704 3867 archiepiscopus
2733 3791 3018 3866 completo
3050 3792 3306 3863 biennio,
3338 3792 3577 3852 omnino

1932 3899 2153 3940 vacuus
2184 3898 2454 3942 reversus
2483 3885 2591 3940 est.

2548 3990 2781 4048 CAPUT
2819 3990 2964 4048 XIV.

1932 4084 2017 4141 lm
2054 4087 2239 4138 arator
2309 4082 2496 4163 pactis
2560 4081 2744 4138 volens
2807 4082 3146 4162 satisfacere.
3195 4078 3454 4162 ‚classem
3520 4077 3584 4136 in

2045 4152 2233 4226 yriam
2259 4151 2477 4224 diriqtt,
2508 4160 2559 4210 et
2588 4151 2849 4224 quosdam
2877 4152 2943 4210 de
2969 4167 3085 4208 suu
3113 4151 3483 4224 prmcepibus.

2005 4245 2371 4300 Transcursa
2400 4240 2502 4298 illa
2530 4246 2749 4312 aestate,
2780 4242 3003 4315 absque
3032 4240 3198 4298 factis
3229 4239 3581 4298 memorabi-

1935 4332 2111 4404 libus,
2142 4331 2297 4388 circa
2325 4332 2518 4405 prima
2548 4331 2819 4389 autumni
2848 4330 3147 4405 sequentis
3202 4328 3395 4401 initia,
3440 4328 3582 4387 fidei

1935 4438 2178 4490 memor,
2211 4426 2269 4478 et
2286 4425 2458 4494 pacta
2480 4421 2814 4479 memoriter
2834 4425 3063 4487 teneus,
3089 4436 3218 4494 quas
3238 4435 3374 4477 oum
3396 4418 3582 4479 domi-

1847 4520 1903 4586 D
1939 4529 2011 4569 uo
2043 4527 2172 4583 rege
2202 4527 2304 4584 per
2332 4514 2596 4568 nostram
2625 4509 3036 4567 mediationem
3066 4513 3122 4565 et
3144 4522 3247 4580 per
3267 4505 3582 4580 interposi-

1932 4602 2061 4657 tum
2092 4598 2355 4656 studium
2387 4597 2662 4656 dominus
2691 4598 3007 4670 imperator
3034 4596 3391 4663 firmaverat,
3420 4591 3575 4650 clas·

1930 4704 2056 4746 sem
2088 4687 2285 4760 dirigit
2317 4688 2689 4761 promissam,
2715 4686 2777 4743 in
2798 4702 2865 4744 eo
2896 4686 3045 4741 facto
3074 4683 3397 4758 plurimum
3416 4697 3575 4739 com·

1929 4775 2280 4834 mandabitis
2307 4791 2322 4843 3
2358 4792 2489 4832 nam
2523 4773 2811 4846 imperiali
2841 4771 3282 4848 magnificentia
3311 4770 3575 4843 placido·

1930 4883 2061 4924 rum
2084 4866 2269 4936 legem
2302 4864 2534 4937 plenius
2558 4865 2991 4938 interpretatus,
3030 4862 3392 4934 promissum
3432 4859 3571 4918 ubs-

1930 4955 2080 5013 riore
2123 4953 2447 5011 cumulavit
2477 4952 2791 5011 solutione.
2821 4954 2998 5009 Erant
3046 4967 3187 5008 saus
3217 4949 3279 5007 in
3312 4949 3581 5024 proflatu

1931 5043 2182 5101 exercitu
2220 5058 2395 5099 naves
2425 5041 2634 5116 longas,
2668 5048 2956 5110 rostratae,
2986 5039 3242 5114 geminis
3276 5054 3579 5097 ermon-um

1930 5134 2230 5192 instructae
2251 5131 2579 5199 ordinibus,
2602 5131 2833 5189 bellicis
2858 5130 3068 5188 usibus
3096 5128 3436 5197 habiliores,
3457 5143 3581 5200 quo

1928 5223 2099 5295 vulgo
2125 5222 2304 5296 galeas
2329 5220 2626 5289 dicuntur,
2673 5230 2907 5278 centum
2943 5218 3394 5294 quinquaginta.
3427 5217 3575 5274 Item

1928 5312 2023 5369 his
2061 5312 2314 5383 maiores
2344 5310 2416 5367 ad
2447 5311 2838 5382 deportandos
2875 5326 3054 5381 equos
3082 5309 3394 5382 deputatas,
3423 5305 3579 5365 ostis.

1928 5400 2211 5460 habentes
2232 5399 2292 5456 in
2314 5399 2629 5473 puppibus,
2655 5400 2727 5457 ad
2750 5399 3111 5457 inducendos
3129 5396 3577 5469 educendosque

1927 5508 2028 5549 eos
2058 5491 2340 5564 patentia,
2372 5490 2647 5564 pontibus
2676 5491 2854 5548 etiam
2887 5489 3103 5564 quibus
3132 5487 3206 5545 ad
3246 5485 3577 5560 ingressum

1928 5587 1990 5643 st
2008 5583 2255 5653 exitum,
2282 5585 2405 5641 tam
2436 5579 2746 5639 hominum
2767 5596 2955 5655 quam
2975 5593 3282 5654 equorum,
3302 5592 3581 5653 procura·
