3784 6000
249 267 367 331 2⁸1

1326 265 1763 332 GUILLELMI
1803 262 2187 328 TYRENSIS
2231 263 2593 329 Attumne.

3545 257 3668 322 352

249 404 422 464 etlam
455 403 759 462 infortunii
777 420 977 475 genus,
1000 405 1178 476 quod,
1212 407 1277 460 ut
1297 404 1712 477 promisimus,
1743 402 1886 460 sub·
1920 406 1974 472 Α
2004 403 2127 458 estis
2163 402 2493 470 innocentes,
2525 406 2588 460 ut
2614 418 2700 459 eos
2742 404 2905 459 morti
2951 400 3264 469 traderitis,
3294 413 3403 455 non
3441 403 3668 470 possunt

254 494 524 569 sequenti
557 492 925 550 multitudini
957 492 1100 548 citra
1132 492 1482 567 Hungariam
1506 494 1790 551 accidisse
1809 491 1906 548 ‘di'-

261 583 449 642 citur:
482 582 814 640 convocatis
841 581 950 637 via
979 582 1342 640 consortibus
1367 587 1426 640 et
1470 582 1807 655 compositis
1837 581 1910 638 de

257 686 420 729 more
458 671 723 739 sarcinis,
773 669 881 726 iter
934 686 1244 743 aggressus
1289 676 1397 729 est.
1429 672 1686 730 Fuerunt
1713 678 1907 728 autem

256 760 360 833 qul
389 759 521 830 ejus
551 758 759 817 castris
781 774 842 814 ss
871 759 1266 832 adjunxerunt
1293 761 1402 817 viri
1450 761 1676 818 nobiles
1704 764 1762 818 et
1812 761 1911 816 in-

253 849 421 919 clyti,
443 850 500 904 et
530 853 765 920 perpete
788 847 953 921 digni
975 850 1277 919 memoria,
1300 850 1575 907 dominus
1593 850 1909 907 Balduinus

254 938 389 1012 ejus
421 937 602 994 irater
630 937 894 994 uterinus
921 953 936 1006 ;
976 938 1250 996 dominus
1278 938 1603 997 Balduinus
1632 941 1704 997 de
1734 940 1911 997 Mon-

255 1026 435 1085 tibus.
477 1026 913 1084 Humaucorum
946 1044 1185 1099 comes;
1219 1029 1690 1103 dominusssugo,
1714 1045 1909 1087 eomes

258 1115 331 1173 de
360 1117 574 1174 Sancto
593 1115 787 1186 Paulo,
811 1121 867 1173 st
887 1117 1264 1190 Engelrsmus
1283 1118 1440 1175 filius
1458 1120 1608 1191 ejus,
1667 1118 1908 1193 egregioe

258 1203 476 1261 indolis
506 1203 876 1277 adolescens3
906 1206 1175 1263 dominus
1225 1207 1514 1265 Garnerus
1561 1224 1774 1273 comeS,
1806 1223 1911 1263 co-

263 1296 581 1367 gnomento
612 1294 683 1350 de
711 1293 892 1363 Gres;
924 1294 1198 1353 dominus
1219 1296 1522 1354 Renardus
1553 1314 1745 1355 comes
1770 1296 1910 1354 Tul·

257 1381 467 1451 lensis,
497 1386 555 1440 ct
584 1383 787 1439 Petrus
810 1383 987 1441 l'rater
1005 1386 1132 1457 ejus
1155 1404 1170 1457 ;
1193 1386 1463 1444 dominus
1493 1387 1815 1444 Balduinus
1836 1388 1910 1444 de

261 1471 477 1544 Burgo,
529 1472 799 1543 ejusdem
858 1473 1028 1531 ducis
1084 1477 1588 1550 consanguineus3
1638 1478 1912 1536 dominus

257 1559 545 1618 Ilenrieus
576 1560 646 1617 de
672 1562 863 1618 Ascha
884 1565 962 1633 et,
985 1563 1332 1622 Godefridus
1360 1566 1533 1624 frater
1555 1568 1607 1639 ej
1617 1584 1681 1625 us
1705 1585 1719 1635 ;
1753 1567 1912 1625 Dodo

262 1650 333 1708 de
387 1649 578 1720 Cons;
627 1649 785 1707 Cono
828 1652 900 1708 de
958 1652 1152 1711 Monte
1199 1659 1392 1723 acuto,
1441 1663 1497 1712 et
1542 1655 1640 1712 alii
1690 1656 1911 1729 plures,

2018 490 2241 548 illatam
2268 493 2439 549 servis
2469 492 2565 548 Dei
2606 491 2956 548 dissimulare
3000 489 3270 557 iniuriam
3286 505 3311 555 ;
3348 487 3441 545 sed
3482 489 3673 560 parati

2017 589 2143 636 sunt
2180 583 2424 651 fratrum
2465 597 2790 653 sanquinem
2840 579 3140 636 vindicare.
3190 577 3367 648 Super
3412 576 3497 632 his
3541 592 3670 646 erqo

2015 674 2194 727 vestra
2222 685 2323 741 per
2350 680 2598 727 nostrum
2635 672 3009 726 ministerium
3044 670 3358 740 exspectant
3386 681 3668 738 responsa,

2015 775 2115 832 pro
2144 773 2332 817 eorum
2350 764 2529 833 [orma
2559 762 2779 816 animos
2809 758 3069 815 habituri.
3112 757 3211 813 His
3239 756 3411 813 dictis
3460 754 3669 812 orandi

2017 847 2193 904 flnem
2220 848 2371 904 lecit.
2405 849 2510 905 Cui
2542 865 2640 905 rex
2671 864 2910 905 suorum
2944 846 3264 904 satellitum
3297 845 3543 917 stipatus
3571 860 3669 901 co-

2019 936 2252 1005 mitatu,
2282 938 2344 994 in
2371 937 2495 995 hnc
2530 938 2704 995 verba
2749 936 3075 1007 respondit:
3122 935 3327 1004 Placet,
3367 937 3454 991 vir
3479 936 3674 990 amici-

2019 1026 2248 1094 tiarum,
2272 1026 2575 1101 Godesride‚
2604 1031 2694 1084 cui
2720 1027 2936 1085 meritis
2956 1025 3298 1098 exigentibus
3306 1027 3432 1098 jam
3455 1024 3670 1097 pridem

2015 1119 2259 1171 nostram
2286 1115 2617 1172 contulimus
2644 1117 2906 1188 qratiam,
2946 1115 3094 1188 quod
3139 1113 3210 1170 ad
3254 1130 3353 1170 nos
3392 1115 3672 1186 ingressus

2015 1219 2092 1272 es,
2122 1210 2243 1260 tum
2271 1209 2334 1260 ut
2353 1211 2592 1262 veterem
2614 1220 2930 1262 renovemus
2943 1206 3266 1271 amicitiam,
3300 1207 3419 1259 tum
3436 1211 3500 1259 ut
3528 1201 3673 1275 apud

2018 1297 2131 1350 tam
2173 1294 2469 1350 discretum
2490 1295 2730 1366 iudicem
2774 1295 3031 1351 nostram
3060 1301 3384 1350 astruamus
3411 1294 3678 1348 innoeen-

2020 1385 2174 1440 tiam.
2217 1385 2418 1442 Sumus
2435 1384 2682 1457 equidem
2728 1391 2782 1441 et
2822 1383 2888 1440 de
2915 1398 3169 1452 numero,
3219 1385 3277 1439 ut
3322 1382 3476 1454 dicis,
3533 1381 3680 1452 fide-

2021 1473 2161 1534 lium
2181 1491 2201 1528 .·
2232 1477 2283 1530 et
2312 1473 2531 1531 utinam
2558 1488 2719 1548 opere
2744 1475 3013 1545 possimus
3043 1472 3272 1547 implere
3299 1472 3465 1544 hujus
3495 1472 3673 1527 nomi·

2016 1566 2108 1622 nis
2139 1565 2398 1621 virtutem
2421 1570 2442 1620 !
2469 1564 2575 1621 Sed
2605 1566 2702 1637 qui
2740 1581 2828 1620 vos
2856 1567 3279 1637 pra-cesserunt,
3311 1567 3424 1618 tam
3455 1562 3681 1617 Petrum

2018 1653 2317 1710 Eremitam
2360 1661 2654 1726 sequentes,
2712 1669 2879 1726 quam
2934 1651 3282 1710 adliaerentes
3337 1649 3678 1716 Godescalco‚

266 1754 520 1812 quorum
552 1739 792 1796 nomina
837 1757 956 1798 non
1000 1749 1286 1812 tenemus,
1317 1743 1407 1801 vel
1456 1761 1788 1802 numerum.
1843 1745 1913 1801 ni
1947 1774 1997 1840 B
2026 1759 2189 1815 quam
2217 1745 2317 1814 qui
2341 1742 2402 1798 in
2431 1745 2595 1813 reqni
2622 1742 2797 1800 nostri
2838 1742 3105 1798 limitibus
3148 1743 3389 1797 emmim
3427 1743 3682 1796 ”mmm

268 1842 475 1886 omnes
504 1843 622 1885 uno
650 1834 706 1885 et
732 1830 1032 1889 individuo
1061 1833 1344 1891 comitatu
1385 1836 1602 1908 pariter
1648 1837 1920 1894 inceden-

268 1923 378 1989 tes,
413 1918 681 1974 vicesima
725 1922 1085 1993 Septembris
1128 1924 1225 1979 die
1276 1924 1336 1980 ln
1385 1927 1740 1998 provinciam
1791 1943 1920 2000 quse

265 2005 482 2063 dicitur
513 2006 800 2076 Osterich,
833 2012 901 2065 ad
924 2008 1115 2068 locum
1138 2013 1237 2085 qui
1262 2013 1477 2072 dicitur
1505 2015 1920 2087 Tollenburch,

261 2110 399 2154 oum
430 2096 592 2152 omni
624 2097 1040 2170 tranquillitate
1059 2104 1184 2158 sani
1213 2108 1270 2160 et
1291 2104 1615 2162 incolumes
1646 2122 1922 2177 pervene-

266 2189 422 2242 runt.
449 2186 549 2243 Est
576 2191 770 2243 sutem
804 2189 853 2244 is
883 2188 1068 2260 locus,
1103 2193 1202 2248 ubi
1227 2193 1428 2250 Lintax
1446 2195 1660 2251 fluvius
1688 2193 1923 2269 imperii

266 2272 416 2332 fines
443 2292 476 2331 a
525 2292 703 2348 regno
753 2277 1124 2336 disterminat
1176 2282 1502 2355 ilungariae.
1552 2286 1675 2351 Quo
1723 2300 1929 2356 perve-

271 2364 521 2431 nientes,
552 2363 790 2421 solliciti
823 2365 987 2423 valde
1017 2384 1192 2440 super
1220 2370 1314 2427 bis
1345 2389 1471 2443 quae
1499 2373 1848 2431 Gadescalco
1869 2382 1921 2431 et

275 2450 400 2509 anis
447 2451 776 2524 legionibus
847 2455 1193 2514 dicebantur
1240 2459 1540 2529 accidisse,
1599 2463 1926 2520 deliberant

270 2539 568 2613 quomodo
598 2555 733 2597 cum
768 2541 949 2600 salute
979 2546 1038 2600 in
1062 2562 1231 2616 opere
1261 2548 1490 2621 incepto
1515 2551 1742 2624 possint
1770 2553 1927 2610 ince-

269 2626 426 2684 dere.
459 2626 837 2701 Tandemque
870 2632 941 2687 de
985 2637 1283 2691 communi
1315 2637 1532 2710 placuit
1563 2641 1829 2713 consilio,
1864 2649 1927 2698 ut

269 2716 456 2773 missa
503 2716 792 2789 legatione
838 2721 910 2777 sd
961 2737 1150 2794 regem
1219 2724 1527 2801 Hungariae
1560 2729 1926 2788 instruantur

271 2803 526 2878 plenius,
550 2822 813 2880 quaenam
848 2826 1025 2868 causa
1053 2813 1247 2886 luerit,
1276 2833 1452 2887 quare
1484 2819 1728 2876 fratrum
1779 2838 1926 2894 proe-

274 2894 615 2952 cedentium
644 2899 799 2970 apud
831 2915 929 2956 eos
960 2901 1040 2956 ita
1070 2903 1382 2977 deperierit
1428 2909 1749 2981 exercitus;
1779 2918 1831 2968 et
1865 2917 1929 2968 ut

279 2986 720 3057 opportunitate
776 2988 1014 3048 inventa
1060 2992 1363 3051 dominum
1423 3014 1615 3071 regem
1673 2999 1744 3056 de
1789 3017 1929 3072 pace

275 3074 604 3145 conveniat,
636 3080 693 3132 et
724 3079 961 3136 omissis
993 3084 1249 3154 querelis
1278 3087 1595 3156 veteribus,
1627 3089 1928 3147 elaborent

274 3164 566 3235 quomodo
621 3164 708 3222 eis
755 3166 900 3225 liber
961 3185 1063 3242 per
1135 3172 1490 3245 Hungariam
1548 3138 1998 3251 indulgeaturc

273 3253 581 3310 transitus.
614 3253 761 3311 Nam
794 3256 940 3314 alias
972 3258 1120 3317 inire
1150 3261 1290 3331 viss,
1313 3262 1544 3322 itineris
1568 3267 1742 3340 coepti
1776 3268 1935 3325 vide·

270 3340 444 3398 batur
472 3342 869 3416 dispendium.
904 3348 1121 3406 Missus
1161 3357 1253 3409 est
1283 3369 1415 3424 ergo
1448 3354 1532 3412 vir
1560 3355 1777 3413 nobilis
1808 3358 1930 3415 Go-

274 3429 539 3490 del'ridus
569 3433 640 3489 de
670 3436 883 3506 Aschs,
915 3436 1149 3497 Henrici
1169 3441 1368 3511 trater,
1389 3459 1456 3500 eo
1486 3447 1640 3517 quod
1662 3447 1929 3518 ejusdem

277 3520 431 3593 regis
463 3538 497 3578 a
528 3523 727 3580 multis
761 3530 909 3582 retro
945 3531 1305 3601 temporibus
1335 3532 1790 3591 familiaritatem
1821 3536 1930 3594 ba-

276 3609 504 3676 buerat.
533 3628 668 3670 cum
691 3616 1043 3688 quibusdam
1066 3620 1328 3679 honestis
1357 3623 1499 3679 viris
1528 3628 1585 3681 et
1608 3625 1924 3692 nobilibus,

273 3702 340 3755 ut
368 3699 630 3773 ejusdem
663 3703 971 3778 legationis
1021 3709 1299 3783 fungatur
1326 3713 1551 3771 officio:
1593 3716 1692 3789 qui
1732 3717 1803 3772 ad
1836 3732 1925 3773 re·

269 3804 399 3862 gem
434 3793 792 3867 perveniens,
826 3797 1076 3870 depenso
1094 3791 1303 3857 debitas
1327 3802 1699 3862 salutationis
1722 3804 1924 3878 affatu,

269 3879 423 3952 quod
458 3880 511 3936 ei
542 3882 728 3940 tuerat
754 3884 1087 3957 injunctum
1128 3889 1373 3948 fideliter
1408 3908 1751 3966 exsequens,
1800 3896 1923 3969 regi

265 3965 497 4025 loculus
529 3974 620 4027 est
650 3971 707 4027 in
739 3972 862 4031 haec
893 3978 1104 4033 verba:

917 4065 1154 4125 CAPUT
1184 4070 1253 4126 11.

267 4144 490 4228 Levatio
517 4147 764 4239 ejusdem
791 4154 945 4238 ducis
980 4158 1056 4211 ad
1085 4158 1438 4216 Calemanum
1467 4177 1645 4231 reqem
1695 4164 1923 4237 Hunqa·

342 4233 466 4287 rue,
495 4223 977 4302 per-luodeIrutum
1016 4227 1083 4283 de
1129 4232 1289 4296 Asca,
1320 4236 1372 4285 et
1416 4247 1736 4305 responsum
1783 4238 1924 4305 eius-

335 4286 457 4342 dem
484 4304 631 4359 repis
657 4295 732 4348 ad
756 4297 1007 4352 eumdem
1026 4299 1235 4356 ducem.

347 4396 440 4454 Vir
476 4398 715 4459 illustris
761 4408 815 4460 et
861 4408 1219 4478 maonificus,
1268 4411 1524 4469 dominus
1575 4413 1917 4486 Godelridus,

2024 1848 2362 1904 expuqnare,
2412 1838 2465 1889 et
2521 1833 2591 1888 ad
2648 1848 2746 1889 nos
2773 1831 3046 1888 violenter
3084 1830 3304 1903 ingredi
3328 1828 3680 1895 nitebantur,

2027 1936 2126 1978 nec
2152 1936 2234 1990 re,
2265 1937 2363 1979 nec
2402 1921 2624 1977 nomine
2664 1921 2867 1977 Christi
2911 1922 3141 1992 suerunt
3185 1921 3490 1976 sectatores.
3545 1918 3684 1973 Nam

2027 2025 2152 2067 cum
2198 2013 2377 2082 primo
2426 2010 2652 2067 Petrum
2679 2012 2731 2067 et
2776 2025 2899 2067 suos
2948 2009 3221 2066 exercitus
3265 2006 3684 2079 suscepissemus

2027 2100 2283 2172 hospitio,
2318 2099 2456 2157 bona
2477 2114 2602 2171 quae
2628 2100 2775 2171 apud
2801 2115 2901 2155 nos
2937 2106 3096 2155 eram
3139 2102 3249 2154 tam
3276 2099 3475 2170 pratis,
3518 2110 3686 2168 quam

2028 2192 2207 2264 pretio
2236 2188 2357 2246 illis
2382 2191 2845 2247 communicantes
2884 2191 3056 2261 justo,
3098 2204 3258 2245 more
3309 2186 3592 2257 serpentis
3623 2185 3682 2243 in

2029 2279 2274 2352 gremio,
2307 2282 2366 2335 et
2397 2279 2580 2335 muris
2609 2277 2671 2335 in
2702 2294 2859 2350 pera,
2892 2276 3035 2333 male
3057 2281 3557 2333 remuneraverunt
3585 2280 3687 2332 tro·

2027 2372 2195 2444 spites
2231 2385 2379 2426 suos.
2428 2370 2568 2426 Nam
2605 2370 2670 2425 in
2717 2369 2990 2424 entremis
3031 2369 3194 2439 repni
3232 2367 3416 2423 nostri
3460 2364 3687 2437 finibus,

2028 2459 2159 2516 dum
2189 2459 2308 2530 jam
2325 2474 2427 2530 pro
2458 2458 2678 2514 collatis
2700 2457 2981 2527 beneficiis
3007 2463 3200 2529 grates
3235 2462 3558 2512 tenerentur
3601 2471 3689 2512 re-

2029 2547 2286 2621 pendere,
2326 2563 2498 2603 unam
2540 2545 2606 2602 de
2642 2545 2872 2602 urbibus
2905 2547 3106 2601 nostris
3151 2545 3583 2615 consrinqentes,
3637 2546 3690 2599 et

2029 2637 2298 2710 populum
2349 2635 2446 2709 qui
2492 2637 2553 2692 in
2603 2641 2748 2691 serat
2788 2635 3026 2691 delentes
3070 2633 3312 2705 penitus,
3340 2649 3464 2689 cum
3493 2648 3688 2689 eorum

2030 2727 2247 2799 spoliis,
2280 2725 2538 2797 previbus
2565 2734 2616 2780 et
2646 2726 2927 2792 armentis,
2961 2727 3221 2796 tanquam
3277 2721 3503 2779 violenti
3537 2736 3689 2794 prae·

2035 2815 2204 2873 dones
2269 2817 2545 2872 abierunt.
2595 2813 2905 2870 Godescalci
2953 2827 3084 2869 vero
3124 2810 3519 2884 expeditiones,
3561 2817 3689 2866 tan-

2038 2921 2208 2978 quam
2228 2922 2262 2960 a
2286 2905 2568 2977 prioribus
2595 2903 2986 2960 nihilomnino
3004 2901 3424 2974 pertulissemus
3444 2901 3690 2972 injuriat,

2034 2996 2154 3053 sine
2174 2995 2426 3052 molestia
2453 2997 2505 3052 et
2533 2993 2865 3064 difficultate
2902 2991 3178 3061 admissae,
3223 2990 3285 3048 in
3322 2989 3508 3047 medio
3537 2990 3695 3061 reqni

2036 3086 2201 3155 huius
2233 3087 2460 3159 rapinas
2502 3099 2777 3152 exercere,
2827 3084 3034 3153 inferre
3064 3080 3405 3142 violentiam.
3438 3078 3694 3136 incendia

2033 3191 2352 3248 procurare,
2381 3181 2435 3231 et
2455 3172 2637 3229 causis
2677 3172 2886 3229 levibus
2902 3180 3139 3244 strayem
3166 3171 3400 3242 operari
3445 3185 3558 3227 non
3602 3185 3694 3225 ve-

2037 3269 2238 3330 rentes.
2286 3264 2610 3321 delictorum
2655 3278 2878 3319 suorum
2915 3263 3238 3318 enormitate
3286 3260 3579 3317 Dominum
3624 3258 3692 3313 ad

2036 3354 2393 3412 iracundiam
2436 3359 2898 3425 provocaverunt.
2944 3352 3050 3408 Nos
3097 3365 3311 3423 quoque
3353 3349 3695 3405 subditorum

2032 3446 2183 3517 ferre
2238 3458 2349 3500 non
2397 3443 2635 3500 valentes
2675 3440 2974 3509 molestias,
3022 3456 3251 3495 manum
3301 3437 3691 3505 adhibuimus,

2031 3536 2117 3590 rei
2141 3531 2489 3604 periclitanti
2517 3531 2820 3588 remedium
2848 3530 3213 3601 providentes.
3258 3526 3406 3586 Unde
3440 3530 3497 3583 et
3532 3525 3695 3598 prio·

2033 3639 2160 3680 rum
2186 3621 2435 3692 exemplo
2478 3619 2756 3688 deterriti,
2801 3636 2871 3677 ne
2917 3620 3079 3675 tertio
3112 3617 3241 3689 jam
3277 3615 3691 3673 detestabilium

2029 3704 2341 3769 ‘armarum
2392 3712 2744 3781 experiemur
2771 3710 3031 3777 iniurias,
3085 3707 3390 3764 consultius
3433 3707 3553 3776 {ore
3595 3704 3687 3760 vi-

2026 3817 2151 3859 sum
2178 3804 2277 3870 est,
2306 3814 2341 3854 a
2379 3799 2538 3868 requi
2566 3798 2746 3854 nostri
2773 3796 3065 3863 limitibus,
3097 3796 3200 3852 Deo
3235 3794 3401 3866 plane
3430 3792 3682 3859 odibiles,

2025 3903 2216 3947 arcere
2269 3886 2584 3960 hujusmodi
2630 3886 2932 3959 impiorum
2993 3885 3307 3955 manipulos
3369 3882 3681 3952 hominum,

2029 3995 2194 4051 quam
2235 3977 2477 4049 iniurias
2522 3976 2591 4032 ab
2636 3974 2717 4032 eis
2763 3980 2817 4032 et
2863 3975 3070 4031 damna
3101 3976 3239 4046 pani
3282 3974 3552 4041 enormia,
3587 3975 3685 4027 aut

2023 4085 2151 4125 cum
2177 4069 2255 4124 eis
2284 4066 2554 4123 hostiliter
2580 4066 2878 4122 decertare.
2929 4065 3051 4121 Hoec
3095 4064 3272 4135 iqitur
3306 4060 3454 4135 apud
3494 4065 3547 4118 te
3602 4060 3680 4118 vi-

2024 4174 2153 4215 rum
2196 4156 2529 4229 prudentem
2555 4162 2609 4211 et
2666 4155 3023 4224 industrium,
3075 4170 3176 4225 pro
3218 4155 3411 4209 nostra
3450 4167 3686 4208 excusa-

2025 4249 2179 4323 ‘ioue
2195 4245 2436 4319 sufficiat
2455 4246 2743 4316 allegasse.
2764 4244 2902 4300 Nam
2935 4245 2955 4313 (
2981 4241 3118 4299 vivit
3138 4243 3427 4310 Dominus,
3456 4258 3685 4313 puram,

2024 4339 2168 4399 sicut
2205 4341 2311 4406 est,
2362 4333 2760 4392 edisseruimus
2779 4334 3111 4400 veritatem.)
3184 4331 3287 4389 His
3320 4330 3512 4400 dictis,
3561 4346 3689 4388 eos·

2024 4427 2161 4483 dem
2193 4426 2411 4498 legatos
2445 4423 2706 4498 proecipit
2734 4422 3124 4495 hospitaliter,
3163 4425 3223 4479 et
3269 4420 3459 4477 multa
3501 4420 3684 4477 hone·

265 4486 644 4562 Locharinqiae
663 4491 798 4565 dux,
820 4495 998 4552 etalii
1027 4496 1125 4554 Dei
1142 4501 1400 4570 cultores,
1434 4505 1532 4574 qui
1547 4520 1673 4561 cum
1701 4520 1763 4562 eo
1800 4519 1930 4571 sunt
1962 4509 2007 4575 Ι)
2037 4521 2188 4575 stato
2214 4514 2439 4582 haberi,
2472 4529 2778 4586 quousque
2818 4512 3018 4568 habito
3049 4527 3183 4567 cum
3214 4511 3340 4567 suis
3368 4509 3681 4583 colloquio,

266 4577 562 4650 principes,
609 4582 814 4642 divinis
859 4585 1131 4659 obsequiis
1189 4594 1511 4663 mancipati,
1565 4594 1636 4650 ad
1685 4602 1921 4653 vestram

265 4682 365 4726 nos
396 4669 721 4729 direxerunt
759 4674 1140 4748 eminentiam,
1177 4682 1320 4737 scire
1346 4698 1447 4754 per
1475 4700 1574 4740 nos
1599 4684 1919 4757 cupientes:

270 4775 443 4832 quare
463 4761 705 4833 fidelium
722 4763 992 4838 populus,
1014 4782 1247 4840 quorum
1265 4769 1536 4845 reliquias
1567 4776 1628 4829 in
1654 4774 1747 4831 via
1766 4792 1919 4848 repe-

270 4850 442 4906 rimus
488 4851 644 4909 nobis
694 4860 1057 4927 occurrentes,
1108 4862 1323 4916 tantam
1373 4860 1522 4933 apud
1548 4877 1660 4929 vos,
1714 4865 1815 4935 qui
1855 4864 1923 4921 de

264 4953 496 4997 nuntero
520 4940 777 5012 fidelium
795 4944 1066 5017 dicimini,
1091 4957 1413 5020 repererunt
1436 4951 1918 5024 inhumanitatem,

267 5033 328 5084 ut
383 5032 557 5088 tutius
586 5034 664 5089 ad
729 5034 1556 5112 hostesjquoslibddeclinare
1595 5047 1917 5116 potuissent.

269 5116 420 5187 Quod
449 5120 499 5176 si
512 5122 777 5191 praedicti
799 5127 995 5198 populi
1023 5137 1179 5187 tanta
1206 5133 1316 5203 suit
1345 5132 1536 5206 culpa,
1568 5141 1630 5190 ut
1657 5136 1920 5192 extremis

269 5208 561 5281 suppliciis
577 5212 747 5285 diana
772 5216 949 5284 fuerit
989 5218 1309 5290 tlaqellari;
1358 5225 1455 5296 qui
1498 5239 1584 5280 me
1626 5226 1917 5297 miserunt,

265 5297 454 5368 parati
497 5306 630 5360 sunt
667 5319 859 5361 eorum
906 5308 1188 5367 interitum
1243 5314 1628 5384 aequanimiter
1665 5313 1916 5372 tolerare.

261 5387 403 5444 Nam
429 5404 769 5467 quaecunque
795 5411 867 5453 ex
893 5400 1088 5458 merito
1122 5417 1286 5473 poena
1312 5402 1605 5475 infligitur,
1638 5404 1820 5461 minus
1850 5403 1923 5462 ad

267 5477 415 5536 mm
455 5497 731 5558 provocat,
779 5492 831 5545 et
874 5492 1085 5565 majore
1127 5491 1446 5552 sustinenda
1493 5500 1575 5552 est
1624 5497 1920 5567 patientia.

266 5564 421 5639 Quod
445 5571 498 5629 si
526 5587 677 5634 ηοω
702 5585 803 5651 est,
848 5583 905 5637 et
945 5581 1151 5657 absque
1204 5580 1327 5642 ulle
1379 5599 1549 5645 causa
1587 5584 1926 5647 commniati

2031 4606 2104 4662 ad
2137 4603 2440 4676 predictos
2491 4602 2779 4674 principes
2827 4600 3068 4657 nuntios
3113 4600 3348 4673 dirigat,
3398 4615 3682 4672 responsa

2029 4693 2430 4755 convenientia
2457 4690 2776 4748 delaturos.
2805 4690 3067 4748 Tandem
3098 4690 3293 4747 missis
3324 4689 3397 4747 de
3427 4690 3681 4748 familia-

2027 4784 2194 4841 ribus
2225 4782 2351 4839 suis
2380 4780 2601 4854 aliquot
2629 4796 2763 4836 cum
2796 4779 2999 4853 legatis
3033 4780 3131 4853 qui
3163 4780 3236 4836 ad
3266 4795 3329 4835 se
3379 4787 3681 4850 venerant,

2027 4872 2164 4930 duoi
2193 4879 2250 4928 et
2278 4870 2643 4943 principibus
2675 4872 2734 4926 in
2766 4869 2887 4925 boc
2914 4870 3093 4926 verba
3136 4868 3479 4940 rescripsit:
3511 4869 3680 4925 Audi-

2026 4963 2202 5020 vimus
2220 4976 2374 5032 sane,
2404 4966 2458 5016 et
2468 4962 2624 5032 lama
2649 4962 2918 5032 referente
2941 4959 3280 5028 iamdudum
3307 4957 3679 5030 coonovimus,

2024 5050 2167 5127 quod
2191 5052 2452 5123 princeps
2488 5065 2745 5123 maynus.
2785 5047 3030 5105 illustris
3084 5057 3136 5105 et
3181 5049 3434 5119 epreqius
3482 5050 3685 5104 merito

2023 5140 2176 5214 apud
2203 5146 2325 5198 tuos
2356 5139 2611 5195 habearis
2631 5156 2650 5194 .·
2681 5142 2733 5195 et
2761 5137 2906 5210 quod
2951 5138 3088 5209 fidei
3136 5146 3241 5194 tuae
3285 5137 3683 5205 sinceritatem,

2022 5233 2074 5289 et
2120 5228 2613 5287 commendabilem
2650 5230 2830 5285 animi
2876 5228 3247 5284 constantiam
3294 5225 3467 5283 etiam
3518 5224 3685 5295 lonae

2020 5318 2189 5393 positi
2219 5320 2329 5376 viri
2357 5318 2652 5392 prudentes
2696 5316 3066 5374 admirentur.
3109 5316 3213 5373 Nos
3256 5329 3467 5390 quoquo
3510 5317 3687 5371 nomi-

2027 5412 2113 5466 nis
2140 5409 2230 5466 tui
2274 5409 2411 5466 bono
2449 5409 2637 5477 odore,
2695 5412 2749 5465 et
2785 5403 3014 5481 eperum
3060 5409 3224 5465 tracti
3257 5406 3581 5479 flaprantia,
3635 5412 3688 5462 te

2028 5499 2163 5557 licet
2189 5499 2467 5556 absentem
2485 5499 2663 5558 colere
2698 5500 3103 5573 proposuimus,
3149 5506 3205 5555 et
3245 5500 3559 5569 promptius
3600 5495 3686 5552 lto-

2028 5603 2250 5649 norare.
2296 5587 2403 5650 Sed
2444 5595 2501 5649 et
2552 5589 2700 5650 viros
2753 5587 2961 5651 nobiles
3001 5587 3104 5664 qui
3145 5589 3325 5648 tecum
3363 5591 3517 5654 sunt,
3564 5587 3685 5648 zeto
