3784 6000
921 166 1291 229 EPISTOLAE
1325 166 1412 225 ΕΤ
1449 164 1900 227 PniviLEfflA.
1942 199 2011 213 —
2047 170 2170 226 AN.
2208 169 2371 228 1188.

3194 174 3356 235 1222-

137 304 209 362 de
224 302 610 376 eleemosyna
630 298 863 358 comitis
885 297 1118 356 Heni-ici
1152 313 1169 364 ;
1196 296 1319 353 duo
1357 294 1584 354 molen·
1611 297 1661 353 A
1690 310 1821 353 ram
1850 311 2098 370 quoque
2126 297 2320 370 ipsius
2354 295 2470 354 loci
2499 295 2750 355 liberam
2781 314 2915 357 esse
2958 300 3340 362 decernimus

139 392 259 467 pud
280 391 630 448 Butrerches
651 396 708 447 et
732 389 896 462 apud
926 387 1172 460 Espault
1189 387 1305 458 (15)
1328 402 1345 453 3
1368 390 1424 442 et
1449 400 1584 443 cen-

137 482 331 539 olidos
387 480 702 539 annuatim
752 477 1093 535 reddendos
1137 476 1198 532 in
1243 475 1470 532 Barcbo
1507 473 1583 530 de

137 573 166 644 ι)
197 571 546 639 ;ecclesiam
579 569 779 626 Sancti
807 565 1069 623 Medardi
1100 565 1210 636 (17)
1234 580 1374 621 cum
1394 563 1586 620 domi-

141 662 273 728 rris,
288 660 477 716 vineis
496 663 552 716 et
574 657 758 730 pratis
781 658 859 714 ad
876 654 1289 729 presbyterum
1313 651 1585 724 ejusdem

145 768 194 808 oe
236 747 690 823 pertinentibus,
730 750 788 802 et
824 744 903 802 ab
951 743 1115 801 omni
1156 742 1588 800 consuetudine

137 858 149 895 ι
189 843 249 897 et
281 838 651 895 decimarum
694 834 1117 907 pertinentium
1157 831 1234 888 ad
1269 829 1586 888 dominum

137 945 241 985 ‚em
260 927 334 984 de
352 926 601 983 Gliseria
617 923 731 997 (18)
749 929 805 980 et
824 923 1067 980 fratrem
1084 927 1141 979 et
1154 920 1422 978 haeredes
1435 920 1589 992 ejus,

149 1023 206 1074 et
232 1015 605 1073 immunibus
633 1031 648 1080 ;
672 1013 1055 1071 medietatem
1082 1010 1453 1068 decimarum
1484 1009 1586 1066 mi-

137 1124 219 1163 im
245 1104 528 1161 Turnonii
558 1102 674 1176 (¹⁹)
714 1103 789 1159 de
818 1101 1040 1158 Castris
1080 1101 1216 1173 (20),
1256 1099 1332 1157 de
1362 1100 1588 1171 Campo

136 1199 181 1253 is
231 1196 366 1267 (21).
401 1194 475 1250 de
515 1192 721 1250 Urscia
758 1193 894 1261 (22),
931 1190 1006 1246 de
1039 1188 1289 1246 Bernaio
1326 1189 1469 1261 (23),
1512 1188 1587 1244 de

137 1302 167 1341 a
215 1282 473 1340 Hewidis
516 1281 651 1353 (24),
684 1281 759 1336 de
797 1278 1026 1352 capella
1054 1278 1391 1348 Horcengin
1422 1276 1535 1350 (25)
1570 1297 1583 1342 ς

137 1374 357 1430 nodios
381 1385 640 1429 annonoe
679 1369 754 1425 de
791 1368 1175 1442 eleemosyna
1196 1366 1485 1425 Guidonis
1510 1365 1587 1423 de

137 1463 236 1521 ida
260 1463 395 1535 (26),
414 1468 471 1518 et
488 1460 596 1519 filii
622 1459 754 1531 eius
781 1456 1008 1515 Ancelli
1037 1458 1097 1513 in
1118 1457 1372 1528 grangia
1387 1455 1586 1528 campi

137 1554 185 1609 is
202 1552 513 1609 annuatim
532 1547 854 1606 solvendos
874 1547 1166 1619 ;itemque
1181 1546 1337 1603 duos
1353 1545 1587 1603 modios

1694 390 1758 441 ut
1785 401 1994 442 eorum
2025 384 2323 444 devotioni
2341 390 2398 442 et
2421 393 2700 444 extremae
2717 387 3000 447 voluntati
3023 391 3127 464 qui
3145 408 3207 449 se
3224 393 3341 450 illic

1693 473 1928 545 sepeliri
1970 474 2452 542 deliberaverint,
2498 475 2611 532 nisi
2648 475 2797 535 t'orte
2841 481 3341 539 excommunicati

1693 561 1787 620 vel
1830 563 2127 622 interdicti
2173 565 2311 631 sint,
2358 563 2564 623 nullus
2604 563 2874 634 obsistat,
2923 569 3090 628 salva
3141 576 3344 630 tamen

1691 650 1920 723 justitia
1952 654 2343 711 ecclesiarum
2369 652 2607 711 illarum
2641 670 2679 713 a
2709 655 2934 729 quibus
2961 663 3342 719 mortuorum

1695 754 1950 813 corpora
1983 746 2392 799 assumuntur.

1768 831 2153 888 Decet-nimus
2168 846 2311 903 ergo
2324 836 2387 888 ut
2410 831 2553 888 nulli
2577 834 2826 891 omnino
2837 834 3154 893 hominum
3171 837 3348 900 liceat

1697 917 2009 990 proel'atam
2053 919 2365 977 ecclesiam
2419 924 2637 979 temere
2682 923 3033 995 perturbare
3061 931 3168 983 aut
3211 926 3345 999 ejus

1697 1010 2106 1081 possessiones
2129 1009 2359 1067 auterre
2387 1009 2483 1068 vel
2506 1010 2743 1069 ablatas
2773 1014 3062 1086 minuere,
3093 1015 3346 1073 retinere

1698 1114 1805 1155 seu
1840 1098 2208 1172 quibuslibet
2239 1100 2652 1159 vexationibus
2687 1101 2956 1175 fatigare,
2999 1104 3109 1163 sed
3137 1105 3348 1165 omnia

1696 1187 1930 1260 integra
1944 1195 2392 1256 conserventur,
2406 1204 2636 1257 eorum,
2651 1207 3031 1265 proquorum
3044 1193 3352 1266 guberna-

1699 1275 1856 1335 tione
1882 1293 1955 1335 ac
1979 1279 2409 1337 sustentatione
2434 1294 2721 1337 concessa
2740 1286 2899 1349 sunt,
2926 1282 3138 1340 usibus
3160 1284 3352 1341 omni-

1699 1365 1900 1424 modis
1915 1366 2251 1439 protutura,
2267 1367 2439 1425 salva
2455 1367 2616 1424 sedis
2631 1369 2976 1443 apostolicae
3000 1372 3351 1431 auctoritate

1697 1471 1768 1513 ac
1813 1454 2140 1513 dicecesani
2176 1456 2450 1530 episcopi
2489 1458 2785 1516 canonica
2821 1459 3079 1533 justitia.
3129 1461 3186 1520 Si
3227 1477 3354 1536 qua

1696 1544 1876 1614 igitur
1929 1544 1989 1602 in
2036 1544 2305 1603 futurum
2352 1544 2758 1605 ecclesiastica
2802 1549 3181 1608 saecularisve
3221 1565 3358 1624 per·

141 1659 191 1699 es
257 1642 328 1696 de
394 1639 783 1710 eleemosyna
846 1635 1078 1693 domini
1144 1634 1437 1708 Radulphi
1511 1634 1586 1692 de
1616 1651 1663 1709 B
1698 1649 1870 1701 sona,
1901 1637 2013 1691 etc.

137 1837 161 1877 e
184 1819 489 1877 novalium
510 1821 844 1874 vestrorum
870 1829 1007 1887 quoe
1031 1814 1284 1887 propriis
1309 1814 1589 1872 manibus

137 1909 390 1984 mptibus
402 1908 613 1973 colitis,
629 1908 753 1962 sive
764 1905 839 1961 de
850 1905 1224 1961 nutrimentis
1237 1903 1587 1961 animalium

160 2000 370 2067 hortis,
401 2013 505 2055 seu
535 1997 610 2052 de
640 1993 927 2052 fructibus
951 1992 1236 2051 arborum
1257 1997 1587 2050 vestrarum

155 2105 192 2146 a
205 2088 379 2145 vobis
393 2086 660 2144 decimas
671 2089 1023 2155 extorquere
1035 2097 1230 2155 proesu
1238 2087 1379 2139 mat.
1395 2082 1592 2140 Liceat

137 2194 182 2235 ie
202 2176 369 2234 vobis
385 2175 632 2232 clericos
653 2172 744 2230 vel
767 2172 977 2238 laicos,
1007 2187 1038 2227 e
1063 2172 1282 2229 soeculo
1299 2172 1592 2244 rugiente·

137 2284 157 2323 3
198 2272 257 2325 et
284 2263 614 2330 absolutos,
645 2262 721 2320 ad
754 2261 1209 2319 conversionem
1236 2261 1500 2334 recipere
1535 2265 1593 2319 et

137 2371 294 2428 »sque
326 2354 502 2410 ullius
525 2350 993 2409 contradictione
1021 2350 1082 2405 in
1121 2354 1316 2406 vestro
1339 2350 1591 2423 collegio

137 2460 210 2501 re.
278 2441 667 2499 Prohibemus
717 2439 966 2512 insuper
1022 2442 1084 2495 ut
1136 2437 1286 2495 nulli
1338 2437 1590 2499 fratrum

142 2549 297 2601 rum,
321 2536 463 2606 post
494 2529 716 2587 factam
754 2528 815 2584 in
845 2527 1060 2584 eodem
1101 2526 1235 2584 loco
1271 2528 1595 2601 professio-

137 2623 217 2681 ias
241 2622 316 2679 sit
342 2621 548 2693 aliqua
573 2617 812 2675 levitate
835 2616 1042 2683 animi,
1073 2617 1200 2673 sine
1230 2616 1471 2675 abbatis
1500 2617 1595 2675 sui

145 2729 181 2769 a
209 2711 284 2767 de
314 2709 573 2767 claustro
594 2713 794 2765 vestro
814 2706 1123 2763 discedere
1150 2722 1167 2773 ;
1188 2705 1593 2764 discedentem

138 2801 241 2858 ine
282 2797 696 2856 communium
732 2795 1060 2853 litterarum
1091 2794 1363 2853 cautione
1397 2794 1596 2852 nulius

137 2895 168 2946 ‚t
189 2894 461 2946 retinere.
483 2885 573 2943 Ad
591 2884 739 2956 haec,
759 2885 1109 2942 auctoritate
1123 2883 1451 2956 apostolica
1462 2900 1597 2957 pro·

137 2995 226 3036 ius
247 2992 324 3035 ne
347 2976 482 3050 quis
506 2976 568 3031 in
595 2973 878 3032 ecclesias
902 2975 1132 3032 vestras
1163 2971 1481 3042 interdicti,
1505 2972 1598 3030 vel

137 3085 150 3124 i
181 3073 287 3124 aut
315 3066 564 3122 clericos
594 3069 826 3120 vestros
848 3062 1483 3120 excommunicationis
1508 3062 1601 3119 vel

137 3155 360 3214 usionis
379 3170 481 3211 sen
490 3157 583 3210 ten
592 3152 759 3218 tiam,
772 3150 1003 3223 absque
1014 3150 1333 3209 manifesta
1343 3157 1402 3209 et
1418 3153 1602 3209 ratio-

161 3261 363 3310 causa,
389 3242 751 3317 pronuntiet.
775 3240 882 3297 Pro
896 3238 1313 3297 benedictione
1334 3255 1478 3297 sane
1497 3241 1602 3298 ab·

137 3337 260 3394 sive
282 3349 391 3408 pro
407 3333 540 3406 ipso
557 3329 913 3387 deducendo
935 3333 1040 3386 aut
1064 3328 1349 3401 ponendo
1374 3330 1437 3387 in
1461 3330 1603 3388 sede

137 3441 202 3482 ro
253 3423 383 3481 aliis
433 3419 799 3495 quibuslibet
852 3415 1266 3485 sacramentis,
1312 3419 1436 3476 sive
1487 3419 1604 3476 sub

138 3520 201 3571 tu
252 3508 720 3575 consuetudinis,
764 3508 888 3565 sive
939 3506 1208 3579 quolibet
1243 3506 1360 3565 alio
1420 3508 1604 3566 modo

146 3619 285 3660 uam
316 3618 353 3657 a
380 3601 554 3657 vobis
580 3598 738 3669 exigi
767 3596 1088 3654 districtius
1114 3595 1531 3669 prohibemus.

142 3694 156 3748 i
176 3705 420 3765 quoque
437 3696 493 3745 et
511 3686 920 3762 tranquillitati
939 3690 1150 3743 vestrae
1177 3691 1429 3759 paterna
1449 3685 1605 3744 solli·

141 3796 213 3839 ne
241 3778 555 3853 providere
585 3776 872 3841 volentes,
898 3774 1249 3833 auctoritate
1273 3775 1606 3848 apostolica

137 3870 344 3927 bemus
377 3873 458 3935 ut,
490 3866 643 3924 intra
668 3865 978 3923 clausuras
992 3864 1266 3923 locorum
1296 3881 1401 3923 seu
1426 3880 1608 3937 gran-

137 3977 189 4016 m
218 3964 546 4015 vestrarum
563 3954 765 4012 nullus
797 3954 1162 4021 violentiam,
1183 3955 1276 4012 vel
1302 3956 1602 4029 rapinam,

137 4054 312 4105 trium
354 4046 744 4114 committere,
775 4048 879 4102 aut
914 4044 1113 4114 ignem
1141 4059 1469 4116 apponere,
1497 4061 1606 4102 seu

137 4154 242 4193 iem
255 4150 469 4212 capere
483 4134 573 4190 vel
587 4133 937 4199 interficere,
952 4132 1045 4189 vel
1056 4132 1118 4188 in
1132 4132 1384 4205 aliquem
1398 4149 1606 4191 manus

138 4230 284 4282 imat
312 4223 552 4295 injicere
578 4221 887 4278 violentas.
915 4223 977 4277 ln
994 4220 1437 4294 parochialibus
1463 4237 1606 4280 vero

137 4315 216 4371 iis
240 4329 394 4386 quas
423 4311 682 4378 habetis,
707 4309 886 4365 liceat
907 4325 944 4366 a
976 4310 1150 4367 vobis
1175 4314 1292 4367 tres
1309 4310 1389 4369 ad
1405 4311 1606 4368 minus

137 4407 341 4461 satuor
365 4418 438 4458 ex
467 4399 639 4456 vobis
660 4414 884 4472 ponere
913 4414 1173 4472 quorum
1204 4415 1361 4456 unus
1385 4399 1608 4459 dioece-

137 4494 407 4565 spiscopo
424 4503 655 4563 praesen
665 4494 835 4556 tetur,
857 4494 922 4545 ut
939 4488 1021 4545 ab
1039 4504 1111 4545 eo
1134 4480 1345 4546 curam
1358 4489 1610 4563 recipiat

137 4598 316 4646 irum,
348 4580 428 4636 ita
448 4583 653 4635 tamen
676 4578 840 4652 quod
869 4578 920 4634 ei
941 4576 1015 4634 de
1043 4575 1480 4650 spiritualibus,
1502 4594 1610 4637 vo-

137 4687 210 4728 ro
236 4670 310 4726 de
331 4666 785 4740 temporalibus,
803 4672 861 4724 et
882 4668 958 4725 de
981 4665 1212 4724 ordinis
1225 4666 1611 4727 observantia

137 4757 712 4832 ‚trespondere.Cum
724 4759 928 4813 autem
941 4754 1608 4827 generaleinterdictum

155 4849 350 4916 tuerit,
384 4847 474 4904 fas
508 4845 678 4903 vobis
719 4846 812 4912 sit,
845 4845 1063 4903 clausis
1095 4845 1318 4917 ianuis,
1349 4846 1610 4904 exclusis

137 4937 490 4997 emunicatis
518 4940 576 4993 et
602 4934 949 5007 interdictis,
965 4934 1354 5008 nonpulsatis
1366 4950 1610 5009 campa·

138 5042 412 5102 ippressa
423 5041 567 5083 voce
579 5024 786 5083 divina
798 5023 999 5081 officia
1010 5023 1609 5099 celebrare.Sepultu·

138 5149 140 5162 ·
183 5118 367 5174 Baire
387 5120 447 5200 et
468 5116 743 5186 Espauoe,
763 5109 903 5186 pres
925 5113 998 5171 de
1024 5109 1606 5186 Chdteau-Thierry.

137 5205 144 5319 l
180 5189 606 5341 ggggffiepres
633 5258 706 5315 de
729 5257 967 5329 Leony.

137 5347 144 5460 ἶ
186 5331 522 5459 ῗέῗῖᾖαηε.

137 5500 141 5524 ·
182 5473 456 5534 chatra.

1637 4368 1684 4425 D

1768 1726 1891 1796 Ego
1920 1723 2136 1779 Lucius
2165 1722 2478 1782 catholicin
2503 1723 2778 1784 Ecclesioe
2806 1726 3152 1800 episcopus.

1770 1815 1895 1884 Ego
1944 1810 2289 1870 Tbeodinus
2338 1814 2680 1871 Portuensis
2709 1819 2766 1872 et
2804 1817 2864 1875 S.
2911 1817 3140 1876 Rullum
3188 1819 3354 1878 sedis

1699 1902 2044 1975 episcopus.

1771 1994 1895 2063 Ego
1919 1991 2204 2051 neni-icus
2229 1990 2588 2051 Albanemis
2620 1992 2967 2066 episcopus.

1774 2083 1900 2153 Ego
1949 2079 2154 2138 Petrus
2208 2080 2520 2155 presbyter
2574 2082 2897 2141 cardinalis
2970 2082 3059 2142 tit.
3126 2085 3186 2143 S.
3244 2086 3355 2145 Su·

1703 2184 1934 2227 sannae.

1772 2262 1895 2330 Ego
1920 2258 2228 2317 Laborans
2254 2258 2455 2333 presb.
2473 2259 2639 2318 card.
2670 2262 2728 2318 S.
2751 2262 2947 2320 Marioe
2969 2264 3157 2323 Trans
3186 2263 3356 2323 Tibe·

1700 2350 1815 2405 rim
1838 2352 1897 2406 et
1924 2348 2151 2405 Calixti.

1773 2439 1895 2508 Ego
1913 2436 2304 2510 pandulphus
2322 2438 2525 2511 presb.
2544 2438 2709 2496 card.
2732 2440 2816 2498 tit.
2840 2440 3105 2500 Basilicoe
3123 2441 3356 2501 Duode-

1703 2527 1821 2587 cim
1850 2526 2296 2601 Apostolorum.

1773 2618 1899 2687 Ego
1932 2615 2194 2673 lacobus
2218 2615 2514 2675 diaconus
2557 2617 2723 2675 card.
2773 2618 2831 2675 S.
2877 2617 3073 2676 Μαι-ἰῶ
3116 2618 3180 2677 in
3209 2621 3360 2679 Cos·

1702 2705 1932 2763 medin.

1775 2797 1898 2867 Ego
1923 2794 2160 2853 Ardicio
2180 2794 2337 2853 diac.
2367 2795 2531 2853 card.
2563 2795 2648 2853 tit.
2682 2794 2743 2852 S.
2769 2797 3084 2857 Theodori.

1742 2885 1901 2954 ,Ego
1928 2883 2245 2941 Gratianus
2277 2884 2378 2943 SS.
2410 2885 2643 2942 Cosmoe
2671 2888 2727 2942 et
2765 2885 3038 2943 Damiani
3062 2885 3355 2946 diaconus

1630 3010 1672 3070 C
1707 2972 2052 3033 cardinalis.

1780 3062 1998 3120 Datum
2031 3063 2268 3134 Signia,
2294 3079 2397 3137 per
2425 3079 2680 3122 manum
2721 3064 2941 3123 Alberti
2969 3068 3029 3125 S.
3071 3069 3357 3126 Romano

1710 3151 1981 3210 Ecclesia
2006 3152 2338 3225 presbyteri
2362 3154 2527 3211 card.
2550 3158 2609 3210 et
2630 3153 2882 3228 cancel.,
2905 3172 2942 3211 v
2958 3154 3066 3213 Kal
3091 3157 3360 3230 Augusti,

1710 3240 2036 3298 indictione
2080 3241 2295 3313 prima,
2343 3242 2779 3299 incarnationis
2831 3243 3158 3302 Dominicse
3195 3260 3360 3305 anno

1712 3329 1871 3397 1183,
1897 3327 2280 3401 pontificatus
2301 3345 2439 3386 vero
2458 3329 2864 3390 dominiLucii
2894 3348 3070 3406 papas
3098 3332 3171 3390 111
3191 3349 3355 3394 anno

1713 3417 2003 3476 secundo.

2450 3507 2630 3564 Cxlv.

1873 3595 2267 3667 Privileoium
2286 3611 2398 3666 pro
2427 3596 2729 3655 canonicis
2755 3597 3203 3671 Reoinensibus.

2246 3685 2507 3758 (Signiae,
2534 3687 2685 3757 Aug.
2718 3686 2831 3761 13.)

1840 3774 2223 3850 [ΤιιιΑειοεωιι,
2248 3775 2529 3834 Memorie
2551 3775 2870 3844 Modenesi,
2906 3777 3002 3843 ΙΙΙ.
3031 3792 3094 3850 p.
3120 3776 3241 3853 89]

1784 3865 1986 3922 Lucius
2033 3864 2377 3937 episcopus,
2418 3880 2627 3921 servus
2671 3881 2978 3923 servorum
3025 3867 3150 3935 Dei,
3207 3867 3359 3926 dile-

1714 3955 1822 4013 ctis
1875 3952 2014 4010 flliis
2065 3953 2371 4010 canonicis
2409 3953 2846 4023 Reginensibus
2883 3953 3363 4016 deservientibus

1714 4045 1936 4101 Sancto
1964 4042 2275 4115 Prospero,
2308 4049 2431 4100 tam
2468 4042 2867 4114 praesentibus
2904 4059 3093 4117 quam
3124 4044 3358 4115 futuris,

1713 4133 2004 4192 canonice
2029 4130 2481 4199 substituendis,
2512 4132 2572 4188 in
2597 4137 2980 4206 perpetuum.

1784 4219 2074 4279 Effectum
2095 4220 2259 4292 justa
2294 4219 2744 4293 postulantibus
2772 4219 3079 4295 indulgere
3108 4227 3167 4282 et
3191 4224 3368 4297 vigor

1715 4310 2015 4384 aequitatis
2034 4315 2091 4366 et
2109 4309 2259 4367 ordo
2279 4308 2458 4382 exigit
2473 4309 2740 4379 rationis,
2760 4312 3092 4383 prasertim
3118 4316 3368 4387 quando

1714 4399 2044 4473 petentium
2077 4397 2444 4457 voluntatem
2472 4404 2530 4456 et
2555 4399 2752 4472 pietas
2788 4400 3039 4473 adjuvat
3060 4407 3118 4460 ct
3149 4404 3367 4464 veritas

1713 4504 1837 4546 non
1873 4487 2174 4561 relinquit.
2222 4489 2565 4561 Eapropter,
2597 4488 2797 4545 dilecti
2834 4490 2896 4546 in
2941 4492 3195 4550 Domino
3235 4492 3360 4563 filii,

1714 4579 1926 4635 vestris
1943 4575 2121 4650 justis
2148 4575 2411 4650 postulat
2437 4577 2657 4634 onibus
2686 4576 3009 4636 clementer
3035 4580 3365 4638 annuimus

1715 4671 1772 4724 et
1809 4664 2123 4723 ecclesiam
2147 4665 2305 4722 Beati
2327 4664 2619 4737 Prosper-i,
2649 4664 2710 4721 in
2732 4681 2857 4738 qua
2877 4666 3084 4725 divino
3102 4668 3246 4726 estis
3259 4667 3368 4726 ob·

1716 4754 1930 4830 sequio
1955 4752 2310 4826 mancipati,
2343 4753 2461 4810 sub
2483 4752 2644 4810 beati
2665 4753 2814 4811 Petri
2850 4759 2908 4811 et
2930 4758 3142 4814 nostra
3164 4763 3366 4830 prote-

1716 4846 1914 4903 ctione
1959 4843 2321 4916 suscipimus
2357 4845 2416 4899 et
2445 4842 2756 4916 prasentia
2799 4844 3002 4916 scripti
3050 4845 3366 4919 privilegio

1716 4932 2185 4998 communimus,
2199 4934 2530 4988 statuentes
2554 4936 3026 5007 utquascunque
3040 4936 3371 5007 possessio-

1715 5039 1844 5090 nes,
1864 5036 2245 5096 quoecunque
2268 5020 2602 5095 bona,quoe
2618 5022 2830 5079 eadem
2856 5023 3115 5082 Ecclesia
3137 5023 3200 5082 in
3222 5039 3371 5098 prm·

1810 5112 1905 5186 21)
1943 5110 2307 5181 champrose
2328 5106 2466 5182 pres
2501 5110 2833 5171 Tem-nant.

1785 5112 1903 5545 ἓξ)
1940 5184 2350 5326 gesse...
2374 5254 2593 5336 Β...

1812 5329 1880 5384 24
1942 5327 2048 5383 Les
2077 5326 2395 5397 cnapeues
2467 5339 2560 5383 res
2589 5326 2652 5384 la
2679 5325 2998 5400 Homaye.

1812 5255 1910 5546 ab}
1943 5396 2318 5470 Mar-elianus

1946 5468 2067 5529 Gai
2099 5468 2173 5529 de
2200 5469 2327 5529 aar
2497 5395 2960 5469 Nat-Momm.
2979 5404 3042 5457 ut
3068 5398 3361 5475 suspicor.

1811 5471 1881 5527 26
2542 5471 2820 5544 setam
2846 5472 2925 5532 de
2955 5470 3314 5534 Tau-nont.-
