3784 6000
128 200 265 261 un

1088 200 1460 259 EPISTOLAE
1500 202 1586 259 ET
1626 200 2068 262 PRIVILEGIA.
2112 231 2176 243 -
2209 200 2326 256 AN.
2353 200 2514 258 1182.

3397 205 3547 269 1¹18

127 324 359 384 Christo
404 323 646 382 filiabus
686 326 996 384 Eusnnn
1024 326 1321 400 priorissae
1346 327 1407 384 S.
1450 327 1773 385 waldetrn-
1802 329 1851 383 A
1881 331 1940 385 et
1993 341 2097 384 eas
2148 326 2380 401 absque
2446 327 2920 385 contradictione
2957 329 3226 402 qualibet
3271 330 3542 387 retinere.

124 416 243 482 dis,
269 416 522 490 ejusque
548 416 877 483 sororibus,
909 422 1030 474 tam
1051 418 1453 491 proesentibus
1472 434 1662 493 qnam
1685 418 1775 475 fn-

123 503 286 571 tnris‚
311 504 667 562 canonicam
702 506 885 562 vitam
912 506 1199 580 professis
1227 507 1288 565 in
1318 513 1697 581 perpetuum.

195 593 594 651 prudentibus
620 595 975 665 virginibus,
1001 613 1138 670 quae
1164 596 1282 655 sub
1304 597 1519 655 habitu
1543 597 1774 669 religio·

119 684 215 740 nis
233 683 507 740 accensis
530 682 918 757 lampadibus
931 701 1037 758 per
1056 702 1243 757 opera
1264 687 1598 744 sanctitatis
1617 685 1775 760 jugi-

122 777 209 831 ter
237 787 299 829 se
321 777 668 846 praeparaut
691 775 775 829 ire
805 773 1051 832 obviam
1085 776 1578 848 Sponsofflault.
1610 776 1771 845 xxv),

120 861 297 919 sedes
316 861 640 933 apostolica
660 862 840 919 debet
855 863 1202 936 praesidium
1219 865 1525 938 impertiri,
1541 881 1613 923 ne
1626 864 1775 922 forte

119 951 437 1023 cujuslibet
463 952 805 1009 temeritatis
824 952 1123 1020 incursuS,
1141 960 1244 1012 aut
1273 971 1376 1012 eas
1402 971 1440 1013 a
1467 956 1775 1029 proposito

119 1046 379 1106 revocet,
420 1045 525 1098 aut
563 1043 748 1099 robur
776 1042 967 1115 (quod
998 1043 1153 1100 absit
1181 1044 1220 1116 1)
1261 1061 1448 1102 sacrae
1476 1045 1777 1117 religionis

121 1130 431 1201 infringat.

197 1222 540 1292 Eapropten
567 1219 795 1276 dilectas
826 1221 884 1277 in
907 1221 1134 1280 Christo
1168 1222 1321 1291 tiliae,
1364 1223 1573 1282 vestris
1597 1223 1775 1295 justis

122 1308 629 1381 postulationibus
650 1308 941 1367 clemente
971 1311 1350 1381 ranuuimus,
1372 1317 1430 1369 et
1459 1311 1776 1369 ecclesiam

125 1399 185 1455 S.
250 1397 663 1464 waldetrudis,
710 1399 770 1453 in
821 1415 945 1472 qua
986 1400 1189 1457 divino
1235 1402 1595 1476 mancipatas
1637 1403 1778 1458 estis

116 1486 433 1560 obsequio,
465 1485 579 1542 sub
606 1488 669 1543 B.
702 1488 849 1544 Petri
878 1494 936 1546 et
966 1495 1173 1547 nostra
1197 1491 1555 1565 protectione
1592 1490 1778 1548 susci-

119 1591 344 1648 pimus.

1883 419 2030 475 Cum
2062 423 2262 474 autem
2291 415 2566 488 generale
2596 417 2979 475 interdictum
3013 422 3183 476 terrae
3211 416 3408 486 fuerit,
3448 418 3543 476 fas

1876 506 1958 589 pit
1998 505 2192 574 vobis,
2224 506 2442 563 clausis
2467 506 2690 578 januis,
2737 523 2858 563 non
2905 507 3160 579 pulsatis
3204 508 3541 581 campanis,

1881 594 2141 652 exclusis
2177 595 2713 653 excommunicatis
2744 600 2801 652 et
2839 595 3192 665 interdictis,
3239 597 3543 655 submissa

1885 700 2051 751 voce,
2082 685 2284 741 ot'ticia
2312 685 2516 742 divina
2545 684 2862 742 celebrare.

1960 773 2343 831 prohibemus
2373 775 2623 848 insuper
2652 790 2726 831 ne
2746 775 2881 848 quis
2906 776 2965 831 iu
3002 792 3125 841 voS,
3148 776 3235 831 vel
3263 777 3322 831 in
3352 777 3543 833 eccle-

1882 864 2037 920 siam
2089 867 2348 921 vestram
2396 864 3057 930 excommunicationis,
3104 864 3541 937 suspensionis,

1887 952 1981 1010 vel
2007 953 2300 1010 interdicti
2323 955 2678 1011 sententiam
2701 953 2934 1027 absque
2957 953 3273 1011 manifesta
3292 958 3351 1010 et
3367 955 3544 1012 ratio·

1885 1041 2071 1098 nabili
2092 1057 2278 1098 causa
2308 1041 2528 1098 audeat
2549 1041 2953 1113 promulgare.
2975 1041 3357 1113 sepulturam
3386 1058 3544 1115 pras-

1885 1133 2045 1188 terea
2063 1131 2247 1202 ipsius
2273 1130 2387 1186 loci
2400 1129 2651 1188 liberam
2666 1146 2799 1187 esse
2822 1131 3226 1196 decernimus,
3251 1138 3542 1189 uteorum

1886 1218 2190 1277 devotioni
2223 1225 2282 1277 et
2307 1225 2585 1277 extremm
2623 1219 2915 1278 voluntati
2945 1221 3044 1293 qui
3078 1236 3141 1277 se
3194 1221 3276 1277 ibi
3306 1221 3542 1294 sepeliri

1886 1309 2365 1377 deliberaverint,
2400 1308 2601 1365 nullus
2639 1309 2913 1376 obsistat,
2956 1309 3069 1366 nisi
3116 1309 3267 1366 forte
3298 1325 3547 1367 excom-

1887 1398 2178 1455 municati
2210 1397 2300 1454 vel
2337 1397 2627 1454 interdicti
2657 1396 2894 1463 fuerint,
2927 1397 3101 1454 salva
3135 1404 3333 1455 tamen
3360 1397 3542 1470 justi-

1886 1487 1971 1544 tia
1995 1487 2232 1544 illarum
2255 1486 2643 1545 ecclesiarum
2674 1503 2709 1544 a
2737 1486 2961 1560 quibus
2999 1502 3254 1561 corpora
3282 1492 3543 1546 mortno-

1886 1592 2024 1634 rum
2046 1582 2460 1634 assumuntur.

193 1667 491 1737 imprimis
510 1664 806 1741 siquidem
826 1671 1149 1726 statuentes
1168 1674 1229 1726 ut
1249 1670 1398 1728 ordo
1424 1670 1774 1737 canonicus,
1811 1680 1855 1737 Β
1962 1667 2340 1723 Decernimus
2363 1682 2507 1738 ergo
2522 1666 2738 1723 utnulli
2763 1668 3011 1724 omnino
3035 1667 3352 1725 hominum
3372 1667 3550 1725 liceat

112 1756 219 1828 qui
243 1757 578 1813 secundum
613 1760 818 1823 Deum,
854 1768 909 1814 et
942 1761 1001 1814 B.
1036 1759 1347 1830 Augustini
1379 1761 1667 1831 Regulam
1710 1760 1773 1816 in

112 1844 330 1901 eodem
370 1844 498 1901 loco
539 1846 841 1903 institutus
870 1862 999 1902 esse
1031 1849 1424 1918 dignoscitur,
1470 1847 1775 1922 perpetuis

113 1932 340 1992 ibidem
373 1934 747 2007 temporibus
774 1935 1193 1993 inviolabiliter
1220 1937 1593 1996 observetur.

184 2023 492 2090 Praeterea,
517 2039 910 2098 quascunque
936 2027 1372 2098 possessiones,
1393 2043 1774 2101 quaecunque

113 2112 279 2170 bona
307 2113 517 2171 eadem
545 2112 814 2171 ecclesioe
845 2115 1387 2187 improesentiarnm
1411 2118 1575 2189 juste
1600 2121 1776 2175 etca-

112 2203 329 2259 nonice
351 2202 649 2274 possidet,
680 2209 786 2260 aut
814 2205 874 2260 in
905 2205 1172 2262 futurum
1204 2206 1589 2264 concessione
1619 2220 1774 2279 pon·

112 2291 360 2363 titicum,
384 2292 691 2362 largitione
716 2308 928 2362 regum
948 2294 1038 2350 vel
1074 2294 1435 2367 principum,
1466 2294 1773 2353 oblatione

112 2379 399 2446 fidelium.
428 2397 533 2437 seu
563 2382 694 2439 aliis
704 2382 883 2453 ⁸iustis
908 2383 1122 2451 modis,
1145 2389 1468 2457 praestante
1496 2384 1771 2453 Domino,

113 2470 329 2542 poterit
360 2470 634 2544 adipisci,
659 2471 833 2528 firmo
865 2473 1034 2529 vobis
1063 2478 1118 2530 et
1149 2473 1261 2531 illis
1286 2490 1424 2548 quae
1454 2475 1620 2532 vobis
1644 2490 1776 2531 suc·

114 2558 401 2616 cesserint
431 2559 660 2617 illibata
690 2569 1103 2633 permaneant.
1138 2567 1198 2620 ln
1230 2564 1455 2638 quibus
1480 2565 1610 2622 haec
1641 2579 1776 2636 pro-

116 2648 262 2721 priis
298 2648 582 2706 duximus
637 2651 1031 2724 exprimenda
1075 2652 1416 2710 vocabulis:
1466 2652 1671 2710 locum
1711 2653 1773 2709 in

114 2738 315 2811 primis
347 2739 406 2794 in
430 2755 552 2812 quo
586 2740 832 2813 praefata
864 2741 1114 2799 ecclesia
1132 2743 1250 2801 sita
1273 2747 1382 2810 est,
1411 2758 1552 2800 cum
1577 2743 1775 2801 omni-

115 2826 230 2882 bns
263 2827 662 2898 pertinentiis3
692 2845 1072 2904 quaecunque
1089 2832 1252 2905 apud
1268 2832 1470 2889 villam
1499 2832 1575 2890 de
1599 2833 1773 2906 Nimy

112 2915 386 2982 interris,
412 2919 614 2989 pratis,
647 2919 843 2992 aquis,
877 2920 1188 2992 domibus,
1207 2920 1643 2980 molendinisve
1664 2923 1769 2979 ha·

1887 1755 2201 1829 proefatam
2233 1756 2554 1814 ecclesiam
2601 1762 2823 1814 temere
2858 1756 3231 1830 perturbare,
3265 1763 3370 1816 aut
3417 1758 3547 1831 eJ'us

1886 1847 2307 1919 possessiones
2329 1846 2583 1912 auterre.
2605 1851 2709 1903 aut
2732 1846 2967 1904 ablatas
2994 1848 3266 1912 retinere,
3290 1863 3396 1905 seu
3411 1847 3547 1921 qui-

1881 1934 2145 1994 buslibet
2175 1935 2592 1992 vexationibus
2624 1935 2896 2005 fatigare,
2940 1934 3049 1991 sed
3074 1937 3283 1993 omnia
3311 1937 3548 2006 integra

1883 2031 2310 2084 conserventur
2334 2040 2544 2082 eorum
2566 2040 2675 2097 pro
2697 2040 2959 2098 quornm
2980 2026 3415 2096 gubernatione
3440 2029 3550 2083 aut

1883 2115 2317 2172 sustentatione
2341 2129 2628 2171 concessa
2645 2121 2784 2170 sunt
2799 2114 3008 2171 usibus
3023 2114 3388 2171 omnimodis
3407 2129 3544 2189 pro·

1882 2203 2116 2273 futura;
2150 2204 2316 2260 salva
2329 2203 2676 2277 apostolicas
2692 2203 2851 2259 sedis
2869 2204 3220 2261 auctoritate
3249 2208 3306 2261 et
3333 2204 3545 2261 dioece·

1885 2294 2019 2350 sani
2044 2294 2305 2367 episcopi
2335 2294 2629 2351 canonica
2649 2293 2895 2365 justitia.
2920 2294 2978 2352 Si
3006 2309 3130 2366 qua
3161 2293 3340 2365 igitur
3367 2293 3429 2350 in
3458 2294 3546 2353 ln-

1886 2385 2084 2439 turum
2165 2382 2567 2439 ecclesiastica
2617 2382 3000 2439 saecularisve
3054 2398 3314 2454 persona
3383 2382 3540 2442 hanc

1883 2478 2103 2531 nostrae
2115 2471 2554 2528 constitutionis
2567 2472 2877 2543 paginam,
2902 2476 3013 2528 etc.

1956 2564 2077 2634 Ego
2107 2561 2346 2623 Lucius,
2378 2559 2696 2619 Catholicae
2727 2560 2984 2618 Ecclesia
3011 2560 3357 2634 episcopus.

1959 2654 2080 2724 Ego
2112 2651 2476 2717 Theodinus,
2510 2650 2851 2706 portuensis
2892 2656 2949 2708 et
2980 2652 3037 2707 S.
3080 2650 3307 2707 Rufinae
3346 2650 3538 2711 cardi·

1886 2740 2042 2799 nalis
2063 2741 2407 2814 episcopus.

1957 2832 2080 2900 Ego
2106 2833 2307 2886 Petrus
2335 2827 2824 2886 Tusculanensis.

1959 2918 2081 2989 Ego
2113 2918 2353 2989 Paulus,
2385 2918 2782 2976 Praenestinus
2820 2918 3165 2992 episcopus,
3200 2924 3315 2975 etc.

116 3007 250 3063 bere
298 3008 613 3065 noscimini
631 3027 649 3079 ;
692 3008 876 3066 attare
916 3010 991 3067 de
1042 3010 1243 3068 Comis
1286 3012 1572 3087 [Quosne]
1631 3028 1770 3070 cnm
1804 3046 1847 3104 C
1959 3010 2174 3067 Datum
2200 3008 2469 3066 Laterani
2495 3024 2601 3082 per
2625 3024 2877 3066 manum
2896 3008 3137 3076 luberti,
3163 3010 3219 3066 S.
3243 3010 3306 3064 R.
3332 3010 3393 3066 E.
3414 3023 3545 3082 pre·

112 3097 480 3170 pertinentiis
494 3098 638 3169 suis,
658 3099 824 3170 quod
845 3099 1015 3156 vobis
1035 3100 1543 3170 deditLictardus,
1564 3102 1770 3160 Came-
1884 3098 2109 3172 sbyteri
2136 3098 2458 3155 cardinalis
2499 3098 2853 3168 cancellarii,
2896 3114 2970 3155 xn
3004 3097 3305 3155 Kalendas
3335 3098 3542 3165 Martii,

115 3189 382 3244 recensis
398 3189 738 3260 episcopus,
763 3189 1129 3263 etquidquid
1159 3190 1221 3246 in
1243 3190 1454 3248 eadem
1478 3191 1614 3250 villa
1631 3208 1773 3266 pos-

115 3273 347 3344 sidetis;
380 3275 565 3332 altare
595 3276 670 3333 de
702 3278 1034 3334 Framerico
1060 3293 1200 3333 cum
1231 3279 1596 3351 appenditiis
1620 3281 1770 3346 suis,

113 3362 187 3418 de
213 3363 374 3420 douo
405 3364 624 3421 Alberti
662 3365 975 3439 quondam
1022 3368 1469 3425 Cameracensis
1504 3368 1772 3442 episcopi

117 3457 173 3507 et
204 3452 498 3525 quidquid
539 3454 597 3509 in
647 3454 859 3511 eadem
904 3455 1044 3513 villa
1084 3456 1434 3529 possidetis;
1470 3456 1653 3514 altare
1696 3458 1772 3515 de

114 3544 308 3597 Mazca
349 3542 423 3597 de
471 3541 632 3597 dono
677 3542 897 3600 Nicolai
949 3545 1263 3618 quondam
1317 3547 1770 3603 Cameracensis

116 3630 380 3702 episcopi
411 3631 632 3696 ;altare
658 3631 731 3687 de
763 3633 991 3690 Castres
1017 3649 1153 3690 cum
1188 3634 1578 3707 pertiuentiis,
1606 3637 1771 3709 quod

118 3719 286 3776 vobis
315 3718 479 3776 dedit
529 3721 927 3788 Burchardus.
969 3724 1283 3797 qnondam
1319 3724 1768 3784 Cameracensis

116 3808 461 3881 episcopus,
480 3810 845 3885 etquidquid
864 3812 925 3869 in
952 3813 1167 3871 eadem
1187 3814 1323 3873 villa
1344 3815 1566 3873 habere
1582 3817 1775 3873 nosci·

119 3898 265 3955 mini
289 3917 307 3970 ;
357 3899 542 3957 altare
578 3900 654 3957 de
695 3902 1169 3961 Braniavillotica
1214 3919 1355 3962 cum
1401 3906 1772 3979 pertinentiis

115 3987 255 4053 suis,
279 3989 446 4062 quod
472 3989 638 4045 dedit
661 3991 831 4048 vobis
850 3992 1206 4055 Lietbertus.
1230 3994 1541 4066 quondam
1566 3997 1777 4054 Came-

115 4079 375 4133 racensis
405 4079 748 4151 episcopus,
776 4086 832 4137 et
861 4082 1158 4155 quidquid
1189 4083 1249 4140 in
1280 4098 1352 4139 ea
1379 4083 1516 4141 villa
1547 4084 1770 4142 babere

120 4166 435 4223 noscimini
460 4184 473 4235 ;
507 4169 711 4226 villam
739 4169 814 4227 de
840 4171 1022 4245 Kevy,
1049 4171 1247 4229 villam
1267 4174 1341 4229 de
1370 4174 1774 4246 Knasrignon,

119 4255 323 4312 villam
354 4255 426 4313 de
461 4257 586 4323 Hal,
622 4256 818 4316 villam
848 4259 923 4314 de
965 4260 1290 4326 Herentael,
1320 4261 1526 4320 villam
1554 4263 1629 4321 de
1658 4264 1777 4323 Ho-

118 4345 384 4410 nestade‚
417 4345 621 4403 villam
652 4346 724 4403 de
751 4349 1059 4422 Gemapia,
1084 4365 1288 4407 servos
1317 4355 1375 4408 et
1404 4351 1654 4410 ancillas
1684 4370 1775 4413 ec·

118 4432 312 4488 clesioe
345 4439 559 4490 nostrie
578 4435 851 4493 addictos
872 4453 1151 4504 ;censum
1183 4440 1363 4498 etiam
1393 4457 1575 4515 quem
1603 4443 1775 4501 vobis

117 4521 296 4578 debet
326 4521 577 4580 ecclesia
604 4524 678 4580 de
701 4525 1133 4599 Guilenghiem,
1154 4527 1362 4586 decem
1393 4530 1613 4589 scilicet
1641 4532 1776 4590 soli-

115 4610 335 4667 dorum
368 4612 774 4669 valecenensis
801 4621 1087 4684 monetoe3
1121 4634 1368 4675 censum
1397 4635 1579 4694 quem
1606 4621 1774 4679 vobis

114 4701 292 4757 debet
324 4703 755 4760 monasterium
769 4705 843 4762 de
860 4706 1144 4777 Liechies,
1158 4708 1428 4782 quinque
1443 4709 1771 4770 solidorum

121 4798 373 4847 monetas
404 4794 844 4850 Namurccnsis.

190 4881 478 4954 antiquas
508 4886 564 4937 et
595 4882 978 4940 rationabiles
1013 4886 1479 4944 consuetudines
1509 4888 1775 4947 ecclesiae

116 4975 327 5025 vestrae
351 4969 642 5027 hactenns
671 4973 1040 5044 observatas,
1068 4975 1369 5047 perpetuis
1397 4976 1777 5036 decernimus

119 5058 490 5130 temporibus
506 5060 923 5119 inviolabiliter
940 5063 1262 5120 observari.
1282 5064 1437 5122 Sane
1466 5065 1774 5124 novalium

115 5161 474 5216 vestrorum,
505 5165 641 5224 quoe
674 5151 931 5225 propriis
972 5152 1255 5211 manibus
1294 5160 1398 5213 aut
1430 5155 1777 5229 sumptibus

118 5234 326 5304 colitis,
367 5237 576 5295 sende
616 5241 992 5297 nutrimentis
1022 5241 1378 5300 animalium
1419 5249 1772 5317 vestrorum,

114 5324 315 5381 nullus
360 5341 396 5382 a
451 5327 620 5383 vobis
658 5328 925 5387 decimas
970 5331 1227 5402 exigere,
1282 5332 1372 5389 vet
1416 5338 1775 5409 extorquere

114 5420 467 5486 praesumat.
501 5414 697 5473 Liceat
722 5418 893 5475 vobis
925 5436 1213 5494 personas
1240 5436 1273 5478 e
1299 5421 1516 5480 saeculo
1544 5420 1773 5494 fugien-

120 5507 206 5561 tes
238 5502 456 5561 liberas
485 5505 864 5566 etabsolutas
894 5509 973 5568 ad
1003 5510 1459 5572 conversionem
1488 5509 1772 5588 recipere,

1881 3186 2209 3245 indictione
2269 3203 2366 3253 xv,
2420 3188 2656 3245 incarn.
2714 3190 2884 3247 Dom.
2947 3189 3102 3255 ¹181,
3154 3187 3539 3260 pontificatus

1883 3293 2025 3334 vero
2063 3277 2291 3334 domini
2323 3276 2486 3334 Lucii
2534 3293 2705 3349 papoe
2746 3276 2930 3334 nostri
2965 3292 3127 3335 anuo
3154 3276 3374 3352 primo.

2578 3386 2851 3442 XXXVlll.

1883 3490 2287 3550 Parmenonis
2316 3489 2371 3546 S.
2405 3491 2618 3547 Marias
2646 3495 2700 3547 et
2726 3490 2781 3546 S.
2813 3492 2979 3547 Petri
2992 3492 3066 3549 de
3092 3492 3543 3550 Caroli-Castro

1952 3564 2374 3633 protectionem
2394 3562 2637 3631 suscipit
2667 3563 3171 3635 possessionesque
3200 3577 3272 3620 ae
3297 3563 3544 3633 privile-

1956 3634 2061 3707 gia
2092 3635 2430 3704 confirmat.

2375 3722 2693 3796 (Laterani,
2728 3721 2897 3779 Febr.
2935 3722 3051 3794 25.)

1882 3814 2117 3889 [Duaon.
2151 3813 2303 3871 Hise.
2334 3813 2431 3870 des
2456 3812 2796 3886 Sequaneis,
2834 3816 2869 3867 t.
2902 3811 2945 3883 1,
2979 3811 3251 3879 Preuves,
3284 3827 3345 3885 p.
3381 3809 3542 3886 ¹00.]

1958 3907 2158 3963 Lucius
2178 3903 2524 3976 episcopus,
2558 3917 2767 3959 servus
2802 3916 3114 3957 servorum
3156 3900 3278 3969 Dei,
3310 3900 3541 3958 dilectis

1883 3993 1945 4052 in
1990 3992 2223 4050 Christo
2251 3991 2510 4059 filiabus,
2540 3989 2862 4049 abbatissas
2901 3989 3250 4046 monasterii
3279 3990 3340 4049 S.
3375 3990 3452 4046 M.
3483 3993 3545 4047 et

1881 4082 1943 4139 S.
1977 4086 2036 4138 P.
2066 4082 2141 4139 de
2169 4079 2612 4145 Caroli-Castro,
2640 4079 2889 4153 ejusque
2910 4077 3236 4147 sororibus,
3256 4083 3377 4137 tam
3392 4094 3543 4153 pras-

1885 4170 2155 4229 sentibus
2182 4186 2369 4243 quam
2392 4169 2622 4238 futuris,
2651 4169 2988 4240 regularem
3026 4170 3214 4226 vitam
3248 4168 3533 4242 professis

1886 4262 1947 4318 in
1973 4260 2257 4334 praedicto
2287 4259 2670 4317 monasterio.

1958 4347 3169 4422 officiumjustapostulantibusindulgere
3183 4348 3546 4423 vigoroeqni-

1805 4416 1853 4473 D
1886 4440 2021 4499 tatis
2050 4445 2107 4497 et
2126 4439 2276 4497 ordo
2305 4438 2483 4513 exigit
2507 4436 2776 4506 rationis,
2808 4437 3140 4510 praesertim
3166 4438 3414 4511 qnando
3442 4453 3546 4511 pe·

1886 4529 2139 4587 tentium
2162 4528 2528 4587 voluntatem
2542 4532 2599 4584 et
2621 4527 2813 4599 pietas
2840 4526 3091 4600 adjuvat
3110 4531 3167 4583 et
3189 4526 3405 4583 veritas
3421 4541 3544 4584 non

1883 4618 2185 4693 relinquit.
2220 4619 2620 4690 Quapropter,
2647 4616 2878 4673 dilectae
2906 4616 2968 4671 in
3000 4614 3229 4672 Christo
3259 4614 3414 4686 filias,
3442 4614 3546 4686 ju-

1885 4708 1991 4766 stis
2022 4708 2232 4766 vestris
2250 4703 2763 4780 postulationibus
2790 4703 3548 4770 clementerannuimus,et

1885 4796 2198 4871 proeiatum
2223 4794 2678 4861 monasterinm,
2706 4794 2767 4850 in
2793 4809 2918 4867 quo
2946 4792 3153 4850 divino
3186 4793 3543 4866 mancipatae

1885 4886 2027 4945 estis
2045 4885 2337 4959 obsequio
2351 4883 2432 4941 ad
2451 4881 2955 4956 exemplart'elicis
2975 4881 3281 4939 memorioe
3299 4881 3543 4950 Urbani,

1884 4975 2229 5042 Alexandri,
2253 4977 2660 5031 Romanorum
2679 4972 3056 5046 pontificum,
3071 4971 3185 5028 sub
3205 4970 3367 5029 beati
3391 4972 3547 5030 Petri

1886 5069 2158 5125 etnostra
2177 5062 2544 5137 protectione
2561 5061 2925 5134 suscipimus
2937 5065 2995 5118 et
3011 5060 3323 5134 proesentis
3342 5061 3547 5135 scripti

1885 5154 2198 5229 privilegio
2226 5150 2696 5236 communimus,
2731 5150 2792 5207 in
2848 5149 3056 5223 primis
3086 5148 3389 5223 siquidem
3431 5156 3548 5209 sta·

1887 5248 2119 5300 tuentes
2160 5249 2222 5299 nt
2251 5239 2402 5297 ordo
2434 5240 2827 5311 monasticus,
2857 5239 2962 5313 qui
2991 5238 3327 5296 secundum
3356 5241 3546 5298 Deum

1885 5337 1944 5390 et
1972 5331 2134 5389 beati
2167 5328 2464 5388 Benedicti
2505 5328 2791 5401 Regulam
2819 5345 2954 5388 esse
2977 5328 3351 5401 dignoscitur
3378 5327 3544 5388 insti·

1886 5425 2048 5482 tutus
2070 5420 2131 5478 in
2154 5419 2368 5477 eodem
2400 5417 2795 5488 monasterio,
2829 5418 3134 5493 perpetuis
3166 5417 3540 5493 temporibus

1884 5509 2314 5572 inviolabiliter
2361 5508 2734 5568 observetur.
2788 5511 3093 5580 Praeterea,
3145 5523 3541 5589 quascunque
