3784 6000
281 291 403 356 '²6³

1350 288 1776 357 GUILLELMI
1817 292 2199 357 TYRENSIS
2238 291 2608 358 ARCBIEP.

3569 291 3688 354 '264

284 445 386 488 rex
410 429 470 486 in
501 432 655 487 terra
686 445 907 487 moram
939 426 1175 497 faceret,
1207 444 1379 502 posse
1406 429 1535 488 fleri
1571 430 1806 502 penitus
1836 429 1923 487 illi
1950 434 2004 499 A
2033 429 2308 499 novitate,
2339 429 2693 488 intuentium
2724 434 2996 502 aspectus
3026 442 3140 485 non
3163 426 3430 487 sinerent
3457 426 3685 486 satiari.

280 526 604 596 videbatur,
638 526 750 583 nisi
784 529 973 598 major
999 525 1051 582 ei
1084 524 1431 583 tributorum
1454 544 1686 584 summa
1717 533 1933 586 statue-

279 628 459 692 retur,
492 627 551 679 et
580 622 940 679 sufficientes
963 623 1157 679 sibiet
1196 623 1321 682 suis
1367 625 1730 698 principibus
1769 625 1933 682 desi-

278 716 604 787 gnarentur
632 711 936 784 impensis.
969 713 1194 770 Placuit
1221 729 1360 786 ergo
1392 713 1527 785 sibi,
1549 719 1607 771 et
1636 716 1691 771 id
1738 717 1933 788 ipsum

278 802 497 857 nostris
531 802 724 858 visum
754 806 843 857 est
871 802 1161 874 expedire,
1198 807 1387 860 vetera
1424 804 1701 861 innovare
1744 809 1932 878 pacta,

279 889 560 962 pacisque
594 894 883 962 perpetuis
914 892 1127 947 roedera
1157 893 1476 949 inviolabili
1507 893 1935 950 stabilitatein-

274 981 368 1036 ter
410 979 715 1036 dominum
763 994 955 1052 regem
986 984 1044 1036 et
1088 981 1377 1052 calipham
1421 983 1692 1052 firmare;
1737 1000 1934 1040 annua

280 1084 535 1140 quoque,
568 1068 770 1124 tributi
801 1070 1082 1141 ampliata
1113 1072 1504 1142 possessione,
1554 1072 1789 1130 domino
1812 1074 1930 1145 regi

282 1161 442 1213 certa
489 1157 780 1229 stipendia
848 1159 919 1215 de
982 1161 1182 1216 mario
1251 1160 1492 1233 caliphae
1557 1162 1927 1219 constituere.

279 1243 604 1301 Videbatur
632 1246 787 1302 enim
818 1262 910 1304 res
932 1264 1047 1304 non
1077 1249 1244 1305 tacile
1266 1250 1440 1306 tinem
1492 1249 1784 1320 habitura,
1826 1251 1929 1306 sed

276 1331 497 1392 laboris
548 1335 743 1406 exgire
800 1335 1264 1403 diuturnitatem,
1322 1342 1382 1393 et
1430 1339 1703 1411 temporis
1744 1339 1929 1410 pluri-

279 1437 443 1481 mum
470 1424 778 1495 postulare.
806 1426 1269 1483 Conventionum
1297 1435 1489 1484 autem
1512 1434 1570 1484 et
1598 1429 1727 1485 l'acti
1752 1429 1931 1500 hujus

282 1512 649 1578 mediatores,
683 1513 1043 1584 praetentatis
1074 1515 1209 1570 hinc
1241 1515 1379 1573 inde
1409 1517 1665 1588 partium
1705 1515 1931 1573 deside-

279 1599 388 1656 riis
411 1605 469 1657 et
486 1601 785 1658 voluntate
808 1604 1175 1676 praecognita,
1200 1605 1523 1661 decernunt
1544 1605 1782 1661 domino
1804 1607 1927 1679 regi

281 1689 712 1762 quadringenta
743 1708 1054 1750 aureorum
1092 1693 1300 1761 millia;
1340 1694 1588 1751 ducenta
1611 1694 1795 1750 millia
1817 1699 1928 1751 sta-

278 1776 389 1833 tim
419 1777 734 1848 solventes,
768 1779 993 1853 reliqua
1020 1782 1273 1837 ducenta
1296 1781 1503 1844 millia,
1536 1781 1765 1855 placitis
1786 1787 1928 1838 tem·
1956 1793 2005 1858 Β

277 1865 525 1938 poribus
554 1867 685 1922 sine
716 1867 1058 1926 difficultate
1074 1870 1373 1926 soluturos
1396 1887 1457 1926 se
1482 1871 1933 1943 spondentes,ea

280 1955 634 2022 conditione,
665 1972 851 2029 eoque
880 1963 1117 2016 tenore:
1152 1960 1304 2029 Quod
1331 1961 1587 2016 dominus
1643 1976 1748 2017 rex
1793 1962 1935 2017 bona

279 2043 410 2115 fido,
440 2044 560 2101 sine
586 2048 789 2116 fraude
815 2054 871 2103 et
897 2049 1044 2105 malo
1084 2048 1331 2119 maenio,
1362 2053 1586 2122 propria
1622 2066 1795 2106 maim
1831 2051 1933 2120 fir-

277 2140 483 2202 maret,
517 2135 660 2207 quod
678 2152 852 2209 rayno
872 2138 1094 2209 AEyypti
1112 2154 1223 2194 non
1242 2141 1614 2208 ear-ederetur,
1646 2140 1762 2195 nisi
1779 2141 1934 2211 prius

280 2220 564 2293 siracono,
594 2225 748 2281 omni
776 2226 899 2296 ejus
936 2230 1181 2283 exercitu
1226 2229 1449 2299 penitus
1493 2231 1781 2297 exstincto,
1830 2235 1932 2284 aut

278 2308 346 2367 de
375 2313 630 2367 omnibus
656 2315 889 2386 AEoypti
923 2315 1129 2385 finibus
1170 2317 1416 2387 expulso.
1465 2315 1689 2371 Placuit
1737 2321 1932 2371 autem

283 2398 547 2470 partibus
577 2402 850 2457 conditio.
888 2402 1171 2459 Dominus
1220 2420 1318 2459 rex
1361 2403 1456 2459 his
1499 2404 1597 2472 qui
1627 2420 1662 2460 a
1703 2402 1935 2474 calipha

283 2486 452 2543 missi
469 2489 782 2555 fuerant,su
792 2505 892 2561 per
909 2492 1131 2561 placitis
1143 2493 1626 2549 conventionibus
1639 2491 1933 2549 dexteram

284 2573 464 2630 dedit.
484 2575 697 2632 Missus
724 2582 815 2633 est
834 2584 1029 2635 autem
1061 2580 1260 2636 domin
1271 2582 1516 2653 usIIugo
1536 2580 1930 2652 Caesariensis,

283 2660 445 2719 mirae
477 2664 796 2734 prudentias
814 2666 1071 2735 juvenis,
1095 2673 1151 2724 et
1172 2685 1354 2739 supra
1373 2670 1430 2725 id
1458 2670 1613 2741 quod
1627 2668 1776 2725 solet
1794 2678 1933 2725 astas

282 2749 383 2807 illa
414 2752 769 2820 ministrare,
802 2756 1282 2827 circumspectus,
1311 2763 1369 2811 et
1411 2773 1546 2813 cum
1587 2773 1653 2813 eo
1693 2758 1931 2828 quidam

280 2837 405 2909 alii,
432 2840 492 2896 in
542 2841 716 2911 cujus
764 2859 940 2900 manu
977 2845 1230 2918 calipha,
1269 2846 1443 2916 juxta
1485 2847 1930 2902 consonantiam

275 2927 552 3002 placitam
587 2935 754 3004 pacta
787 2932 1045 2990 firmaret
1072 2951 1087 3002 ;
1119 2950 1233 2990 non
1265 2936 1421 2990 enim
1452 2935 1750 2991 sufficiens
1781 2935 1933 2991 vide-

276 3016 474 3088 batur,
506 3018 556 3075 si
585 3019 645 3075 in
677 3036 744 3077 eo
777 3022 1058 3080 soldanus
1089 3040 1150 3080 se
1180 3022 1343 3079 solus
1363 3023 1648 3097 obligaret

882 3111 1111 3169 CAPUT
1149 3111 1320 3169 XVII.

2040 521 2217 575 Erant
2260 519 2341 575 ibi
2390 518 2650 591 piscinis,
2680 533 3041 583 marmoreis,
3072 516 3243 590 aquis
3285 515 3691 574 redundantes

2038 605 2503 679 limpidioribus;
2535 610 2704 663 erant
2731 604 2926 663 avium
2969 603 3479 673 multimodarum,
3538 620 3690 677 quas

2039 704 2236 753 noster
2266 712 2380 753 non
2414 695 2572 752 novit
2600 694 2783 757 orbis.
2814 692 2958 752 varii
2988 695 3266 767 garritus,
3298 693 3502 752 formai
3530 693 3688 752 inco·

2037 783 2209 856 gnitae
2238 790 2296 842 et
2332 784 2542 842 coloris
2574 782 2879 856 peregrini,
2915 782 3236 855 figurarum
3269 788 3566 854 quantum
3620 783 3689 839 ad

2038 888 2145 930 nos
2177 873 2662 946 prodigiosarum,
2702 871 2909 942 cuique
2952 875 3163 943 gustus
3206 870 3376 937 iuxta
3429 869 3687 944 speciem

2038 978 2230 1028 suam,
2261 967 2320 1018 et
2347 961 2609 1019 edulium
2639 961 2849 1033 cuique
2869 959 3126 1016 varietati
3145 975 3345 1016 eorum
3371 967 3691 1016 consenta-

2039 1067 2233 1108 neum.
2263 1052 2400 1107 Inde
2421 1052 2491 1108 ad
2519 1050 2813 1117 ulteriora,
2838 1048 3063 1120 praeviis
3083 1047 3496 1104 eunuchorum
3525 1047 3688 1119 priu-

2037 1140 2287 1213 cipibus,
2326 1140 2593 1209 admissi,
2642 1138 2854 1195 iterum
2897 1136 3140 1194 aedificia
3187 1140 3353 1193 tanto
3394 1135 3693 1208 prioribus

2035 1228 2387 1302 elegantiora
2418 1229 2743 1295 inveniunt,
2775 1230 2996 1298 quanto
3026 1242 3154 1299 quie
3204 1226 3375 1298 prius
3421 1224 3695 1283 viderant

2036 1317 2375 1390 vulgaribus
2404 1322 2461 1375 et
2491 1316 2720 1374 usitatis
2750 1316 3153 1388 praestantiora
3178 1313 3549 1372 videbantur.
3584 1315 3694 1371 Hic

2034 1408 2480 1481 quadrupedum
2510 1406 2797 1477 stupenda
2825 1407 3099 1472 varietas,
3132 1402 3362 1476 qualem
3387 1403 3689 1475 pictorum

2034 1495 2184 1553 solet
2202 1510 2411 1552 manus
2437 1495 2654 1553 lasciva
2670 1493 2980 1566 depingere
2998 1509 3014 1560 ;
3034 1491 3270 1565 qualem
3282 1491 3422 1549 solet
3449 1493 3682 1564 poetica

2032 1583 2267 1642 licentia
2298 1584 2551 1652 mentiri,
2583 1588 2683 1639 aut
2710 1581 3059 1639 somniantis
3087 1581 3324 1637 animus
3352 1580 3683 1638 visionibus

2031 1672 2333 1746 imaginari
2369 1671 2702 1729 nocturnis:
2736 1668 2965 1742 qualem
2997 1668 3264 1739 orientis,
3294 1674 3355 1725 et
3382 1669 3570 1727 austri
3593 1686 3689 1726 so·

2032 1768 2157 1823 lent
2184 1762 2462 1818 dioeceses
2506 1761 2871 1827 ministrare3
2922 1759 3192 1816 occidens
3243 1762 3441 1815 autem
3492 1758 3689 1816 videre

2036 1867 2362 1922 nunquam,
2392 1848 2593 1906 audire
2622 1865 2754 1905 vero
2785 1847 2976 1906 rarius
3005 1847 3327 1904 consuevit.
3361 1846 3691 1904 Videbatur

2037 1938 2237 2009 procul
2267 1937 2467 2005 dubio,
2500 1937 2652 2008 quod
2686 1952 2757 1993 ex
2787 1935 2861 1992 iis
2889 1934 3056 2003 locis,
3088 1933 3327 1992 Solinus
3360 1937 3564 1992 noster
3579 1935 3686 1990 Po·

2035 2025 2269 2100 lystoris
2296 2025 2390 2084 sui
2421 2025 2723 2083 deduxerit
2750 2024 3081 2082 historiam.

2624 2131 2858 2188 CAPUT
2894 2130 3096 2188 XVIII.

2036 2222 2388 2294 complentur
2412 2228 2615 2294 pacta:
2642 2231 2692 2277 et
2721 2220 2783 2276 in
2825 2235 3018 2277 eornm
3061 2221 3545 2291 confirmationem
3590 2235 3683 2274 ca-

2250 2293 2404 2365 lipha
2427 2294 2708 2349 dexteram
2737 2292 2831 2348 dat
2868 2293 3086 2364 Hauoni
3117 2290 3472 2348 Caesariensi.

2106 2381 2173 2438 Et
2193 2383 2320 2454 jam
2351 2398 2449 2453 per
2481 2379 2692 2436 multos
2723 2379 3020 2438 anfractus
3047 2384 3107 2437 ct
3134 2378 3291 2436 varia
3311 2379 3672 2447 diverticula,

2033 2487 2165 2544 quae
2192 2473 2367 2527 etiam
2397 2470 2726 2543 negotiosos
2755 2473 3027 2541 poterant
3054 2469 3147 2526 sui
3187 2467 3678 2541 contemplatione

2032 2561 2309 2628 detinere,
2353 2564 2588 2616 ventum
2620 2562 2711 2616 est
2739 2560 2810 2614 ad
2832 2559 3018 2630 ipsam
3036 2558 3277 2630 regiam,
3305 2557 3407 2615 ubi
3431 2558 3680 2629 majores

2033 2657 2391 2707 armatorum
2421 2647 2614 2718 cunei,
2646 2646 2964 2704 satellitum
2997 2662 3232 2719 quoque
3272 2646 3533 2718 stipatus
3577 2664 3681 2703 nu-

2034 2737 2337 2799 merosior.
2372 2736 2572 2793 habitu
2604 2740 2662 2792 et
2693 2734 3019 2808 frequentia
3047 2734 3270 2791 domini
3307 2734 3558 2808 gloriam
3588 2736 3680 2791 in-

2035 2826 2490 2900 comparabilem
2541 2825 2867 2882 fatebantur
2895 2843 2911 2895 ;
2962 2824 3089 2898 ipsa
3133 2841 3370 2898 quoque
3415 2826 3675 2884 locorum

2033 2918 2210 2975 facies
2226 2917 2448 2974 domini
2465 2917 2848 2988 opulentiam,
2868 2920 2924 2973 et
2937 2917 3439 2990 supereminentes
3451 2917 3678 2976 divitias

2033 3008 2492 3082 praetendebant.
2524 3006 2812 3080 Ingressis
2840 3023 3012 3079 porro
3043 3008 3128 3064 eis
3157 3014 3212 3064 ct
3242 3007 3303 3063 in
3345 3008 3679 3066 interiorem

2036 3103 2261 3169 partem
2292 3096 2489 3168 palatii
2521 3095 2815 3164 admissis,
2849 3093 3130 3154 soldanus
3160 3097 3232 3154 de
3254 3112 3415 3154 more
3446 3112 3682 3155 consue·

279 3195 574 3253 mittentur
600 3199 680 3254 ad
707 3200 987 3266 calipham
1010 3202 1109 3272 qai
1143 3201 1318 3271 soedm
1347 3204 1627 3266 innovant,-
1646 3211 1698 3257 et
1717 3204 1921 3258 descri—
1957 3158 2001 3228 c
2038 3191 2156 3243 tam
2179 3185 2415 3242 domino
2432 3185 2710 3242 exhibens
2733 3184 3329 3253 reverentiam,semel
3349 3191 3410 3243 et
3425 3186 3681 3244 secundo

572 3270 721 3326 bitur
758 3275 928 3341 reqiae
963 3272 1158 3329 domus
1197 3273 1624 3344 maqnificentia.

348 3359 419 3415 Et
444 3360 722 3432 quoniam
755 3361 1135 3435 singularem,
1165 3368 1222 3419 et
1251 3363 1482 3420 seculis
1514 3363 1731 3421 nostris
1759 3363 1923 3421 inco-

274 3449 506 3520 gnitam
540 3448 711 3506 habet
742 3449 844 3506 illa
875 3450 1155 3523 principis
1178 3452 1390 3508 domus
1412 3453 1924 3523 consuetudinem,

276 3535 416 3594 libet
440 3535 751 3610 diligenter
778 3539 1078 3610 adnotare,
1109 3556 1231 3612 quai
1265 3541 1382 3598 (ida
1411 3541 1692 3600 relatione
1720 3558 1923 3600 eorum

278 3625 381 3698 qui
411 3626 479 3682 ad
515 3626 684 3686 illum
725 3632 954 3686 tantum
999 3631 1322 3703 principem
1365 3636 1503 3688 sunt
1537 3632 1811 3705 ingressi,
1853 3633 1926 3689 de

275 3718 431 3773 statu
463 3720 521 3773 et
545 3717 1003 3789 magnificentia,
1034 3723 1091 3775 et
1128 3719 1525 3777 immensitate
1562 3720 1920 3790 divitiarum,

276 3807 335 3860 et
356 3804 554 3876 gloriis
578 3806 1447 3879 multiplicitatecomperimus;
1481 3824 1595 3864 non
1626 3809 1783 3864 enim
1815 3809 1928 3866 erit

277 3892 592 3951 minimum
626 3897 960 3967 profecisse,
1003 3897 1123 3953 haec
1175 3897 1526 3954 intellexisse
1563 3898 1925 3971 diligentius.

279 3980 593 4042 Prodictus
621 4000 759 4057 ergo
790 3985 958 4057 Ilugo
987 3985 1377 4056 Cesariensis,
1410 3991 1467 4042 et
1496 4003 1630 4043 cum
1670 4004 1736 4044 eo
1769 3989 1927 4044 Gau-

280 4070 469 4129 tridus
501 4074 793 4131 Fulcherii
824 4076 1002 4130 frater
1031 4074 1248 4132 militioe
1276 4075 1517 4146 Templi,
1549 4075 1608 4132 in
1641 4076 1928 4150 principio

284 4162 566 4218 obeundas
605 4161 934 4236 legationis,
985 4164 1232 4220 ducente
1268 4164 1532 4225 soldano.
1581 4165 1797 4222 Cahere
1839 4166 1931 4221 in·

287 4250 496 4321 gressi,
529 4252 599 4307 ad
642 4249 942 4322 palatium,
995 4252 1149 4322 quod
1197 4251 1396 4325 lingua
1443 4269 1645 4309 eorum
1696 4255 1933 4311 Cascere

281 4336 521 4403 dicitur,
542 4339 923 4395 ascendentes
940 4354 1072 4395 cum
1096 4341 1494 4412 apparitorum
1515 4343 1933 4399 numerositate

283 4427 560 4489 maxima.
590 4426 692 4503 qui
722 4443 856 4483 cum
885 4427 1099 4500 gladiis
1128 4435 1186 4485 et
1231 4430 1474 4501 strepitu
1515 4431 1930 4502 praecedebant,

2031 3273 2198 3331 humi
2246 3281 2591 3347 prostratus,
2636 3273 2808 3345 quasi
2860 3272 3084 3330 nemini
3122 3274 3385 3331 debitum
3436 3273 3680 3342 cultum,

2030 3366 2089 3420 et
2117 3362 2408 3435 quoddam
2437 3360 2795 3419 adorationis
2823 3377 3008 3434 genus
3048 3365 3225 3435 coepit
3266 3362 3518 3437 supplex
3572 3365 3683 3421 im-

2033 3453 2317 3527 pendere3
2348 3450 2517 3507 tertio
2547 3451 2761 3507 iterum
2792 3454 3114 3524 prostratus
3143 3452 3216 3509 ad
3256 3456 3501 3522 terram,
3549 3451 3680 3527 gla-

2032 3542 2194 3599 dium
2228 3555 2403 3613 qucm
2434 3539 2506 3596 de
2533 3539 2682 3597 collo
2711 3539 2945 3614 gerebat
2974 3556 3353 3614 suspensum,
3384 3541 3681 3615 deposuit.

2032 3632 2104 3689 Et
2132 3647 2263 3689 ecce
2292 3631 2485 3688 subito
2514 3630 2828 3689 contractis
2877 3632 3028 3689 mira
3072 3631 3374 3689 velocitate
3423 3631 3677 3699 velariis,

2037 3718 2483 3791 margaritarum
2506 3718 2785 3776 varietate
2804 3735 3063 3791 auroque
3083 3720 3393 3791 contextis,
3416 3735 3553 3794 quo
3573 3736 3687 3777 me-

2037 3805 2135 3864 dia
2164 3806 2590 3879 dependebant,
2643 3812 2702 3862 et
2746 3807 3099 3865 obumbrant
3145 3807 3384 3877 solium,
3439 3807 3687 3866 revelata

2036 3895 2202 3964 facie,
2225 3894 2436 3952 throno
2459 3895 2667 3952 sedens
2686 3911 2886 3964 aureo,
2909 3896 3111 3953 habitu
3135 3896 3270 3970 plus
3292 3914 3473 3969 quam
3503 3896 3684 3971 regio,

2037 3986 2244 4060 paucis
2271 3984 2422 4041 circa
2451 3999 2583 4041 eum
2615 3985 2687 4041 de
2717 3985 3056 4042 domesticis
3086 3989 3143 4042 et
3172 3985 3565 4044 familiaribus
3593 4001 3688 4043 eu-

2039 4074 2277 4145 nuchis,
2307 4073 2582 4146 apparuit
2611 4071 2863 4145 calipha.
2886 4074 3052 4132 Tunc
3071 4075 3351 4133 accedens
3371 4092 3508 4133 cum
3529 4076 3686 4134 omni

2042 4162 2360 4222 reverentia
2389 4162 2692 4231 soldanus,
2725 4162 2984 4220 sedentis
3015 4163 3263 4238 pedibus
3277 4164 3553 4222 osculum
3587 4166 3687 4222 hu·

2042 4250 2259 4307 militer
2288 4250 2659 4322 imprimens,
2689 4251 2975 4308 adventus
3005 4251 3327 4324 legatorum
3356 4268 3593 4310 causam
3635 4258 3690 4311 et

2041 4342 2298 4395 tenorem
2331 4344 2660 4411 pactorum,
2694 4340 2854 4412 regni
2883 4340 3056 4397 etiam
3077 4342 3560 4413 urgentissimam
3591 4359 3691 4400 ne·

2041 4428 2405 4498 cessitatem,
2437 4428 2633 4486 hostes
2662 4430 3115 4489 immanissimos
3145 4432 3204 4487 in
3243 4432 3458 4489 mediis
3499 4437 3691 4491 astare

280 4528 385 4585 per
412 4515 777 4589 angiportus,
807 4520 865 4571 et
889 4515 1017 4572 loca
1045 4515 1372 4573 luminibus
1402 4517 1633 4589 egentia
1662 4517 1848 4586 ducti,
1866 4518 1938 4574 ad
1969 4525 2019 4590 Ι)
2051 4518 2406 4588 visceribus;
2435 4518 2573 4590 quid
2603 4517 2780 4575 etiam
2811 4518 2883 4575 ab
2929 4534 2996 4576 eo
3040 4519 3328 4594 exigatur,
3378 4523 3593 4596 quidve
3641 4524 3690 4579 ei

281 4606 544 4676 singulos
574 4608 846 4665 introitus
878 4612 1248 4664 armatorum
1289 4607 1625 4681 AEthiopum
1669 4608 1937 4667 cohortes
2046 4624 2080 4665 a
2100 4607 2338 4664 domino
2358 4623 2490 4679 rege
2512 4606 2909 4679 impendatur,
2932 4609 3045 4666 sub
3063 4610 3379 4668 verborum
3407 4625 3692 4686 compen-

282 4699 498 4753 crebrae
528 4696 896 4755 salutationis
924 4697 1183 4755 officium
1216 4697 1479 4754 certatim
1500 4696 1745 4754 soldano
1776 4698 1934 4755 exhi·
2045 4698 2141 4756 dio
2172 4696 2377 4769 aperit.
2406 4696 2493 4752 Ad
2524 4695 2645 4752 haec
2675 4694 2773 4753 ille
2800 4697 3048 4772 benigne
3079 4697 3332 4757 multum
3362 4705 3424 4758 et
3470 4701 3694 4774 placida

285 4786 512 4856 bentes,
543 4793 906 4860 repererunt.
930 4787 1322 4844 Transeuntes
1352 4791 1548 4843 autem
1589 4787 1839 4859 primam
1878 4795 1934 4845 et
2043 4785 2349 4859 tranquilli
2372 4784 2571 4842 vultus
2588 4784 2883 4844 hilaritate
2900 4788 3694 4861 respondit:sejuxtainitas

282 4873 600 4932 secundam
631 4876 956 4933 custodiam
978 4879 1048 4933 ad
1089 4877 1348 4948 quisdam
1397 4876 1614 4934 diffusa
1651 4880 1709 4933 et
1746 4878 1933 4950 magis
2043 4879 2103 4935 et
2129 4875 2409 4945 utrinque
2436 4873 2731 4931 admissas
2762 4873 3195 4945 conventiones,
3224 4877 3438 4936 dilecto
3454 4895 3570 4938 sno
3597 4881 3695 4937 do·

283 4963 541 5033 spatiosa
570 4964 719 5030 loca,
750 4963 860 5020 soli
905 4962 1101 5036 pervia
1128 4968 1187 5020 et
1247 4963 1378 5020 divo
1426 4964 1711 5037 exposita,
1757 4964 1937 5021 intro·
2046 4962 2205 5021 mino
2237 4964 2569 5037 regi,larga
2596 4964 3079 5037 interpretatione
3115 4974 3330 5026 cuncta
3375 4969 3696 5043 adimplere

284 5051 448 5109 missi
492 5054 949 5111 deambulatoria
986 5053 1315 5122 inveniunt,
1354 5052 1646 5110 columnis
1687 5053 1937 5110 subnixa
2049 5058 2321 5127 paratum
2351 5068 2502 5110 esse.
2534 5052 2873 5111 Potentibus
2916 5056 3153 5128 nostris,
3185 5061 3250 5114 ut
3288 5056 3413 5115 hoc
3461 5058 3697 5134 propria

288 5144 645 5212 marmoreis,
692 5144 913 5198 auratis
955 5142 1333 5214 laquearibus
1365 5148 1424 5198 et
1459 5142 1935 5214 prominentibus

283 5231 470 5289 celata
498 5232 796 5304 operibus,
829 5233 1157 5305 pavimento
1186 5236 1370 5288 strata
1390 5231 1569 5299 vario,
1590 5232 1670 5287 ita
1703 5235 1766 5287 ut
1786 5233 1939 5289 omni

285 5338 393 5376 suo
425 5320 676 5388 ambitu,
707 5321 928 5392 regiam
962 5321 1388 5393 praetenderent
1416 5320 1789 5392 dignitatem;
1818 5320 1942 5392 qui·

281 5407 392 5465 bus
422 5413 588 5466 tanta
632 5409 822 5466 inerat
865 5410 1118 5466 materiae
1167 5414 1225 5466 et
1266 5409 1459 5480 operis
1509 5410 1825 5483 elegantia,
1875 5414 1943 5468 ut

283 5498 712 5555 transeuntium
757 5498 932 5555 etiam
975 5498 1189 5555 invitos
1231 5497 1564 5556 detinerent
1626 5497 1847 5569 oculos,
1885 5506 1945 5559 et

289 5584 548 5658 quadam
575 5587 811 5647 videndi
839 5585 1138 5661 aviditate,
1165 5585 1445 5647 invitante
1470 5601 1712 5663 operum
1731 5585 1946 5651 eximin

2048 5159 2229 5201 manu
2260 5141 2540 5212 firmaret,
2571 5142 2726 5199 sicut
2753 5144 3027 5203 dominus
3074 5162 3173 5203 rex
3201 5145 3451 5219 feceram
3508 5150 3698 5222 prima

2049 5231 2195 5289 facie
2218 5230 2330 5288 visi
2359 5235 2520 5301 sunt,
2552 5230 2657 5303 qui
2683 5232 2736 5288 ei
2765 5232 3090 5292 familiai-us
3118 5235 3407 5310 astabant,
3456 5240 3699 5296 auricu-

2053 5323 2203 5379 lares
2234 5328 2288 5378 et
2317 5319 2684 5389 cubicularii,
2714 5336 2891 5392 penes
2921 5338 3068 5395 quos
3097 5323 3481 5383 consiliorum
3512 5331 3700 5403 regio·

2051 5428 2181 5470 rum
2210 5414 2335 5469 erat
2363 5410 2703 5474 auctoritas.
2731 5426 2853 5468 rem
2883 5411 3060 5471 nimis
3080 5416 3364 5488 tanquam
3383 5415 3448 5473 in
3468 5418 3699 5476 suculis

2052 5501 2403 5571 inauditam,
2436 5499 2775 5570 abhorrere;
2807 5502 3045 5560 tandem
3075 5518 3229 5573 vcro,
3278 5510 3411 5578 post
3457 5508 3700 5565 multam

2052 5588 2552 5665 deliberationem,
2581 5594 2642 5652 et
2659 5588 2887 5654 soldani
2931 5590 3275 5668 diligentem
3331 5593 3701 5670 instantiam,
