3784 6000
313 196 428 256 611
1378 192 1801 257 oomni-:Lm
1844 189 2240 256 'rYast1s
2281 194 2645 261 assume.
3351 194 3356 199 ·
3403 172 3416 183 ’
3461 196 3466 201 ·
3601 203 3722 270 612

315 334 518 405 paucis
547 332 795 391 evolutis
825 332 1052 398 diebus,
1083 339 1212 389 ante
1258 333 1588 405 praedictam
1621 331 1826 388 urbem
1857 344 1953 385 ca·
1985 331 2042 397 Α
2071 346 2315 388 suorum
2334 348 2617 392 accusans
2644 333 2951 404 desidiam,
2980 302 3349 394 ad'fortiores
3373 341 3607 396 ammat
3631 338 3722 398 ins

314 429 690 480 strametatus
733 427 841 478 est.
883 422 982 478 His
1041 422 1272 488 auditis,
1314 422 1580 496 princeps
1634 426 1692 479 et
1741 436 1960 487 comes,
2069 417 2282 493 sultus,
2315 426 2373 479 et
2425 438 2775 496 congressus
2823 423 3218 496 ingeminans,
3247 425 3444 483 acrius
3503 426 3721 485 instare

314 516 646 572 convocatis
676 530 746 569 ex
776 513 1046 569 universa
1077 513 1310 586 regione
1341 530 1581 570 suorum
1616 512 1820 585 copiis,
1854 511 1961 566 im·
2070 507 2349 581 praecipit.
2369 511 2639 583 Dumque
2659 512 2820 569 urbis
2839 512 3450 571 effractionicertatim
3473 514 3719 587 instant,

315 611 643 677 potatorem
693 603 800 658 sub
857 602 1017 658 omni
1066 602 1357 659 celeritate
1401 606 1723 674 sequentes,
1763 601 1960 657 subito
2070 598 2421 656 suburbium
2455 600 2817 672 praedictum,
2850 603 3004 674 quod
3052 601 3111 658 in
3141 601 3425 661 inferiore
3464 603 3719 663 civitatis

315 711 445 750 cum
478 694 602 749 suis
627 696 761 748 ante
781 709 960 764 supra
985 693 1346 748 nominatam
1371 692 1683 759 civitatem,
1720 689 1959 763 paribus
2067 691 2227 757 parte
2249 688 2432 744 situm
2456 706 2581 746 esse
2610 690 2887 759 diximus,
2913 691 3179 749 cominus
3210 691 3523 750 effractum
3549 710 3720 752 occu-

313 784 539 841 accensi
592 782 901 839 desideriis
950 783 1281 839 adfuerunt.
1315 783 1412 840 Est
1450 787 1643 839 autem
1687 781 1959 853 praedicta
2069 782 2210 847 pant
2257 777 2556 849 violenter,
2598 781 2822 838 civibus
2868 782 2966 854 qui
3015 781 3094 837 ihi
3160 783 3371 855 reperti
3405 788 3573 854 sunt,
3605 801 3717 842 non

313 875 540 941 civitas,
579 872 729 928 inter
778 877 1033 929 montem
1066 877 1124 928 et
1153 871 1416 938 fluvium,
1450 873 1550 944 qui
1584 871 1956 927 Antiochiam
2068 871 2389 937 parcentes,
2422 868 2536 925 nisi
2587 871 2730 926 sorte
2761 871 2857 943 qui
2907 887 2977 927 ex
3014 871 3098 927 eis
3146 871 3321 929 verbo
3352 873 3445 929 vel
3485 872 3716 943 habitu,

310 961 674 1035 praeterfluit,
713 964 831 1018 fere
860 963 919 1017 in
949 965 1188 1018 modum
1218 961 1536 1019 Antiochiae
1568 961 1698 1030 sita,
1734 964 1954 1032 partem
2067 952 2155 1010 vel
2186 957 2389 1026 quovis
2419 959 2584 1032 signo
2613 959 3007 1017 Christianam
3041 961 3468 1035 professionem
3499 978 3570 1021 se
3591 979 3718 1021 esee

307 1054 399 1109 sui
444 1052 758 1108 maximam
804 1052 861 1106 in
895 1051 1066 1123 plano
1100 1068 1288 1123 usque
1326 1053 1393 1108 ad
1426 1052 1647 1107 flumen
1697 1049 1953 1117 habens;
2068 1051 2421 1104 sectaturum
2453 1050 2804 1123 designaret.
2839 1052 3049 1109 Multos
3078 1051 3232 1108 enim
3283 1051 3489 1110 fideles
3539 1053 3716 1111 habc-

306 1146 533 1214 partem
559 1157 793 1213 quoque
822 1141 880 1195 in
914 1140 1133 1196 declivo
1166 1141 1419 1207 montis;
1455 1138 1792 1212 pra-sidium
1822 1153 1956 1195 vero
2067 1133 2165 1190 bat
2194 1140 2252 1192 et
2288 1136 2568 1195 habuerat
2611 1140 2682 1196 ab
2730 1140 2896 1198 initio
2939 1140 3143 1197 clvitas
3182 1139 3285 1197 illa
3330 1141 3715 1213 habitatores,

307 1231 367 1285 in
393 1231 605 1287 montis
635 1230 861 1300 fastigio
905 1229 1242 1296 imminens,
1278 1230 1556 1287 humanis
1596 1228 1956 1301 inexpugna-
2067 1223 2166 1294 qui
2199 1224 2303 1280 suh
2353 1227 2578 1282 misera)
2610 1227 2902 1284 servitutis
2942 1228 3081 1300 jugo
3110 1228 3184 1284 ab
3222 1226 3569 1286 infidelibus
3617 1230 3715 1287 do·

308 1318 422 1375 bile
444 1319 660 1375 viribus
682 1324 771 1375 est
788 1319 1363 1376 constitutum.Unde
1380 1338 1413 1375 a
1436 1320 1567 1375 laeva
1586 1323 1644 1375 et
1665 1319 1735 1375 ad
1758 1318 1958 1374 dextra
2067 1311 2243 1370 minis
2275 1315 2688 1387 premebantur
2717 1315 2991 1374 indebite.

316 1405 594 1462 demissis
626 1422 813 1478 usque
843 1406 900 1461 in
932 1406 1172 1462 fluvium
1206 1406 1517 1473 moenibus,
1538 1406 1742 1462 civitas
1773 1403 1954 1462 ambi·
2720 1422 2947 1479 CAPUT
2984 1422 3055 1479 Π,

304 1501 400 1553 tur
430 1512 563 1552 cum
613 1495 897 1552 SUbul'biO
946 1496 1057 1552 Sibi
1098 1498 1418 1568 adjacente.
1453 1497 1720 1554 Transito
1759 1496 1957 1568 itaque
2064 1510 2389 1580 Indivnatus
2417 1512 2591 1580 idem,
2633 1512 2958 1581 imperfecto
2987 1511 3201 1584 neqoffo
3230 1513 3576 1573 obsidionem
3600 1514 3716 1573 301..

308 1584 505 1652 ssuvio,
551 1584 971 1658 dispositisque
1011 1587 1068 1641 in
1108 1602 1315 1658 gyrum
1370 1586 1722 1658 agminibus,
1776 1601 1843 1641 ex
1889 1601 1956 1641 ea
2506 1585 2586 1640 vit
2616 1585 2964 1641 Antiochiam
2997 1599 3263 1642 reversus.

307 1680 466 1747 parte
499 1676 653 1731 unde
684 1675 886 1731 civitas
918 1675 1204 1730 suburbio
1238 1680 1371 1731 ante
1401 1693 1460 1732 se
1492 1677 1678 1746 posito
1706 1674 1956 1730 habilior
1986 1708 2030 1772 B
2135 1673 2229 1730 Sic
2266 1689 2402 1748 ergo
2451 1673 2679 1731 civitate
2720 1690 2787 1731 ex
2836 1680 2998 1746 parte
3043 1676 3292 1748 quadam
3339 1675 3710 1750 impugnata,

307 1766 376 1821 ad
396 1765 856 1837 impugnandum
874 1764 1194 1833 videbatur,
1214 1765 1415 1821 urbem
1441 1763 1953 1833 vallatobsidione‚
2062 1763 2333 1819 timentes
2364 1763 2536 1832 cives,
2559 1764 2839 1820 violentas
2871 1763 3125 1821 bostium
3154 1764 3213 1821 in
3248 1781 3463 1823 uxores
3492 1773 3549 1823 et
3580 1765 3710 1823 libe·

309 1853 411 1909 }lic
429 1855 664 1909 demum
691 1853 979 1910 machinis
1002 1870 1259 1925 congrua
1283 1855 1609 1925 provisione
1631 1854 1950 1927 dispositis,
2063 1869 2154 1907 ros
2188 1855 2244 1908 et
2267 1853 2426 1910 urbis
2458 1852 2778 1925 penetralia
2815 1853 3190 1926 irruptiones,
3222 1870 3423 1926 pacem
3455 1855 3532 1912 ad
3568 1859 3711 1915 tem-

302 1948 493 1999 turres
538 1959 603 1998 ac
636 1943 870 2010 moenia,
904 1948 960 1998 et
990 1943 1141 1998 infra
1173 1960 1372 1999 muros
1411 1944 1622 2000 civium
1656 1943 1955 2001 domicilia
2061 1957 2170 2011 pus
2201 1940 2501 2013 postulant
2532 1941 2847 2012 modicum,
2880 1947 2936 1999 et
2976 1942 3291 2015 impetrant
3328 1944 3709 2018 postulatam.

304 2034 570 2105 gravium
598 2031 967 2089 immissione
998 2033 1331 2099 molarium,
1355 2033 1720 2090 incessanter
1748 2050 1953 2089 concu-
2060 2031 2199 2085 Erat
2230 2047 2400 2102 porro
2430 2030 2590 2089 illius
2622 2031 2871 2089 civitatis
2902 2031 3177 2089 dominus
3208 2032 3452 2104 quidam
3487 2033 3708 2093 nobilis

303 2124 474 2195 liunt,
497 2127 553 2178 et
581 2123 801 2179 crebris
829 2122 1042 2178 ictibus
1062 2130 1112 2177 et
1145 2122 1784 2179 vicariaimmissorum
1812 2139 1952 2178 cau·
2065 2119 2256 2189 bomo,
2307 2122 2492 2177 Arabs
2558 2121 2809 2189 natione,
2850 2120 3225 2179 Machedolus
3291 2122 3576 2193 nomine;
3618 2123 3708 2181 hic

305 2213 447 2269 tium
502 2212 863 2284 repetitione,
917 2228 1033 2267 non
1079 2213 1207 2268 sine
1253 2211 1440 2267 multa
1493 2212 1949 2269 inhabitantium
2061 2208 2261 2264 missis
2297 2210 2517 2266 occulte
2547 2211 2618 2266 ad
2650 2209 3050 2282 imperatorem
3092 2209 3337 2280 nuntiis,
3371 2227 3475 2284 pro
3523 2211 3708 2268 salute

307 2307 503 2373 strage
535 2301 800 2355 funditus
832 2300 1137 2370 dejiciunt,
1171 2300 1229 2354 in
1262 2301 1474 2371 quibus
1506 2310 1628 2357 erat
1656 2301 1953 2358 defensio·
2061 2297 2224 2354 urhis
2265 2303 2320 2355 et
2367 2299 2578 2356 civium
2622 2299 3013 2368 indemnitate,
3048 2300 3307 2372 profusis
3354 2317 3493 2357 cum
3544 2301 3705 2358 omni

301 2392 394 2447 nis
426 2405 561 2460 spes
594 2386 870 2455 maxima,
902 2388 1280 2444 aedificiorum
1326 2389 1675 2446 munimina.
1698 2389 1954 2462 Urgebat
2060 2386 2393 2444 humilitate
2431 2388 2722 2461 supplicat
2766 2390 3059 2462 precibus,
3100 2395 3160 2446 et
3205 2389 3499 2448 infinitam
3530 2406 3705 2463 epon-

300 2479 574 2534 dominus
599 2477 929 2547 imperator,
957 2477 1105 2531 sicut
1128 2481 1252 2533 erat
1271 2477 1357 2533 vir
1381 2477 1816 2550 magnanimus,
1833 2487 1950 2535 stu·
2060 2477 2202 2533 dens
2222 2495 2319 2548 pro
2336 2480 2535 2533 codem
2554 2479 2913 2550 precuniam.
2934 2477 3709 2553 Indignatusenimimpera·

298 2567 393 2623 dio
426 2567 676 2622 fervente
700 2568 1084 2636 propositum,
1119 2570 1174 2621 et
1196 2566 1505 2637 propositis
1536 2569 1776 2634 braviiS‚
1808 2569 1947 2629 ado-
2061 2569 2169 2633 tor,
2200 2569 2348 2638 quod
2383 2567 2650 2640 princeps
2672 2573 2727 2624 et
2757 2585 2950 2624 comes
2977 2569 3059 2624 ita
3106 2567 3384 2625 dissolute
3414 2577 3466 2625 et
3518 2569 3712 2645 negli-

297 2655 642 2712 lescentium
665 2654 863 2724 gloriae
885 2655 1147 2725 cupidos,
1172 2655 1242 2710 ad
1266 2655 1583 2711 certamina
1607 2661 1657 2712 et
1683 2672 1947 2728 congres·
2055 2659 2252 2725 genter
2284 2656 2341 2710 in
2367 2657 2729 2728 expeditione
2752 2673 2814 2713 sc
2842 2657 3182 2727 habuerant,
3204 2673 3389 2729 eoque
3416 2659 3712 2732 praecipue

298 2762 400 2801 sus
431 2743 665 2801 Martios
695 2743 1049 2799 accendebat
1081 2743 1349 2811 animos;
1383 2743 1561 2799 lorica
1594 2760 1824 2816 quoque
1857 2745 1945 2801 in·
2055 2745 2206 2817 quod
2241 2763 2341 2816 pro
2390 2762 2585 2802 eorum
2616 2747 2842 2818 negotio
2881 2751 2938 2801 et
2983 2746 3283 2819 implenda
3311 2747 3709 2819 promissione

298 2835 477 2889 dutus
527 2836 584 2888 et
632 2832 925 2887 accinctus
978 2830 1195 2903 gladio,
1245 2832 1470 2889 casside
1528 2837 1704 2904 caput
1757 2838 1945 2891 tectus
2054 2835 2361 2891 videbatur
2389 2835 2675 2905 laborare,
2698 2835 3017 2892 maximum
3046 2839 3251 2893 contra
3269 2851 3370 2893 eos
3399 2853 3708 2895 rancorem

299 2939 478 2980 aurea
501 2923 728 2978 medius
753 2920 1047 2978 immistus
1070 2922 1430 2996 agminibus,
1456 2940 1610 2978 nunc
1634 2923 1760 2992 hos,
1787 2942 1942 2982 nunc
2053 2932 2390 2996 conceperat
2416 2942 2430 2991 ;
2462 2929 2518 2981 et
2557 2925 2905 2997 promissam
2945 2941 3146 2982 eorum
3176 2924 3550 2997 fidelitatem,
3583 2930 3710 2983 tan-

297 3012 428 3070 illos
458 3013 830 3069 sermonibus
860 3010 1128 3068 hortatur
1156 3012 1428 3084 congruis
1462 3031 1475 3082 ;
1512 3016 1941 3089 nuncexemplo
2061 3032 2236 3087 quam
2270 3016 2395 3071 sine
2439 3015 2709 3087 operibus
2742 3022 3053 3083 mortuam,
3088 3015 3276 3087 magis
3325 3015 3707 3088 splendidam

297 3107 581 3175 tanquam
626 3118 777 3157 unus
828 3118 857 3156 e
907 3100 1289 3172 popularibus
1339 3107 1628 3173 provocat,
1669 3109 1726 3160 et
1765 3104 1945 3161 instat
1979 3076 2021 3144 C
2059 3122 2234 3177 qnam
2271 3104 2538 3173 solidam,
2570 3120 2672 3177 pro
2705 3104 2887 3159 nihilo
2918 3104 3156 3172 ducens,
3180 3104 3524 3162 firmissime
3554 3106 3709 3178 apud

296 3191 561 3258 viriliter,
586 3196 648 3246 ut
671 3190 812 3247 alios
834 3191 903 3245 ad
938 3191 1274 3245 instandum
1310 3192 1505 3246 reddat
1538 3194 1939 3250 animosiores.
2057 3213 2287 3267 se,cum
2320 3195 2521 3267 paucis
2564 3194 2971 3264 familiaribus,
3003 3195 3511 3266 praeordinaverat,
3546 3196 3703 3269 quod

296 3279 392 3336 Sic
442 3278 618 3349 igitur
665 3278 753 3332 vir
801 3278 1032 3349 egregia
1081 3279 1454 3336 animositate
1499 3279 1772 3352 insigniS,
1816 3283 1944 3339 sine
2058 3286 2114 3340 in
2168 3286 2363 3341 odium
2416 3302 2639 3353 eorum,
2692 3293 2745 3340 et
2796 3283 3157 3340 infidelitatis
3212 3300 3469 3356 poenam,
3508 3285 3705 3344 oblata

294 3367 734 3425 intermissione
773 3367 1128 3438 discurrens,
1163 3375 1336 3425 aestus
1381 3368 1513 3425 belli
1546 3387 1579 3424 a
1609 3370 1795 3442 prima
1829 3372 1942 3429 diei
2059 3374 2313 3448 qualibet
2344 3376 2664 3443 occasions,
2697 3388 2818 3444 quae
2862 3373 3115 3447 aliquam
3144 3373 3350 3430 saltem
3379 3372 3706 3431 honestatis

294 3460 439 3517 hora
482 3476 668 3532 usque
720 3460 790 3515 ad
844 3460 1224 3515 novissimam
1268 3460 1586 3527 sustinens,
1633 3461 1777 3518 nihil
1829 3463 1941 3518 sihi
2055 3466 2295 3536 speciem
2331 3464 2621 3519 videretur
2651 3462 3240 3535 praetendere,soluta
3271 3461 3597 3532 obsidione,
3625 3464 3696 3518 ad

295 3548 531 3621 quietis,
566 3556 627 3603 ut
655 3547 744 3604 vel
783 3548 980 3604 cibum
1014 3553 1267 3604 sumeret
1295 3548 1629 3619 indulgebat
1662 3567 1676 3618 ;
1711 3552 1805 3606 sed
1840 3556 1942 3608 aut
2056 3553 2285 3625 propria
2336 3553 2563 3609 rediret.
2596 3551 2871 3621 Suscepta
2913 3552 3091 3623 igitur
3137 3556 3306 3624 pacta
3341 3567 3445 3624 pro
3475 3551 3696 3609 dissol-

293 3638 403 3695 hos
441 3639 542 3709 qui
592 3636 882 3694 machinis
928 3637 1348 3706 deserviebant,
1382 3642 1445 3693 ut
1494 3638 1856 3710 frequentius
1885 3645 1942 3697 et
2055 3643 2238 3697 venda
2291 3641 2592 3698 obsidione
2655 3640 2920 3712 pecunia,
2968 3639 3213 3697 edicitur
3259 3640 3496 3713 publica
3557 3657 3695 3698 voce

293 3727 572 3783 directius
598 3725 1017 3798 jacularentur,
1052 3727 1440 3795 admonebat3
1501 3731 1601 3782 aut
1633 3729 1705 3783 iis
1745 3729 1844 3801 qui
1877 3730 1938 3785 in
2055 3726 2343 3797 praeconia
2374 3725 2627 3781 obsessis
2651 3742 2796 3797 pax;
2831 3742 2900 3781 ex
2928 3724 3255 3798 legionibus
3287 3726 3606 3783 mandatur
3632 3731 3698 3782 ut

290 3816 662 3872 conflictibus
695 3815 1083 3883 desudabant,
1107 3815 1360 3871 addebat
1391 3817 1640 3886 animos,
1666 3834 1763 3888 per
1785 3820 1935 3874 vica·
2053 3816 2121 3870 ad
2177 3815 2425 3870 reditum
2473 3830 2535 3871 se
2584 3820 2925 3887 praeparent.
2976 3814 3189 3887 Sicque
3226 3814 3439 3873 solutis
3483 3816 3699 3872 castris

291 3905 408 3962 rias
439 3905 836 3962 successiones
858 3905 1009 3961 vires
1058 3920 1355 3975 reparans,
1387 3908 1443 3959 et
1474 3922 1576 3976 pro
1609 3906 1940 3963 deficienti-
2051 3904 2365 3975 imperator
2393 3919 2596 3959 versus
2626 3903 3015 3973 Antiochiam,
3047 3903 3200 3961 acies
3232 3903 3497 3976 praecipit
3526 3904 3698 3977 dirigi

290 3995 399 4051 bus
429 3998 691 4051 recentes
723 4010 1061 4066 surrogans,
1095 3998 1151 4049 ct
1180 3994 1422 4066 integris
1462 3995 1769 4051 conatibus
1801 3996 1937 4053 vali·
2050 3996 2106 4049 et
2150 3992 2459 4049 universus
2503 3991 2643 4048 illuc
2691 3993 2981 4049 exercitus
3020 4008 3345 4066 properare.
3379 3992 3697 4050 Audientes

288 4085 414 4140 dos.
446 4082 721 4153 Princeps
771 4090 964 4138 autem
1016 4086 1071 4137 et
1119 4098 1331 4148 comes,
1371 4086 1436 4136 ut
1473 4082 1704 4153 dicitur,
1738 4085 1932 4143 adole·
2049 4083 2150 4140 hoc
2180 4083 2450 4157 princeps
2478 4088 2535 4140 et
2574 4099 2790 4154 comes,
2822 4099 2949 4141 sero
2992 4084 3146 4140 ducti
3199 4082 3560 4155 poenitentia,
3592 4084 3698 4141 do-

288 4177 513 4228 scentes
557 4173 750 4241 amb0,
781 4174 838 4227 et
881 4171 1037 4225 illius
1085 4170 1269 4226 aetatis
1325 4171 1653 4228 laevioribus
1686 4174 1931 4232 nimium
2049 4174 2273 4230 minum
2307 4175 2714 4246 imperatorem
2740 4172 2811 4228 ab
2837 4174 3360 4245 incoeptorevoeare
3390 4172 3691 4241 nituntur;

287 4260 456 4315 tracti
488 4259 723 4325 studiis,
746 4260 1046 4314 caeterisin
1079 4258 1273 4330 proelio
1315 4263 1372 4315 et
1404 4276 1462 4315 re
1494 4261 1731 4318 militari
1761 4264 1930 4320 desu-
2046 4266 2143 4320 sed
2194 4268 2519 4335 perseverat
2566 4263 2626 4318 in
2676 4262 2992 4335 proposito,
3038 4263 3191 4336 quod
3239 4260 3697 4321 irrevocabiliter

286 4346 586 4416 dantibus,
643 4344 828 4402 alcam
899 4346 1194 4414 ludebant,
1248 4364 1362 4402 non
1413 4348 1539 4403 sine
1587 4349 1799 4407 damno
1847 4350 1928 4406 rei
2044 4359 2386 4426 conceperat
2415 4354 3116 4427 imperator3spretisque
3137 4370 3337 4410 eorum
3363 4353 3691 4427 persuasio·

283 4435 615 4501 familiaris,
631 4433 893 4504 assidue,
927 4438 982 4491 et
1011 4435 1166 4492 circa
1192 4436 1474 4492 bellorum
1504 4438 1697 4494 studia
1718 4440 1935 4497 remis·
1964 4438 2010 4504 D
2050 4444 2245 4511 nibus,
2278 4444 2426 4500 inter
2454 4443 2755 4501 accelerat.
2788 4443 3102 4501 Dicebatur
3139 4459 3329 4501 comes
3359 4444 3418 4500 in
3465 4460 3537 4501 eo
3570 4460 3693 4501 ma-

287 4524 410 4580 sius
431 4541 495 4581 se
516 4524 1062 4594 habentes,coeteros
1084 4526 1594 4597 quoqueaservorc
1615 4526 1929 4599 instantiae,
2043 4533 2237 4589 litiose
2267 4532 2444 4589 nimis
2501 4537 2806 4601 versatus;
2840 4550 2977 4590 nam
3008 4532 3255 4601 occulto,
3286 4532 3390 4590 sed
3434 4543 3690 4605 postmo-

284 4630 392 4671 suo
426 4615 774 4671 revocabant
801 4612 1088 4686 exemplo.
1122 4614 1282 4679 Quod
1310 4614 1554 4671 audiens
1594 4615 1929 4688 imperator,
2041 4625 2179 4682 dum
2213 4622 2365 4680 clare
2396 4621 2598 4692 patuit,
2631 4619 2909 4677 adversus
2956 4621 3257 4678 dominum
3290 4635 3489 4690 suum,
3521 4620 3687 4693 prin·

284 4708 343 4759 et
372 4705 525 4760 sacto
557 4718 757 4760 eorum
792 4703 1116 4775 pernicioso
1137 4702 1312 4759 nimis
1337 4702 1809 4772 motus,interius
1831 4722 1931 4764 eos
2041 4714 2224 4786 cipem
2275 4711 2561 4781 videlicet,
2608 4709 2922 4767 ducebatur
2969 4711 3122 4780 odio,
3154 4716 3214 4768 et
3259 4710 3687 4767 incrementum

280 4795 458 4851 semel
476 4793 1105 4860 etsecundo,familiari
1122 4802 1173 4849 et
1196 4798 1416 4850 secreta
1453 4796 1928 4867 commonitione,
2038 4804 2167 4875 ejus
2192 4800 2410 4857 babens
2430 4815 2603 4856 omne
2623 4805 2985 4872 suspectum,
3012 4800 3324 4857 seducebat
3346 4799 3688 4872 impruden-

278 4899 545 4939 revocare
567 4881 1156 4955 studuit‚exemplum
1190 4881 1767 4958 suiproponens‚qui
1793 4903 1925 4944 curn
2038 4890 2203 4948 tioris
2243 4888 2634 4945 adolescentis
2661 4889 2948 4959 animum,
2977 4888 3105 4962 ipse
3143 4888 3466 4956 versutior3
3501 4889 3574 4945 ad
3625 4887 3687 4942 id

280 4976 660 5042 regumterrae
691 4972 1086 5044 etprincipum
1121 4971 1381 5028 omnium
1400 4977 1552 5029 esset
1583 4976 1925 5043 potentissi-
2038 4986 2152 5037 toto
2184 4978 2540 5035 contendens
2569 4978 2781 5047 studio,
2806 4985 2870 5035 ut
2898 4981 3169 5053 princeps
3199 4978 3571 5054 imperatoris
3598 4977 3691 5034 in—

280 5075 452 5127 rnus3
487 5075 593 5115 nec
623 5060 805 5117 labori
839 5062 1059 5134 proprii
1090 5061 1362 5133 parcebat
1384 5065 1663 5136 corporis,
1681 5082 1786 5122 nec
1813 5066 1926 5122 im·
2035 5068 2433 5142 dignationem
2489 5072 2828 5136 mereretur,
2887 5085 2959 5126 ne
3006 5085 3108 5142 per
3158 5085 3295 5127 eum
3341 5069 3415 5126 ad
3459 5067 3689 5139 majora

281 5148 502 5205 mensis
533 5150 886 5221 sumptibus.
904 5151 1163 5206 Tandem
1189 5166 1318 5207 cum
1344 5166 1443 5222 per
1476 5152 1600 5208 dies
1621 5152 1845 5225 aliquot
1865 5155 1924 5210 in
2035 5159 2448 5231 proveheretur
2473 5157 2835 5228 compendia.

284 5238 618 5308 hujusmodi
644 5237 1155 5311 congressionibus
1184 5243 1242 5294 et
1272 5239 1525 5296 assiduis
1555 5240 1922 5299 conflictibus
2672 5263 2908 5321 CAPUT
2944 5265 3044 5324 ΠΙ,

280 5328 1033 5400 perseverassetexercitus,
1058 5329 1393 5402 indignatus
1415 5329 1920 5403 imperator,quod
2036 5355 2337 5429 mperator
2390 5370 2424 5409 a
2486 5354 2733 5436 prfncipe
2788 5354 3031 5412 cimai,
3072 5358 3273 5429 „pem
3325 5356 3679 5429 proesfflium,

272 5416 833 5488 incomparabilibus
862 5420 991 5491 ejus
1020 5419 1201 5493 copiis
1234 5421 1372 5476 urbs
1421 5419 1638 5490 pusilla
1667 5425 1785 5477 tam
1817 5422 1922 5479 diu
2346 5441 2506 5499 quast
2525 5440 2745 5481 moram
2774 5426 2835 5481 in
2854 5430 3077 5499 νοσέοντα
3097 5431 3365 5501 facturus.

273 5510 471 5586 posset
524 5506 818 5577 resistere,
864 5508 1107 5565 affectus
1157 5507 1345 5580 taedio,
1379 5522 1603 5568 moram
1654 5526 1920 5585 arguens,
2103 5514 2647 5587 Perveniensigitur
2669 5514 3039 5575 Antiochiam
3061 5518 3680 5594 domnusimperator

3761 36 3784 93 Ἡ
