3784 6000
154 269 281 335 689

567 274 764 339 Htsr.
815 277 1087 339 RERUM
1129 280 1681 344 TRANSMARIN.
1728 315 1803 329 —
1848 282 1999 346 LIB.
2044 287 2227 351 xvll.
2274 287 2725 352 BALDUINUS
2769 288 2850 351 111
2899 288 3082 351 REX.

3453 296 3575 356 690

156 404 353 462 omnis
382 405 486 464 illa
503 408 821 480 provincia,
837 408 1054 468 sicutet
1069 412 1568 472 Antiochenorum
1587 419 1805 488 partes,
1835 418 1885 485 Α
1916 432 2045 474 esse
2065 419 2211 489 sieri,
2246 423 2588 494 priusquam
2622 429 2770 479 terra
2801 422 3033 494 penitus
3065 422 3124 480 in
3157 423 3416 481 hostium
3450 441 3575 483 ma-

157 494 415 552 femineo
465 496 677 553 relictae
735 499 1143 569 moderamini,
1192 518 1361 559 suam
1422 504 1810 576 exposcebant

152 583 615 641 sollicitudinem
643 602 658 654 ;
690 589 1009 657 assumptis
1043 589 1155 646 sibi
1187 590 1477 649 Henfredo
1502 593 1809 649 constabu-

154 672 302 731 lario
323 678 381 731 et
411 674 675 732 Gnidone
707 677 1001 750 Berytensi
1035 679 1196 751 (nam
1228 681 1299 736 de
1329 681 1397 737 iis
1418 681 1519 753 qui
1577 682 1636 737 in
1670 699 1805 754 por-

152 762 312 820 tione
341 764 592 821 dominas
624 766 838 838 reginae
870 772 1059 834 erant,
1093 767 1227 825 licet
1283 770 1635 842 singillatim
1666 786 1805 828 evo·

150 857 365 919 casset,
399 853 693 911 neminem
723 853 936 912 habere
966 857 1179 930 potuit)
1211 859 1282 914 ad
1316 869 1510 932 partes
1541 859 1803 931 pervenit

147 942 587 1015 Tripolitanas3
620 945 719 1001 ubi
750 950 808 1003 et
836 946 1109 1004 comitem
1152 964 1286 1005 cum
1332 950 1457 1007 suis
1518 949 1802 1006 militibus

152 1049 494 1101 assumenS,
525 1033 896 1091 Antiochiam
945 1035 1096 1093 celer
1153 1039 1430 1108 pervenit.
1495 1039 1804 1095 Dicebatur

151 1122 315 1178 enim
343 1122 595 1196 publice,
627 1127 684 1179 et
713 1139 846 1181 vere
875 1124 960 1181 sic
990 1130 1132 1192 erat,
1167 1128 1322 1198 quod
1355 1128 1801 1200 potentissimus

149 1214 484 1269 Turcorum
517 1213 785 1286 princeps
818 1214 1097 1273 soldanus
1139 1218 1478 1285 iconiensis,
1539 1234 1672 1274 cum
1708 1219 1798 1274 in·

150 1318 399 1359 numero
427 1303 684 1375 equitatu
707 1303 776 1359 ad
812 1308 1005 1376 partes
1034 1301 1584 1375 illas'descenderat,
1606 1311 1662 1363 et
1686 1310 1801 1366 scre

149 1407 392 1448 omnem
424 1391 546 1448 suis
576 1391 791 1449 finibus
833 1395 1255 1451 conterminam
1296 1401 1679 1468 occupaverat
1710 1415 1801 1455 re-

148 1482 414 1554 gionem.
445 1480 570 1537 Non
601 1481 858 1537 valentes
888 1483 1044 1538 enim
1078 1484 1334 1541 locorum
1376 1485 1697 1542 habitatore
1723 1503 1801 1543 re·

147 1571 361 1627 sistere
391 1575 446 1626 et
494 1571 852 1627 exercituum
907 1571 1065 1629 illius
1115 1573 1401 1630 sustinere
1457 1575 1797 1645 potentiam,

148 1658 331 1716 urbes
363 1662 420 1714 et
442 1659 757 1731 municipia
792 1658 1063 1716 universa
1093 1661 1175 1717 illi
1208 1662 1594 1733 tradiderant,
1617 1662 1799 1735 impe-

147 1750 377 1805 trantes
408 1748 480 1804 ab
510 1764 577 1804 eo
600 1747 827 1804 salvum
860 1752 917 1804 et
945 1746 1194 1805 liberum
1227 1750 1446 1807 exitum
1504 1767 1639 1808 cum
1665 1769 1799 1808 uxo·

148 1839 317 1895 ribus
348 1842 405 1895 et
435 1836 656 1905 liberis,
689 1842 747 1892 et
775 1838 902 1893 sine
934 1839 1187 1910 periculo
1210 1842 1559 1897 conductum
1612 1858 1797 1915 usque

146 1926 505 1993 Turbessel;
537 1926 588 1982 is
619 1926 775 1982 enim
797 1926 959 1983 locus
992 1929 1215 1984 oaeteris
1268 1930 1568 1997 munitior,
1603 1929 1796 2001 plures

144 2016 377 2073 habens
405 2015 782 2082 habitatores,
817 2016 916 2070 ubi
947 2021 1003 2072 et
1033 2018 1308 2074 dominus
1354 2035 1550 2075 comes
1594 2021 1793 2090 jugem

140 2111 202 2164 et
231 2109 569 2162 manentem
606 2104 856 2161 habebat
880 2105 1321 2174 habitationem,
1354 2106 1613 2162 adhucin
1642 2112 1802 2164 tran-

145 2195 335 2268 quillo
365 2193 674 2250 videbatur
694 2210 838 2250 esse.
864 2193 1130 2266 Dumque
1161 2196 1245 2252 sic
1275 2195 1530 2266 exceptis
1593 2197 1797 2267 paucis

146 2283 458 2358 praesidiis,
492 2282 824 2339 universam
854 2294 1193 2356 occupasset
1250 2285 1562 2357 regionem,
1618 2285 1797 2354 maio·

148 2374 315 2431 ribus
345 2389 479 2428 eum
512 2373 919 2428 revocantibus
941 2372 1119 2443 curis,
1152 2373 1389 2428 domum
1421 2373 1613 2429 redire
1633 2389 1798 2429 com-

150 2458 364 2533 pulsus
391 2463 523 2527 est;
555 2458 940 2516 nihilominus
973 2463 1190 2527 tamen,
1224 2458 1668 2531 provincialium
1699 2463 1799 2515 aut

148 2549 319 2605 labor
350 2553 440 2605 est
468 2548 838 2612 imminutus,
856 2547 1269 2605 autremissior
1283 2545 1794 2605 factasollicitudo.

149 2641 306 2694 Nam
335 2637 662 2694 Noradiuus
692 2637 1144 2694 molestissimus
1172 2638 1362 2709 gentis
1386 2643 1590 2694 nostrae
1607 2653 1798 2709 perse-

156 2732 337 2785 cutor
363 2730 419 2782 et
444 2727 765 2783 Turcorum
810 2728 1081 2799 princeps
1140 2727 1594 2798 potentissimus,
1653 2744 1798 2799 pene

154 2815 453 2872 continuis
507 2816 937 2873 incursionibus
999 2816 1325 2873 universam
1384 2821 1623 2872 eatenus
1669 2832 1796 2873 mo-

148 2904 397 2961 lestabat
429 2907 747 2974 regionem,
772 2912 833 2961 ut
862 2910 1022 2961 extra
1052 2906 1326 2976 praesidia
1362 2922 1531 2962 nemo
1564 2906 1796 2978 penitus

150 2995 398 3052 auderet
428 3012 784 3069 comparere.
814 2995 907 3051 Sic
950 2995 1127 3068 igitur
1155 2995 1332 3065 ⁶inter
1383 2997 1528 3053 duas
1586 2995 1794 3067 molas,

156 3085 340 3141 miser
368 3085 469 3142 ille
499 3084 749 3157 populus
789 3086 1149 3143 incessanter
1203 3086 1642 3153 conterebatur3
1675 3091 1729 3143 et
1762 3103 1795 3142 a

1914 524 2027 565 nus
2058 511 2339 569 tradatur.
2377 512 2529 568 luter
2550 510 2658 566 has
2688 510 2866 580 igitur
2911 510 3350 572 deliberationis
3373 518 3571 572 ambi-

1914 597 2192 669 guitates,
2223 616 2584 672 cognoscens
2634 601 2915 657 domiuus
2947 618 3068 668 rex,
3101 605 3258 675 quod
3295 605 3572 677 praedicta

1915 686 2093 756 regio,
2126 688 2183 744 iu
2215 705 2281 746 eo
2312 694 2486 756 statu,
2523 690 2580 745 in
2607 707 2725 761 quo
2756 695 2903 758 erat,
2941 690 3038 747 diu
3055 707 3425 764 perseverare
3451 710 3568 753 non

1915 780 2146 845 posset3
2183 777 2374 849 ipsum
2406 780 2563 834 enim
2597 779 2938 851 ampliorem
2984 780 3062 834 ibi
3097 796 3316 837 moram
3352 782 3556 850 facere,

1914 864 2073 936 regni
2106 867 2340 937 propria
2370 883 2509 923 cura
2541 885 2652 923 non
2670 867 3033 939 patiebatur;
3071 870 3561 941 necejustottan·

1911 955 2100 1023 taeque
2130 958 2295 1009 eraut
2324 955 2496 1020 vireS,
2531 960 2592 1010 ut
2622 957 2768 1011 duas
2818 956 3150 1027 quindecim
3210 958 3435 1015 dierum
3468 959 3561 1016 iti·

1911 1056 2048 1097 nere
2081 1059 2114 1097 a
2145 1058 2206 1098 se
2237 1043 2522 1099 distantes
2582 1044 2913 1116 provincias
2970 1046 3382 1104 administrare
3414 1065 3551 1120 pos·

1910 1138 1997 1186 set
2029 1133 2351 1197 commode,
2385 1133 2706 1205 vidensque
2735 1134 3156 1191 Antiochenam
3188 1152 3314 1206 quae
3370 1136 3564 1193 media

1909 1222 2032 1275 erat
2079 1220 2462 1291 provinciam,
2496 1220 2776 1292 principis
2823 1221 3027 1279 solatio
3052 1223 3178 1293 jam
3230 1241 3332 1297 per
3362 1224 3559 1296 plures

1910 1324 2095 1364 annos
2130 1309 2492 1379 destitutam,
2525 1310 2584 1366 in
2610 1326 2737 1367 eam
2769 1311 3067 1369 descendit
3096 1314 3469 1382 seutentiam,
3499 1316 3564 1370 ut

1909 1398 2232 1470 praemissis
2265 1400 2719 1469 conditionibus,
2753 1400 3192 1474 Graecisoppida
3214 1419 3339 1474 (μισ,-
3357 1419 3560 1477 super-

1908 1491 2078 1542 erant
2114 1489 2502 1545 traderentur.
2536 1488 2764 1547 Etlicet
2797 1506 2911 1547 non
2956 1489 3202 1547 multum
3234 1507 3560 1564 proesume-

1910 1579 2015 1644 ret,
2049 1577 2203 1647 quod
2240 1576 2571 1635 Groecorum
2604 1578 2824 1635 viribus
2849 1581 2908 1636 in
2942 1596 3009 1635 eo
3042 1585 3196 1636 statu
3228 1580 3558 1640 conservari

1910 1669 2107 1736 posset
2138 1666 2456 1736 provincia,
2491 1667 2697 1723 maluit
2717 1672 2937 1733 tamen,
2973 1673 3036 1725 ut
3064 1671 3149 1725 eis
3209 1668 3554 1741 possidenti-

1910 1751 2022 1807 bus
2055 1752 2161 1808 iste
2177 1770 2346 1809 casus
2363 1755 2667 1823 accideret,
2690 1773 2864 1828 quam
2881 1756 2929 1811 ci
2967 1756 3558 1831 periclitantispopuli

1909 1850 1963 1896 et
1992 1845 2159 1898 terrae
2190 1842 2516 1899 deficientis
2549 1844 2934 1916 imputaretur
2965 1846 3151 1901 ruina.
3183 1846 3558 1915 Pactisigitur

1907 1930 2041 1985 hinc
2073 1931 2388 2001 indejuxta
2421 1932 2723 2002 praedietas
2744 1933 3403 2001 conditiones,adhibito
3426 1949 3556 1990 con·

1906 2034 2082 2074 sensu
2105 2019 2355 2075 dominae
2387 2020 2700 2076 comitissas
2731 2030 2786 2076 et
2816 2019 3132 2077 liberorum
3165 2020 3405 2093 ejus,ad
3429 2021 3556 2093 pla·

1904 2108 2078 2161 cittm
2110 2108 2558 2162 consonantiam
2592 2108 2868 2176 redactis,
2905 2110 3228 2181 praet‘igitur
3258 2109 3409 2178 dies,
3437 2126 3552 2183 quo

1906 2194 2179 2252 dominus
2212 2212 2329 2265 rex,
2362 2212 2496 2251 cum
2527 2197 2688 2252 omni
2720 2196 2930 2253 militia
2952 2215 3061 2255 sua
3091 2199 3149 2254 ln
3184 2207 3378 2268 partes
3423 2198 3553 2257 illas

1907 2284 2242 2349 descendat,
2277 2284 2642 2356 imperatoris
2692 2284 2961 2341 homines
3018 2287 3075 2341 in
3126 2286 3552 2358 possessionem

1907 2371 2163 2439 inducat,
2192 2377 2247 2428 et
2268 2372 2351 2428 eis
2385 2372 2658 2429 universa
2689 2373 2943 2445 resignet
2974 2374 3208 2446 oppida.
3247 2373 3346 2431 Die
3372 2374 3555 2447 igitur

1908 2464 2128 2516 statuta
2158 2476 2257 2517 rex
2286 2476 2353 2516 ex
2379 2461 2646 2517 condicto
2668 2477 2977 2518 assumens
3008 2461 3406 2518 sibicomitem
3428 2462 3552 2520 Tri-

1908 2550 2257 2623 politanum,
2287 2554 2348 2605 et
2377 2553 2497 2605 tam
2515 2565 2656 2605 suos
2687 2566 2865 2622 quam
2900 2549 3394 2607 Antiochenarum
3422 2566 3554 2623 par-

1907 2638 2054 2695 tium
2087 2643 2413 2711 magnates,
2446 2638 2502 2695 in
2535 2643 2748 2694 terram
2780 2639 3011 2695 comitis
3069 2638 3362 2707 Edessam,
3395 2638 3552 2697 Gro-

1910 2745 2008 2784 cos
2031 2744 2228 2785 secum
2262 2726 2579 2797 deducens,
2603 2727 3114 2799 usqueTurbessel
3134 2728 3424 2800 pervenit;
3448 2728 3549 2786 ubi

1908 2821 2222 2890 assumpta
2251 2816 2364 2874 sibi
2396 2818 2632 2874 domina
2662 2817 2958 2874 comitissa
2979 2834 3112 2874 cum
3134 2816 3333 2874 liberis
3353 2817 3555 2876 suiset

1907 2906 2038 2962 aliis
2068 2906 2361 2973 omnibus,
2387 2913 2502 2962 tam
2544 2904 2769 2962 Latinis
2824 2922 2999 2977 quam
3060 2905 3352 2975 Armenia,
3381 2920 3556 2963 sexus

1906 2993 2243 3068 promiscui,
2266 2994 2420 3050 exire
2450 2993 2796 3060 volentibus,
2835 2994 3049 3051 Graecis
3092 2994 3390 3068 regionem
3421 2992 3561 3051 assi-

1906 3090 2065 3157 gnat.
2100 3085 2276 3140 Erant
2307 3087 2500 3140 autem
2530 3085 2739 3156 oppida
2770 3100 2896 3156 quaa
2919 3101 2952 3139 a
2973 3084 3186 3140 nostris
3217 3083 3409 3140 adhuc
3429 3100 3561 3155 pos·

156 3174 394 3230 duobus
428 3173 694 3230 maximis
726 3174 1087 3246 principibus
1117 3190 1295 3246 supra
1311 3174 1459 3231 vires
1480 3174 1801 3246 angebatur
1827 3162 1879 3230 C
1907 3175 2249 3232 sidebantur
2275 3172 2608 3240 Turbessel,
2645 3173 2912 3241 Hamtab,
2960 3173 3280 3243 Rauendel,
3323 3173 3559 3231 Rauca-

155 3279 412 3335 quorum
445 3261 685 3320 alterius
710 3267 937 3320 tautum
967 3263 1057 3319 vix
1087 3270 1278 3335 posset
1320 3264 1639 3336 potentiam
1665 3263 1803 3320 tole·

157 3369 313 3410 rare.

767 3458 998 3516 CAPUT
1046 3457 1198 3516 XVI.

158 3567 466 3635 Imperator
492 3565 1132 3637 constantinopolitanus
1188 3563 1491 3620 exercitum
1517 3562 1593 3618 ad
1622 3566 1803 3631 partes

231 3638 435 3706 diriyit
489 3638 851 3693 Antiochenas
867 3655 889 3702 ;
935 3639 1258 3692 comitatum
1310 3637 1642 3692 Edessanum
1695 3630 1804 3687 sibi

229 3709 509 3776 resignari
537 3709 772 3779 postulat
792 3724 813 3769 ‚·
837 3709 1039 3764 obtinet
1058 3705 1396 3779 postulatum
1426 3726 1446 3771 ,-
1491 3703 1693 3763 Graecis
1714 3719 1803 3759 ca-

229 3780 397 3835 stella
424 3781 780 3850 redonantur
803 3795 826 3842 ,·
846 3794 947 3834 rex
978 3781 1114 3836 inde
1135 3780 1367 3834 Latinos
1379 3777 1587 3834 educit.

235 3887 463 3944 Interea
491 3886 765 3944 dominus
796 3889 1113 3959 Imperator
1128 3882 1805 3957 Constantinopolitanus

160 3977 409 4035 audiens
435 3975 665 4034 illarum
725 3976 982 4048 partium
1031 3974 1469 4044 desolationem,
1518 3989 1701 4030 unum
1734 3972 1805 4027 de

161 4065 534 4139 principibus
566 4065 712 4132 suis,
746 4081 876 4121 cum
900 4064 1207 4122 immensis
1234 4063 1595 4136 sumptibus,
1617 4067 1673 4118 et
1696 4062 1805 4117 mi-

162 4156 299 4212 litia
324 4171 562 4211 suorum
594 4172 710 4211 non
744 4154 990 4218 modica,
1025 4155 1093 4209 ad
1130 4152 1435 4224 proedictas
1494 4156 1685 4222 partes
1717 4149 1806 4205 di·

166 4249 417 4310 rexerat,
444 4245 690 4300 ossereus
721 4243 1028 4300 comitissae
1060 4241 1376 4313 liberisque
1405 4241 1533 4312 ejus
1583 4255 1810 4295 annuos

166 4338 339 4392 certae
369 4334 713 4407 quantitatis
733 4334 970 4400 reditus,
1003 4333 1102 4405 qui
1134 4331 1222 4389 eis
1252 4330 1325 4386 ad
1356 4330 1667 4387 honestum
1690 4328 1809 4384 sui-

168 4424 343 4482 fieere
372 4427 609 4495 possent
634 4423 853 4478 victum
883 4420 944 4477 in
985 4430 1351 4493 perpetuum,
1382 4420 1441 4475 in
1473 4432 1812 4489 recompen-

1910 3264 2014 3332 lat,
2048 3265 2188 3334 Bile,
2219 3265 2611 3332 Samosatam,
2643 3269 2701 3319 et
2732 3263 3102 3321 fortassealia
3120 3263 3406 3336 quaedam.
3430 3263 3561 3330 Qui-

1910 3356 2019 3412 bus
2051 3354 2326 3412 omnibus
2361 3357 2689 3411 Graecorum
2747 3352 3014 3424 potestati
3075 3353 3402 3424 resignatis,
3436 3351 3559 3422 ipse

1912 3461 2045 3499 cum
2079 3444 2354 3499 universo
2403 3442 2596 3514 egredi
2656 3440 2978 3497 volentium
3038 3440 3270 3513 populo,
3303 3456 3439 3498 cum
3463 3441 3559 3512 ju·

1914 3533 2128 3588 mentis
2158 3535 2215 3587 et
2244 3530 2492 3587 sarcinis
2516 3546 2737 3599 eorum,
2772 3546 2899 3601 quae
2947 3533 3112 3585 erant
3161 3529 3356 3584 multas
3381 3527 3558 3585 nimis

1910 3622 2071 3692 (nam
2105 3621 2511 3693 unusquisque
2541 3635 2671 3675 cum
2706 3619 2864 3674 omni
2913 3619 3083 3674 domo
3114 3623 3171 3673 et
3229 3617 3468 3684 familia,
3499 3623 3556 3673 et

1914 3710 2273 3783 supellectile
2334 3710 2600 3765 universa
2656 3707 2812 3762 exire
2870 3707 3265 3779 proposuerat)
3323 3705 3395 3761 ad
3443 3704 3555 3761 lter

1912 3798 2275 3870 accingitur;
2307 3801 2365 3853 et
2394 3793 3057 3866 cumomnihujusmodi
3084 3791 3333 3848 imbellis
3357 3789 3555 3864 populi

1916 3887 2310 3954 multitudine,
2337 3889 2391 3943 et
2423 3885 2974 3956 impedimentorum
3007 3880 3326 3954 quantitate
3347 3895 3555 3938 nume-

1915 3993 2048 4034 rosa
2076 3977 2271 4049 egredi
2304 3979 2577 4044 maturat,
2618 3973 2864 4030 educere
2891 3972 3090 4029 volens
3119 3987 3217 4027 eos
3247 3969 3372 4026 sine
3403 3970 3560 4042 peri-

1916 4066 2065 4123 culo.

2521 4167 2747 4226 CAPUT
2785 4167 2955 4226 xvn.

1913 4278 2226 4338 Not-adiuuit
2254 4279 2373 4346 reat
2400 4275 2648 4333 occurrit
2672 4295 2696 4344 ;
2723 4278 2934 4332 exilum
2964 4275 3231 4345 impedire
3274 4281 3562 4346 procurat.

1989 4353 2120 4417 Rex,
2154 4351 2278 4406 licet
2306 4364 2426 4404 cum
2447 4347 2794 4418 difficultate,
2855 4347 3206 4403 Antiochiam
3253 4346 3416 4404 redit.
3447 4351 3564 4404 No-

1986 4424 2240 4491 rodinus,
2255 4422 2440 4494 ejectis
2472 4419 2690 4489 Graecis,
2723 4421 3044 4475 universam
3097 4426 3327 4492 occupat
3381 4415 3568 4490 reqio—

169 4513 462 4569 sationem
493 4512 724 4568 traditae
754 4511 868 4567 sihi
917 4510 1187 4582 regionis,
1256 4508 1307 4565 si
1368 4508 1637 4579 praesidia
1684 4521 1808 4579 quae
1840 4524 1889 4590 D
1992 4511 2138 4551 nem·

170 4602 363 4660 adhuc
384 4618 559 4673 penes
589 4618 651 4658 se
681 4600 992 4666 retinebat,
1022 4601 1148 4671 ejus
1177 4597 1425 4670 imperio
1455 4596 1628 4654 vellet
1673 4611 1812 4651 con-

1992 4597 2248 4654 Audiens
2277 4597 2472 4668 itaque
2502 4595 2836 4651 Noradinus
2866 4595 3015 4666 quod
3069 4607 3166 4648 rex
3207 4593 3278 4648 ad
3310 4591 3566 4647 educen-

167 4692 392 4749 cedere.
414 4691 749 4762 Spondebat
764 4690 922 4746 enim
944 4689 1319 4756 confidenter,
1340 4687 1399 4743 in
1418 4685 1813 4741 immensitate
1923 4689 2067 4745 dum
2099 4686 2380 4761 populum
2404 4686 2710 4757 ingressus
2741 4684 2927 4740 fuerat
2945 4686 3002 4737 et
3031 4681 3189 4752 quod
3218 4680 3288 4736 dc
3319 4694 3560 4736 conser-

169 4781 505 4837 divitiarum
555 4796 797 4836 suarum
846 4794 1005 4850 spem
1054 4778 1294 4844 habens,
1354 4776 1508 4850 quod
1539 4783 1593 4831 et
1624 4775 1722 4830 illa
1777 4789 1810 4828 a

1920 4780 2110 4837 vanda
2138 4777 2370 4848 regione
2400 4777 2641 4832 omnino
2700 4775 3099 4842 desperantes,
3157 4769 3372 4826 Graecis
3420 4769 3562 4827 viris

170 4872 495 4927 Turcorum
526 4868 964 4926 incursionibus
1021 4871 1388 4922 conservaret
1448 4865 1691 4932 illibata,
1759 4871 1813 4920 et
1920 4865 2270 4924 effeminatis
2299 4869 2356 4921 et
2385 4862 2682 4929 mollibus,
2730 4861 2946 4935 oppida
3003 4860 3456 4931 resignaverant,
3488 4859 3562 4916 de

175 4959 296 5016 alia
316 4976 441 5032 que
470 4961 814 5029 amiserant,
848 4957 1015 5013 facile
1047 4971 1154 5012 suo
1186 4955 1515 5012 restitueret
1542 4954 1812 5027 imperio,
1923 4959 2118 5013 nostra
2142 4952 2468 5024 formidine,
2494 4952 2683 5009 factus
2734 4948 3073 5016 animosior,
3121 4953 3466 5020 congregata
3501 4963 3571 5005 ex

172 5051 222 5107 si
254 5050 303 5107 ei
336 5049 632 5122 provincia
654 5048 1066 5120 resignaretur.
1086 5044 1471 5101 Advenientes
1492 5044 1671 5117 igitur
1685 5059 1817 5116 rege
1926 5043 2214 5101 universis
2242 5040 2646 5113 adjacentibus
2667 5038 3007 5110 regionibus
3054 5036 3286 5104 militia,
3342 5039 3412 5094 ad
3447 5053 3576 5094 eas·

173 5140 571 5205 Antiochiam,
602 5154 780 5194 causa
805 5136 1040 5208 cognita
1095 5136 1377 5190 adventus
1426 5132 1815 5204 imperialium
1926 5137 2056 5191 dem
2081 5138 2274 5206 partes
2305 5129 2552 5187 festinus
2594 5128 2918 5194 descendit,
2976 5127 3176 5184 volens
3217 5127 3336 5198 regi
3390 5130 3448 5182 et
3473 5141 3572 5199 po-

177 5229 543 5295 nuntiorum,
578 5227 715 5299 ipsis
747 5226 919 5281 etiam
952 5225 1273 5295 injunctam
1315 5222 1426 5277 sibi
1469 5220 1816 5292 legationem
1929 5223 2064 5295 pulo
2094 5221 2165 5277 de
2193 5218 2415 5275 viribus
2445 5218 2570 5272 suis
2601 5216 2894 5272 diffidenti
2927 5220 2984 5271 et
3013 5215 3260 5270 sarcinis
3293 5211 3571 5285 multipll-

174 5319 601 5391 aperientibus,
632 5317 783 5372 lacta
812 5314 1065 5370 estinter
1082 5312 1373 5385 principes
1396 5310 1821 5383 regionisillius
1929 5313 2094 5367 cibus
2126 5308 2402 5381 impedito
2433 5320 2768 5362 occurrere:
2802 5305 2874 5359 ad
2925 5304 3152 5361 lucrum
3210 5303 3322 5361 sibi
3359 5311 3570 5377 putans

176 5408 507 5476 dissensio;
555 5407 687 5462 aliis
745 5405 1079 5462 dicentibus
1112 5420 1231 5460 rem
1286 5403 1547 5457 nondum
1594 5400 1655 5457 in
1683 5417 1818 5457 eum
1932 5401 2156 5462 cedere,
2188 5397 2406 5455 sitales
2454 5395 2564 5451 sibi
2622 5393 2846 5451 obviarn
2896 5392 3112 5449 babere
3161 5395 3383 5466 posset.
3443 5393 3578 5450 Fac·

174 5497 543 5556 necessitatis
571 5496 886 5553 articulum
916 5487 1311 5563 descendisse,
1343 5495 1407 5546 ut
1435 5489 1494 5546 id
1516 5489 1635 5548 fieri
1650 5507 1823 5564 opor-
1934 5497 2175 5560 tumque
2203 5491 2314 5557 est,
2345 5487 2501 5558 quod
2532 5485 2627 5540 vix
2655 5484 2726 5541 ad
2759 5483 2962 5539 urbem
3019 5482 3339 5556 Tulupam,
3379 5497 3512 5556 qum
3538 5498 3574 5539 a

173 5591 299 5648 teat
328 5604 347 5656 ;
384 5585 517 5645 aliis
569 5589 813 5645 econtra
854 5583 1263 5642 ”senatibus
1319 5581 1715 5640 necessarium
1760 5581 1820 5640 id
1931 5576 2245 5637 Turbessel
2269 5574 2368 5632 vix
2396 5574 2658 5648 quinque
2689 5574 2792 5630 aut
2815 5585 2918 5630 sex
2940 5571 3190 5630 distabat
3209 5569 3558 5630 milliaribus
