3784 6000
299 198 443 262 ..328

1398 188 1832 253 GUlLLELMI
1873 185 2254 250 'l'YRENSIS
2296 188 2659 252 Anulum).

3609 191 3732 255 324
3766 213 3771 218 ·

325 332 630 410 preteritis
651 329 932 405 condigne
962 325 1408 397 satisfacientes,
1431 331 1487 382 et
1508 324 1723 382 similia
1755 323 1809 379 in
1822 340 1961 396 pus-
1988 326 2044 395 Α
2076 324 2429 393 nationibus,
2463 324 2684 398 lingua,
2709 326 2967 383 moribus
2985 330 3044 383 et
3066 326 3262 384 babitu
3288 327 3522 399 penitus
3550 291 3721 387 erant

328 432 520 482 terum
549 417 1426 496 precaventes,indignationem
1455 415 1677 472 Doiiiini
1701 417 1811 470 sibi
1840 432 1972 485 pns-

325 522 461 574 sent
485 515 721 570 reddere
747 508 1111 583 placabilem.
1147 507 1382 563 Factum
1407 513 1492 561 est
1510 507 1689 577 igitur
1707 507 1776 559 de
1800 521 1971 559 man-

323 606 459 661 dato
486 614 541 660 et
582 601 925 658 auctoritate
956 598 1173 654 doinini
1214 596 1515 653 Podiensis
1543 596 1818 666 episcopi,
1866 593 1969 666 qui

319 692 609 764 legatione
634 692 791 747 sedis
829 688 1162 760 apostolica
1208 689 1576 758 fungebatur,
1629 690 1689 740 et
1716 683 1967 739 aliorum

320 779 437 841 Deo
459 779 802 838 amabilium
829 776 1193 848 pontificum,
1214 774 1714 832 consentientibus
1734 781 1790 828 et
1811 772 1967 843 idip-

320 886 450 929 sum
475 870 600 927 fieri
622 884 995 940 summopore
1018 866 1449 938 postulantibus
1473 862 1828 937 principibus
1859 859 1968 916 lai·

320 960 407 1018 eis
436 965 494 1017 et
522 961 795 1016 universo
825 956 1076 1014 exercitu
1104 971 1120 1012 ε
1178 951 1465 1010 indictum
1496 958 1589 1009 est
1623 953 1964 1009 triduanum

313 1048 639 1121 jeJunium,
672 1053 737 1105 ut
766 1046 1002 1103 afflictis
1031 1042 1390 1117 corporibus,
1416 1042 1625 1099 animas
1655 1041 1727 1097 ad
1760 1041 1966 1096 uratio-

317 1155 448 1196 nem
483 1145 722 1212 possent
750 1153 1102 1210 consurgere
1146 1137 1431 1192 fortiores.
1480 1136 1605 1200 Quo
1634 1148 1766 1188 cum
1799 1131 1963 1189 omni

316 1227 620 1286 devotione
675 1228 928 1299 expleto,
987 1227 1309 1281 decernunt
1369 1224 1603 1295 pariter,
1660 1223 1854 1277 fatuas
1892 1235 1962 1276 ac

312 1315 464 1375 leves
499 1316 871 1374 mulierculas
909 1314 981 1370 ab
1006 1315 1254 1370 exercitu
1301 1323 1688 1385 sequestrare,
1726 1311 1962 1366 adulte·

315 1409 404 1464 ria
425 1414 484 1464 et
504 1424 676 1464 omne
698 1404 1099 1463 fornicationis
1121 1418 1303 1478 genus
1321 1404 1431 1458 sub
1457 1418 1623 1473 poena
1647 1402 1850 1457 mortis
1867 1401 1957 1455 in·

313 1496 605 1567 bibentes,
634 1496 1087 1555 comessationes
1111 1507 1162 1549 et
1193 1494 1530 1560 ebrietates,
1573 1497 1631 1547 et
1671 1490 1957 1563 periculo·

313 1603 445 1646 eum
469 1586 724 1643 alearum
749 1584 1595 1650 luduni‚iiicautajuramenta,
1620 1582 1678 1635 in
1703 1582 1957 1652 pondere

2079 413 2491 475 indifferentes.
2538 418 2771 473 interim
2832 418 3015 473 donec
3066 419 3296 491 plenius
3349 419 3722 483 deliberetur.

2078 504 2214 574 quid
2248 516 2443 560 contra
2466 506 2595 560 illos
2626 510 3000 561 statuendum
3027 511 3121 571 sit,
3154 509 3726 579 optiiiiumjuiticaiit

2077 593 2322 651 consilia
2346 612 2449 651 sua
2472 599 2905 652 communicare
2947 598 3337 667 paucioiibus,
3364 615 3433 653 ne
3471 615 3572 669 per
3592 600 3720 670 plu·

2077 684 2395 739 resdiffusa
2427 701 2610 757 usque
2627 685 2798 741 etiaiii
2836 687 2908 741 ad
2951 687 3083 742 illos
3125 687 3509 759 pervenirent,
3532 690 3630 758 qui
3662 690 3720 745 in

2075 769 2365 829 Ioesionem
2416 772 2762 830 Christiana
2812 775 3020 845 plebis,
3077 791 3143 830 ea
3198 782 3393 832 essent
3450 777 3721 834 hostibus

2075 861 2459 934 propalaturi.
2491 862 2754 935 Cumque
2782 862 2924 919 nibil
2958 864 3115 921 aliud
3147 870 3352 921 contra
3379 866 3581 923 talium
3616 867 3721 926 im·

2073 949 2424 1021 probitatem
2453 953 2781 1023 excogitare
2827 957 3066 1028 possent
3114 954 3390 1025 amplius,
3438 957 3717 1016 dominus

2075 1038 2475 1107 Boamundus,
2526 1042 2701 1099 sicuti
2759 1043 3110 1116 perspicacis
3163 1048 3289 1100 erat
3354 1044 3600 1120 ingenii.
3656 1052 3716 1106 et

2071 1133 2284 1187 mentis
2316 1132 2586 1188 acumine
2631 1131 2902 1202 pollebat,
2955 1135 3139 1190 fertur
3179 1134 3396 1190 dixisse
3447 1136 3715 1210 principi-

2071 1222 2214 1278 bus:
2246 1222 2459 1277 Fratres
2485 1228 2542 1277 et
2570 1220 2805 1287 domini,
2836 1237 3049 1278 omnem
3087 1224 3257 1280 istum
3289 1224 3714 1283 s·›llicitudinem

2064 1312 2326 1383 projicite
2352 1326 2517 1380 super
2534 1329 2650 1366 nos.
2677 1316 2820 1369 Nam
2849 1329 2968 1379 nos,
3017 1328 3234 1369 auctore
3281 1313 3526 1385 Domino,
3584 1332 3711 1372 con-

2065 1401 2287 1456 veniens
2319 1400 2448 1457 liuic
2478 1403 2666 1457 morbo
2712 1404 3052 1458 inveniemus
3098 1405 3417 1461 remedium.
3460 1407 3553 1460 Sic
3612 1408 3714 1464 ita·

2068 1505 2177 1560 que
2206 1491 2396 1545 soluto
2428 1491 2752 1561 principum
2807 1491 3171 1556 consistorio,
3229 1495 3481 1566 quisque
3510 1492 3584 1551 ad
3613 1511 3711 1551 ca-

2066 1584 2185 1634 stra
2213 1596 2323 1635 sua
2353 1596 2615 1636 reversus
2653 1587 2760 1638 est.
2816 1582 3187 1638 Boamundus
3243 1598 3378 1639 vero
3436 1585 3707 1655 promissi

312 1682 373 1735 et
404 1691 682 1734 mensura
715 1674 995 1740 trandeni,
1025 1678 1084 1728 et
1112 1687 1343 1728 ornnem
1375 1670 1954 1740 circumventionem,
1988 1715 2030 1779 B
2068 1683 2313 1739 memor,
2343 1670 2497 1726 circa
2521 1673 2768 1742 primum
2804 1672 2986 1726 nocuis
3005 1673 3584 1744 crepusculum,cum
3608 1674 3707 1730 abi

313 1769 531 1824 furtum
565 1774 623 1823 et
648 1768 910 1837 rapinam
942 1764 1375 1818 interdicentes.
1427 1760 1650 1826 Quibus
1679 1759 1950 1826 decretis,

306 1863 366 1913 et
397 1860 801 1913 universorum
854 1853 1237 1910 corroboratis
1282 1851 1667 1911 conniventia,
1726 1848 1950 1919 iudices

306 1947 481 2003 eliam
516 1961 689 2015 super
715 1944 922 1999 borum
954 1943 1219 1998 omnium
1252 1940 1578 2009 cognitione
1606 1946 1794 1994 certos
1814 1954 1952 1993 con·

303 2038 575 2097 stituunt,
598 2033 893 2105 quibuset
913 2029 1303 2101 cognoscendi
1343 2034 1402 2083 et
1431 2026 1949 2083 animadversionis

303 2123 535 2200 plenam
558 2126 866 2181 conterunt
886 2124 1309 2177 auctoritatem.
1350 2118 1566 2174 Inventi
1588 2128 1729 2175 sunt
1752 2125 1947 2177 tamen

300 2224 502 2289 postea
527 2217 762 2285 quidam
781 2214 980 2269 barum
997 2211 1364 2268 sanctionum
1390 2209 1950 2282 violatores,qiiibus

301 2320 407 2379 per
431 2304 998 2376 praedictosjudices,
1022 2300 1313 2356 accusatis
1332 2305 1391 2354 et
1419 2300 1700 2355 convictis
1728 2299 1950 2355 solem-

300 2395 473 2462 niter,
498 2395 669 2465 juxta
727 2391 924 2464 legum
982 2391 1348 2447 severitatem
1406 2404 1572 2459 poena
1631 2405 1733 2461 pro
1774 2390 1947 2445 modo

297 2481 485 2553 culpas
506 2480 752 2551 inflicta,
786 2479 931 2536 alios
960 2498 995 2535 a
1024 2478 1319 2535 similibus
1350 2479 1757 2534 deterruerunt
1784 2493 1945 2534 com·

295 2571 517 2629 missis.
552 2572 910 2643 Factumque
939 2577 1029 2626 est
1058 2587 1157 2641 per
1190 2570 1415 2624 Domini
1463 2569 1946 2639 superabundan-

298 2667 417 2722 tem
437 2665 709 2737 gratiam,
734 2668 817 2725 itt,
838 2660 1051 2734 populo
1072 2661 1141 2715 ad
1174 2661 1397 2731 frugem
1424 2658 1682 2713 melioris
1712 2659 1845 2715 vitae
1866 2676 1948 2715 re·

295 2761 523 2820 vocat0,
568 2768 638 2808 ex
686 2759 848 2825 parte
912 2752 1240 2823 quiesceret
1287 2750 1374 2803 ira
1430 2747 1656 2803 Domini
1716 2747 1943 2807 saevior.

291 2843 499 2899 Statim
530 2842 688 2898 enim
711 2840 964 2896 dominis
985 2836 1356 2904 Godel'ridus,
1388 2838 1485 2909 qui
1515 2839 1696 2894 totius
1723 2837 1940 2894 exerci-

295 2937 389 2989 tus
405 2931 574 3006 quasi
591 2928 909 3003 singularis
930 2934 1055 2985 erat
1073 2927 1369 2996 columna,
1410 2924 1482 2983 de
1504 2928 1694 2983 valida
1717 2928 1941 2999 aegrita·

2068 1775 2170 1831 per
2197 1768 2389 1814 castra
2435 1777 2535 1832 pro
2570 1775 2751 1817 coenoe
2806 1768 3085 1833 apparatu
3123 1778 3282 1817 more
3311 1763 3483 1820 solito
3511 1769 3707 1821 essent

2060 1847 2319 1913 solliciti,
2351 1850 2516 1903 educi
2551 1850 3042 1922 praecipii‘rurcos
3062 1852 3301 1924 aliquot,
3335 1868 3484 1923 quos
3521 1854 3707 1911 babe-

2062 1936 2163 1991 bat
2191 1938 2248 1991 in
2273 1938 2540 2005 vinculis,
2564 1946 2622 1995 et
2645 1940 2879 1996 tradens
2900 1956 2999 1997 eos
3034 1941 3702 2015 carniticibus,jugulari

2061 2028 2295 2082 mandat
2324 2047 2340 2095 ;
2368 2034 2424 2083 et
2451 2032 2581 2100 igne
2629 2029 2862 2099 copioso
2891 2034 3210 2103 suppositi»,
3242 2037 3408 2105 quasi
3450 2038 3520 2087 ad
3553 2050 3702 2107 opus

2059 2132 2252 2184 coenas,
2275 2118 2585 2189 diligenter
2604 2124 2786 2174 assari
2822 2122 3096 2192 prii-cipit,
3130 2128 3188 2177 et
3219 2124 3535 2178 studiosius
3560 2140 3699 2193 prte-

2062 2207 2273 2277 parari,
2298 2208 2631 2277 praecipit-ns
2659 2210 2803 2277 suis,
2833 2210 2984 2282 quod
3018 2210 3064 2265 si
3097 2211 3170 2265 ab
3199 2209 3491 2280 aliquibus
3523 2212 3698 2269 inter·

2059 2296 2240 2361 rou-ii
2271 2304 2488 2360 essent,
2523 2298 2798 2368 quidnam
2833 2305 2939 2354 sibi
2976 2300 3110 2356 talis
3141 2316 3305 2355 roena
3333 2300 3546 2357 veltet?
3580 2317 3700 2358 res·

2057 2386 2379 2457 ponderent
2403 2402 2419 2442 ι
2450 2385 2601 2457 Quod
2628 2389 2773 2443 inter
2787 2388 3068 2459 principes
3097 2393 3436 2457 convenerat,
3459 2396 3516 2445 ut
3538 2397 3701 2465 quot·

2056 2481 2184 2545 quot
2214 2474 2467 2546 deinceps
2495 2477 2562 2533 de
2600 2476 2860 2547 hostibus,
2900 2492 2997 2534 out
3027 2495 3218 2535 eorum
3249 2482 3700 2553 exploratoribus

2055 2573 2409 2635 caperentur,
2441 2583 2625 2624 omnes
2668 2569 2923 2640 prandiis
2967 2580 3020 2626 et
3071 2572 3388 2643 principum
3425 2578 3480 2627 et
3507 2571 3700 2645 populi

2055 2668 2129 2710 ιε
2155 2656 2350 2723 seipsis
2377 2671 2546 2726 escas,
2570 2657 2660 2713 oia
2684 2659 2860 2714 simili
2884 2667 3212 2732 cogerentur
3227 2662 3552 2731 persolvere.
3583 2664 3699 2718 Au·

2054 2744 2281 2801 dientes
2314 2747 2512 2818 igitur,
2546 2748 2648 2819 qui
2687 2747 2746 2804 in
2779 2749 3144 2821 expeditione
3164 2758 3348 2819 erant,
3377 2754 3526 2821 quod
3558 2752 3698 2808 talia

2053 2831 2113 2889 in
2144 2836 2355 2890 castris
2386 2835 2606 2891 domini
2641 2835 2964 2893 Boamuiidi
2995 2845 3402 2909 tractarentur,
3431 2840 3566 2896 facti
3591 2842 3695 2896 ad·

2054 2921 2334 2978 mirantes
2368 2926 2682 2982 novitatem
2716 2926 2853 2982 illuc
2884 2936 3241 2984 concurrunt
3273 2929 3546 2986 universi.
3569 2933 3696 2994 Quo

295 3023 454 3090 dine,
476 3036 590 3092 qna
616 3022 714 3077 diu
743 3019 1081 3076 molestatus
1105 3021 1311 3082 fuerat,
1346 3018 1650 3074 occasione
1679 3017 1938 3073 vulneris
2049 3010 2219 3076 sact0,
2253 3014 2352 3085 qui
2387 3015 2444 3070 in
2476 3018 2724 3072 exercitu
2759 3023 2924 3073 erant
2970 3019 3360 3089 exploratores
3405 3021 3692 3090 deterritI,

290 3116 445 3187 quod
477 3114 530 3170 ei
562 3114 711 3184 apud
745 3110 1112 3167 Antiochiam
1158 3108 1385 3164 Pisidiie
1430 3125 1599 3164 ursus
1642 3108 1932 3177 intulerat,
1964 3095 2016 3161 G
2044 3109 2226 3158 totum
2246 3118 2406 3158 essse
2424 3105 2640 3160 setium
2664 3111 2722 3161 et
2740 3106 2869 3162 sine
2889 3107 3287 3177 simulatione,
3309 3110 3459 3181 quod
3483 3110 3697 3166 decre-

291 3202 459 3274 plene
514 3204 687 3272 coepit
734 3200 1183 3255 convalescere:
1232 3200 1384 3253 unde
1433 3203 1590 3253 totus
1647 3199 1938 3255 exercitus

292 3291 610 3367 plurimam
640 3308 759 3347 sun
790 3288 1123 3347 afflictionis
1148 3288 1356 3359 recepit
1378 3288 1861 3345 consolationem.

866 3397 1104 3454 CAPUT
1141 3395 1349 3452 xx111.

293 3488 718 3564 Exploratorum
748 3489 845 3562 qui
869 3486 1025 3543 missi
1050 3495 1211 3542 nont
1238 3486 1313 3542 ob
1343 3485 1582 3542 hostibus
1610 3486 1935 3557 importuni·

360 3575 465 3633 tos,
488 3579 587 3632 per
611 3563 884 3633 quoddam
907 3558 1121 3617 domini
1147 3559 1463 3616 Boamundi
1492 3562 1705 3628 [actum
1732 3573 1935 3616 memo-

360 3635 503 3692 riale
529 3633 910 3706 compescitur.

355 3739 578 3798 Rumor
608 3742 849 3806 interea,
880 3743 938 3794 et
968 3738 1122 3793 l'ama
1152 3735 1400 3793 celebris
1432 3735 1554 3808 jam
1588 3735 1928 3794 universum

280 3832 601 3903 repleverat
628 3830 942 3897 Orientem,
966 3829 1067 3883 sed
1089 3842 1193 3883 nec
1232 3827 1407 3883 etiam
1447 3827 1629 3882 austri
1667 3842 1840 3898 regna
1871 3830 1931 3882 et

279 3927 507 3979 exteras
537 3921 801 3976 nationes
830 3919 1078 3975 intactas
1133 3916 1470 3989 reliquerat,
1513 3920 1706 3972 tantas
1752 3914 1930 3972 Chri-

280 4012 615 4069 stianorum
650 4010 952 4067 advenisse
982 4009 1203 4081 copias,
1227 4015 1284 4064 et
1313 4007 1514 4064 urbem
1549 4007 1605 4064 in
1633 4023 1806 4063 manu
1832 4023 1928 4062 va·

281 4098 404 4157 lida
432 4101 739 4157 obsedisse
768 4098 1213 4155 Antiochenam.
1246 4095 1411 4154 Unde
1442 4113 1643 4168 regum
1677 4096 1928 4169 quisque

278 4205 384 4261 pro
427 4205 537 4244 suo
566 4193 723 4244 statu
769 4187 1078 4254 sollicitus,
1109 4185 1501 4255 exploratores
1536 4186 1606 4240 ad
1661 4192 1924 4240 nostrum

278 4275 610 4346 dirigebant
639 4276 979 4338 exercitum,
1012 4281 1075 4329 ut
1134 4291 1233 4344 per
1273 4289 1373 4330 eos
1431 4276 1501 4329 de
1551 4275 1812 4330 moribus
1866 4277 1925 4330 et

2044 3196 2169 3246 tuin
2209 3192 2534 3261 dicebatur,
2582 3195 2960 3261 arbitrantes,
3012 3212 3080 3251 ex
3109 3213 3176 3252 eo
3207 3206 3356 3268 quod
3391 3198 3686 3256 acciderat

2042 3280 2278 3337 evidens
2303 3283 2609 3339 trabebant
2629 3294 3042 3356 argumentum
3070 3287 3501 3359 :timentesque
3524 3305 3596 3345 ne
3615 3290 3692 3345 si·

2043 3368 2179 3427 mile
2201 3373 2340 3443 quid
2360 3373 2445 3428 eis
2466 3373 2854 3445 contingeret,
2872 3391 2905 3430 a
2926 3377 3130 3431 castris
3153 3378 3393 3446 egressi,
3419 3379 3688 3434 redibant

2040 3461 2112 3519 ad
2146 3461 2397 3535 propria,
2423 3463 2515 3520 bis
2536 3465 2637 3536 qui
2661 3480 2761 3521 eos
2783 3466 3067 3522 miserant
3091 3467 3351 3525 dicentes
3376 3484 3390 3523 :
3413 3467 3688 3540 Quoniam

2036 3553 2271 3626 populus
2303 3551 2412 3620 liic,
2443 3554 2820 3626 quarumlibet
2863 3557 3173 3624 notionum,
3227 3558 3318 3613 sed
3353 3566 3404 3614 et
3433 3559 3687 3628 ferorum

2037 3647 2325 3713 exsuperat
2353 3645 2620 3700 soevitiom
2643 3661 2664 3702 .·
2703 3647 2793 3700 cui
2818 3662 2931 3700 non
2956 3648 3202 3716 sufficio!
3235 3649 3415 3711 urbes,
3437 3650 3684 3714 castella,

2036 3739 2089 3788 et
2117 3731 2486 3787 omnimodum
2518 3733 2750 3790 hostium
2779 3734 3027 3804 diripere
3052 3734 3455 3803 substantium,-
3497 3742 3556 3791 σε
3596 3751 3686 3793 eos

2039 3821 2278 3877 vinculis
2305 3823 2646 3893 mancipare,
2669 3827 2765 3879 out
2789 3839 2940 3880 more
2963 3823 3205 3880 hominm
3236 3836 3484 3899 ivoque-re
3501 3827 3681 3884 incle-

2034 3911 2297 3977 mentius,
2329 3918 2426 3966 oue
2457 3912 2651 3968 saltem
2689 3914 2954 3983 occisore,
2986 3914 3101 3970 nisi
3152 3916 3321 3972 etium
3341 3920 3392 3972 et
3419 3915 3684 3972 decerni·

2037 3999 2134 4057 bus
2156 4017 2350 4058 eorum
2381 4008 2626 4058 ventrem
2667 4020 2827 4060 suum
2875 4005 3139 4077 impleant
3164 4011 3216 4062 et
3237 4007 3397 4078 odipe
3420 4011 3682 4079 savinen-

2039 4097 2136 4148 tur
2173 4091 2545 4152 inimicorum.
2596 4094 2745 4152 Exiit
2791 4113 2927 4168 ergo
2974 4113 3166 4153 sermo
3214 4098 3327 4155 iste
3370 4099 3439 4153 ad
3484 4104 3676 4171 partes

2031 4180 2285 4241 Orientis
2317 4184 2777 4254 remotissinias3
2808 4191 2867 4241 et
2897 4203 3010 4243 non
3034 4187 3222 4243 solum
3255 4187 3556 4254 finitimas,
3580 4203 3677 4244 ve-

2033 4287 2163 4326 rum
2197 4271 2369 4346 longe
2403 4274 2624 4345 positas
2651 4277 2933 4333 exterruit
2962 4275 3245 4334 nationes.
3276 4276 3489 4334 Civitas
3526 4293 3673 4350 quo·

273 4365 490 4421 virtute
518 4369 576 4420 et
606 4362 902 4436 proposito
926 4369 1099 4418 tantae
1132 4362 1520 4418 multitudinis
1542 4363 1924 4419 redderentur
2028 4377 2140 4435 que
2171 4368 2292 4419 tota
2331 4367 2708 4434 contremuit,
2756 4367 2914 4424 verbi
2965 4369 3214 4424 novitate
3258 4377 3312 4424 et
3359 4368 3672 4425 acerbitate

276 4454 718 4529 prudentiores:
751 4461 989 4523 eratque
1007 4457 1167 4508 tanta
1191 4469 1249 4507 in
1271 4454 1478 4508 castris
1499 4467 1701 4507 eorum
1727 4454 1916 4524 copia,
1950 4436 1994 4502 D
2028 4454 2160 4510 tacti
2199 4458 2534 4514 conterrita.
2565 4456 2774 4527 Sicque
2807 4459 3021 4513 tactum
3071 4464 3160 4513 est
3193 4472 3296 4530 per
3324 4458 3581 4514 studium
3612 4462 3671 4515 et

274 4550 342 4602 ut
365 4561 510 4618 pene
528 4544 782 4617 singulis
803 4543 1029 4609 diebus,
1052 4541 1182 4599 aliis
1206 4542 1576 4607 abeuntibus,
1594 4544 1680 4598 bis
1701 4545 1799 4616 qui
1818 4559 1917 4600 eos

2031 4560 2266 4618 operam
2299 4545 2517 4600 domini
2573 4543 2918 4609 Boamundi‚
2965 4552 3030 4601 ut
3077 4545 3197 4602 baec
3235 4548 3664 4618 exploratorum

272 4637 574 4706 miserant,
632 4638 846 4691 statum
910 4632 1194 4690 exercitus
1254 4633 1600 4703 nuntiaturi,
1657 4639 1916 4691 recentes
2025 4634 2208 4708 pestis
2237 4650 2305 4690 ex
2335 4639 2496 4707 parte
2523 4635 2868 4706 quiesceret,
2910 4635 3223 4708 minusque
3253 4644 3451 4695 nostra
3483 4636 3668 4694 bosti-

268 4725 490 4782 eisdem
522 4724 957 4781 conditionibus
988 4721 1342 4779 advenirent.
1388 4721 1503 4780 Nec
1527 4729 1650 4779 erat
1673 4724 1915 4781 ditflcile
2022 4724 2131 4781 bus
2159 4721 2600 4796 divulgarentur
2627 4723 2890 4780 consilia.

266 4813 606 4888 hujusmodi
666 4814 998 4871 bominibus
1054 4813 1207 4869 inter
1264 4819 1495 4869 nostros
1544 4811 1746 4881 latere,
1776 4829 1911 4870 cum

264 4901 601 4973 linguarum
626 4903 904 4959 babentes
939 4903 1377 4966 commercium,
1401 4901 1498 4957 alii
1533 4901 1782 4973 Grecos,
1812 4904 1912 4959 alii

265 4992 562 5059 surianos,
598 4993 694 5047 alii
754 4993 1059 5049 Armenius
1095 5009 1159 5049 se
1204 5007 1333 5046 esse
1389 4991 1811 5060 confingerent,
1851 4996 1908 5049 et

265 5081 569 5137 verborum
606 5081 907 5146 idiomate,
938 5088 994 5137 et
1030 5080 1315 5144 moribus,
1356 5088 1415 5136 et
1456 5082 1652 5139 babitu
1703 5084 1907 5139 talium

265 5189 547 5245 personas
567 5172 978 5244 exprimerent.
1016 5172 1206 5243 Super
1233 5189 1301 5228 eo
1331 5189 1585 5244 quoqne,
1621 5177 1684 5226 ut
1715 5173 1907 5243 reipu-

265 5263 428 5319 blicae
457 5261 879 5330 consuleretur,
904 5263 1307 5319 convenientes
1338 5265 1409 5318 ad
1444 5264 1715 5331 invicem,
1753 5261 1908 5316 deli-

264 5350 469 5409 berare
523 5357 821 5424 cmperunt
884 5351 1175 5424 principes
1213 5353 1350 5424 quid
1416 5351 1538 5407 sserl
1594 5358 1904 5423 oporteret.

263 5438 656 5515 videntesque
686 5444 835 5515 quod
880 5440 1223 5514 hujusmodi
1252 5441 1644 5516 exploratores
1688 5458 1803 5499 non
1836 5441 1910 5498 ta·

263 5529 373 5590 cile
403 5534 582 5589 erata
612 5530 826 5589 castris
871 5531 1158 5604 expellere
1203 5533 1477 5606 quonlam
1522 5549 1558 5595 a
1611 5531 1907 5608 prodistis

2606 4831 2842 4890 CAPUT
2879 4831 3074 4891 XXIV.

2018 4920 2306 4989 AEayptius
2376 4922 2598 4991 calipha
2661 4935 2883 4978 nuntios
2957 4925 3156 4997 diripit
3228 4922 3305 4979 od
3392 4927 3667 4996 piinripes

2089 4999 2269 5064 loedos
2294 4996 2611 5067 posiulans,
2649 5002 2704 5054 et
2738 5013 2933 5053 eorum
2974 5000 3210 5070 qratiam
3240 4997 3346 5053 sibi
3371 5000 3663 5070 concilior,

2090 5082 2360 5139 querens.

2094 5174 2270 5232 Porro
2299 5173 2604 5249 AEuyptius
2652 5175 2918 5249 calypha,
2968 5177 3116 5234 imer
3170 5189 3404 5237 ceteros
3453 5178 3663 5235 inssde-

2016 5262 2157 5320 lium
2190 5265 2497 5338 principes,
2547 5266 2765 5322 divitiis
2823 5274 2880 5323 et
2931 5268 3136 5324 militia
3194 5269 3661 5341 potentissimus,

2014 5355 2256 5412 nuntios
2285 5372 2426 5412 suos
2457 5359 2526 5411 ad
2562 5366 2786 5413 nostrus
2816 5357 3103 5414 direxerat
3134 5358 3450 5430 principes,
3492 5361 3661 5430 cujus

2014 5444 2320 5517 legationis
2346 5463 2522 5505 eausa
2558 5448 2682 5505 bec
2708 5450 2901 5505 erat.A
2934 5447 3134 5505 multis
3191 5462 3339 5506 retro
3378 5449 3662 5521 tempori-

1996 5532 2125 5621 ,bus
2155 5544 2319 5597 vetus
2345 5533 2546 5597 odium
2574 5541 2855 5612 etgraves
2907 5535 3230 5597 inimicitia
3276 5535 3429 5599 inter
3460 5536 3659 5598 Orien·
