3784 6000
1462 260 1880 327 EPISTOLAE.
3297 276 3377 335 42

132 392 196 450 is
222 391 506 450 uberibus
528 391 809 452 allactari.
830 394 1086 462 Gaudeo,
1107 395 1599 469 inquam,cogno-
1629 396 1681 464 Α
1713 397 1843 465 tim,
1903 396 2057 453 sicut
2095 397 2331 466 dicitur,
2363 399 2603 470 pluviali
2665 402 2732 458 de
2782 403 3057 461 manibus
3086 404 3376 463 offerentis

146 497 326 556 quam
359 482 659 541 obstinato
690 484 1051 542 schismatici
1079 485 1423 542 miserandas
1442 485 1617 543 coeci-
1725 494 1971 559 arrepto.
2023 486 2084 543 iu
2134 486 2410 547 humeros
2441 505 2580 547 suos
2601 495 2762 548 tanta
2783 492 3150 550 festinatione
3177 495 3377 568 conje-

134 569 496 629 claudantur
544 589 762 641 errore,
785 589 1034 645 quorum
1066 574 1269 632 oculos
1298 575 1614 632 circumfu-

132 661 215 718 cis
244 661 400 719 radii
456 679 574 720 non
616 662 931 732 illustrant,
962 665 1061 721 sed
1084 664 1210 738 ipse
1230 664 1419 737 potius
1448 680 1613 722 exce-

134 751 473 808 mauit'estae
521 752 713 825 fulgor
765 753 1046 811 claritatis
1066 754 1333 812 offundit.
1359 755 1391 811 J
1400 754 1610 811 udicati

133 841 520 913 debitamque
542 842 843 900 commissi
864 848 1058 900 reatus
1088 859 1364 915 excepere
1380 849 1613 901 senten-

134 947 295 1004 quos
346 930 622 999 Ecclesia,
683 940 959 1006 tanquam
1003 934 1335 1004 degeneres,
1382 939 1609 991 Satanoe

138 1020 187 1076 it
224 1020 285 1075 in
310 1021 614 1077 interitum
645 1022 836 1078 carnis
876 1025 934 1078 et
968 1040 1006 1079 a
1040 1022 1339 1080 catholica
1385 1023 1608 1094 depulit

133 1127 185 1168 e.
220 1110 427 1184 Neque
452 1115 610 1169 caret
639 1114 1008 1171 exsecutione
1046 1115 1354 1182 sententia,
1387 1115 1485 1171 sed
1520 1115 1609 1171 in·

140 1201 532 1272 mancipatur
559 1202 810 1274 effectui,
843 1219 977 1259 cum
1011 1220 1110 1260 eos
1132 1203 1364 1260 interim
1396 1207 1453 1260 et
1473 1220 1611 1260 con·

133 1289 185 1346 ia
217 1294 496 1361 torqueat
524 1295 583 1347 et
621 1290 932 1348 imminens
962 1291 1216 1364 quotidie
1246 1293 1609 1366 praevalentis

133 1377 207 1435 io
224 1380 566 1452 triumphus
583 1380 1327 1456 affligat.Porro2benignius
1339 1383 1608 1440 Ecclesia

134 1467 407 1540 spientis
463 1469 659 1527 divina
692 1471 942 1542 providit
983 1472 1350 1528 manifestam
1384 1472 1605 1529 faciens

136 1573 215 1614 us
233 1559 575 1629 veritatem,
599 1566 663 1615 ut
694 1574 798 1616 nec
839 1560 1187 1632 simplicitas
1216 1560 1607 1633 ignorantiam

135 1646 414 1718 dignitas
457 1646 758 1718 probabile
787 1648 1077 1720 quidlibet
1104 1649 1292 1707 valeat
1321 1650 1436 1722 (25)
1466 1649 1605 1708 alle-

135 1736 177 1792 ti
204 1736 377 1792 enim
404 1752 505 1793 eos
536 1753 684 1808 quos
704 1737 775 1792 ab
800 1737 1020 1794 unitate
1040 1738 1336 1796 Catholica
1357 1739 1600 1811 profana

135 1825 185 1881 it
208 1824 490 1894 ambitio,
521 1842 805 1883 numerus
847 1827 937 1883 vel
975 1828 1172 1900 opinio
1211 1828 1298 1885 vel
1327 1828 1597 1902 quaslibet

134 1913 235 1971 nis
265 1914 459 1971 forma
491 1915 848 1983 defenderet,
877 1916 1075 1989 aliqua
1098 1916 1364 1973 fortassis
1384 1920 1599 1973 erroris

136 2020 173 2059 a
204 2004 489 2061 contrahi
520 2004 817 2076 potuisset.
839 2004 950 2061 Sed
972 2009 1088 2062 tres
1119 2009 1353 2063 tantum
1385 2007 1456 2062 de
1477 2011 1600 2063 tota

135 2092 317 2149 sitate
369 2093 596 2149 seducti
633 2097 790 2160 sunt,
830 2099 888 2150 et
944 2093 1003 2148 hi
1046 2110 1186 2150 sane
1223 2111 1369 2165 quos
1408 2096 1598 2168 magis

135 2190 285 2240 *tare
336 2183 649 2239 videbatur
687 2183 940 2241 Ecclesia
986 2198 1160 2255 quam
1211 2185 1270 2240 in
1302 2185 1496 2256 aliquo
1526 2185 1601 2241 de

158 2274 467 2330 industria
509 2271 769 2347 gloriari,
802 2273 939 2346 quia
970 2272 1196 2331 scilicet
1225 2289 1323 2331 eos
1349 2291 1455 2332 neo
1474 2275 1602 2331 vir-

142 2361 400 2436 egantia
422 2377 527 2419 nec
550 2363 873 2419 litterarum
896 2361 1103 2434 peritia
1128 2363 1596 2423 commendabat.

137 2452 209 2509 id
242 2451 406 2508 enim
434 2451 488 2507 is
518 2451 619 2525 qui
651 2451 804 2507 inter
838 2466 938 2508 eos
962 2456 1127 2508 aetate
1155 2451 1512 2524 proecedabat
1542 2456 1598 2510 et

138 2541 571 2615 (Tusculanum
605 2541 855 2614 loquor),
880 2540 1080 2598 horam
1101 2542 1314 2614 quietis
1334 2545 1392 2599 et
1420 2559 1596 2616 pran-

137 2636 259 2688 1tus
282 2630 616 2689 ohservare.
641 2630 925 2701 Epicurus
945 2630 1090 2687 alter
1109 2631 1500 2702 reputabatur,
1522 2631 1598 2689 ab

137 2737 211 2778 us
232 2722 506 2778 omnium
530 2719 851 2793 negligens,
876 2719 986 2776 nisi
1009 2720 1256 2792 alicujus
1278 2721 1421 2778 forte
1442 2723 1596 2795 quod

171 2811 406 2884 sperati
476 2812 788 2884 proventus
835 2810 1162 2881 auspicatio
1212 2811 1599 2884 praeveniret?

137 2900 281 2957 tdeo
312 2914 511 2957 verum
534 2903 642 2963 est,
677 2902 742 2955 ut
785 2899 1009 2956 caeteris
1037 2898 1464 2969 laborantibus,
1499 2917 1593 2957 so·

137 2988 595 3054 emature,sicut
623 2987 860 3059 dicitur,
890 2988 964 3045 ab
993 2986 1273 3047 electione
1303 2989 1596 3047 discesso·
1626 3015 1670 3084 c

137 3077 353 3137 oniam
402 3078 545 3135 hora
602 3076 831 3149 prandii
889 3077 1192 3134 videbatur
1247 3078 1488 3147 instare,
1522 3095 1595 3135 ne

193 3167 494 3225 desiderio
541 3183 650 3224 suo
681 3166 1045 3223 fraudaretur
1064 3172 1296 3224 exactor
1323 3171 1380 3223 et
1401 3166 1599 3224 inania

138 3275 205 3315 us
232 3256 594 3331 negligentes
615 3272 826 3313 manus
856 3256 1175 3327 inciperent
1197 3257 1413 3313 viscera
1433 3273 1597 3313 mur-

138 3366 186 3405 s.
205 3348 403 3415 Alius,
420 3346 698 3404 affectatas
716 3345 1068 3403 cancellarius
1080 3347 1360 3404 confusus
1383 3363 1603 3420 oppro-

140 3443 168 3493 t
232 3437 441 3494 alienae
481 3434 836 3507 praelationis
875 3434 1093 3491 honore
1129 3436 1405 3507 dejectus,
1456 3453 1600 3493 con-

139 3544 161 3583 ι
212 3526 289 3583 de
347 3525 575 3582 invidia
612 3523 915 3596 personale
959 3525 1160 3580 odium
1192 3525 1251 3580 in
1282 3524 1598 3582 Ecclesiam

139 3621 276 3673 tere
306 3614 623 3671 temeraria
648 3613 1010 3686 malignitate
1040 3614 1428 3686 praesumpsit.
1461 3619 1600 3671 Ter-

140 3723 236 3777 ro‚
268 3704 470 3762 solius
497 3704 652 3760 inter
680 3702 827 3759 alios
856 3702 1125 3775 periturae
1157 3703 1456 3775 privilegio
1470 3719 1599 3761 car-

139 3795 383 3860 nitans,
435 3791 753 3848 arbitratus
788 3795 878 3848 est
912 3790 1061 3847 nihil
1093 3793 1427 3864 negandum
1461 3809 1601 3849 san-

150 3882 313 3939 nihil
364 3881 551 3938 sacris
600 3881 922 3937 canonibus
951 3881 1326 3937 deferendum
1365 3898 1378 3935 :
1410 3898 1601 3955 neque

139 3976 309 4030 otest
341 3971 598 4026 debitam
622 3971 707 4027 eis
737 3970 1006 4027 exhibere
1047 3971 1427 4028 reverentiam
1459 3987 1603 4043 quos

139 4068 181 4120 t.
206 4063 473 4134 Ideoque
493 4060 749 4118 similem
771 4060 879 4116 sibi
901 4060 1143 4116 Brutum
1166 4060 1377 4117 Brutus
1407 4060 1600 4134 elegit,

140 4159 385 4225 uroque
414 4149 793 4222 sibiinvicem
824 4150 896 4206 de
918 4148 1043 4223 pari
1073 4149 1399 4207 litterarum
1428 4151 1607 4220 impe-

140 4243 511 4315 nponderet.
535 4241 644 4299 Sed
678 4245 735 4298 et
772 4239 1102 4313 apostolicas
1149 4240 1475 4296 severitatis
1502 4256 1603 4298 eos

1722 575 1822 642 cit,
1854 579 1921 632 ut
1950 576 2306 635 hoerentibus
2335 577 2486 637 collo
2535 580 2780 638 fimbriis
2811 582 3202 654 pavimentum
3231 584 3378 643 lam-

1720 662 1882 720 beret
1905 680 2043 736 pars
2088 666 2351 738 superior
2396 667 2745 726 indumenti.
2780 669 2875 727 Sic
2896 670 3142 730 indutus
3171 673 3244 730 ad
3275 690 3374 732 ca·-

1720 752 2012 823 thedram,
2034 755 2200 812 nullo
2222 757 2414 812 adhuc
2429 757 2603 813 etiam
2629 757 3039 830 predictorum
3061 763 3378 821 comitante

1721 843 1999 910 cucurrit,
2030 859 2243 901 nomen
2304 846 2424 916 ipse
2480 846 2592 902 sibi
2646 848 2879 905 victoris
2934 849 3289 924 acclamans,
3316 856 3378 909 et

1720 931 1793 986 ad
1824 932 2269 1006 suffragandum
2302 934 2486 992 sibiet
2506 936 2900 994 decantandas
2920 937 3123 996 laudes
3152 956 3377 1013 propa-

1720 1024 1877 1077 ratos
1908 1020 2019 1093 (27)
2050 1024 2419 1094 impudenter
2448 1024 2780 1083 exhortans.
2833 1027 3041 1084 Mirum
3071 1037 3375 1101 spectacu-

1721 1107 1858 1179 lum,
1892 1124 1998 1166 nec
2026 1112 2331 1168 manifesto
2355 1128 2561 1170 carens
2582 1114 2789 1170 futuras
2808 1116 3068 1172 veritatis
3089 1117 3372 1188 auspicio,

1719 1194 1939 1255 scilicet
1967 1200 2122 1270 quod
2155 1199 2251 1256 hic
2281 1200 2332 1257 ei
2378 1201 2437 1258 in
2482 1202 2714 1258 ruinam
2746 1203 3100 1276 quandoque
3121 1208 3376 1263 vertetur

1720 1301 2022 1355 ascensus,
2051 1287 2204 1344 sicut
2235 1289 2361 1359 ipsa
2391 1294 2757 1363 praesumptae
2787 1291 3113 1365 chlamydis
3141 1292 3375 1351 inversa

1718 1375 2015 1432 conversio
2067 1377 2477 1450 praesignabat.
2525 1379 2751 1436 Interea
2795 1379 3068 1437 reseratis
3120 1381 3372 1440 ecclesia

1719 1463 1965 1525 foribus.
1998 1464 2217 1521 infame
2239 1466 2384 1522 illud
2408 1467 2856 1525 maledictorum
2888 1472 3098 1543 genuis
3119 1472 3370 1545 irrupit:

1717 1552 1827 1609 boc
1855 1554 2010 1611 enim
2042 1556 2405 1627 cognationis
2441 1556 2601 1614 illius
2644 1562 2810 1616 vetus
2840 1575 3132 1632 agnomen
3159 1568 3266 1628 est,
3298 1562 3371 1618 de

1716 1656 1832 1714 qua
1861 1644 1931 1699 ad
1960 1643 2370 1702 effundendam
2405 1646 2868 1704 benedictionem
2910 1649 2968 1705 iu
3000 1665 3204 1707 omnes
3233 1664 3370 1722 gen·

1712 1734 1800 1787 tes
1832 1732 2112 1804 pontifiex
2156 1733 2464 1792 dicebatur
2513 1738 2755 1793 assumi.
2781 1737 3039 1806 Qualiter
3068 1743 3264 1796 autem
3293 1740 3365 1797 de

1711 1820 1897 1892 stirpe
1941 1822 2364 1880 maledictionis
2431 1827 2615 1895 possit
2682 1827 3004 1885 benedictio
3061 1827 3364 1901 propagari

1709 1909 1879 1967 facile
1921 1927 2038 1967 non
2095 1918 2357 1984 apparet,
2409 1917 2731 1986 praesertim
2778 1933 2880 1989 per
2916 1919 3120 1989 istum,
3154 1919 3212 1974 in
3244 1934 3363 1991 quo

1709 2005 1946 2055 vetustae
1976 2000 2404 2058 maledictionis
2422 2003 2802 2075 opprobrium
2820 2006 3027 2061 merita
3058 2009 3362 2063 contractoe

1709 2088 1939 2143 noviter
1974 2089 2386 2146 exsecrationis
2431 2090 2725 2148 attollunt.
2760 2093 3224 2150 Discurrentibus
3251 2093 3362 2167 igi·

1709 2178 1806 2232 tur
1855 2177 2122 2248 armatis,
2144 2179 2319 2250 coepit
2384 2196 2484 2251 per
2529 2180 2834 2238 ecclesiam
2889 2184 3061 2256 quasi
3090 2185 3359 2256 quasdam

1707 2264 2015 2323 theatralis
2058 2281 2232 2323 scena
2271 2267 2519 2339 disponi,
2551 2271 2694 2326 dum
2725 2270 2977 2341 parietes
3005 2272 3195 2343 fulgor
3225 2272 3360 2330 illu-

1710 2359 1924 2412 straret
1979 2371 2275 2412 armorum
2323 2361 2381 2413 et
2431 2357 2643 2415 lasciva
2677 2363 2846 2431 quasi
2866 2360 3361 2434 triumphantium

1709 2445 2047 2501 acclamatio
2080 2445 2405 2503 resultaret.
2438 2452 2655 2506 Horum
2688 2449 2963 2506 manibus
2981 2450 3365 2523 deniqueplu-

1706 2533 1842 2592 viati
1874 2534 2219 2608 composito,
2252 2537 2321 2592 ad
2382 2537 2655 2608 palatium
2689 2554 2876 2611 usque
2905 2542 3225 2612 perductus
3251 2547 3359 2607 est,

1708 2624 2130 2681 comitantibus
2170 2623 2263 2680 his
2297 2625 2614 2698 paucisque
2644 2628 3067 2695 sacerdotibus,
3108 2645 3361 2702 quorum

1707 2713 1941 2770 infamis
1981 2718 2237 2784 quaestus
2283 2720 2374 2770 est
2430 2715 2864 2788 simplicitatem
2922 2718 3362 2791 peregrinorum

1707 2803 1944 2860 eludere
1959 2806 2016 2859 et
2063 2804 2316 2859 assiduis
2358 2803 2541 2860 altare
2564 2805 2716 2862 beati
2747 2806 2896 2862 Petri
2927 2806 3247 2879 sacrilegiis
3275 2808 3364 2864 tu-

1708 2892 1938 2950 l'estare.
1963 2892 2136 2948 Porro
2166 2892 2288 2949 haee
2314 2893 2484 2950 initia
2519 2894 2649 2965 ejus
2688 2911 2803 2952 non
2832 2900 2973 2952 suut
3002 2895 3240 2953 meliore
3259 2913 3362 2968 ga·

1706 2982 1835 3040 visa
1877 2997 2179 3055 processu,
2209 2981 2259 3039 si
2300 2982 2434 3054 quis
2469 2982 2553 3039 vel
2602 2983 2978 3041 emendicata
3022 2985 3359 3043 exsecratio·

1708 3073 1803 3129 nis
1848 3073 2110 3129 ordinem
2127 3071 2213 3127 vel
2229 3071 2585 3144 redemptam
2605 3073 2762 3131 laicas
2791 3073 3033 3146 gratiam
3054 3074 3360 3145 potestatis

1705 3162 1992 3234 exquirat.
2024 3164 2225 3218 Nonne
2270 3160 2427 3217 enim
2478 3161 2767 3235 sacrilegii
2800 3162 3022 3220 facinus
3051 3164 3122 3221 de
3153 3164 3363 3236 maiori

1706 3249 2007 3306 cumulum
2063 3248 2374 3321 iniquitate
2430 3250 2737 3318 contraxit,
2785 3265 2921 3308 cum
2970 3249 3364 3310 Simoniacam

1706 3341 1932 3395 constet
1969 3338 2371 3395 intercessisse
2429 3354 2531 3410 per
2582 3340 2782 3396 omnia
2813 3338 3178 3412 pravitatem,
3209 3340 3368 3398 sicut

1707 3429 1902 3484 refusa
1957 3427 2188 3485 senatui
2235 3427 2568 3500 populoque
2606 3428 2858 3485 Romano
2879 3431 3147 3500 pecunia,
3172 3429 3364 3500 publi·

1706 3517 1910 3588 cisque
1954 3516 2143 3589 palam
2202 3515 2471 3573 aediliciis
2510 3517 2776 3588 impensa
2800 3517 3143 3575 convincit?
3170 3518 3280 3576 Sed
3308 3524 3368 3576 et

1707 3604 1816 3661 hoc
1847 3605 2170 3662 immanius
2200 3607 2313 3671 est,
2329 3606 2486 3678 quod
2511 3605 2873 3678 redemptam
2897 3608 3183 3679 sanguiue
3201 3607 3365 3664 Chri-

1707 3694 1782 3750 sti
1838 3693 2139 3766 prostituit
2189 3693 2546 3760 libertatem,
2579 3702 2868 3767 quatenus
2917 3694 3192 3764 Ecclesia,
3234 3710 3364 3768 quae

1702 3784 1834 3854 jure
1873 3799 1981 3840 suo
2022 3782 2248 3839 cunctis
2278 3799 2510 3855 semper
2531 3787 2621 3840 est
2648 3783 2949 3840 dominata
2976 3782 3362 3855 principibus,

1707 3873 1978 3929 officialis
1999 3875 2089 3929 sui
2144 3874 2575 3944 manciparetur
2603 3870 2886 3944 obsequio
2917 3887 3029 3945 quo
3058 3879 3113 3930 et
3141 3873 3363 3931 incom-

1708 3960 1988 4035 parabilis
2019 3961 2386 4034 privilegium
2418 3961 2743 4033 majestatis
2769 3962 3063 4020 amitteret
3087 3965 3147 4021 et
3160 3963 3231 4019 ad
3257 3965 3362 4021 mi·

1708 4050 2015 4108 serabilem
2049 4054 2269 4106 statum
2301 4049 2657 4108 conditionis
2704 4050 3021 4109 novissime
3045 4052 3358 4113 deveniret.

1709 4135 1777 4193 Et
1805 4153 1911 4194 nos
1939 4137 2175 4209 quidem
2205 4153 2320 4193 uon
2370 4138 2675 4209 potuimus
2706 4138 2825 4195 hoec
2856 4140 3041 4196 oculis
3071 4141 3365 4212 preasenti-

1710 4228 1821 4284 bus
1851 4227 2087 4293 intueri,
2112 4226 2212 4283 sed
2233 4226 2443 4284 veritas
2475 4227 2545 4283 ad
2576 4244 2694 4285 non
2725 4244 2827 4301 per
2847 4245 2946 4287 eos
2977 4231 3079 4303 qui
3099 4230 3364 4288 viderunt

140 4333 257 4388 tina
278 4332 563 4397 terrebat,
584 4345 660 4386 ne
687 4345 888 4386 eorum
919 4328 1270 4400 praecipitem
1303 4328 1602 4386 cohiberet
1630 4343 1677 4410 Ι)
1711 4316 1865 4373 fideli
1915 4314 2195 4372 ΓΘῙᾶῑῖῡῐὶθ
2250 4317 2527 4387 pervenit·
2558 4316 2720 4381 Quod
2774 4325 2965 4375 aulem
3008 4319 3238 4390 publi<²0
3264 4335 3363 4392 8⁸·

140 4419 245 4478 iam
275 4425 336 4478 et
363 4435 544 4492 vagos
585 4417 906 4476 temerariae
963 4416 1299 4490 cupiditatis
1351 4417 1603 4475 frenaret
1710 4409 1865 4463 stum
1898 4414 2003 4473 est,
2037 4404 2355 4462 multorum
2387 4406 2557 4463 nobis
2587 4406 2923 4463 testimonio
2952 4407 3142 4479 potuit
3161 4410 3367 4466 confir-

142 4527 243 4568 us.

164 4614 486 4667 numerus,
518 4598 641 4655 hoec
696 4599 858 4654 tauta
879 4595 1109 4669 peritia,
1143 4595 1256 4654 hoc
1282 4600 1403 4653 tam
1432 4612 1607 4654 vene·

141 4693 540 4761 sanctumque
570 4686 879 4759 collegium
897 4686 1213 4742 Ecclesiam
1248 4686 1368 4753 Dei,
1389 4685 1604 4743 imma-

141 4796 194 4836 m
228 4780 463 4838 scilicet
490 4791 765 4850 sponsam
796 4774 990 4833 dilecti
1024 4774 1147 4831 Filii
1169 4775 1282 4845 sui,
1306 4776 1608 4833 renitenti-

141 4868 395 4926 niversis
454 4866 741 4924 affectavit
799 4866 871 4922 ad
921 4864 1215 4938 propriam
1275 4865 1607 4939 pertrahere

141 4963 301 5014 atem
337 4956 476 5026 (26),
507 4959 565 5011 et
611 4970 646 5010 a
691 4951 914 5009 dextris
947 4951 1117 5025 Regis
1145 4952 1216 5008 ad
1238 4952 1608 5009 detestabiles

142 5064 163 5103 ε
207 5045 528 5102 transferre
582 5041 936 5113 complexus.
985 5039 1123 5097 Visa
1174 5045 1370 5099 tamen
1427 5042 1605 5099 totius

142 5133 492 5191 tiversitatis
536 5130 849 5190 concordia
878 5130 1190 5202 desperati,
1221 5131 1291 5187 ad
1324 5132 1605 5189 unitatem

163 5224 425 5282 redituri
455 5223 686 5280 fuerant
712 5220 802 5278 vel
832 5219 999 5277 inviti
1031 5235 1046 5276 :
1081 5221 1206 5287 sed,
1237 5221 1606 5292 stupentibus

143 5315 378 5385 deoque
404 5311 791 5379 cessantibus,
822 5308 1176 5367 schismatici
1208 5310 1445 5377 maioris
1474 5310 1604 5367 diu·

143 5404 374 5461 [renata
404 5418 517 5460 non
546 5400 683 5459 tulit
712 5398 978 5468 ambitio,
1014 5403 1450 5472 praeparatoque
1480 5400 1606 5457 fur-

147 5511 245 5580 C„
280 5510 503 5568 audeat.

154 5584 222 5639 B.
233 5625 250 5654 ,
284 5585 645 5655 voluptatem.

270 5685 536 5746 Parnon..
578 5682 703 5747 CCI

1720 4495 1885 4563 mari,
1927 4496 2249 4568 praesertim
2300 4511 2431 4551 cum
2489 4500 2666 4553 testes
2713 4504 3006 4570 praereptoe
3062 4496 3365 4570 dignitatis

1717 4584 1935 4642 honore
1983 4582 2386 4656 praefulgeant,
2418 4588 2477 4642 et
2518 4584 2766 4657 simplex
2802 4585 3130 4643 absolutam
3163 4585 3366 4643 reddat

1715 4674 2029 4732 concordia
2056 4674 2383 4731 veritatem.

1787 4768 1905 4822 Hac
1946 4764 2130 4838 igitur
2151 4766 2314 4835 parte
2356 4763 2428 4819 de
2450 4763 2727 4835 qualitate
2751 4762 2969 4834 negotii
2997 4766 3055 4819 et
3085 4778 3361 4835 persona-

1716 4871 1845 4912 rum
1878 4853 2766 4923 meritisoestimata,jucundum
2784 4850 2931 4906 mihi
2948 4852 3123 4910 estad
3138 4856 3364 4925 partem

1715 4945 1955 5002 alteram
2011 4941 2210 4999 oculos
2267 4942 2650 5011 animumque
2704 4943 3061 5009 convertere,
3117 4946 3176 4999 et
3220 4959 3369 5017 opus

1715 5048 1916 5091 eorum
1947 5030 2050 5104 qui
2079 5029 2379 5102 elegerunt
2394 5044 2498 5101 per
2516 5027 2772 5101 singulas
2784 5038 2977 5104 partes
3003 5034 3122 5088 toto
3151 5033 3368 5090 mentis

1714 5122 1922 5196 gaudio
1969 5119 2369 5191 contemplari,
2400 5117 2569 5190 eique
2614 5117 2827 5177 referre
2855 5120 3074 5194 gratias
3103 5120 3202 5192 qui
3231 5137 3369 5177 san·

1714 5221 1805 5273 cto
1835 5210 2077 5284 collegio
2108 5212 2301 5265 vestro
2318 5209 2687 5281 prudentiam
2705 5210 2952 5267 contulit
2981 5214 3041 5268 et
3068 5210 3366 5277 virtutem,

1716 5320 1833 5377 qua
1859 5307 1917 5359 et
1964 5300 2252 5372 serpentis
2300 5298 2592 5357 declinare
2631 5299 2915 5357 malitiam
2956 5303 3016 5358 et
3045 5298 3367 5371 grassantis

1715 5392 1999 5467 superbias
2044 5389 2313 5447 valuistis
2357 5390 2630 5464 repellere
2660 5390 3020 5464 pravitatem.
3044 5391 3156 5449 Sed
3178 5408 3369 5465 neque

1786 5502 1902 5574 (27)
1934 5500 2019 5570 B„
2046 5503 2415 5572 praeparator.
