<?xml version="1.0" encoding="UTF-8"?>
<!DOCTYPE html PUBLIC "-//W3C//DTD XHTML 1.0 Transitional//EN"
    "http://www.w3.org/TR/xhtml1/DTD/xhtml1-transitional.dtd">
<html xmlns="http://www.w3.org/1999/xhtml" xml:lang="en" lang="en">
 <head>
  <title>
</title>
<meta http-equiv="Content-Type" content="text/html;charset=utf-8" />
  <meta name='ocr-system' content='tesseract 3.04.00' />
  <meta name='ocr-capabilities' content='ocr_page ocr_carea ocr_par ocr_line ocrx_word'/>
</head>
<body>
  <div class='ocr_page' id='page_1' title='image "./patrologiaecurs32goog_0337.png"; bbox 0 0 3784 6000; ppageno 0'>
   <div class='ocr_carea' id='block_1_1' title="bbox 199 243 317 305">
    <p class='ocr_par' dir='ltr' id='par_1_1' title="bbox 199 243 317 305">
     <span class='ocr_line' id='line_1_1' title="bbox 199 243 317 305; baseline 0.008 -1"><span class='ocrx_word' id='word_1_1' title='bbox 199 243 317 305; x_wconf 79' lang='lat'><strong>665</strong></span> 
     </span>
    </p>
   </div>
   <div class='ocr_carea' id='block_1_2' title="bbox 681 240 3149 328">
    <p class='ocr_par' dir='ltr' id='par_1_2' title="bbox 681 240 3149 328">
     <span class='ocr_line' id='line_1_2' title="bbox 681 240 3149 328; baseline 0.004 -28"><span class='ocrx_word' id='word_1_2' title='bbox 681 240 884 302; x_wconf 86' lang='lat' dir='ltr'><strong>HIST.</strong></span> <span class='ocrx_word' id='word_1_3' title='bbox 935 240 1206 328; x_wconf 64' lang='lat' dir='ltr'>RERUM</span> <span class='ocrx_word' id='word_1_4' title='bbox 1252 240 1787 304; x_wconf 71' lang='lat' dir='ltr'><strong>TRANSMARIN.</strong></span> <span class='ocrx_word' id='word_1_5' title='bbox 1832 274 1915 289; x_wconf 92' lang='lat'><strong>-—</strong></span> <span class='ocrx_word' id='word_1_6' title='bbox 1953 242 2108 304; x_wconf 88' lang='lat' dir='ltr'><strong>LlB.</strong></span> <span class='ocrx_word' id='word_1_7' title='bbox 2151 240 2309 303; x_wconf 85' lang='lat' dir='ltr'><strong>xvl.</strong></span> <span class='ocrx_word' id='word_1_8' title='bbox 2354 242 2802 306; x_wconf 78' lang='lat' dir='ltr'><strong>BALDUINUS</strong></span> <span class='ocrx_word' id='word_1_9' title='bbox 2844 242 2923 307; x_wconf 86' lang='lat'><strong>111</strong></span> <span class='ocrx_word' id='word_1_10' title='bbox 2969 245 3149 310; x_wconf 73' lang='lat' dir='ltr'><strong>REX.</strong></span> 
     </span>
    </p>
   </div>
   <div class='ocr_carea' id='block_1_3' title="bbox 3488 250 3608 317">
    <p class='ocr_par' dir='ltr' id='par_1_3' title="bbox 3488 250 3608 317">
     <span class='ocr_line' id='line_1_3' title="bbox 3488 250 3608 317; baseline -0.025 0"><span class='ocrx_word' id='word_1_11' title='bbox 3488 250 3608 317; x_wconf 77' lang='lat'><strong>660</strong></span> 
     </span>
    </p>
   </div>
   <div class='ocr_carea' id='block_1_4' title="bbox 199 378 3606 462">
    <p class='ocr_par' dir='ltr' id='par_1_4' title="bbox 199 378 3606 462">
     <span class='ocr_line' id='line_1_4' title="bbox 199 378 3606 462; baseline 0.004 -24"><span class='ocrx_word' id='word_1_12' title='bbox 199 380 439 438; x_wconf 79' lang='lat' dir='ltr'><strong>residuo</strong></span> <span class='ocrx_word' id='word_1_13' title='bbox 461 396 728 449; x_wconf 87' lang='lat' dir='ltr'><strong>suorum,</strong></span> <span class='ocrx_word' id='word_1_14' title='bbox 758 379 890 437; x_wconf 87' lang='lat' dir='ltr'><strong>licet</strong></span> <span class='ocrx_word' id='word_1_15' title='bbox 920 395 1055 436; x_wconf 91' lang='lat' dir='ltr'><strong>cum</strong></span> <span class='ocrx_word' id='word_1_16' title='bbox 1077 378 1415 439; x_wconf 81' lang='lat' dir='ltr'><strong>difficultate</strong></span> <span class='ocrx_word' id='word_1_17' title='bbox 1446 380 1650 450; x_wconf 90' lang='lat' dir='ltr'><strong>nimia,</strong></span> <span class='ocrx_word' id='word_1_18' title='bbox 1712 385 1843 455; x_wconf 87' lang='lat' dir='ltr'><strong>post</strong></span> <span class='ocrx_word' id='word_1_19' title='bbox 1874 393 1929 462; x_wconf 69' lang='grc' dir='ltr'><strong>Α</strong></span> <span class='ocrx_word' id='word_1_20' title='bbox 1960 387 2179 451; x_wconf 90' lang='lat' dir='ltr'><strong>motus,</strong></span> <span class='ocrx_word' id='word_1_21' title='bbox 2201 381 2400 441; x_wconf 89' lang='lat' dir='ltr'><strong>habita</strong></span> <span class='ocrx_word' id='word_1_22' title='bbox 2419 399 2554 439; x_wconf 91' lang='lat' dir='ltr'><strong>cum</strong></span> <span class='ocrx_word' id='word_1_23' title='bbox 2578 382 2705 441; x_wconf 89' lang='lat' dir='ltr'><strong>suis</strong></span> <span class='ocrx_word' id='word_1_24' title='bbox 2732 383 3174 457; x_wconf 74' lang='lat' dir='ltr'><strong>deliberatione,</strong></span> <span class='ocrx_word' id='word_1_25' title='bbox 3198 393 3410 448; x_wconf 88' lang='lat' dir='ltr'><strong>utcum</strong></span> <span class='ocrx_word' id='word_1_26' title='bbox 3434 392 3606 452; x_wconf 91' lang='lat' dir='ltr'><strong>eolo-</strong></span> 
     </span>
    </p>
   </div>
   <div class='ocr_carea' id='block_1_5' title="bbox 179 469 1843 3136">
    <p class='ocr_par' dir='ltr' id='par_1_5' title="bbox 192 469 1843 1350">
     <span class='ocr_line' id='line_1_5' title="bbox 199 469 1843 544; baseline 0.002 -17"><span class='ocrx_word' id='word_1_27' title='bbox 199 469 327 529; x_wconf 86' lang='lat' dir='ltr'><strong>dies</strong></span> <span class='ocrx_word' id='word_1_28' title='bbox 356 471 578 544; x_wconf 78' lang='lat' dir='ltr'><strong>aliquot</strong></span> <span class='ocrx_word' id='word_1_29' title='bbox 598 470 658 527; x_wconf 88' lang='lat' dir='ltr'><strong>in</strong></span> <span class='ocrx_word' id='word_1_30' title='bbox 683 474 874 543; x_wconf 87' lang='lat' dir='ltr'><strong>partes</strong></span> <span class='ocrx_word' id='word_1_31' title='bbox 895 470 1094 526; x_wconf 82' lang='lat' dir='ltr'><strong>Nicaeae</strong></span> <span class='ocrx_word' id='word_1_32' title='bbox 1115 486 1177 527; x_wconf 91' lang='lat' dir='ltr'><strong>se</strong></span> <span class='ocrx_word' id='word_1_33' title='bbox 1195 471 1458 529; x_wconf 91' lang='lat' dir='ltr'><strong>contulit.</strong></span> <span class='ocrx_word' id='word_1_34' title='bbox 1479 472 1687 530; x_wconf 77' lang='lat' dir='ltr'>Hostes</span> <span class='ocrx_word' id='word_1_35' title='bbox 1710 488 1843 530; x_wconf 88' lang='lat' dir='ltr'><strong>vero</strong></span> 
     </span>
     <span class='ocr_line' id='line_1_6' title="bbox 195 559 1841 634; baseline 0.002 -19"><span class='ocrx_word' id='word_1_36' title='bbox 195 561 444 619; x_wconf 83' lang='lat' dir='ltr'><strong>victoria</strong></span> <span class='ocrx_word' id='word_1_37' title='bbox 474 560 671 632; x_wconf 87' lang='lat' dir='ltr'><strong>potiti,</strong></span> <span class='ocrx_word' id='word_1_38' title='bbox 727 560 928 617; x_wconf 87' lang='lat' dir='ltr'><strong>onusti</strong></span> <span class='ocrx_word' id='word_1_39' title='bbox 983 559 1207 631; x_wconf 89' lang='lat' dir='ltr'><strong>spoliis,</strong></span> <span class='ocrx_word' id='word_1_40' title='bbox 1242 566 1299 617; x_wconf 90' lang='lat' dir='ltr'><strong>et</strong></span> <span class='ocrx_word' id='word_1_41' title='bbox 1327 576 1470 633; x_wconf 83' lang='lat' dir='ltr'><strong>gaza</strong></span> <span class='ocrx_word' id='word_1_42' title='bbox 1526 561 1841 634; x_wconf 80' lang='lat' dir='ltr'><strong>multiplici</strong></span> 
     </span>
     <span class='ocr_line' id='line_1_7' title="bbox 196 649 1840 723; baseline 0.001 -16"><span class='ocrx_word' id='word_1_43' title='bbox 196 649 337 707; x_wconf 82' lang='lat' dir='ltr'><strong>facti</strong></span> <span class='ocrx_word' id='word_1_44' title='bbox 367 649 797 721; x_wconf 81' lang='lat' dir='ltr'><strong>locupletiores,</strong></span> <span class='ocrx_word' id='word_1_45' title='bbox 829 649 1017 720; x_wconf 90' lang='lat' dir='ltr'><strong>equis,</strong></span> <span class='ocrx_word' id='word_1_46' title='bbox 1050 649 1230 706; x_wconf 89' lang='lat' dir='ltr'><strong>armis</strong></span> <span class='ocrx_word' id='word_1_47' title='bbox 1254 667 1437 723; x_wconf 87' lang='lat' dir='ltr'><strong>usque</strong></span> <span class='ocrx_word' id='word_1_48' title='bbox 1467 652 1538 707; x_wconf 91' lang='lat' dir='ltr'><strong>ad</strong></span> <span class='ocrx_word' id='word_1_49' title='bbox 1559 667 1840 708; x_wconf 88' lang='lat' dir='ltr'><strong>nauseam</strong></span> 
     </span>
     <span class='ocr_line' id='line_1_8' title="bbox 197 736 1843 813; baseline 0.003 -20"><span class='ocrx_word' id='word_1_50' title='bbox 197 737 392 806; x_wconf 87' lang='lat' dir='ltr'><strong>ditati,</strong></span> <span class='ocrx_word' id='word_1_51' title='bbox 422 738 484 794; x_wconf 91' lang='lat' dir='ltr'><strong>in</strong></span> <span class='ocrx_word' id='word_1_52' title='bbox 510 754 621 794; x_wconf 87' lang='lat' dir='ltr'><strong>sua</strong></span> <span class='ocrx_word' id='word_1_53' title='bbox 640 753 702 794; x_wconf 90' lang='lat' dir='ltr'><strong>se</strong></span> <span class='ocrx_word' id='word_1_54' title='bbox 721 736 1117 802; x_wconf 87' lang='lat' dir='ltr'><strong>contulerunt,</strong></span> <span class='ocrx_word' id='word_1_55' title='bbox 1140 742 1422 812; x_wconf 90' lang='lat' dir='ltr'><strong>tanquam</strong></span> <span class='ocrx_word' id='word_1_56' title='bbox 1445 739 1709 796; x_wconf 88' lang='lat' dir='ltr'><strong>locorum</strong></span> <span class='ocrx_word' id='word_1_57' title='bbox 1742 757 1843 813; x_wconf 89' lang='lat' dir='ltr'><strong>pe·</strong></span> 
     </span>
     <span class='ocr_line' id='line_1_9' title="bbox 197 825 1842 902; baseline 0.003 -20"><span class='ocrx_word' id='word_1_58' title='bbox 197 825 319 892; x_wconf 91' lang='lat' dir='ltr'><strong>riti,</strong></span> <span class='ocrx_word' id='word_1_59' title='bbox 353 826 645 900; x_wconf 73' lang='lat' dir='ltr'><strong>praesidia,</strong></span> <span class='ocrx_word' id='word_1_60' title='bbox 678 831 1078 898; x_wconf 75' lang='lat' dir='ltr'><strong>exspectantes</strong></span> <span class='ocrx_word' id='word_1_61' title='bbox 1104 828 1272 884; x_wconf 87' lang='lat' dir='ltr'><strong>avide</strong></span> <span class='ocrx_word' id='word_1_62' title='bbox 1300 832 1654 886; x_wconf 76' lang='lat' dir='ltr'><strong>Francorum</strong></span> <span class='ocrx_word' id='word_1_63' title='bbox 1685 830 1842 902; x_wconf 85' lang='lat' dir='ltr'><strong>regis</strong></span> 
     </span>
     <span class='ocr_line' id='line_1_10' title="bbox 195 917 1841 993; baseline 0.002 -19"><span class='ocrx_word' id='word_1_64' title='bbox 195 918 537 985; x_wconf 85' lang='lat' dir='ltr'><strong>adventum,</strong></span> <span class='ocrx_word' id='word_1_65' title='bbox 563 917 666 990; x_wconf 89' lang='lat' dir='ltr'><strong>qui</strong></span> <span class='ocrx_word' id='word_1_66' title='bbox 690 917 764 974; x_wconf 90' lang='lat' dir='ltr'><strong>ad</strong></span> <span class='ocrx_word' id='word_1_67' title='bbox 791 919 1026 974; x_wconf 88' lang='lat' dir='ltr'><strong>easdem</strong></span> <span class='ocrx_word' id='word_1_68' title='bbox 1059 935 1234 991; x_wconf 80' lang='lat' dir='ltr'>prope</span> <span class='ocrx_word' id='word_1_69' title='bbox 1289 922 1484 993; x_wconf 87' lang='lat' dir='ltr'><strong>partes</strong></span> <span class='ocrx_word' id='word_1_70' title='bbox 1536 922 1841 978; x_wconf 85' lang='lat' dir='ltr'><strong>advenisse</strong></span> 
     </span>
     <span class='ocr_line' id='line_1_11' title="bbox 192 1005 1840 1081; baseline 0.002 -20"><span class='ocrx_word' id='word_1_71' title='bbox 192 1005 519 1063; x_wconf 89' lang='lat' dir='ltr'><strong>dicebatur.</strong></span> <span class='ocrx_word' id='word_1_72' title='bbox 550 1006 877 1078; x_wconf 87' lang='lat' dir='ltr'><strong>Sperabant</strong></span> <span class='ocrx_word' id='word_1_73' title='bbox 907 1007 1064 1064; x_wconf 87' lang='lat' dir='ltr'><strong>enim</strong></span> <span class='ocrx_word' id='word_1_74' title='bbox 1115 1009 1268 1081; x_wconf 92' lang='lat' dir='ltr'><strong>quod</strong></span> <span class='ocrx_word' id='word_1_75' title='bbox 1327 1026 1396 1066; x_wconf 87' lang='lat' dir='ltr'><strong>ex</strong></span> <span class='ocrx_word' id='word_1_76' title='bbox 1453 1026 1567 1080; x_wconf 92' lang='lat' dir='ltr'><strong>quo</strong></span> <span class='ocrx_word' id='word_1_77' title='bbox 1617 1010 1840 1067; x_wconf 86' lang='lat' dir='ltr'><strong>domini</strong></span> 
     </span>
     <span class='ocr_line' id='line_1_12' title="bbox 193 1094 1838 1172; baseline 0.005 -23"><span class='ocrx_word' id='word_1_78' title='bbox 193 1094 568 1167; x_wconf 84' lang='lat' dir='ltr'><strong>imperaturis</strong></span> <span class='ocrx_word' id='word_1_79' title='bbox 586 1097 838 1168; x_wconf 87' lang='lat' dir='ltr'><strong>majores</strong></span> <span class='ocrx_word' id='word_1_80' title='bbox 861 1098 1133 1154; x_wconf 78' lang='lat' dir='ltr'><strong>fuderant</strong></span> <span class='ocrx_word' id='word_1_81' title='bbox 1151 1100 1364 1172; x_wconf 86' lang='lat' dir='ltr'><strong>copias,</strong></span> <span class='ocrx_word' id='word_1_82' title='bbox 1388 1101 1538 1157; x_wconf 86' lang='lat' dir='ltr'><strong>etde</strong></span> <span class='ocrx_word' id='word_1_83' title='bbox 1557 1101 1838 1158; x_wconf 88' lang='lat' dir='ltr'><strong>comitatu</strong></span> 
     </span>
     <span class='ocr_line' id='line_1_13' title="bbox 193 1183 1833 1260; baseline 0.005 -22"><span class='ocrx_word' id='word_1_84' title='bbox 193 1183 425 1240; x_wconf 91' lang='lat' dir='ltr'><strong>domini</strong></span> <span class='ocrx_word' id='word_1_85' title='bbox 456 1185 607 1257; x_wconf 84' lang='lat' dir='ltr'><strong>regis</strong></span> <span class='ocrx_word' id='word_1_86' title='bbox 648 1185 905 1242; x_wconf 79' lang='lat' dir='ltr'><strong>Franciae</strong></span> <span class='ocrx_word' id='word_1_87' title='bbox 938 1185 1123 1243; x_wconf 92' lang='lat' dir='ltr'><strong>multo</strong></span> <span class='ocrx_word' id='word_1_88' title='bbox 1157 1188 1387 1245; x_wconf 78' lang='lat' dir='ltr'><strong>facilius</strong></span> <span class='ocrx_word' id='word_1_89' title='bbox 1418 1193 1659 1260; x_wconf 88' lang='lat' dir='ltr'><strong>possent</strong></span> <span class='ocrx_word' id='word_1_90' title='bbox 1687 1192 1833 1247; x_wconf 87' lang='lat' dir='ltr'><strong>obti-</strong></span> 
     </span>
     <span class='ocr_line' id='line_1_14' title="bbox 194 1273 1837 1350; baseline 0.006 -22"><span class='ocrx_word' id='word_1_91' title='bbox 194 1288 376 1328; x_wconf 88' lang='lat' dir='ltr'><strong>nere:</strong></span> <span class='ocrx_word' id='word_1_92' title='bbox 410 1273 560 1344; x_wconf 90' lang='lat' dir='ltr'><strong>quod</strong></span> <span class='ocrx_word' id='word_1_93' title='bbox 592 1276 650 1329; x_wconf 87' lang='lat' dir='ltr'><strong>et</strong></span> <span class='ocrx_word' id='word_1_94' title='bbox 678 1274 1019 1330; x_wconf 74' lang='lat' dir='ltr'><strong>factumest.</strong></span> <span class='ocrx_word' id='word_1_95' title='bbox 1047 1275 1186 1331; x_wconf 88' lang='lat' dir='ltr'><strong>lluic</strong></span> <span class='ocrx_word' id='word_1_96' title='bbox 1209 1280 1398 1332; x_wconf 91' lang='lat' dir='ltr'><strong>tamen</strong></span> <span class='ocrx_word' id='word_1_97' title='bbox 1420 1281 1585 1333; x_wconf 90' lang='lat' dir='ltr'><strong>tanto</strong></span> <span class='ocrx_word' id='word_1_98' title='bbox 1608 1280 1837 1350; x_wconf 84' lang='lat' dir='ltr'><strong>negotio</strong></span> 
     </span>
    </p>

    <p class='ocr_par' dir='ltr' id='par_1_6' title="bbox 196 1361 1838 1440">
     <span class='ocr_line' id='line_1_15' title="bbox 196 1361 1838 1440; baseline 0.005 -24"><span class='ocrx_word' id='word_1_99' title='bbox 196 1361 489 1418; x_wconf 86' lang='lat' dir='ltr'><strong>Soldanus</strong></span> <span class='ocrx_word' id='word_1_100' title='bbox 537 1362 857 1420; x_wconf 80' lang='lat' dir='ltr'><strong>laoniensis</strong></span> <span class='ocrx_word' id='word_1_101' title='bbox 883 1380 994 1419; x_wconf 90' lang='lat' dir='ltr'><strong>non</strong></span> <span class='ocrx_word' id='word_1_102' title='bbox 1020 1364 1314 1434; x_wconf 79' lang='lat' dir='ltr'><strong>interfuit3</strong></span> <span class='ocrx_word' id='word_1_103' title='bbox 1340 1368 1440 1422; x_wconf 86' lang='lat' dir='ltr'><strong>sed</strong></span> <span class='ocrx_word' id='word_1_104' title='bbox 1467 1366 1715 1440; x_wconf 91' lang='lat' dir='ltr'><strong>quidam</strong></span> <span class='ocrx_word' id='word_1_105' title='bbox 1733 1385 1838 1425; x_wconf 91' lang='lat' dir='ltr'><strong>no·</strong></span> 
     </span>
    </p>

    <p class='ocr_par' dir='ltr' id='par_1_7' title="bbox 192 1450 1837 1531">
     <span class='ocr_line' id='line_1_16' title="bbox 192 1450 1837 1531; baseline 0.005 -24"><span class='ocrx_word' id='word_1_106' title='bbox 192 1451 335 1508; x_wconf 89' lang='lat' dir='ltr'><strong>bilis</strong></span> <span class='ocrx_word' id='word_1_107' title='bbox 366 1450 586 1508; x_wconf 79' lang='lat' dir='ltr'><strong>mililiae</strong></span> <span class='ocrx_word' id='word_1_108' title='bbox 637 1469 756 1508; x_wconf 80' lang='lat' dir='ltr'><strong>suae</strong></span> <span class='ocrx_word' id='word_1_109' title='bbox 808 1454 1176 1524; x_wconf 74' lang='lat' dir='ltr'><strong>primicerius</strong></span> <span class='ocrx_word' id='word_1_110' title='bbox 1218 1455 1542 1513; x_wconf 89' lang='lat' dir='ltr'><strong>Turcorum</strong></span> <span class='ocrx_word' id='word_1_111' title='bbox 1591 1474 1837 1531; x_wconf 82' lang='lat' dir='ltr'><strong>magnus</strong></span> 
     </span>
    </p>

    <p class='ocr_par' dir='ltr' id='par_1_8' title="bbox 190 1539 1836 1863">
     <span class='ocr_line' id='line_1_17' title="bbox 191 1539 1836 1616; baseline 0.004 -20"><span class='ocrx_word' id='word_1_112' title='bbox 191 1543 451 1611; x_wconf 84' lang='lat' dir='ltr'><strong>satrapa,</strong></span> <span class='ocrx_word' id='word_1_113' title='bbox 484 1539 798 1597; x_wconf 87' lang='lat' dir='ltr'><strong>Paramum</strong></span> <span class='ocrx_word' id='word_1_114' title='bbox 831 1541 1044 1610; x_wconf 74' lang='lat' dir='ltr'><strong>dictuS,</strong></span> <span class='ocrx_word' id='word_1_115' title='bbox 1086 1543 1237 1599; x_wconf 88' lang='lat' dir='ltr'><strong>hauc</strong></span> <span class='ocrx_word' id='word_1_116' title='bbox 1264 1542 1520 1616; x_wconf 85' lang='lat' dir='ltr'><strong>plagam,</strong></span> <span class='ocrx_word' id='word_1_117' title='bbox 1590 1545 1836 1603; x_wconf 90' lang='lat' dir='ltr'><strong>Domino</strong></span> 
     </span>
     <span class='ocr_line' id='line_1_18' title="bbox 190 1628 1834 1702; baseline 0.005 -18"><span class='ocrx_word' id='word_1_118' title='bbox 190 1628 588 1700; x_wconf 86' lang='lat' dir='ltr'><strong>permittente,</strong></span> <span class='ocrx_word' id='word_1_119' title='bbox 620 1634 822 1686; x_wconf 90' lang='lat' dir='ltr'><strong>contra</strong></span> <span class='ocrx_word' id='word_1_120' title='bbox 850 1647 1017 1702; x_wconf 88' lang='lat' dir='ltr'><strong>spem</strong></span> <span class='ocrx_word' id='word_1_121' title='bbox 1057 1634 1328 1690; x_wconf 85' lang='lat' dir='ltr'><strong>exercuit.</strong></span> <span class='ocrx_word' id='word_1_122' title='bbox 1364 1633 1590 1691; x_wconf 76' lang='lat' dir='ltr'><strong>Accidit</strong></span> <span class='ocrx_word' id='word_1_123' title='bbox 1642 1644 1834 1692; x_wconf 88' lang='lat' dir='ltr'><strong>autem</strong></span> 
     </span>
     <span class='ocr_line' id='line_1_19' title="bbox 193 1717 1836 1786; baseline 0.005 -12"><span class='ocrx_word' id='word_1_124' title='bbox 193 1734 351 1774; x_wconf 87' lang='lat' dir='ltr'><strong>anno</strong></span> <span class='ocrx_word' id='word_1_125' title='bbox 381 1719 452 1774; x_wconf 87' lang='lat' dir='ltr'><strong>ab</strong></span> <span class='ocrx_word' id='word_1_126' title='bbox 476 1717 877 1776; x_wconf 83' lang='lat' dir='ltr'><strong>lucarnatione</strong></span> <span class='ocrx_word' id='word_1_127' title='bbox 899 1719 1131 1777; x_wconf 89' lang='lat' dir='ltr'><strong>Domini</strong></span> <span class='ocrx_word' id='word_1_128' title='bbox 1164 1722 1323 1786; x_wconf 81' lang='lat'><strong>1146,</strong></span> <span class='ocrx_word' id='word_1_129' title='bbox 1357 1739 1559 1781; x_wconf 89' lang='lat' dir='ltr'><strong>mense</strong></span> <span class='ocrx_word' id='word_1_130' title='bbox 1585 1726 1836 1782; x_wconf 87' lang='lat' dir='ltr'><strong>Novem-</strong></span> 
     </span>
     <span class='ocr_line' id='line_1_20' title="bbox 191 1806 308 1863; baseline 0.009 -1"><span class='ocrx_word' id='word_1_131' title='bbox 191 1806 308 1863; x_wconf 81' lang='lat' dir='ltr'><strong>bri.</strong></span> 
     </span>
    </p>

    <p class='ocr_par' dir='ltr' id='par_1_9' title="bbox 783 1914 1252 1973">
     <span class='ocr_line' id='line_1_21' title="bbox 783 1914 1252 1973; baseline 0 -1"><span class='ocrx_word' id='word_1_132' title='bbox 783 1914 1012 1972; x_wconf 82' lang='lat' dir='ltr'>CAPUT</span> <span class='ocrx_word' id='word_1_133' title='bbox 1049 1916 1252 1973; x_wconf 80' lang='lat' dir='ltr'><strong>XXIII.</strong></span> 
     </span>
    </p>

    <p class='ocr_par' dir='ltr' id='par_1_10' title="bbox 188 2022 1834 2294">
     <span class='ocr_line' id='line_1_22' title="bbox 188 2022 1834 2097; baseline 0.003 -19"><span class='ocrx_word' id='word_1_134' title='bbox 188 2022 307 2078; x_wconf 75' lang='lat' dir='ltr'><strong>Rex</strong></span> <span class='ocrx_word' id='word_1_135' title='bbox 330 2023 683 2089; x_wconf 81' lang='lat' dir='ltr'><strong>Francorum,</strong></span> <span class='ocrx_word' id='word_1_136' title='bbox 737 2023 969 2077; x_wconf 83' lang='lat' dir='ltr'><strong>transito</strong></span> <span class='ocrx_word' id='word_1_137' title='bbox 1025 2023 1385 2096; x_wconf 74' lang='lat' dir='ltr'><strong>Hellesponto,</strong></span> <span class='ocrx_word' id='word_1_138' title='bbox 1417 2025 1563 2097; x_wconf 81' lang='lat' dir='ltr'><strong>apud</strong></span> <span class='ocrx_word' id='word_1_139' title='bbox 1608 2028 1834 2083; x_wconf 78' lang='lat' dir='ltr'><strong>Niccam</strong></span> 
     </span>
     <span class='ocr_line' id='line_1_23' title="bbox 263 2093 1832 2171; baseline 0.004 -22"><span class='ocrx_word' id='word_1_140' title='bbox 263 2094 566 2165; x_wconf 70' lang='lat' dir='ltr'><strong>Bithyniae,</strong></span> <span class='ocrx_word' id='word_1_141' title='bbox 587 2109 712 2148; x_wconf 80' lang='lat' dir='ltr'><strong>cum</strong></span> <span class='ocrx_word' id='word_1_142' title='bbox 731 2093 849 2149; x_wconf 76' lang='lat' dir='ltr'><strong>sais</strong></span> <span class='ocrx_word' id='word_1_143' title='bbox 865 2094 1114 2165; x_wconf 77' lang='lat' dir='ltr'><strong>pervenit</strong></span> <span class='ocrx_word' id='word_1_144' title='bbox 1150 2096 1456 2164; x_wconf 64' lang='lat' dir='ltr'><strong>temonibus</strong></span> <span class='ocrx_word' id='word_1_145' title='bbox 1478 2114 1497 2157; x_wconf 92' lang='lat'><strong>.·</strong></span> <span class='ocrx_word' id='word_1_146' title='bbox 1524 2098 1832 2171; x_wconf 78' lang='lat' dir='ltr'><strong>colloquun-</strong></span> 
     </span>
     <span class='ocr_line' id='line_1_24' title="bbox 258 2164 1831 2242; baseline 0.005 -22"><span class='ocrx_word' id='word_1_147' title='bbox 258 2169 359 2221; x_wconf 66' lang='lat' dir='ltr'><strong>tur</strong></span> <span class='ocrx_word' id='word_1_148' title='bbox 377 2165 486 2221; x_wconf 75' lang='lat' dir='ltr'><strong>sibi</strong></span> <span class='ocrx_word' id='word_1_149' title='bbox 524 2164 596 2221; x_wconf 83' lang='lat' dir='ltr'><strong>ad</strong></span> <span class='ocrx_word' id='word_1_150' title='bbox 653 2167 920 2234; x_wconf 85' lang='lat' dir='ltr'><strong>invicem;</strong></span> <span class='ocrx_word' id='word_1_151' title='bbox 959 2165 1257 2238; x_wconf 80' lang='lat' dir='ltr'><strong>imperator</strong></span> <span class='ocrx_word' id='word_1_152' title='bbox 1304 2168 1831 2242; x_wconf 76' lang='lat' dir='ltr'><strong>Constantinopolim</strong></span> 
     </span>
     <span class='ocr_line' id='line_1_25' title="bbox 265 2237 588 2294; baseline 0.003 -2"><span class='ocrx_word' id='word_1_153' title='bbox 265 2237 588 2294; x_wconf 78' lang='lat' dir='ltr'><strong>revertitur.</strong></span> 
     </span>
    </p>

    <p class='ocr_par' dir='ltr' id='par_1_11' title="bbox 179 2344 1832 3136">
     <span class='ocr_line' id='line_1_26' title="bbox 261 2344 1829 2418; baseline 0.005 -18"><span class='ocrx_word' id='word_1_154' title='bbox 261 2344 486 2402; x_wconf 85' lang='lat' dir='ltr'><strong>Interea</strong></span> <span class='ocrx_word' id='word_1_155' title='bbox 506 2360 605 2401; x_wconf 83' lang='lat' dir='ltr'><strong>rex</strong></span> <span class='ocrx_word' id='word_1_156' title='bbox 634 2347 1008 2415; x_wconf 79' lang='lat' dir='ltr'><strong>Francorum,</strong></span> <span class='ocrx_word' id='word_1_157' title='bbox 1046 2362 1191 2418; x_wconf 87' lang='lat' dir='ltr'><strong>pene</strong></span> <span class='ocrx_word' id='word_1_158' title='bbox 1227 2346 1446 2406; x_wconf 87' lang='lat' dir='ltr'><strong>eisdem</strong></span> <span class='ocrx_word' id='word_1_159' title='bbox 1477 2350 1829 2408; x_wconf 86' lang='lat' dir='ltr'><strong>subsecutus</strong></span> 
     </span>
     <span class='ocr_line' id='line_1_27' title="bbox 184 2434 1832 2507; baseline 0.006 -18"><span class='ocrx_word' id='word_1_160' title='bbox 184 2434 452 2506; x_wconf 84' lang='lat' dir='ltr'><strong>vestigiis</strong></span> <span class='ocrx_word' id='word_1_161' title='bbox 474 2450 610 2491; x_wconf 90' lang='lat' dir='ltr'><strong>cum</strong></span> <span class='ocrx_word' id='word_1_162' title='bbox 633 2450 740 2491; x_wconf 92' lang='lat' dir='ltr'><strong>suo</strong></span> <span class='ocrx_word' id='word_1_163' title='bbox 763 2436 1040 2505; x_wconf 82' lang='lat' dir='ltr'><strong>exercitu,</strong></span> <span class='ocrx_word' id='word_1_164' title='bbox 1061 2443 1403 2507; x_wconf 86' lang='lat' dir='ltr'><strong>pervenerat</strong></span> <span class='ocrx_word' id='word_1_165' title='bbox 1426 2438 1832 2499; x_wconf 85' lang='lat' dir='ltr'><strong>Constantino·</strong></span> 
     </span>
     <span class='ocr_line' id='line_1_28' title="bbox 182 2522 1826 2597; baseline 0.005 -19"><span class='ocrx_word' id='word_1_166' title='bbox 182 2522 400 2594; x_wconf 84' lang='lat' dir='ltr'><strong>polim3</strong></span> <span class='ocrx_word' id='word_1_167' title='bbox 434 2523 536 2579; x_wconf 91' lang='lat' dir='ltr'><strong>ubi</strong></span> <span class='ocrx_word' id='word_1_168' title='bbox 568 2522 798 2580; x_wconf 91' lang='lat' dir='ltr'><strong>modico</strong></span> <span class='ocrx_word' id='word_1_169' title='bbox 839 2528 1097 2597; x_wconf 87' lang='lat' dir='ltr'><strong>tempore</strong></span> <span class='ocrx_word' id='word_1_170' title='bbox 1120 2527 1525 2586; x_wconf 76' lang='lat' dir='ltr'><strong>secretioribus</strong></span> <span class='ocrx_word' id='word_1_171' title='bbox 1555 2546 1691 2587; x_wconf 89' lang='lat' dir='ltr'><strong>cum</strong></span> <span class='ocrx_word' id='word_1_172' title='bbox 1714 2531 1826 2587; x_wconf 88' lang='lat' dir='ltr'><strong>im-</strong></span> 
     </span>
     <span class='ocr_line' id='line_1_29' title="bbox 182 2610 1827 2684; baseline 0.005 -16"><span class='ocrx_word' id='word_1_173' title='bbox 182 2619 452 2682; x_wconf 79' lang='lat' dir='ltr'><strong>peratore</strong></span> <span class='ocrx_word' id='word_1_174' title='bbox 481 2628 622 2669; x_wconf 87' lang='lat' dir='ltr'><strong>usus</strong></span> <span class='ocrx_word' id='word_1_175' title='bbox 653 2610 978 2684; x_wconf 85' lang='lat' dir='ltr'><strong>colloquiis,</strong></span> <span class='ocrx_word' id='word_1_176' title='bbox 1013 2617 1070 2670; x_wconf 91' lang='lat' dir='ltr'><strong>et</strong></span> <span class='ocrx_word' id='word_1_177' title='bbox 1108 2616 1179 2671; x_wconf 88' lang='lat' dir='ltr'><strong>ab</strong></span> <span class='ocrx_word' id='word_1_178' title='bbox 1227 2631 1294 2672; x_wconf 91' lang='lat' dir='ltr'><strong>eo</strong></span> <span class='ocrx_word' id='word_1_179' title='bbox 1358 2617 1827 2676; x_wconf 80' lang='lat' dir='ltr'><strong>honorificentis-</strong></span> 
     </span>
     <span class='ocr_line' id='line_1_30' title="bbox 184 2699 1824 2779; baseline 0.007 -24"><span class='ocrx_word' id='word_1_180' title='bbox 184 2699 360 2767; x_wconf 86' lang='lat' dir='ltr'><strong>sime,</strong></span> <span class='ocrx_word' id='word_1_181' title='bbox 384 2708 438 2758; x_wconf 88' lang='lat' dir='ltr'><strong>et</strong></span> <span class='ocrx_word' id='word_1_182' title='bbox 465 2699 646 2757; x_wconf 88' lang='lat' dir='ltr'><strong>multa</strong></span> <span class='ocrx_word' id='word_1_183' title='bbox 695 2717 1002 2757; x_wconf 87' lang='lat' dir='ltr'><strong>munerum</strong></span> <span class='ocrx_word' id='word_1_184' title='bbox 1057 2705 1460 2775; x_wconf 84' lang='lat' dir='ltr'><strong>prosecutione</strong></span> <span class='ocrx_word' id='word_1_185' title='bbox 1517 2707 1824 2779; x_wconf 89' lang='lat' dir='ltr'><strong>dimissus,</strong></span> 
     </span>
     <span class='ocr_line' id='line_1_31' title="bbox 183 2789 1827 2867; baseline 0.008 -23"><span class='ocrx_word' id='word_1_186' title='bbox 183 2789 549 2862; x_wconf 87' lang='lat' dir='ltr'><strong>principibus</strong></span> <span class='ocrx_word' id='word_1_187' title='bbox 566 2807 798 2864; x_wconf 87' lang='lat' dir='ltr'><strong>quoque</strong></span> <span class='ocrx_word' id='word_1_188' title='bbox 827 2791 949 2848; x_wconf 88' lang='lat' dir='ltr'><strong>auis</strong></span> <span class='ocrx_word' id='word_1_189' title='bbox 983 2791 1301 2863; x_wconf 86' lang='lat' dir='ltr'><strong>plurimum</strong></span> <span class='ocrx_word' id='word_1_190' title='bbox 1323 2796 1648 2867; x_wconf 90' lang='lat' dir='ltr'><strong>honoratis,</strong></span> <span class='ocrx_word' id='word_1_191' title='bbox 1672 2798 1827 2857; x_wconf 89' lang='lat' dir='ltr'><strong>inter</strong></span> 
     </span>
     <span class='ocr_line' id='line_1_32' title="bbox 182 2877 1824 2956; baseline 0.007 -23"><span class='ocrx_word' id='word_1_192' title='bbox 182 2877 390 2934; x_wconf 88' lang='lat' dir='ltr'><strong>urbem</strong></span> <span class='ocrx_word' id='word_1_193' title='bbox 421 2880 635 2951; x_wconf 83' lang='lat' dir='ltr'><strong>regiam</strong></span> <span class='ocrx_word' id='word_1_194' title='bbox 657 2883 715 2935; x_wconf 91' lang='lat' dir='ltr'><strong>et</strong></span> <span class='ocrx_word' id='word_1_195' title='bbox 744 2897 901 2937; x_wconf 88' lang='lat' dir='ltr'><strong>mare</strong></span> <span class='ocrx_word' id='word_1_196' title='bbox 957 2882 1292 2951; x_wconf 88' lang='lat' dir='ltr'><strong>Ponticum,</strong></span> <span class='ocrx_word' id='word_1_197' title='bbox 1325 2886 1478 2956; x_wconf 90' lang='lat' dir='ltr'><strong>quod</strong></span> <span class='ocrx_word' id='word_1_198' title='bbox 1508 2886 1582 2945; x_wconf 89' lang='lat' dir='ltr'><strong>ab</strong></span> <span class='ocrx_word' id='word_1_199' title='bbox 1611 2903 1681 2945; x_wconf 87' lang='lat' dir='ltr'><strong>ea</strong></span> <span class='ocrx_word' id='word_1_200' title='bbox 1711 2890 1824 2945; x_wconf 91' lang='lat' dir='ltr'><strong>tri-</strong></span> 
     </span>
     <span class='ocr_line' id='line_1_33' title="bbox 179 2967 1828 3051; baseline 0.008 -29"><span class='ocrx_word' id='word_1_201' title='bbox 179 2967 341 3039; x_wconf 77' lang='lat' dir='ltr'><strong>ginta</strong></span> <span class='ocrx_word' id='word_1_202' title='bbox 362 2967 544 3026; x_wconf 86' lang='lat' dir='ltr'><strong>distat</strong></span> <span class='ocrx_word' id='word_1_203' title='bbox 569 2968 939 3040; x_wconf 80' lang='lat' dir='ltr'><strong>milliaribus,</strong></span> <span class='ocrx_word' id='word_1_204' title='bbox 974 2972 1071 3028; x_wconf 91' lang='lat' dir='ltr'><strong>ubi</strong></span> <span class='ocrx_word' id='word_1_205' title='bbox 1104 2973 1509 3046; x_wconf 77' lang='lat' dir='ltr'><strong>Hellespontus</strong></span> <span class='ocrx_word' id='word_1_206' title='bbox 1535 2978 1828 3051; x_wconf 87' lang='lat' dir='ltr'><strong>angustis-</strong></span> 
     </span>
     <span class='ocr_line' id='line_1_34' title="bbox 180 3059 1822 3136; baseline 0.007 -21"><span class='ocrx_word' id='word_1_207' title='bbox 180 3060 385 3125; x_wconf 85' lang='lat' dir='ltr'><strong>simus,</strong></span> <span class='ocrx_word' id='word_1_208' title='bbox 414 3059 510 3116; x_wconf 81' lang='lat' dir='ltr'><strong>vix</strong></span> <span class='ocrx_word' id='word_1_209' title='bbox 539 3059 612 3116; x_wconf 91' lang='lat' dir='ltr'><strong>ad</strong></span> <span class='ocrx_word' id='word_1_210' title='bbox 644 3076 824 3116; x_wconf 92' lang='lat' dir='ltr'><strong>unum</strong></span> <span class='ocrx_word' id='word_1_211' title='bbox 843 3061 1091 3118; x_wconf 82' lang='lat' dir='ltr'><strong>milliare</strong></span> <span class='ocrx_word' id='word_1_212' title='bbox 1111 3062 1284 3120; x_wconf 88' lang='lat' dir='ltr'><strong>habet</strong></span> <span class='ocrx_word' id='word_1_213' title='bbox 1304 3065 1653 3136; x_wconf 88' lang='lat' dir='ltr'><strong>latitudinis,</strong></span> <span class='ocrx_word' id='word_1_214' title='bbox 1688 3086 1822 3127; x_wconf 91' lang='lat' dir='ltr'><strong>cum</strong></span> 
     </span>
    </p>
   </div>
   <div class='ocr_carea' id='block_1_6' title="bbox 1868 1769 1917 1836">
    <p class='ocr_par' dir='ltr' id='par_1_12' title="bbox 1868 1769 1917 1836">
     <span class='ocr_line' id='line_1_35' title="bbox 1868 1769 1917 1836; baseline 0 0"><span class='ocrx_word' id='word_1_215' title='bbox 1868 1769 1917 1836; x_wconf 90' lang='lat' dir='ltr'><strong>B</strong></span> 
     </span>
    </p>
   </div>
   <div class='ocr_carea' id='block_1_7' title="bbox 1942 474 3609 2411">
    <p class='ocr_par' dir='ltr' id='par_1_13' title="bbox 1942 474 3609 2411">
     <span class='ocr_line' id='line_1_36' title="bbox 1956 474 3603 555; baseline 0.007 -27"><span class='ocrx_word' id='word_1_216' title='bbox 1956 476 2253 545; x_wconf 75' lang='lat' dir='ltr'><strong>queretur,</strong></span> <span class='ocrx_word' id='word_1_217' title='bbox 2269 490 2403 530; x_wconf 91' lang='lat' dir='ltr'><strong>cum</strong></span> <span class='ocrx_word' id='word_1_218' title='bbox 2422 474 2621 546; x_wconf 81' lang='lat' dir='ltr'><strong>paucis</strong></span> <span class='ocrx_word' id='word_1_219' title='bbox 2635 490 2704 530; x_wconf 86' lang='lat' dir='ltr'><strong>ex</strong></span> <span class='ocrx_word' id='word_1_220' title='bbox 2721 474 3086 548; x_wconf 88' lang='lat' dir='ltr'><strong>principibus</strong></span> <span class='ocrx_word' id='word_1_221' title='bbox 3104 480 3225 537; x_wconf 86' lang='lat' dir='ltr'><strong>suis</strong></span> <span class='ocrx_word' id='word_1_222' title='bbox 3240 497 3603 555; x_wconf 81' lang='lat' dir='ltr'><strong>progressus,</strong></span> 
     </span>
     <span class='ocr_line' id='line_1_37' title="bbox 1958 562 3608 645; baseline 0.008 -28"><span class='ocrx_word' id='word_1_223' title='bbox 1958 562 2106 618; x_wconf 90' lang='lat' dir='ltr'><strong>duce</strong></span> <span class='ocrx_word' id='word_1_224' title='bbox 2137 563 2368 633; x_wconf 78' lang='lat' dir='ltr'><strong>praevio,</strong></span> <span class='ocrx_word' id='word_1_225' title='bbox 2413 579 2598 634; x_wconf 90' lang='lat' dir='ltr'><strong>usque</strong></span> <span class='ocrx_word' id='word_1_226' title='bbox 2645 564 2716 620; x_wconf 82' lang='lat' dir='ltr'><strong>ad</strong></span> <span class='ocrx_word' id='word_1_227' title='bbox 2778 564 3146 635; x_wconf 86' lang='lat' dir='ltr'><strong>imperatoris</strong></span> <span class='ocrx_word' id='word_1_228' title='bbox 3212 575 3425 640; x_wconf 87' lang='lat' dir='ltr'><strong>castra,</strong></span> <span class='ocrx_word' id='word_1_229' title='bbox 3477 587 3608 645; x_wconf 81' lang='lat' dir='ltr'><strong>quae</strong></span> 
     </span>
     <span class='ocr_line' id='line_1_38' title="bbox 1951 650 3609 733; baseline 0.008 -27"><span class='ocrx_word' id='word_1_230' title='bbox 1951 650 2010 706; x_wconf 91' lang='lat' dir='ltr'><strong>in</strong></span> <span class='ocrx_word' id='word_1_231' title='bbox 2041 650 2239 707; x_wconf 87' lang='lat' dir='ltr'><strong>vicino</strong></span> <span class='ocrx_word' id='word_1_232' title='bbox 2274 652 2429 708; x_wconf 89' lang='lat' dir='ltr'><strong>idern</strong></span> <span class='ocrx_word' id='word_1_233' title='bbox 2457 651 2763 718; x_wconf 81' lang='lat' dir='ltr'><strong>locaverat,</strong></span> <span class='ocrx_word' id='word_1_234' title='bbox 2796 656 3083 725; x_wconf 84' lang='lat' dir='ltr'><strong>pervenit.</strong></span> <span class='ocrx_word' id='word_1_235' title='bbox 3116 656 3263 714; x_wconf 90' lang='lat' dir='ltr'><strong>Dato</strong></span> <span class='ocrx_word' id='word_1_236' title='bbox 3322 659 3520 733; x_wconf 90' lang='lat' dir='ltr'><strong>itaque</strong></span> <span class='ocrx_word' id='word_1_237' title='bbox 3549 664 3609 719; x_wconf 88' lang='lat' dir='ltr'><strong>et</strong></span> 
     </span>
     <span class='ocr_line' id='line_1_39' title="bbox 1950 740 3598 812; baseline 0.007 -17"><span class='ocrx_word' id='word_1_238' title='bbox 1950 744 2186 811; x_wconf 89' lang='lat' dir='ltr'><strong>accepto</strong></span> <span class='ocrx_word' id='word_1_239' title='bbox 2228 740 2433 797; x_wconf 70' lang='lat' dir='ltr'><strong>debitas</strong></span> <span class='ocrx_word' id='word_1_240' title='bbox 2463 740 2833 798; x_wconf 85' lang='lat' dir='ltr'><strong>salutationis</strong></span> <span class='ocrx_word' id='word_1_241' title='bbox 2865 743 3068 812; x_wconf 80' lang='lat' dir='ltr'><strong>affatu,</strong></span> <span class='ocrx_word' id='word_1_242' title='bbox 3105 744 3283 802; x_wconf 90' lang='lat' dir='ltr'><strong>simul</strong></span> <span class='ocrx_word' id='word_1_243' title='bbox 3316 751 3373 803; x_wconf 86' lang='lat' dir='ltr'><strong>et</strong></span> <span class='ocrx_word' id='word_1_244' title='bbox 3399 747 3598 805; x_wconf 91' lang='lat' dir='ltr'><strong>osculo</strong></span> 
     </span>
     <span class='ocr_line' id='line_1_40' title="bbox 1950 825 3605 904; baseline 0.005 -24"><span class='ocrx_word' id='word_1_245' title='bbox 1950 825 2572 896; x_wconf 83' lang='lat' dir='ltr'><strong>pacisintervenieute,</strong></span> <span class='ocrx_word' id='word_1_246' title='bbox 2598 827 2986 885; x_wconf 78' lang='lat' dir='ltr'><strong>familiaribus</strong></span> <span class='ocrx_word' id='word_1_247' title='bbox 3002 829 3094 886; x_wconf 92' lang='lat' dir='ltr'><strong>usi</strong></span> <span class='ocrx_word' id='word_1_248' title='bbox 3109 830 3440 904; x_wconf 87' lang='lat' dir='ltr'><strong>colloquiis,</strong></span> <span class='ocrx_word' id='word_1_249' title='bbox 3455 833 3605 889; x_wconf 88' lang='lat' dir='ltr'><strong>ordi-</strong></span> 
     </span>
     <span class='ocr_line' id='line_1_41' title="bbox 1949 916 3602 992; baseline 0.005 -22"><span class='ocrx_word' id='word_1_250' title='bbox 1949 918 2095 970; x_wconf 88' lang='lat' dir='ltr'><strong>nant</strong></span> <span class='ocrx_word' id='word_1_251' title='bbox 2127 916 2429 988; x_wconf 89' lang='lat' dir='ltr'><strong>proposito</strong></span> <span class='ocrx_word' id='word_1_252' title='bbox 2458 916 2755 985; x_wconf 85' lang='lat' dir='ltr'><strong>insistere,</strong></span> <span class='ocrx_word' id='word_1_253' title='bbox 2793 921 2850 972; x_wconf 89' lang='lat' dir='ltr'><strong>et</strong></span> <span class='ocrx_word' id='word_1_254' title='bbox 2901 918 3323 990; x_wconf 85' lang='lat' dir='ltr'><strong>simuljunctis</strong></span> <span class='ocrx_word' id='word_1_255' title='bbox 3352 920 3602 992; x_wconf 85' lang='lat' dir='ltr'><strong>agmini-</strong></span> 
     </span>
     <span class='ocr_line' id='line_1_42' title="bbox 1947 1003 3599 1080; baseline 0.005 -21"><span class='ocrx_word' id='word_1_256' title='bbox 1947 1003 2056 1059; x_wconf 85' lang='lat' dir='ltr'><strong>bus</strong></span> <span class='ocrx_word' id='word_1_257' title='bbox 2087 1003 2402 1074; x_wconf 82' lang='lat' dir='ltr'><strong>proficisci.</strong></span> <span class='ocrx_word' id='word_1_258' title='bbox 2439 1004 2607 1060; x_wconf 86' lang='lat' dir='ltr'><strong>Multi</strong></span> <span class='ocrx_word' id='word_1_259' title='bbox 2650 1010 2842 1061; x_wconf 83' lang='lat' dir='ltr'><strong>tamen</strong></span> <span class='ocrx_word' id='word_1_260' title='bbox 2893 1006 2965 1062; x_wconf 91' lang='lat' dir='ltr'><strong>de</strong></span> <span class='ocrx_word' id='word_1_261' title='bbox 3014 1011 3265 1080; x_wconf 88' lang='lat' dir='ltr'><strong>utroque</strong></span> <span class='ocrx_word' id='word_1_262' title='bbox 3321 1010 3599 1080; x_wconf 86' lang='lat' dir='ltr'><strong>exercitu,</strong></span> 
     </span>
     <span class='ocr_line' id='line_1_43' title="bbox 1945 1093 3603 1165; baseline 0.004 -17"><span class='ocrx_word' id='word_1_263' title='bbox 1945 1094 2041 1148; x_wconf 86' lang='lat' dir='ltr'><strong>sed</strong></span> <span class='ocrx_word' id='word_1_264' title='bbox 2076 1093 2328 1150; x_wconf 87' lang='lat' dir='ltr'><strong>maxime</strong></span> <span class='ocrx_word' id='word_1_265' title='bbox 2360 1095 2432 1150; x_wconf 92' lang='lat' dir='ltr'><strong>de</strong></span> <span class='ocrx_word' id='word_1_266' title='bbox 2465 1093 2683 1150; x_wconf 85' lang='lat' dir='ltr'><strong>eastris</strong></span> <span class='ocrx_word' id='word_1_267' title='bbox 2713 1094 3187 1165; x_wconf 89' lang='lat' dir='ltr'><strong>Teutonicorum,</strong></span> <span class='ocrx_word' id='word_1_268' title='bbox 3218 1097 3454 1154; x_wconf 89' lang='lat' dir='ltr'><strong>amissis</strong></span> <span class='ocrx_word' id='word_1_269' title='bbox 3483 1099 3603 1155; x_wconf 86' lang='lat' dir='ltr'><strong>via-</strong></span> 
     </span>
     <span class='ocr_line' id='line_1_44' title="bbox 1946 1180 3600 1264; baseline 0.005 -28"><span class='ocrx_word' id='word_1_270' title='bbox 1946 1180 2079 1264; x_wconf 74' lang='lat' dir='ltr'><strong>ticis</strong></span> <span class='ocrx_word' id='word_1_271' title='bbox 2108 1187 2168 1238; x_wconf 89' lang='lat' dir='ltr'><strong>et.</strong></span> <span class='ocrx_word' id='word_1_272' title='bbox 2191 1183 2462 1253; x_wconf 78' lang='lat' dir='ltr'><strong>expensis</strong></span> <span class='ocrx_word' id='word_1_273' title='bbox 2491 1184 2558 1240; x_wconf 90' lang='lat' dir='ltr'><strong>ad</strong></span> <span class='ocrx_word' id='word_1_274' title='bbox 2591 1183 2701 1240; x_wconf 85' lang='lat' dir='ltr'><strong>iter</strong></span> <span class='ocrx_word' id='word_1_275' title='bbox 2721 1184 3091 1254; x_wconf 86' lang='lat' dir='ltr'><strong>necessariis,</strong></span> <span class='ocrx_word' id='word_1_276' title='bbox 3120 1185 3338 1243; x_wconf 89' lang='lat' dir='ltr'><strong>laboris</strong></span> <span class='ocrx_word' id='word_1_277' title='bbox 3368 1201 3600 1259; x_wconf 84' lang='lat' dir='ltr'><strong>quoque</strong></span> 
     </span>
     <span class='ocr_line' id='line_1_45' title="bbox 1947 1268 3579 1343; baseline 0.004 -16"><span class='ocrx_word' id='word_1_278' title='bbox 1947 1268 2904 1340; x_wconf 86' lang='lat' dir='ltr'><strong>¹mmensitatedeterriti,votorum</strong></span> <span class='ocrx_word' id='word_1_279' title='bbox 2923 1273 3579 1343; x_wconf 87' lang='lat' dir='ltr'><strong>immemores,Constan</strong></span> 
     </span>
     <span class='ocr_line' id='line_1_46' title="bbox 1945 1332 3597 1435; baseline 0.004 -20"><span class='ocrx_word' id='word_1_280' title='bbox 1945 1332 2249 1432; x_wconf 71' lang='lat' dir='ltr'><strong>¹inopolim</strong></span> <span class='ocrx_word' id='word_1_281' title='bbox 2282 1364 2422 1417; x_wconf 88' lang='lat' dir='ltr'><strong>sunt</strong></span> <span class='ocrx_word' id='word_1_282' title='bbox 2469 1361 2711 1418; x_wconf 85' lang='lat' dir='ltr'><strong>reversi.</strong></span> <span class='ocrx_word' id='word_1_283' title='bbox 2739 1361 3087 1418; x_wconf 88' lang='lat' dir='ltr'><strong>Communic</strong></span> <span class='ocrx_word' id='word_1_284' title='bbox 3121 1364 3403 1435; x_wconf 84' lang='lat' dir='ltr'><strong>atoigitur</strong></span> <span class='ocrx_word' id='word_1_285' title='bbox 3466 1380 3597 1422; x_wconf 89' lang='lat' dir='ltr'><strong>cum</strong></span> 
     </span>
     <span class='ocr_line' id='line_1_47' title="bbox 1948 1450 3594 1525; baseline 0.003 -20"><span class='ocrx_word' id='word_1_286' title='bbox 1948 1450 2249 1523; x_wconf 89' lang='lat' dir='ltr'><strong>utriusque</strong></span> <span class='ocrx_word' id='word_1_287' title='bbox 2279 1452 2566 1508; x_wconf 84' lang='lat' dir='ltr'><strong>exercitus</strong></span> <span class='ocrx_word' id='word_1_288' title='bbox 2590 1451 2946 1523; x_wconf 84' lang='lat' dir='ltr'><strong>primoribus</strong></span> <span class='ocrx_word' id='word_1_289' title='bbox 2968 1451 3594 1525; x_wconf 84' lang='lat' dir='ltr'><strong>consilio,viamquam</strong></span> 
     </span>
     <span class='ocr_line' id='line_1_48' title="bbox 1947 1538 3594 1615; baseline 0.004 -21"><span class='ocrx_word' id='word_1_290' title='bbox 1947 1538 2111 1611; x_wconf 88' lang='lat' dir='ltr'><strong>prius</strong></span> <span class='ocrx_word' id='word_1_291' title='bbox 2139 1540 2462 1597; x_wconf 85' lang='lat' dir='ltr'><strong>incesserat</strong></span> <span class='ocrx_word' id='word_1_292' title='bbox 2490 1540 2824 1612; x_wconf 88' lang='lat' dir='ltr'><strong>imperator,</strong></span> <span class='ocrx_word' id='word_1_293' title='bbox 2854 1541 2925 1596; x_wconf 85' lang='lat' dir='ltr'><strong>ad</strong></span> <span class='ocrx_word' id='word_1_294' title='bbox 2950 1541 3144 1598; x_wconf 80' lang='lat' dir='ltr'><strong>loevam</strong></span> <span class='ocrx_word' id='word_1_295' title='bbox 3171 1541 3594 1615; x_wconf 82' lang='lat' dir='ltr'><strong>relinquentes,</strong></span> 
     </span>
     <span class='ocr_line' id='line_1_49' title="bbox 1943 1627 3601 1704; baseline 0.004 -22"><span class='ocrx_word' id='word_1_296' title='bbox 1943 1644 2150 1684; x_wconf 82' lang='lat' dir='ltr'><strong>versus</strong></span> <span class='ocrx_word' id='word_1_297' title='bbox 2180 1627 2381 1685; x_wconf 81' lang='lat' dir='ltr'><strong>Asiam</strong></span> <span class='ocrx_word' id='word_1_298' title='bbox 2414 1629 2725 1698; x_wconf 86' lang='lat' dir='ltr'><strong>minorem,</strong></span> <span class='ocrx_word' id='word_1_299' title='bbox 2761 1629 2970 1687; x_wconf 88' lang='lat' dir='ltr'><strong>relicta</strong></span> <span class='ocrx_word' id='word_1_300' title='bbox 3002 1648 3034 1686; x_wconf 88' lang='lat' dir='ltr'><strong>a</strong></span> <span class='ocrx_word' id='word_1_301' title='bbox 3083 1630 3300 1688; x_wconf 79' lang='lat' dir='ltr'><strong>dextris</strong></span> <span class='ocrx_word' id='word_1_302' title='bbox 3359 1635 3601 1704; x_wconf 87' lang='lat' dir='ltr'><strong>utraque</strong></span> 
     </span>
     <span class='ocr_line' id='line_1_50' title="bbox 1946 1716 3585 1792; baseline 0.003 -19"><span class='ocrx_word' id='word_1_303' title='bbox 1946 1716 2217 1790; x_wconf 73' lang='lat' dir='ltr'><strong>Phrygia,</strong></span> <span class='ocrx_word' id='word_1_304' title='bbox 2252 1723 2384 1790; x_wconf 88' lang='lat' dir='ltr'><strong>post</strong></span> <span class='ocrx_word' id='word_1_305' title='bbox 2405 1726 2627 1788; x_wconf 74' lang='lat' dir='ltr'><strong>tergum</strong></span> <span class='ocrx_word' id='word_1_306' title='bbox 2644 1734 2771 1775; x_wconf 81' lang='lat' dir='ltr'><strong>vero</strong></span> <span class='ocrx_word' id='word_1_307' title='bbox 2793 1719 3084 1792; x_wconf 76' lang='lat' dir='ltr'><strong>Bithynia,</strong></span> <span class='ocrx_word' id='word_1_308' title='bbox 3107 1719 3370 1791; x_wconf 88' lang='lat' dir='ltr'><strong>dirigunt</strong></span> <span class='ocrx_word' id='word_1_309' title='bbox 3398 1719 3585 1789; x_wconf 77' lang='lat' dir='ltr'><strong>acies3</strong></span> 
     </span>
     <span class='ocr_line' id='line_1_51' title="bbox 1946 1807 3584 1882; baseline 0.003 -20"><span class='ocrx_word' id='word_1_310' title='bbox 1946 1815 1999 1863; x_wconf 89' lang='lat' dir='ltr'><strong>et</strong></span> <span class='ocrx_word' id='word_1_311' title='bbox 2027 1822 2183 1863; x_wconf 90' lang='lat' dir='ltr'><strong>nunc</strong></span> <span class='ocrx_word' id='word_1_312' title='bbox 2211 1807 2656 1877; x_wconf 88' lang='lat' dir='ltr'><strong>mediterraneo,</strong></span> <span class='ocrx_word' id='word_1_313' title='bbox 2690 1824 2844 1863; x_wconf 90' lang='lat' dir='ltr'><strong>nunc</strong></span> <span class='ocrx_word' id='word_1_314' title='bbox 2905 1809 3199 1866; x_wconf 90' lang='lat' dir='ltr'><strong>maritimo</strong></span> <span class='ocrx_word' id='word_1_315' title='bbox 3247 1810 3584 1882; x_wconf 86' lang='lat' dir='ltr'><strong>gradientes</strong></span> 
     </span>
     <span class='ocr_line' id='line_1_52' title="bbox 1945 1894 3592 1970; baseline 0.003 -20"><span class='ocrx_word' id='word_1_316' title='bbox 1945 1894 2169 1962; x_wconf 80' lang='lat' dir='ltr'><strong>itinere,</strong></span> <span class='ocrx_word' id='word_1_317' title='bbox 2184 1895 2642 1969; x_wconf 87' lang='lat' dir='ltr'><strong>Philadelphiam</strong></span> <span class='ocrx_word' id='word_1_318' title='bbox 2657 1913 2690 1952; x_wconf 89' lang='lat' dir='ltr'><strong>a</strong></span> <span class='ocrx_word' id='word_1_319' title='bbox 2704 1895 2840 1953; x_wconf 82' lang='lat' dir='ltr'><strong>laeva</strong></span> <span class='ocrx_word' id='word_1_320' title='bbox 2858 1896 3592 1970; x_wconf 80' lang='lat' dir='ltr'><strong>declinantes,Smyrnam,</strong></span> 
     </span>
     <span class='ocr_line' id='line_1_53' title="bbox 1945 1984 3590 2058; baseline 0.002 -17"><span class='ocrx_word' id='word_1_321' title='bbox 1945 1990 2003 2041; x_wconf 88' lang='lat' dir='ltr'><strong>et</strong></span> <span class='ocrx_word' id='word_1_322' title='bbox 2021 1984 2157 2041; x_wconf 88' lang='lat' dir='ltr'><strong>inde</strong></span> <span class='ocrx_word' id='word_1_323' title='bbox 2178 1985 2472 2057; x_wconf 78' lang='lat' dir='ltr'><strong>Ephesum</strong></span> <span class='ocrx_word' id='word_1_324' title='bbox 2494 1985 2758 2056; x_wconf 74' lang='lat' dir='ltr'><strong>ejusdem</strong></span> <span class='ocrx_word' id='word_1_325' title='bbox 2774 1985 3590 2058; x_wconf 78' lang='lat' dir='ltr'><strong>Asioemetropolim,.loannis</strong></span> 
     </span>
     <span class='ocr_line' id='line_1_54' title="bbox 1944 2074 3589 2149; baseline 0.001 -17"><span class='ocrx_word' id='word_1_326' title='bbox 1944 2074 2320 2148; x_wconf 77' lang='lat' dir='ltr'><strong>Evangelistoe</strong></span> <span class='ocrx_word' id='word_1_327' title='bbox 2351 2077 2811 2141; x_wconf 86' lang='lat' dir='ltr'><strong>conversatione,</strong></span> <span class='ocrx_word' id='word_1_328' title='bbox 2844 2075 3273 2149; x_wconf 65' lang='lat' dir='ltr'><strong>praedicatione,</strong></span> <span class='ocrx_word' id='word_1_329' title='bbox 3305 2076 3485 2132; x_wconf 91' lang='lat' dir='ltr'><strong>simul</strong></span> <span class='ocrx_word' id='word_1_330' title='bbox 3528 2082 3589 2134; x_wconf 85' lang='lat' dir='ltr'><strong>et</strong></span> 
     </span>
     <span class='ocr_line' id='line_1_55' title="bbox 1943 2164 3582 2239; baseline -0.001 -17"><span class='ocrx_word' id='word_1_331' title='bbox 1943 2165 2208 2239; x_wconf 89' lang='lat' dir='ltr'><strong>sepulcro</strong></span> <span class='ocrx_word' id='word_1_332' title='bbox 2220 2164 2781 2237; x_wconf 88' lang='lat' dir='ltr'><strong>claram,perveneru</strong></span> <span class='ocrx_word' id='word_1_333' title='bbox 2791 2165 2984 2222; x_wconf 85' lang='lat' dir='ltr'><strong>nt.Hic</strong></span> <span class='ocrx_word' id='word_1_334' title='bbox 2996 2167 3229 2223; x_wconf 90' lang='lat' dir='ltr'><strong>demum</strong></span> <span class='ocrx_word' id='word_1_335' title='bbox 3243 2165 3582 2238; x_wconf 89' lang='lat' dir='ltr'><strong>imperator,</strong></span> 
     </span>
     <span class='ocr_line' id='line_1_56' title="bbox 1944 2252 3582 2327; baseline 0.001 -17"><span class='ocrx_word' id='word_1_336' title='bbox 1944 2269 2045 2310; x_wconf 86' lang='lat' dir='ltr'><strong>seu</strong></span> <span class='ocrx_word' id='word_1_337' title='bbox 2060 2253 2196 2325; x_wconf 88' lang='lat' dir='ltr'><strong>quia</strong></span> <span class='ocrx_word' id='word_1_338' title='bbox 2213 2270 2345 2310; x_wconf 90' lang='lat' dir='ltr'><strong>cum</strong></span> <span class='ocrx_word' id='word_1_339' title='bbox 2361 2252 2726 2324; x_wconf 83' lang='lat' dir='ltr'><strong>paucioribus</strong></span> <span class='ocrx_word' id='word_1_340' title='bbox 2740 2252 2993 2327; x_wconf 87' lang='lat' dir='ltr'><strong>erat,qui</strong></span> <span class='ocrx_word' id='word_1_341' title='bbox 3007 2253 3188 2309; x_wconf 90' lang='lat' dir='ltr'><strong>multo</strong></span> <span class='ocrx_word' id='word_1_342' title='bbox 3206 2252 3402 2325; x_wconf 89' lang='lat' dir='ltr'><strong>plures</strong></span> <span class='ocrx_word' id='word_1_343' title='bbox 3418 2252 3582 2326; x_wconf 86' lang='lat' dir='ltr'><strong>prius</strong></span> 
     </span>
     <span class='ocr_line' id='line_1_57' title="bbox 1942 2342 3588 2411; baseline 0 -11"><span class='ocrx_word' id='word_1_344' title='bbox 1942 2359 2141 2401; x_wconf 89' lang='lat' dir='ltr'><strong>secum</strong></span> <span class='ocrx_word' id='word_1_345' title='bbox 2159 2342 2461 2411; x_wconf 88' lang='lat' dir='ltr'><strong>habuerat,</strong></span> <span class='ocrx_word' id='word_1_346' title='bbox 2471 2342 2872 2400; x_wconf 80' lang='lat' dir='ltr'><strong>verecundiam</strong></span> <span class='ocrx_word' id='word_1_347' title='bbox 2886 2342 3315 2410; x_wconf 85' lang='lat' dir='ltr'><strong>sustinens,aut</strong></span> <span class='ocrx_word' id='word_1_348' title='bbox 3339 2343 3588 2401; x_wconf 87' lang='lat' dir='ltr'><strong>Franco·</strong></span> 
     </span>
    </p>
   </div>
   <div class='ocr_carea' id='block_1_8' title="bbox 1941 2430 3695 2502">
    <p class='ocr_par' dir='ltr' id='par_1_14' title="bbox 1941 2430 3695 2502">
     <span class='ocr_line' id='line_1_58' title="bbox 1941 2430 3695 2502; baseline -0.001 -11"><span class='ocrx_word' id='word_1_349' title='bbox 1941 2450 2071 2491; x_wconf 89' lang='lat' dir='ltr'><strong>rum</strong></span> <span class='ocrx_word' id='word_1_350' title='bbox 2094 2434 2279 2491; x_wconf 81' lang='lat' dir='ltr'><strong>fastus</strong></span> <span class='ocrx_word' id='word_1_351' title='bbox 2302 2450 2417 2491; x_wconf 89' lang='lat' dir='ltr'><strong>non</strong></span> <span class='ocrx_word' id='word_1_352' title='bbox 2441 2434 2653 2502; x_wconf 86' lang='lat' dir='ltr'><strong>ferens,</strong></span> <span class='ocrx_word' id='word_1_353' title='bbox 2668 2449 2771 2489; x_wconf 90' lang='lat' dir='ltr'><strong>seu</strong></span> <span class='ocrx_word' id='word_1_354' title='bbox 2792 2431 2922 2488; x_wconf 89' lang='lat' dir='ltr'><strong>aliis</strong></span> <span class='ocrx_word' id='word_1_355' title='bbox 2942 2430 3259 2489; x_wconf 84' lang='lat' dir='ltr'><strong>latentibus</strong></span> <span class='ocrx_word' id='word_1_356' title='bbox 3276 2431 3586 2501; x_wconf 83' lang='lat' dir='ltr'><strong>causis,re-</strong></span> <span class='ocrx_word' id='word_1_357' title='bbox 3690 2489 3695 2494; x_wconf 83' lang='grc'><strong>,</strong></span> 
     </span>
    </p>
   </div>
   <div class='ocr_carea' id='block_1_9' title="bbox 1934 2519 3582 3132">
    <p class='ocr_par' dir='ltr' id='par_1_15' title="bbox 1934 2519 3582 3132">
     <span class='ocr_line' id='line_1_59' title="bbox 1941 2519 3577 2595; baseline -0.002 -15"><span class='ocrx_word' id='word_1_358' title='bbox 1941 2524 2141 2581; x_wconf 88' lang='lat' dir='ltr'><strong>missis</strong></span> <span class='ocrx_word' id='word_1_359' title='bbox 2159 2539 2286 2595; x_wconf 77' lang='lat' dir='ltr'><strong>quas</strong></span> <span class='ocrx_word' id='word_1_360' title='bbox 2300 2525 2643 2595; x_wconf 84' lang='lat' dir='ltr'><strong>supererant</strong></span> <span class='ocrx_word' id='word_1_361' title='bbox 2658 2525 2989 2593; x_wconf 88' lang='lat' dir='ltr'><strong>perterram</strong></span> <span class='ocrx_word' id='word_1_362' title='bbox 3006 2520 3351 2593; x_wconf 81' lang='lat' dir='ltr'><strong>legionibus,</strong></span> <span class='ocrx_word' id='word_1_363' title='bbox 3364 2520 3489 2592; x_wconf 90' lang='lat' dir='ltr'><strong>ipse</strong></span> <span class='ocrx_word' id='word_1_364' title='bbox 3504 2519 3577 2577; x_wconf 93' lang='lat' dir='ltr'><strong>ab</strong></span> 
     </span>
     <span class='ocr_line' id='line_1_60' title="bbox 1936 2609 3580 2685; baseline -0.002 -17"><span class='ocrx_word' id='word_1_365' title='bbox 1936 2612 2162 2685; x_wconf 80' lang='lat' dir='ltr'><strong>Epheso</strong></span> <span class='ocrx_word' id='word_1_366' title='bbox 2184 2629 2329 2669; x_wconf 89' lang='lat' dir='ltr'><strong>usus</strong></span> <span class='ocrx_word' id='word_1_367' title='bbox 2347 2609 3169 2684; x_wconf 81' lang='lat' dir='ltr'><strong>navigio,Constantinopolim</strong></span> <span class='ocrx_word' id='word_1_368' title='bbox 3185 2624 3447 2666; x_wconf 88' lang='lat' dir='ltr'><strong>reversus</strong></span> <span class='ocrx_word' id='word_1_369' title='bbox 3469 2612 3580 2666; x_wconf 82' lang='lat' dir='ltr'><strong>est.</strong></span> 
     </span>
     <span class='ocr_line' id='line_1_61' title="bbox 1940 2701 3579 2775; baseline -0.002 -14"><span class='ocrx_word' id='word_1_370' title='bbox 1940 2701 2050 2761; x_wconf 89' lang='lat' dir='ltr'><strong>Ubi</strong></span> <span class='ocrx_word' id='word_1_371' title='bbox 2069 2722 2102 2762; x_wconf 98' lang='lat' dir='ltr'><strong>a</strong></span> <span class='ocrx_word' id='word_1_372' title='bbox 2116 2704 2355 2762; x_wconf 90' lang='lat' dir='ltr'><strong>domino</strong></span> <span class='ocrx_word' id='word_1_373' title='bbox 2369 2704 2736 2775; x_wconf 88' lang='lat' dir='ltr'><strong>imperatore,</strong></span> <span class='ocrx_word' id='word_1_374' title='bbox 2751 2701 2927 2759; x_wconf 88' lang='lat' dir='ltr'><strong>multo</strong></span> <span class='ocrx_word' id='word_1_375' title='bbox 2942 2717 3115 2772; x_wconf 88' lang='lat' dir='ltr'><strong>quam</strong></span> <span class='ocrx_word' id='word_1_376' title='bbox 3138 2702 3328 2774; x_wconf 90' lang='lat' dir='ltr'><strong>primo</strong></span> <span class='ocrx_word' id='word_1_377' title='bbox 3360 2702 3579 2759; x_wconf 82' lang='lat' dir='ltr'><strong>adven-</strong></span> 
     </span>
     <span class='ocr_line' id='line_1_62' title="bbox 1937 2791 3582 2865; baseline -0.002 -14"><span class='ocrx_word' id='word_1_378' title='bbox 1937 2798 2023 2862; x_wconf 90' lang='lat' dir='ltr'><strong>tu,</strong></span> <span class='ocrx_word' id='word_1_379' title='bbox 2047 2797 2353 2865; x_wconf 87' lang='lat' dir='ltr'><strong>susceptus</strong></span> <span class='ocrx_word' id='word_1_380' title='bbox 2366 2791 2693 2860; x_wconf 88' lang='lat' dir='ltr'><strong>honestius,</strong></span> <span class='ocrx_word' id='word_1_381' title='bbox 2717 2807 2938 2849; x_wconf 88' lang='lat' dir='ltr'><strong>moram</strong></span> <span class='ocrx_word' id='word_1_382' title='bbox 2964 2792 3115 2864; x_wconf 87' lang='lat' dir='ltr'><strong>apud</strong></span> <span class='ocrx_word' id='word_1_383' title='bbox 3138 2806 3272 2847; x_wconf 90' lang='lat' dir='ltr'><strong>eum</strong></span> <span class='ocrx_word' id='word_1_384' title='bbox 3296 2807 3407 2864; x_wconf 86' lang='lat' dir='ltr'><strong>usq</strong></span> <span class='ocrx_word' id='word_1_385' title='bbox 3419 2807 3490 2849; x_wconf 88' lang='lat' dir='ltr'><strong>ue</strong></span> <span class='ocrx_word' id='word_1_386' title='bbox 3509 2791 3582 2848; x_wconf 89' lang='lat' dir='ltr'><strong>ad</strong></span> 
     </span>
     <span class='ocr_line' id='line_1_63' title="bbox 1934 2879 3578 2954; baseline -0.002 -13"><span class='ocrx_word' id='word_1_387' title='bbox 1934 2883 2330 2941; x_wconf 86' lang='lat' dir='ltr'><strong>verisinitium</strong></span> <span class='ocrx_word' id='word_1_388' title='bbox 2349 2882 2671 2954; x_wconf 88' lang='lat' dir='ltr'><strong>sequentis,</strong></span> <span class='ocrx_word' id='word_1_389' title='bbox 2686 2898 2823 2938; x_wconf 89' lang='lat' dir='ltr'><strong>eum</strong></span> <span class='ocrx_word' id='word_1_390' title='bbox 2842 2881 2963 2938; x_wconf 88' lang='lat' dir='ltr'><strong>suis</strong></span> <span class='ocrx_word' id='word_1_391' title='bbox 2977 2880 3182 2937; x_wconf 89' lang='lat' dir='ltr'><strong>habuit</strong></span> <span class='ocrx_word' id='word_1_392' title='bbox 3197 2879 3578 2954; x_wconf 85' lang='lat' dir='ltr'><strong>principibus.</strong></span> 
     </span>
     <span class='ocr_line' id='line_1_64' title="bbox 1934 2969 3578 3042; baseline -0.004 -10"><span class='ocrx_word' id='word_1_393' title='bbox 1934 2974 2067 3032; x_wconf 77' lang='lat' dir='ltr'><strong>Erat</strong></span> <span class='ocrx_word' id='word_1_394' title='bbox 2086 2974 2242 3030; x_wconf 90' lang='lat' dir='ltr'><strong>enim</strong></span> <span class='ocrx_word' id='word_1_395' title='bbox 2265 2972 2416 3030; x_wconf 88' lang='lat' dir='ltr'><strong>inter</strong></span> <span class='ocrx_word' id='word_1_396' title='bbox 2434 2988 2533 3030; x_wconf 89' lang='lat' dir='ltr'><strong>eos</strong></span> <span class='ocrx_word' id='word_1_397' title='bbox 2548 2971 2851 3028; x_wconf 81' lang='lat' dir='ltr'><strong>affinitatis</strong></span> <span class='ocrx_word' id='word_1_398' title='bbox 2864 2969 3198 3042; x_wconf 89' lang='lat' dir='ltr'><strong>vinculum;</strong></span> <span class='ocrx_word' id='word_1_399' title='bbox 3223 2986 3356 3026; x_wconf 88' lang='lat' dir='ltr'><strong>nam</strong></span> <span class='ocrx_word' id='word_1_400' title='bbox 3374 2985 3578 3027; x_wconf 88' lang='lat' dir='ltr'><strong>eorum</strong></span> 
     </span>
     <span class='ocr_line' id='line_1_65' title="bbox 1935 3059 3575 3132; baseline -0.002 -11"><span class='ocrx_word' id='word_1_401' title='bbox 1935 3080 2164 3131; x_wconf 87' lang='lat' dir='ltr'><strong>uxores,</strong></span> <span class='ocrx_word' id='word_1_402' title='bbox 2197 3078 2424 3120; x_wconf 85' lang='lat' dir='ltr'><strong>sorores</strong></span> <span class='ocrx_word' id='word_1_403' title='bbox 2454 3066 2639 3129; x_wconf 80' lang='lat' dir='ltr'><strong>erant,</strong></span> <span class='ocrx_word' id='word_1_404' title='bbox 2663 3061 2795 3118; x_wconf 79' lang='lat' dir='ltr'><strong>flliae</strong></span> <span class='ocrx_word' id='word_1_405' title='bbox 2818 3059 3154 3132; x_wconf 87' lang='lat' dir='ltr'><strong>Berengarii</strong></span> <span class='ocrx_word' id='word_1_406' title='bbox 3173 3059 3449 3125; x_wconf 90' lang='lat' dir='ltr'><strong>senioris,</strong></span> <span class='ocrx_word' id='word_1_407' title='bbox 3476 3075 3575 3117; x_wconf 91' lang='lat' dir='ltr'><strong>co·</strong></span> 
     </span>
    </p>
   </div>
   <div class='ocr_carea' id='block_1_10' title="bbox 181 3146 3580 3231">
    <p class='ocr_par' dir='ltr' id='par_1_16' title="bbox 181 3146 3580 3231">
     <span class='ocr_line' id='line_1_66' title="bbox 181 3146 3580 3231; baseline 0.001 -26"><span class='ocrx_word' id='word_1_408' title='bbox 181 3146 473 3205; x_wconf 84' lang='lat' dir='ltr'><strong>universis</strong></span> <span class='ocrx_word' id='word_1_409' title='bbox 502 3148 830 3221; x_wconf 85' lang='lat' dir='ltr'><strong>legionibus</strong></span> <span class='ocrx_word' id='word_1_410' title='bbox 860 3152 1104 3208; x_wconf 84' lang='lat' dir='ltr'><strong>transito</strong></span> <span class='ocrx_word' id='word_1_411' title='bbox 1146 3155 1315 3224; x_wconf 89' lang='lat' dir='ltr'><strong>mari,</strong></span> <span class='ocrx_word' id='word_1_412' title='bbox 1374 3157 1435 3212; x_wconf 86' lang='lat' dir='ltr'><strong>tn</strong></span> <span class='ocrx_word' id='word_1_413' title='bbox 1493 3158 1820 3231; x_wconf 80' lang='lat' dir='ltr'><strong>Bithyniam</strong></span> <span class='ocrx_word' id='word_1_414' title='bbox 1852 3151 1905 3219; x_wconf 85' lang='lat' dir='ltr'>G</span> <span class='ocrx_word' id='word_1_415' title='bbox 1934 3155 2094 3212; x_wconf 90' lang='lat' dir='ltr'><strong>mitis</strong></span> <span class='ocrx_word' id='word_1_416' title='bbox 2127 3155 2199 3211; x_wconf 88' lang='lat' dir='ltr'><strong>de</strong></span> <span class='ocrx_word' id='word_1_417' title='bbox 2224 3152 2566 3226; x_wconf 74' lang='lat' dir='ltr'><strong>sulcepach,</strong></span> <span class='ocrx_word' id='word_1_418' title='bbox 2598 3151 2796 3222; x_wconf 80' lang='lat' dir='ltr'><strong>magni</strong></span> <span class='ocrx_word' id='word_1_419' title='bbox 2826 3156 2885 3208; x_wconf 88' lang='lat' dir='ltr'><strong>et</strong></span> <span class='ocrx_word' id='word_1_420' title='bbox 2911 3149 3126 3224; x_wconf 70' lang='lat' dir='ltr'><strong>caragii</strong></span> <span class='ocrx_word' id='word_1_421' title='bbox 3184 3149 3492 3222; x_wconf 88' lang='lat' dir='ltr'><strong>principis,</strong></span> <span class='ocrx_word' id='word_1_422' title='bbox 3520 3153 3580 3207; x_wconf 89' lang='lat' dir='ltr'><strong>et</strong></span> 
     </span>
    </p>
   </div>
   <div class='ocr_carea' id='block_1_11' title="bbox 175 3237 1826 4481">
    <p class='ocr_par' dir='ltr' id='par_1_17' title="bbox 175 3237 1826 4481">
     <span class='ocr_line' id='line_1_67' title="bbox 180 3237 1822 3320; baseline 0.007 -27"><span class='ocrx_word' id='word_1_423' title='bbox 180 3237 595 3309; x_wconf 84' lang='lat' dir='ltr'><strong>descenderat3</strong></span> <span class='ocrx_word' id='word_1_424' title='bbox 627 3244 945 3312; x_wconf 80' lang='lat' dir='ltr'><strong>gyratoque</strong></span> <span class='ocrx_word' id='word_1_425' title='bbox 973 3242 1106 3297; x_wconf 89' lang='lat' dir='ltr'><strong>sinu</strong></span> <span class='ocrx_word' id='word_1_426' title='bbox 1140 3243 1339 3311; x_wconf 89' lang='lat' dir='ltr'><strong>maris,</strong></span> <span class='ocrx_word' id='word_1_427' title='bbox 1400 3246 1501 3318; x_wconf 92' lang='lat' dir='ltr'><strong>qui</strong></span> <span class='ocrx_word' id='word_1_428' title='bbox 1558 3247 1629 3304; x_wconf 89' lang='lat' dir='ltr'><strong>ab</strong></span> <span class='ocrx_word' id='word_1_429' title='bbox 1657 3249 1822 3320; x_wconf 85' lang='lat' dir='ltr'><strong>adja-</strong></span> 
     </span>
     <span class='ocr_line' id='line_1_68' title="bbox 182 3326 1826 3407; baseline 0.007 -24"><span class='ocrx_word' id='word_1_430' title='bbox 182 3330 351 3383; x_wconf 88' lang='lat' dir='ltr'><strong>cente</strong></span> <span class='ocrx_word' id='word_1_431' title='bbox 383 3326 522 3383; x_wconf 90' lang='lat' dir='ltr'><strong>urbe</strong></span> <span class='ocrx_word' id='word_1_432' title='bbox 551 3327 816 3397; x_wconf 85' lang='lat' dir='ltr'><strong>ejusdem</strong></span> <span class='ocrx_word' id='word_1_433' title='bbox 858 3329 1141 3402; x_wconf 61' lang='lat' dir='ltr'><strong>Bithynia!</strong></span> <span class='ocrx_word' id='word_1_434' title='bbox 1198 3335 1527 3407; x_wconf 81' lang='lat' dir='ltr'><strong>metropoli,</strong></span> <span class='ocrx_word' id='word_1_435' title='bbox 1556 3335 1826 3394; x_wconf 90' lang='lat' dir='ltr'><strong>Nicome-</strong></span> 
     </span>
     <span class='ocr_line' id='line_1_69' title="bbox 180 3416 1825 3494; baseline 0.007 -22"><span class='ocrx_word' id='word_1_436' title='bbox 180 3416 405 3472; x_wconf 84' lang='lat' dir='ltr'><strong>dienais</strong></span> <span class='ocrx_word' id='word_1_437' title='bbox 429 3416 664 3483; x_wconf 86' lang='lat' dir='ltr'><strong>dicitur,</strong></span> <span class='ocrx_word' id='word_1_438' title='bbox 714 3421 815 3490; x_wconf 91' lang='lat' dir='ltr'><strong>qui</strong></span> <span class='ocrx_word' id='word_1_439' title='bbox 864 3420 1039 3475; x_wconf 89' lang='lat' dir='ltr'><strong>etiam</strong></span> <span class='ocrx_word' id='word_1_440' title='bbox 1101 3421 1401 3494; x_wconf 87' lang='lat' dir='ltr'><strong>Bosphori,</strong></span> <span class='ocrx_word' id='word_1_441' title='bbox 1460 3424 1576 3481; x_wconf 79' lang='lat' dir='ltr'><strong>sive</strong></span> <span class='ocrx_word' id='word_1_442' title='bbox 1605 3426 1825 3484; x_wconf 80' lang='lat' dir='ltr'><strong>Helles-</strong></span> 
     </span>
     <span class='ocr_line' id='line_1_70' title="bbox 179 3507 1826 3581; baseline 0.008 -20"><span class='ocrx_word' id='word_1_443' title='bbox 179 3507 345 3579; x_wconf 88' lang='lat' dir='ltr'><strong>ponti</strong></span> <span class='ocrx_word' id='word_1_444' title='bbox 378 3523 514 3579; x_wconf 91' lang='lat' dir='ltr'><strong>pars</strong></span> <span class='ocrx_word' id='word_1_445' title='bbox 544 3511 656 3576; x_wconf 86' lang='lat' dir='ltr'><strong>est,</strong></span> <span class='ocrx_word' id='word_1_446' title='bbox 687 3507 746 3564; x_wconf 91' lang='lat' dir='ltr'><strong>in</strong></span> <span class='ocrx_word' id='word_1_447' title='bbox 775 3524 922 3581; x_wconf 87' lang='lat' dir='ltr'><strong>pago</strong></span> <span class='ocrx_word' id='word_1_448' title='bbox 944 3509 1139 3580; x_wconf 87' lang='lat' dir='ltr'><strong>Nicen,</strong></span> <span class='ocrx_word' id='word_1_449' title='bbox 1171 3527 1287 3568; x_wconf 88' lang='lat' dir='ltr'><strong>non</strong></span> <span class='ocrx_word' id='word_1_450' title='bbox 1311 3513 1562 3572; x_wconf 89' lang='lat' dir='ltr'><strong>multum</strong></span> <span class='ocrx_word' id='word_1_451' title='bbox 1586 3533 1620 3573; x_wconf 90' lang='lat' dir='ltr'><strong>a</strong></span> <span class='ocrx_word' id='word_1_452' title='bbox 1649 3517 1826 3574; x_wconf 87' lang='lat' dir='ltr'><strong>Nicea</strong></span> 
     </span>
     <span class='ocr_line' id='line_1_71' title="bbox 179 3596 1826 3675; baseline 0.007 -23"><span class='ocrx_word' id='word_1_453' title='bbox 179 3603 465 3664; x_wconf 83' lang='lat' dir='ltr'><strong>remotus,</strong></span> <span class='ocrx_word' id='word_1_454' title='bbox 495 3604 690 3652; x_wconf 87' lang='lat' dir='ltr'><strong>castra</strong></span> <span class='ocrx_word' id='word_1_455' title='bbox 717 3596 1026 3667; x_wconf 87' lang='lat' dir='ltr'><strong>locaverat,</strong></span> <span class='ocrx_word' id='word_1_456' title='bbox 1060 3600 1390 3658; x_wconf 87' lang='lat' dir='ltr'><strong>deliberans</strong></span> <span class='ocrx_word' id='word_1_457' title='bbox 1413 3620 1525 3675; x_wconf 90' lang='lat' dir='ltr'><strong>qua</strong></span> <span class='ocrx_word' id='word_1_458' title='bbox 1558 3605 1645 3661; x_wconf 84' lang='lat' dir='ltr'><strong>via</strong></span> <span class='ocrx_word' id='word_1_459' title='bbox 1673 3606 1826 3662; x_wconf 89' lang='lat' dir='ltr'><strong>ince-</strong></span> 
     </span>
     <span class='ocr_line' id='line_1_72' title="bbox 175 3685 1824 3766; baseline 0.006 -25"><span class='ocrx_word' id='word_1_460' title='bbox 175 3685 439 3741; x_wconf 89' lang='lat' dir='ltr'><strong>dendum</strong></span> <span class='ocrx_word' id='word_1_461' title='bbox 463 3689 646 3754; x_wconf 78' lang='lat' dir='ltr'><strong>esset3</strong></span> <span class='ocrx_word' id='word_1_462' title='bbox 671 3686 827 3742; x_wconf 87' lang='lat' dir='ltr'><strong>etde</strong></span> <span class='ocrx_word' id='word_1_463' title='bbox 864 3688 1102 3745; x_wconf 91' lang='lat' dir='ltr'><strong>domino</strong></span> <span class='ocrx_word' id='word_1_464' title='bbox 1137 3689 1505 3762; x_wconf 88' lang='lat' dir='ltr'><strong>imperatore,</strong></span> <span class='ocrx_word' id='word_1_465' title='bbox 1551 3695 1650 3766; x_wconf 91' lang='lat' dir='ltr'><strong>qui</strong></span> <span class='ocrx_word' id='word_1_466' title='bbox 1686 3711 1824 3752; x_wconf 89' lang='lat' dir='ltr'><strong>eum</strong></span> 
     </span>
     <span class='ocr_line' id='line_1_73' title="bbox 178 3775 1825 3854; baseline 0.008 -25"><span class='ocrx_word' id='word_1_467' title='bbox 178 3779 576 3847; x_wconf 66' lang='lat' dir='ltr'><strong>praecesserat,</strong></span> <span class='ocrx_word' id='word_1_468' title='bbox 601 3791 748 3831; x_wconf 80' lang='lat' dir='ltr'><strong>nova</strong></span> <span class='ocrx_word' id='word_1_469' title='bbox 778 3775 1112 3847; x_wconf 85' lang='lat' dir='ltr'><strong>diligentius</strong></span> <span class='ocrx_word' id='word_1_470' title='bbox 1161 3778 1556 3854; x_wconf 81' lang='lat' dir='ltr'><strong>investigans3</strong></span> <span class='ocrx_word' id='word_1_471' title='bbox 1589 3789 1647 3840; x_wconf 88' lang='lat' dir='ltr'><strong>et</strong></span> <span class='ocrx_word' id='word_1_472' title='bbox 1692 3800 1825 3842; x_wconf 87' lang='lat' dir='ltr'><strong>ecee</strong></span> 
     </span>
     <span class='ocr_line' id='line_1_74' title="bbox 180 3862 1821 3942; baseline 0.006 -23"><span class='ocrx_word' id='word_1_473' title='bbox 180 3862 491 3919; x_wconf 86' lang='lat' dir='ltr'><strong>nuntiatur</strong></span> <span class='ocrx_word' id='word_1_474' title='bbox 519 3863 825 3920; x_wconf 88' lang='lat' dir='ltr'><strong>dominum</strong></span> <span class='ocrx_word' id='word_1_475' title='bbox 854 3866 1284 3936; x_wconf 87' lang='lat' dir='ltr'><strong>imperatorem,</strong></span> <span class='ocrx_word' id='word_1_476' title='bbox 1305 3872 1525 3927; x_wconf 90' lang='lat' dir='ltr'><strong>amisso</strong></span> <span class='ocrx_word' id='word_1_477' title='bbox 1546 3873 1821 3942; x_wconf 82' lang='lat' dir='ltr'><strong>exercitu,</strong></span> 
     </span>
     <span class='ocr_line' id='line_1_75' title="bbox 178 3953 1820 4032; baseline 0.008 -27"><span class='ocrx_word' id='word_1_478' title='bbox 178 3967 393 4023; x_wconf 78' lang='lat' dir='ltr'><strong>vagum</strong></span> <span class='ocrx_word' id='word_1_479' title='bbox 406 3955 462 4008; x_wconf 87' lang='lat' dir='ltr'><strong>et</strong></span> <span class='ocrx_word' id='word_1_480' title='bbox 474 3953 939 4026; x_wconf 85' lang='lat' dir='ltr'><strong>profugum‚cum</strong></span> <span class='ocrx_word' id='word_1_481' title='bbox 957 3956 1156 4026; x_wconf 88' lang='lat' dir='ltr'><strong>paucis</strong></span> <span class='ocrx_word' id='word_1_482' title='bbox 1167 3957 1532 4032; x_wconf 89' lang='lat' dir='ltr'><strong>principibus</strong></span> <span class='ocrx_word' id='word_1_483' title='bbox 1544 3963 1820 4019; x_wconf 83' lang='lat' dir='ltr'><strong>evasisse.</strong></span> 
     </span>
     <span class='ocr_line' id='line_1_76' title="bbox 179 4041 1823 4116; baseline 0.009 -20"><span class='ocrx_word' id='word_1_484' title='bbox 179 4041 444 4098; x_wconf 88' lang='lat' dir='ltr'><strong>Primum</strong></span> <span class='ocrx_word' id='word_1_485' title='bbox 475 4041 669 4115; x_wconf 88' lang='lat' dir='ltr'><strong>itaque</strong></span> <span class='ocrx_word' id='word_1_486' title='bbox 699 4058 885 4100; x_wconf 89' lang='lat' dir='ltr'><strong>sermo</strong></span> <span class='ocrx_word' id='word_1_487' title='bbox 917 4044 1154 4116; x_wconf 87' lang='lat' dir='ltr'><strong>dubius,</strong></span> <span class='ocrx_word' id='word_1_488' title='bbox 1178 4051 1236 4103; x_wconf 90' lang='lat' dir='ltr'><strong>et</strong></span> <span class='ocrx_word' id='word_1_489' title='bbox 1265 4049 1391 4106; x_wconf 88' lang='lat' dir='ltr'><strong>sine</strong></span> <span class='ocrx_word' id='word_1_490' title='bbox 1410 4056 1565 4107; x_wconf 88' lang='lat' dir='ltr'><strong>certo</strong></span> <span class='ocrx_word' id='word_1_491' title='bbox 1588 4056 1823 4111; x_wconf 89' lang='lat' dir='ltr'><strong>auctore</strong></span> 
     </span>
     <span class='ocr_line' id='line_1_77' title="bbox 180 4132 1821 4213; baseline 0.006 -26"><span class='ocrx_word' id='word_1_492' title='bbox 180 4135 348 4187; x_wconf 89' lang='lat' dir='ltr'><strong>ortus</strong></span> <span class='ocrx_word' id='word_1_493' title='bbox 373 4135 491 4200; x_wconf 90' lang='lat' dir='ltr'><strong>est;</strong></span> <span class='ocrx_word' id='word_1_494' title='bbox 524 4132 625 4188; x_wconf 89' lang='lat' dir='ltr'><strong>sed</strong></span> <span class='ocrx_word' id='word_1_495' title='bbox 660 4148 939 4204; x_wconf 88' lang='lat' dir='ltr'><strong>processu</strong></span> <span class='ocrx_word' id='word_1_496' title='bbox 959 4135 1230 4206; x_wconf 82' lang='lat' dir='ltr'><strong>temporis</strong></span> <span class='ocrx_word' id='word_1_497' title='bbox 1252 4137 1437 4194; x_wconf 82' lang='lat' dir='ltr'><strong>factus</strong></span> <span class='ocrx_word' id='word_1_498' title='bbox 1459 4143 1549 4195; x_wconf 87' lang='lat' dir='ltr'><strong>est.</strong></span> <span class='ocrx_word' id='word_1_499' title='bbox 1578 4140 1821 4213; x_wconf 81' lang='lat' dir='ltr'><strong>certior3</strong></span> 
     </span>
     <span class='ocr_line' id='line_1_78' title="bbox 179 4221 1824 4294; baseline 0.006 -17"><span class='ocrx_word' id='word_1_500' title='bbox 179 4236 346 4291; x_wconf 89' lang='lat' dir='ltr'><strong>nam,</strong></span> <span class='ocrx_word' id='word_1_501' title='bbox 364 4221 588 4277; x_wconf 89' lang='lat' dir='ltr'><strong>modico</strong></span> <span class='ocrx_word' id='word_1_502' title='bbox 608 4221 912 4294; x_wconf 87' lang='lat' dir='ltr'><strong>interjecto</strong></span> <span class='ocrx_word' id='word_1_503' title='bbox 935 4224 1261 4291; x_wconf 82' lang='lat' dir='ltr'><strong>intervallo,</strong></span> <span class='ocrx_word' id='word_1_504' title='bbox 1288 4226 1595 4285; x_wconf 89' lang='lat' dir='ltr'><strong>dominum</strong></span> <span class='ocrx_word' id='word_1_505' title='bbox 1616 4230 1824 4287; x_wconf 85' lang='lat' dir='ltr'><strong>Frede-</strong></span> 
     </span>
     <span class='ocr_line' id='line_1_79' title="bbox 178 4309 1824 4391; baseline 0.009 -27"><span class='ocrx_word' id='word_1_506' title='bbox 178 4309 339 4365; x_wconf 88' lang='lat' dir='ltr'><strong>ricus</strong></span> <span class='ocrx_word' id='word_1_507' title='bbox 355 4309 675 4367; x_wconf 85' lang='lat' dir='ltr'><strong>Suevorum</strong></span> <span class='ocrx_word' id='word_1_508' title='bbox 695 4310 832 4378; x_wconf 83' lang='lat' dir='ltr'><strong>dux,</strong></span> <span class='ocrx_word' id='word_1_509' title='bbox 854 4313 1195 4371; x_wconf 87' lang='lat' dir='ltr'><strong>adolescens</strong></span> <span class='ocrx_word' id='word_1_510' title='bbox 1217 4317 1824 4391; x_wconf 78' lang='lat' dir='ltr'><strong>admirandaeindoliS,</strong></span> 
     </span>
     <span class='ocr_line' id='line_1_80' title="bbox 178 4396 1820 4481; baseline 0.009 -29"><span class='ocrx_word' id='word_1_511' title='bbox 178 4396 404 4453; x_wconf 89' lang='lat' dir='ltr'><strong>domini</strong></span> <span class='ocrx_word' id='word_1_512' title='bbox 436 4397 807 4471; x_wconf 88' lang='lat' dir='ltr'><strong>imperatoris</strong></span> <span class='ocrx_word' id='word_1_513' title='bbox 838 4416 907 4456; x_wconf 85' lang='lat' dir='ltr'><strong>ex</strong></span> <span class='ocrx_word' id='word_1_514' title='bbox 948 4403 1125 4459; x_wconf 87' lang='lat' dir='ltr'><strong>fratre</strong></span> <span class='ocrx_word' id='word_1_515' title='bbox 1182 4405 1569 4478; x_wconf 84' lang='lat' dir='ltr'><strong>primogenito</strong></span> <span class='ocrx_word' id='word_1_516' title='bbox 1623 4425 1820 4481; x_wconf 82' lang='lat' dir='ltr'><strong>nepos,</strong></span> 
     </span>
    </p>
   </div>
   <div class='ocr_carea' id='block_1_12' title="bbox 179 4485 1905 4588">
    <p class='ocr_par' dir='ltr' id='par_1_18' title="bbox 179 4485 1905 4588">
     <span class='ocr_line' id='line_1_81' title="bbox 179 4485 1905 4588; baseline 0.01 -48"><span class='ocrx_word' id='word_1_517' title='bbox 179 4485 493 4556; x_wconf 87' lang='lat' dir='ltr'><strong>quieidem</strong></span> <span class='ocrx_word' id='word_1_518' title='bbox 526 4488 768 4544; x_wconf 90' lang='lat' dir='ltr'><strong>domino</strong></span> <span class='ocrx_word' id='word_1_519' title='bbox 790 4488 1075 4560; x_wconf 88' lang='lat' dir='ltr'><strong>Conrado,</strong></span> <span class='ocrx_word' id='word_1_520' title='bbox 1106 4498 1310 4562; x_wconf 86' lang='lat' dir='ltr'><strong>patruo</strong></span> <span class='ocrx_word' id='word_1_521' title='bbox 1328 4511 1432 4551; x_wconf 91' lang='lat' dir='ltr'><strong>suo</strong></span> <span class='ocrx_word' id='word_1_522' title='bbox 1483 4499 1825 4564; x_wconf 87' lang='lat' dir='ltr'><strong>succedens,</strong></span> <span class='ocrx_word' id='word_1_523' title='bbox 1858 4522 1905 4588; x_wconf 76' lang='lat' dir='ltr'>D</span> 
     </span>
    </p>
   </div>
   <div class='ocr_carea' id='block_1_13' title="bbox 168 4574 1828 5632">
    <p class='ocr_par' dir='ltr' id='par_1_19' title="bbox 168 4574 1828 5632">
     <span class='ocr_line' id='line_1_82' title="bbox 179 4574 1828 4643; baseline 0.008 -13"><span class='ocrx_word' id='word_1_524' title='bbox 179 4574 511 4632; x_wconf 86' lang='lat' dir='ltr'><strong>Romanum</strong></span> <span class='ocrx_word' id='word_1_525' title='bbox 540 4574 712 4632; x_wconf 90' lang='lat' dir='ltr'><strong>hodie</strong></span> <span class='ocrx_word' id='word_1_526' title='bbox 770 4586 1004 4636; x_wconf 80' lang='lat' dir='ltr'><strong>strenue</strong></span> <span class='ocrx_word' id='word_1_527' title='bbox 1065 4586 1124 4638; x_wconf 87' lang='lat' dir='ltr'><strong>et</strong></span> <span class='ocrx_word' id='word_1_528' title='bbox 1151 4583 1394 4639; x_wconf 83' lang='lat' dir='ltr'><strong>feliciter</strong></span> <span class='ocrx_word' id='word_1_529' title='bbox 1460 4585 1828 4643; x_wconf 85' lang='lat' dir='ltr'><strong>administrat</strong></span> 
     </span>
     <span class='ocr_line' id='line_1_83' title="bbox 178 4661 1825 4747; baseline 0.009 -30"><span class='ocrx_word' id='word_1_530' title='bbox 178 4661 523 4734; x_wconf 88' lang='lat' dir='ltr'><strong>imperium,</strong></span> <span class='ocrx_word' id='word_1_531' title='bbox 553 4681 585 4720; x_wconf 93' lang='lat' dir='ltr'><strong>a</strong></span> <span class='ocrx_word' id='word_1_532' title='bbox 616 4667 826 4723; x_wconf 85' lang='lat' dir='ltr'><strong>castris</strong></span> <span class='ocrx_word' id='word_1_533' title='bbox 857 4668 1078 4724; x_wconf 87' lang='lat' dir='ltr'><strong>domini</strong></span> <span class='ocrx_word' id='word_1_534' title='bbox 1136 4671 1504 4744; x_wconf 88' lang='lat' dir='ltr'><strong>imperatoris</strong></span> <span class='ocrx_word' id='word_1_535' title='bbox 1532 4690 1825 4747; x_wconf 84' lang='lat' dir='ltr'><strong>egressus,</strong></span> 
     </span>
     <span class='ocr_line' id='line_1_84' title="bbox 190 4751 1827 4837; baseline 0.01 -31"><span class='ocrx_word' id='word_1_536' title='bbox 190 4751 265 4807; x_wconf 90' lang='lat' dir='ltr'><strong>ad</strong></span> <span class='ocrx_word' id='word_1_537' title='bbox 303 4753 623 4810; x_wconf 86' lang='lat' dir='ltr'><strong>exercitum</strong></span> <span class='ocrx_word' id='word_1_538' title='bbox 655 4756 875 4811; x_wconf 90' lang='lat' dir='ltr'><strong>domini</strong></span> <span class='ocrx_word' id='word_1_539' title='bbox 910 4759 1063 4831; x_wconf 88' lang='lat' dir='ltr'><strong>regis</strong></span> <span class='ocrx_word' id='word_1_540' title='bbox 1087 4759 1444 4818; x_wconf 87' lang='lat' dir='ltr'><strong>Francorum</strong></span> <span class='ocrx_word' id='word_1_541' title='bbox 1486 4780 1827 4837; x_wconf 83' lang='lat' dir='ltr'><strong>properans,</strong></span> 
     </span>
     <span class='ocr_line' id='line_1_85' title="bbox 175 4839 1823 4926; baseline 0.009 -31"><span class='ocrx_word' id='word_1_542' title='bbox 175 4839 305 4897; x_wconf 78' lang='lat' dir='ltr'><strong>haec</strong></span> <span class='ocrx_word' id='word_1_543' title='bbox 339 4842 541 4899; x_wconf 87' lang='lat' dir='ltr'><strong>eadem</strong></span> <span class='ocrx_word' id='word_1_544' title='bbox 574 4859 698 4914; x_wconf 83' lang='lat' dir='ltr'><strong>quae</strong></span> <span class='ocrx_word' id='word_1_545' title='bbox 732 4846 896 4916; x_wconf 88' lang='lat' dir='ltr'><strong>prius</strong></span> <span class='ocrx_word' id='word_1_546' title='bbox 919 4846 1137 4904; x_wconf 89' lang='lat' dir='ltr'><strong>incerto</strong></span> <span class='ocrx_word' id='word_1_547' title='bbox 1159 4853 1392 4909; x_wconf 89' lang='lat' dir='ltr'><strong>auctore</strong></span> <span class='ocrx_word' id='word_1_548' title='bbox 1423 4858 1823 4926; x_wconf 87' lang='lat' dir='ltr'><strong>susceperant,</strong></span> 
     </span>
     <span class='ocr_line' id='line_1_86' title="bbox 177 4927 1824 5011; baseline 0.012 -29"><span class='ocrx_word' id='word_1_549' title='bbox 177 4927 416 5000; x_wconf 85' lang='lat' dir='ltr'><strong>plenius</strong></span> <span class='ocrx_word' id='word_1_550' title='bbox 443 4934 502 4987; x_wconf 90' lang='lat' dir='ltr'><strong>et</strong></span> <span class='ocrx_word' id='word_1_551' title='bbox 532 4932 748 4989; x_wconf 88' lang='lat' dir='ltr'><strong>certius</strong></span> <span class='ocrx_word' id='word_1_552' title='bbox 769 4934 1019 4992; x_wconf 81' lang='lat' dir='ltr'><strong>edocuit.</strong></span> <span class='ocrx_word' id='word_1_553' title='bbox 1065 4935 1319 4996; x_wconf 88' lang='lat' dir='ltr'><strong>Venerat</strong></span> <span class='ocrx_word' id='word_1_554' title='bbox 1347 4944 1570 5011; x_wconf 90' lang='lat' dir='ltr'><strong>autem,</strong></span> <span class='ocrx_word' id='word_1_555' title='bbox 1604 4948 1670 5000; x_wconf 92' lang='lat' dir='ltr'><strong>ut</strong></span> <span class='ocrx_word' id='word_1_556' title='bbox 1717 4944 1824 4999; x_wconf 89' lang='lat' dir='ltr'><strong>do-</strong></span> 
     </span>
     <span class='ocr_line' id='line_1_87' title="bbox 177 5016 1824 5102; baseline 0.012 -30"><span class='ocrx_word' id='word_1_557' title='bbox 177 5016 407 5074; x_wconf 90' lang='lat' dir='ltr'><strong>minum</strong></span> <span class='ocrx_word' id='word_1_558' title='bbox 438 5035 632 5092; x_wconf 81' lang='lat' dir='ltr'><strong>regem</strong></span> <span class='ocrx_word' id='word_1_559' title='bbox 666 5037 799 5079; x_wconf 90' lang='lat' dir='ltr'><strong>cum</strong></span> <span class='ocrx_word' id='word_1_560' title='bbox 824 5025 1097 5096; x_wconf 83' lang='lat' dir='ltr'><strong>praedieto</strong></span> <span class='ocrx_word' id='word_1_561' title='bbox 1125 5027 1363 5085; x_wconf 89' lang='lat' dir='ltr'><strong>domino</strong></span> <span class='ocrx_word' id='word_1_562' title='bbox 1385 5030 1732 5102; x_wconf 88' lang='lat' dir='ltr'><strong>imperatore</strong></span> <span class='ocrx_word' id='word_1_563' title='bbox 1752 5034 1824 5090; x_wconf 89' lang='lat' dir='ltr'><strong>ad</strong></span> 
     </span>
     <span class='ocr_line' id='line_1_88' title="bbox 175 5106 1828 5192; baseline 0.01 -30"><span class='ocrx_word' id='word_1_564' title='bbox 175 5106 537 5180; x_wconf 90' lang='lat' dir='ltr'><strong>colloquium</strong></span> <span class='ocrx_word' id='word_1_565' title='bbox 568 5110 835 5169; x_wconf 80' lang='lat' dir='ltr'><strong>invitaret</strong></span> <span class='ocrx_word' id='word_1_566' title='bbox 893 5118 978 5179; x_wconf 89' lang='lat' dir='ltr'><strong>ut,</strong></span> <span class='ocrx_word' id='word_1_567' title='bbox 1027 5117 1331 5173; x_wconf 90' lang='lat' dir='ltr'><strong>communi</strong></span> <span class='ocrx_word' id='word_1_568' title='bbox 1371 5120 1640 5192; x_wconf 89' lang='lat' dir='ltr'><strong>consilio,</strong></span> <span class='ocrx_word' id='word_1_569' title='bbox 1689 5120 1828 5179; x_wconf 89' lang='lat' dir='ltr'><strong>licet</strong></span> 
     </span>
     <span class='ocr_line' id='line_1_89' title="bbox 175 5198 1823 5282; baseline 0.01 -30"><span class='ocrx_word' id='word_1_570' title='bbox 175 5212 329 5266; x_wconf 87' lang='lat' dir='ltr'><strong>sero,</strong></span> <span class='ocrx_word' id='word_1_571' title='bbox 362 5198 432 5255; x_wconf 89' lang='lat' dir='ltr'><strong>de</strong></span> <span class='ocrx_word' id='word_1_572' title='bbox 464 5199 672 5257; x_wconf 90' lang='lat' dir='ltr'><strong>itinere</strong></span> <span class='ocrx_word' id='word_1_573' title='bbox 708 5204 1081 5260; x_wconf 85' lang='lat' dir='ltr'><strong>tractaretur.</strong></span> <span class='ocrx_word' id='word_1_574' title='bbox 1117 5205 1359 5264; x_wconf 86' lang='lat' dir='ltr'><strong>Factum</strong></span> <span class='ocrx_word' id='word_1_575' title='bbox 1390 5212 1479 5265; x_wconf 89' lang='lat' dir='ltr'><strong>est</strong></span> <span class='ocrx_word' id='word_1_576' title='bbox 1507 5213 1704 5267; x_wconf 86' lang='lat' dir='ltr'><strong>autem</strong></span> <span class='ocrx_word' id='word_1_577' title='bbox 1735 5215 1823 5282; x_wconf 91' lang='lat' dir='ltr'><strong>ut,</strong></span> 
     </span>
     <span class='ocr_line' id='line_1_90' title="bbox 173 5287 1823 5367; baseline 0.011 -25"><span class='ocrx_word' id='word_1_578' title='bbox 173 5287 376 5344; x_wconf 89' lang='lat' dir='ltr'><strong>audito</strong></span> <span class='ocrx_word' id='word_1_579' title='bbox 408 5289 667 5362; x_wconf 89' lang='lat' dir='ltr'><strong>periculo</strong></span> <span class='ocrx_word' id='word_1_580' title='bbox 701 5292 945 5350; x_wconf 88' lang='lat' dir='ltr'><strong>fratrum</strong></span> <span class='ocrx_word' id='word_1_581' title='bbox 982 5299 1039 5351; x_wconf 89' lang='lat' dir='ltr'><strong>et</strong></span> <span class='ocrx_word' id='word_1_582' title='bbox 1068 5295 1332 5367; x_wconf 88' lang='lat' dir='ltr'><strong>interitu,</strong></span> <span class='ocrx_word' id='word_1_583' title='bbox 1363 5304 1421 5356; x_wconf 91' lang='lat' dir='ltr'><strong>et</strong></span> <span class='ocrx_word' id='word_1_584' title='bbox 1448 5299 1671 5358; x_wconf 89' lang='lat' dir='ltr'><strong>domini</strong></span> <span class='ocrx_word' id='word_1_585' title='bbox 1705 5301 1823 5359; x_wconf 86' lang='lat' dir='ltr'><strong>im-</strong></span> 
     </span>
     <span class='ocr_line' id='line_1_91' title="bbox 171 5378 1824 5475; baseline 0.01 -43"><span class='ocrx_word' id='word_1_586' title='bbox 171 5378 464 5450; x_wconf 88' lang='lat' dir='ltr'><strong>peratoris</strong></span> <span class='ocrx_word' id='word_1_587' title='bbox 502 5379 744 5439; x_wconf 89' lang='lat' dir='ltr'><strong>sinistro</strong></span> <span class='ocrx_word' id='word_1_588' title='bbox 801 5399 938 5440; x_wconf 90' lang='lat' dir='ltr'><strong>casu</strong></span> <span class='ocrx_word' id='word_1_589' title='bbox 1000 5386 1099 5457; x_wconf 91' lang='lat' dir='ltr'><strong>qui</strong></span> <span class='ocrx_word' id='word_1_590' title='bbox 1154 5386 1462 5456; x_wconf 88' lang='lat' dir='ltr'><strong>acciderat,</strong></span> <span class='ocrx_word' id='word_1_591' title='bbox 1514 5390 1824 5475; x_wconf 70' lang='lat' dir='ltr'><strong>universqs</strong></span> 
     </span>
     <span class='ocr_line' id='line_1_92' title="bbox 173 5466 1824 5551; baseline 0.012 -28"><span class='ocrx_word' id='word_1_592' title='bbox 173 5466 533 5526; x_wconf 85' lang='lat' dir='ltr'><strong>Francorum</strong></span> <span class='ocrx_word' id='word_1_593' title='bbox 568 5471 772 5529; x_wconf 88' lang='lat' dir='ltr'><strong>merito</strong></span> <span class='ocrx_word' id='word_1_594' title='bbox 802 5474 1148 5533; x_wconf 87' lang='lat' dir='ltr'><strong>turbaretur</strong></span> <span class='ocrx_word' id='word_1_595' title='bbox 1176 5477 1486 5551; x_wconf 86' lang='lat' dir='ltr'><strong>exereitus,</strong></span> <span class='ocrx_word' id='word_1_596' title='bbox 1544 5485 1602 5538; x_wconf 87' lang='lat' dir='ltr'><strong>et</strong></span> <span class='ocrx_word' id='word_1_597' title='bbox 1630 5486 1824 5543; x_wconf 87' lang='lat' dir='ltr'><strong>mente</strong></span> 
     </span>
     <span class='ocr_line' id='line_1_93' title="bbox 168 5561 1825 5632; baseline 0.008 -14"><span class='ocrx_word' id='word_1_598' title='bbox 168 5561 608 5632; x_wconf 71' lang='lat' dir='ltr'><strong>compateretur</strong></span> <span class='ocrx_word' id='word_1_599' title='bbox 620 5575 638 5631; x_wconf 78' lang='lat'><em>3</em></span> <span class='ocrx_word' id='word_1_600' title='bbox 682 5562 921 5621; x_wconf 87' lang='lat' dir='ltr'><strong>tandem</strong></span> <span class='ocrx_word' id='word_1_601' title='bbox 971 5564 1145 5623; x_wconf 88' lang='lat' dir='ltr'><strong>verbo</strong></span> <span class='ocrx_word' id='word_1_602' title='bbox 1202 5565 1427 5625; x_wconf 90' lang='lat' dir='ltr'><strong>domini</strong></span> <span class='ocrx_word' id='word_1_603' title='bbox 1501 5569 1668 5630; x_wconf 84' lang='lat' dir='ltr'><strong>ducis</strong></span> <span class='ocrx_word' id='word_1_604' title='bbox 1724 5587 1825 5632; x_wconf 85' lang='lat' dir='ltr'><strong>rex</strong></span> 
     </span>
    </p>
   </div>
   <div class='ocr_carea' id='block_1_14' title="bbox 1934 3238 3579 3492">
    <p class='ocr_par' dir='ltr' id='par_1_20' title="bbox 1934 3238 3579 3492">
     <span class='ocr_line' id='line_1_94' title="bbox 1934 3238 3577 3319; baseline -0.005 -15"><span class='ocrx_word' id='word_1_605' title='bbox 1934 3247 1996 3304; x_wconf 89' lang='lat' dir='ltr'><strong>in</strong></span> <span class='ocrx_word' id='word_1_606' title='bbox 2018 3263 2195 3319; x_wconf 86' lang='lat' dir='ltr'><strong>regno</strong></span> <span class='ocrx_word' id='word_1_607' title='bbox 2218 3244 2671 3302; x_wconf 86' lang='lat' dir='ltr'><strong>Teutonicorum</strong></span> <span class='ocrx_word' id='word_1_608' title='bbox 2688 3241 3116 3316; x_wconf 89' lang='lat' dir='ltr'><strong>potentissimi:</strong></span> <span class='ocrx_word' id='word_1_609' title='bbox 3138 3241 3293 3298; x_wconf 91' lang='lat' dir='ltr'><strong>unde</strong></span> <span class='ocrx_word' id='word_1_610' title='bbox 3306 3238 3577 3311; x_wconf 87' lang='lat' dir='ltr'><strong>ampliori</strong></span> 
     </span>
     <span class='ocr_line' id='line_1_95' title="bbox 1934 3329 3579 3413; baseline -0.006 -19"><span class='ocrx_word' id='word_1_611' title='bbox 1934 3352 2216 3411; x_wconf 85' lang='lat' dir='ltr'><strong>argaeum</strong></span> <span class='ocrx_word' id='word_1_612' title='bbox 2231 3333 2849 3404; x_wconf 86' lang='lat' dir='ltr'><strong>abundabatgratia,et</strong></span> <span class='ocrx_word' id='word_1_613' title='bbox 2864 3330 3269 3388; x_wconf 81' lang='lat' dir='ltr'><strong>liberalitatem</strong></span> <span class='ocrx_word' id='word_1_614' title='bbox 3286 3329 3346 3385; x_wconf 88' lang='lat' dir='ltr'><strong>in</strong></span> <span class='ocrx_word' id='word_1_615' title='bbox 3363 3332 3579 3413; x_wconf 38' lang='lat' dir='ltr'><strong>eum-et</strong></span> 
     </span>
     <span class='ocr_line' id='line_1_96' title="bbox 1934 3417 3575 3492; baseline -0.005 -9"><span class='ocrx_word' id='word_1_616' title='bbox 1934 3442 2071 3483; x_wconf 86' lang='lat' dir='ltr'><strong>suos</strong></span> <span class='ocrx_word' id='word_1_617' title='bbox 2101 3426 2429 3491; x_wconf 89' lang='lat' dir='ltr'><strong>tenebatur,</strong></span> <span class='ocrx_word' id='word_1_618' title='bbox 2460 3422 2714 3478; x_wconf 85' lang='lat' dir='ltr'><strong>maxime</strong></span> <span class='ocrx_word' id='word_1_619' title='bbox 2745 3420 3166 3478; x_wconf 88' lang='lat' dir='ltr'><strong>interveniente</strong></span> <span class='ocrx_word' id='word_1_620' title='bbox 3185 3417 3575 3492; x_wconf 85' lang='lat' dir='ltr'><strong>imperatrice,</strong></span> 
     </span>
    </p>
   </div>
   <div class='ocr_carea' id='block_1_15' title="bbox 1935 3512 2742 3572">
    <p class='ocr_par' dir='ltr' id='par_1_21' title="bbox 1935 3512 2742 3572">
     <span class='ocr_line' id='line_1_97' title="bbox 1935 3512 2742 3572; baseline -0.004 -1"><span class='ocrx_word' id='word_1_621' title='bbox 1935 3514 2235 3572; x_wconf 81' lang='lat' dir='ltr'><strong>effundere</strong></span> <span class='ocrx_word' id='word_1_622' title='bbox 2268 3512 2742 3570; x_wconf 86' lang='lat' dir='ltr'><strong>cumulatiorem.</strong></span> 
     </span>
    </p>
   </div>
   <div class='ocr_carea' id='block_1_16' title="bbox 2501 3614 3003 3676">
    <p class='ocr_par' dir='ltr' id='par_1_22' title="bbox 2501 3614 3003 3676">
     <span class='ocr_line' id='line_1_98' title="bbox 2501 3614 3003 3676; baseline -0.008 0"><span class='ocrx_word' id='word_1_623' title='bbox 2501 3617 2736 3676; x_wconf 85' lang='lat' dir='ltr'>CAPUT</span> <span class='ocrx_word' id='word_1_624' title='bbox 2793 3614 3003 3672; x_wconf 83' lang='lat' dir='ltr'>xxw.</span> 
     </span>
    </p>
   </div>
   <div class='ocr_carea' id='block_1_17' title="bbox 1934 3700 3579 3849">
    <p class='ocr_par' dir='ltr' id='par_1_23' title="bbox 1934 3700 3579 3849">
     <span class='ocr_line' id='line_1_99' title="bbox 1934 3700 3579 3785; baseline -0.007 -16"><span class='ocrx_word' id='word_1_625' title='bbox 1934 3714 2051 3769; x_wconf 72' lang='lat' dir='ltr'><strong>Rex</strong></span> <span class='ocrx_word' id='word_1_626' title='bbox 2071 3714 2405 3768; x_wconf 79' lang='lat' dir='ltr'><strong>Francorum</strong></span> <span class='ocrx_word' id='word_1_627' title='bbox 2425 3708 2541 3764; x_wconf 84' lang='lat' dir='ltr'><strong>alia</strong></span> <span class='ocrx_word' id='word_1_628' title='bbox 2577 3704 2871 3778; x_wconf 77' lang='lat' dir='ltr'><strong>procedent</strong></span> <span class='ocrx_word' id='word_1_629' title='bbox 2901 3706 3010 3772; x_wconf 86' lang='lat' dir='ltr'><strong>via,</strong></span> <span class='ocrx_word' id='word_1_630' title='bbox 3062 3700 3336 3769; x_wconf 77' lang='lat' dir='ltr'><strong>Ephesum</strong></span> <span class='ocrx_word' id='word_1_631' title='bbox 3382 3715 3579 3785; x_wconf 46' lang='grc' dir='ltr'><strong>ρει-νεῖ</strong></span> 
     </span>
     <span class='ocr_line' id='line_1_100' title="bbox 2004 3773 3577 3849; baseline -0.007 -10"><span class='ocrx_word' id='word_1_632' title='bbox 2004 3787 2128 3849; x_wconf 82' lang='lat' dir='ltr'><strong>nit;</strong></span> <span class='ocrx_word' id='word_1_633' title='bbox 2151 3781 2318 3839; x_wconf 82' lang='lat' dir='ltr'><strong>Guido</strong></span> <span class='ocrx_word' id='word_1_634' title='bbox 2350 3795 2530 3836; x_wconf 77' lang='lat' dir='ltr'><strong>comes</strong></span> <span class='ocrx_word' id='word_1_635' title='bbox 2569 3779 2635 3835; x_wconf 79' lang='lat' dir='ltr'><strong>dc</strong></span> <span class='ocrx_word' id='word_1_636' title='bbox 2700 3777 2924 3831; x_wconf 82' lang='lat' dir='ltr'><strong>Pontivo</strong></span> <span class='ocrx_word' id='word_1_637' title='bbox 2947 3777 3026 3829; x_wconf 80' lang='lat' dir='ltr'><strong>ibi</strong></span> <span class='ocrx_word' id='word_1_638' title='bbox 3062 3773 3319 3828; x_wconf 84' lang='lat' dir='ltr'><strong>moritur.</strong></span> <span class='ocrx_word' id='word_1_639' title='bbox 3371 3773 3577 3828; x_wconf 70' lang='lat' dir='ltr'><strong>Franci</strong></span> 
     </span>
    </p>
   </div>
   <div class='ocr_carea' id='block_1_18' title="bbox 1927 3842 3577 5645">
    <p class='ocr_par' dir='ltr' id='par_1_24' title="bbox 2007 3842 3441 3923">
     <span class='ocr_line' id='line_1_101' title="bbox 2007 3842 3441 3923; baseline -0.008 -13"><span class='ocrx_word' id='word_1_640' title='bbox 2007 3855 2323 3912; x_wconf 67' lang='lat' dir='ltr'><strong>nicandrum</strong></span> <span class='ocrx_word' id='word_1_641' title='bbox 2352 3853 2586 3923; x_wconf 76' lang='lat' dir='ltr'><strong>stitutum</strong></span> <span class='ocrx_word' id='word_1_642' title='bbox 2615 3855 2927 3915; x_wconf 83' lang='lat' dir='ltr'><strong>transeunt,</strong></span> <span class='ocrx_word' id='word_1_643' title='bbox 2962 3847 3151 3901; x_wconf 80' lang='lat' dir='ltr'><strong>invitis</strong></span> <span class='ocrx_word' id='word_1_644' title='bbox 3174 3842 3441 3900; x_wconf 73' lang='lat' dir='ltr'><strong>hostibus.</strong></span> 
     </span>
    </p>

    <p class='ocr_par' dir='ltr' id='par_1_25' title="bbox 1932 3950 3577 4916">
     <span class='ocr_line' id='line_1_102' title="bbox 2004 3950 3577 4022; baseline -0.008 -2"><span class='ocrx_word' id='word_1_645' title='bbox 2004 3965 2231 4020; x_wconf 89' lang='lat' dir='ltr'><strong>Interea</strong></span> <span class='ocrx_word' id='word_1_646' title='bbox 2256 3977 2356 4017; x_wconf 85' lang='lat' dir='ltr'><strong>rex</strong></span> <span class='ocrx_word' id='word_1_647' title='bbox 2386 3960 2742 4016; x_wconf 83' lang='lat' dir='ltr'><strong>Francorum</strong></span> <span class='ocrx_word' id='word_1_648' title='bbox 2765 3955 2836 4010; x_wconf 88' lang='lat' dir='ltr'><strong>de</strong></span> <span class='ocrx_word' id='word_1_649' title='bbox 2858 3953 3064 4011; x_wconf 86' lang='lat' dir='ltr'><strong>itinere</strong></span> <span class='ocrx_word' id='word_1_650' title='bbox 3092 3967 3228 4011; x_wconf 89' lang='lat' dir='ltr'><strong>cum</strong></span> <span class='ocrx_word' id='word_1_651' title='bbox 3261 3952 3385 4009; x_wconf 90' lang='lat' dir='ltr'><strong>suis</strong></span> <span class='ocrx_word' id='word_1_652' title='bbox 3418 3950 3577 4022; x_wconf 87' lang='lat' dir='ltr'><strong>prin·</strong></span> 
     </span>
     <span class='ocr_line' id='line_1_103' title="bbox 1935 4041 3577 4127; baseline -0.008 -17"><span class='ocrx_word' id='word_1_653' title='bbox 1935 4053 2166 4127; x_wconf 88' lang='lat' dir='ltr'><strong>cipibus</strong></span> <span class='ocrx_word' id='word_1_654' title='bbox 2198 4049 2364 4106; x_wconf 86' lang='lat' dir='ltr'><strong>valde</strong></span> <span class='ocrx_word' id='word_1_655' title='bbox 2385 4047 2697 4116; x_wconf 88' lang='lat' dir='ltr'><strong>sollicitus,</strong></span> <span class='ocrx_word' id='word_1_656' title='bbox 2723 4046 2864 4101; x_wconf 91' lang='lat' dir='ltr'><strong>dum</strong></span> <span class='ocrx_word' id='word_1_657' title='bbox 2887 4043 3043 4116; x_wconf 89' lang='lat' dir='ltr'><strong>apud</strong></span> <span class='ocrx_word' id='word_1_658' title='bbox 3067 4041 3358 4114; x_wconf 84' lang='lat' dir='ltr'><strong>Ephesum</strong></span> <span class='ocrx_word' id='word_1_659' title='bbox 3388 4041 3577 4114; x_wconf 86' lang='lat' dir='ltr'><strong>gratia</strong></span> 
     </span>
     <span class='ocr_line' id='line_1_104' title="bbox 1936 4129 3575 4206; baseline -0.009 -6"><span class='ocrx_word' id='word_1_660' title='bbox 1936 4139 2239 4200; x_wconf 89' lang='lat' dir='ltr'><strong>recreandi</strong></span> <span class='ocrx_word' id='word_1_661' title='bbox 2271 4137 2580 4206; x_wconf 82' lang='lat' dir='ltr'><strong>exercitus,</strong></span> <span class='ocrx_word' id='word_1_662' title='bbox 2621 4149 2844 4191; x_wconf 88' lang='lat' dir='ltr'><strong>moram</strong></span> <span class='ocrx_word' id='word_1_663' title='bbox 2877 4131 3111 4198; x_wconf 81' lang='lat' dir='ltr'><strong>faceret,</strong></span> <span class='ocrx_word' id='word_1_664' title='bbox 3142 4129 3326 4187; x_wconf 89' lang='lat' dir='ltr'><strong>Guido</strong></span> <span class='ocrx_word' id='word_1_665' title='bbox 3379 4144 3575 4187; x_wconf 90' lang='lat' dir='ltr'><strong>comes</strong></span> 
     </span>
     <span class='ocr_line' id='line_1_105' title="bbox 1934 4219 3575 4297; baseline -0.009 -7"><span class='ocrx_word' id='word_1_666' title='bbox 1934 4234 2006 4290; x_wconf 86' lang='lat' dir='ltr'><strong>de</strong></span> <span class='ocrx_word' id='word_1_667' title='bbox 2038 4231 2296 4297; x_wconf 86' lang='lat' dir='ltr'><strong>Pontivo,</strong></span> <span class='ocrx_word' id='word_1_668' title='bbox 2324 4228 2416 4285; x_wconf 85' lang='lat' dir='ltr'><strong>vir</strong></span> <span class='ocrx_word' id='word_1_669' title='bbox 2462 4225 2815 4284; x_wconf 88' lang='lat' dir='ltr'><strong>militaribus</strong></span> <span class='ocrx_word' id='word_1_670' title='bbox 2874 4223 3186 4295; x_wconf 83' lang='lat' dir='ltr'><strong>proeclarus</strong></span> <span class='ocrx_word' id='word_1_671' title='bbox 3213 4224 3274 4278; x_wconf 88' lang='lat' dir='ltr'><strong>et</strong></span> <span class='ocrx_word' id='word_1_672' title='bbox 3321 4219 3575 4293; x_wconf 84' lang='lat' dir='ltr'><strong>insignis</strong></span> 
     </span>
     <span class='ocr_line' id='line_1_106' title="bbox 1937 4309 3577 4389; baseline -0.009 -9"><span class='ocrx_word' id='word_1_673' title='bbox 1937 4320 2287 4382; x_wconf 87' lang='lat' dir='ltr'><strong>actionibus.</strong></span> <span class='ocrx_word' id='word_1_674' title='bbox 2322 4319 2525 4374; x_wconf 92' lang='lat' dir='ltr'><strong>morbo</strong></span> <span class='ocrx_word' id='word_1_675' title='bbox 2566 4319 2839 4389; x_wconf 85' lang='lat' dir='ltr'><strong>gravatus</strong></span> <span class='ocrx_word' id='word_1_676' title='bbox 2867 4312 2927 4369; x_wconf 90' lang='lat' dir='ltr'><strong>in</strong></span> <span class='ocrx_word' id='word_1_677' title='bbox 2960 4312 3078 4368; x_wconf 89' lang='lat' dir='ltr'><strong>fata</strong></span> <span class='ocrx_word' id='word_1_678' title='bbox 3123 4309 3434 4379; x_wconf 88' lang='lat' dir='ltr'><strong>concessit,</strong></span> <span class='ocrx_word' id='word_1_679' title='bbox 3465 4309 3577 4366; x_wconf 91' lang='lat' dir='ltr'><strong>ibi-</strong></span> 
     </span>
     <span class='ocr_line' id='line_1_107' title="bbox 1937 4400 3574 4486; baseline -0.007 -17"><span class='ocrx_word' id='word_1_680' title='bbox 1937 4428 2049 4486; x_wconf 86' lang='lat' dir='ltr'><strong>que</strong></span> <span class='ocrx_word' id='word_1_681' title='bbox 2080 4411 2137 4467; x_wconf 91' lang='lat' dir='ltr'><strong>in</strong></span> <span class='ocrx_word' id='word_1_682' title='bbox 2169 4408 2456 4467; x_wconf 86' lang='lat' dir='ltr'><strong>vestibulo</strong></span> <span class='ocrx_word' id='word_1_683' title='bbox 2485 4404 2743 4463; x_wconf 80' lang='lat' dir='ltr'><strong>ecclesiae</strong></span> <span class='ocrx_word' id='word_1_684' title='bbox 2802 4401 3118 4460; x_wconf 75' lang='lat' dir='ltr'><strong>honorifice</strong></span> <span class='ocrx_word' id='word_1_685' title='bbox 3169 4400 3436 4473; x_wconf 86' lang='lat' dir='ltr'><strong>sepultus</strong></span> <span class='ocrx_word' id='word_1_686' title='bbox 3464 4403 3574 4457; x_wconf 88' lang='lat' dir='ltr'><strong>est.</strong></span> 
     </span>
     <span class='ocr_line' id='line_1_108' title="bbox 1939 4487 3575 4568; baseline -0.012 -7"><span class='ocrx_word' id='word_1_687' title='bbox 1939 4503 2059 4560; x_wconf 82' lang='lat' dir='ltr'><strong>Rex</strong></span> <span class='ocrx_word' id='word_1_688' title='bbox 2087 4504 2283 4556; x_wconf 89' lang='lat' dir='ltr'><strong>autem</strong></span> <span class='ocrx_word' id='word_1_689' title='bbox 2313 4498 2452 4555; x_wconf 88' lang='lat' dir='ltr'><strong>inde</strong></span> <span class='ocrx_word' id='word_1_690' title='bbox 2481 4498 2774 4568; x_wconf 85' lang='lat' dir='ltr'><strong>profectus</strong></span> <span class='ocrx_word' id='word_1_691' title='bbox 2803 4508 2937 4548; x_wconf 89' lang='lat' dir='ltr'><strong>eum</strong></span> <span class='ocrx_word' id='word_1_692' title='bbox 2962 4506 3066 4548; x_wconf 92' lang='lat' dir='ltr'><strong>suo</strong></span> <span class='ocrx_word' id='word_1_693' title='bbox 3084 4489 3362 4555; x_wconf 83' lang='lat' dir='ltr'><strong>exercitu,</strong></span> <span class='ocrx_word' id='word_1_694' title='bbox 3384 4489 3496 4544; x_wconf 89' lang='lat' dir='ltr'><strong>iter</strong></span> <span class='ocrx_word' id='word_1_695' title='bbox 3515 4487 3575 4542; x_wconf 92' lang='lat' dir='ltr'><strong>in</strong></span> 
     </span>
     <span class='ocr_line' id='line_1_109' title="bbox 1939 4575 3575 4660; baseline -0.011 -12"><span class='ocrx_word' id='word_1_696' title='bbox 1939 4591 2237 4649; x_wconf 88' lang='lat' dir='ltr'><strong>Orientem</strong></span> <span class='ocrx_word' id='word_1_697' title='bbox 2268 4602 2372 4660; x_wconf 88' lang='lat' dir='ltr'><strong>pro</strong></span> <span class='ocrx_word' id='word_1_698' title='bbox 2402 4583 2632 4642; x_wconf 85' lang='lat' dir='ltr'><strong>viribus</strong></span> <span class='ocrx_word' id='word_1_699' title='bbox 2663 4582 3016 4647; x_wconf 79' lang='lat' dir='ltr'><strong>maturabut3</strong></span> <span class='ocrx_word' id='word_1_700' title='bbox 3078 4578 3373 4649; x_wconf 79' lang='lat' dir='ltr'><strong>protectus</strong></span> <span class='ocrx_word' id='word_1_701' title='bbox 3417 4575 3575 4632; x_wconf 87' lang='lat' dir='ltr'><strong>enim</strong></span> 
     </span>
     <span class='ocr_line' id='line_1_110' title="bbox 1937 4662 3577 4750; baseline -0.011 -12"><span class='ocrx_word' id='word_1_702' title='bbox 1937 4682 2095 4750; x_wconf 89' lang='lat' dir='ltr'><strong>inde,</strong></span> <span class='ocrx_word' id='word_1_703' title='bbox 2135 4683 2266 4750; x_wconf 88' lang='lat' dir='ltr'><strong>post</strong></span> <span class='ocrx_word' id='word_1_704' title='bbox 2295 4691 2510 4749; x_wconf 88' lang='lat' dir='ltr'><strong>paucos</strong></span> <span class='ocrx_word' id='word_1_705' title='bbox 2536 4673 2682 4740; x_wconf 91' lang='lat' dir='ltr'><strong>dies,</strong></span> <span class='ocrx_word' id='word_1_706' title='bbox 2706 4672 2778 4727; x_wconf 92' lang='lat' dir='ltr'><strong>ad</strong></span> <span class='ocrx_word' id='word_1_707' title='bbox 2810 4669 2955 4724; x_wconf 89' lang='lat' dir='ltr'><strong>vada</strong></span> <span class='ocrx_word' id='word_1_708' title='bbox 2986 4663 3270 4733; x_wconf 87' lang='lat' dir='ltr'><strong>Meandri,</strong></span> <span class='ocrx_word' id='word_1_709' title='bbox 3311 4662 3577 4720; x_wconf 88' lang='lat' dir='ltr'><strong>oloribus</strong></span> 
     </span>
     <span class='ocr_line' id='line_1_111' title="bbox 1936 4750 3575 4838; baseline -0.01 -11"><span class='ocrx_word' id='word_1_710' title='bbox 1936 4771 2144 4835; x_wconf 86' lang='lat' dir='ltr'><strong>amica,</strong></span> <span class='ocrx_word' id='word_1_711' title='bbox 2178 4765 2456 4838; x_wconf 86' lang='lat' dir='ltr'><strong>pervenit.</strong></span> <span class='ocrx_word' id='word_1_712' title='bbox 2490 4761 2594 4820; x_wconf 87' lang='lat' dir='ltr'><strong>Hic</strong></span> <span class='ocrx_word' id='word_1_713' title='bbox 2630 4765 2719 4817; x_wconf 87' lang='lat' dir='ltr'><strong>est</strong></span> <span class='ocrx_word' id='word_1_714' title='bbox 2749 4758 2846 4814; x_wconf 91' lang='lat' dir='ltr'><strong>ille</strong></span> <span class='ocrx_word' id='word_1_715' title='bbox 2876 4755 3112 4824; x_wconf 86' lang='lat' dir='ltr'><strong>fluvius,</strong></span> <span class='ocrx_word' id='word_1_716' title='bbox 3165 4753 3236 4810; x_wconf 90' lang='lat' dir='ltr'><strong>de</strong></span> <span class='ocrx_word' id='word_1_717' title='bbox 3283 4768 3396 4824; x_wconf 88' lang='lat' dir='ltr'><strong>quo</strong></span> <span class='ocrx_word' id='word_1_718' title='bbox 3426 4750 3575 4810; x_wconf 90' lang='lat' dir='ltr'><strong>Naso</strong></span> 
     </span>
     <span class='ocr_line' id='line_1_112' title="bbox 1932 4847 2924 4916; baseline -0.016 0"><span class='ocrx_word' id='word_1_719' title='bbox 1932 4856 2205 4916; x_wconf 87' lang='lat' dir='ltr'><strong>nosterin</strong></span> <span class='ocrx_word' id='word_1_720' title='bbox 2239 4854 2387 4910; x_wconf 88' lang='lat' dir='ltr'><strong>libro</strong></span> <span class='ocrx_word' id='word_1_721' title='bbox 2418 4851 2560 4907; x_wconf 89' lang='lat' dir='ltr'><strong>dicit</strong></span> <span class='ocrx_word' id='word_1_722' title='bbox 2589 4847 2924 4906; x_wconf 86' lang='lat' dir='ltr'><strong>Hernicum:</strong></span> 
     </span>
    </p>

    <p class='ocr_par' dir='ltr' id='par_1_26' title="bbox 2080 4930 3412 5088">
     <span class='ocr_line' id='line_1_113' title="bbox 2080 4930 3412 5013; baseline -0.011 -12"><span class='ocrx_word' id='word_1_723' title='bbox 2080 4944 2172 5001; x_wconf 87' lang='lat' dir='ltr'><strong>Sic</strong></span> <span class='ocrx_word' id='word_1_724' title='bbox 2195 4944 2294 4999; x_wconf 83' lang='lat' dir='ltr'><strong>ubi</strong></span> <span class='ocrx_word' id='word_1_725' title='bbox 2311 4946 2433 5013; x_wconf 85' lang='lat' dir='ltr'><strong>lata</strong></span> <span class='ocrx_word' id='word_1_726' title='bbox 2454 4944 2666 5009; x_wconf 88' lang='lat' dir='ltr'><strong>vocant,</strong></span> <span class='ocrx_word' id='word_1_727' title='bbox 2696 4937 2823 4994; x_wconf 77' lang='lat' dir='ltr'><strong>udis</strong></span> <span class='ocrx_word' id='word_1_728' title='bbox 2850 4934 3094 5004; x_wconf 79' lang='lat' dir='ltr'><strong>abjectus</strong></span> <span class='ocrx_word' id='word_1_729' title='bbox 3116 4933 3176 4986; x_wconf 92' lang='lat' dir='ltr'><strong>in</strong></span> <span class='ocrx_word' id='word_1_730' title='bbox 3206 4930 3412 4998; x_wconf 76' lang='lat' dir='ltr'><strong>herbis,</strong></span> 
     </span>
     <span class='ocr_line' id='line_1_114' title="bbox 2190 5020 3297 5088; baseline -0.013 0"><span class='ocrx_word' id='word_1_731' title='bbox 2190 5031 2268 5088; x_wconf 63' lang='grc' dir='ltr'><strong>Αιί</strong></span> <span class='ocrx_word' id='word_1_732' title='bbox 2288 5030 2427 5087; x_wconf 78' lang='lat' dir='ltr'><strong>vada</strong></span> <span class='ocrx_word' id='word_1_733' title='bbox 2458 5027 2698 5085; x_wconf 77' lang='lat' dir='ltr'><strong>Meandri</strong></span> <span class='ocrx_word' id='word_1_734' title='bbox 2718 5025 2956 5082; x_wconf 77' lang='lat' dir='ltr'><strong>concinit</strong></span> <span class='ocrx_word' id='word_1_735' title='bbox 2976 5020 3134 5077; x_wconf 77' lang='lat' dir='ltr'><strong>albus</strong></span> <span class='ocrx_word' id='word_1_736' title='bbox 3162 5020 3297 5077; x_wconf 86' lang='lat' dir='ltr'><strong>olor.</strong></span> 
     </span>
    </p>

    <p class='ocr_par' dir='ltr' id='par_1_27' title="bbox 1927 5107 3574 5645">
     <span class='ocr_line' id='line_1_115' title="bbox 2001 5107 3568 5197; baseline -0.009 -18"><span class='ocrx_word' id='word_1_737' title='bbox 2001 5125 2193 5197; x_wconf 83' lang='lat' dir='ltr'><strong>Supra</strong></span> <span class='ocrx_word' id='word_1_738' title='bbox 2219 5120 2390 5191; x_wconf 83' lang='lat' dir='ltr'><strong>cujus</strong></span> <span class='ocrx_word' id='word_1_739' title='bbox 2418 5118 2574 5190; x_wconf 88' lang='lat' dir='ltr'><strong>ripas</strong></span> <span class='ocrx_word' id='word_1_740' title='bbox 2597 5117 2655 5172; x_wconf 91' lang='lat' dir='ltr'><strong>in</strong></span> <span class='ocrx_word' id='word_1_741' title='bbox 2677 5113 2910 5187; x_wconf 91' lang='lat' dir='ltr'><strong>pascuis</strong></span> <span class='ocrx_word' id='word_1_742' title='bbox 2928 5120 3091 5184; x_wconf 83' lang='lat' dir='ltr'><strong>grate</strong></span> <span class='ocrx_word' id='word_1_743' title='bbox 3121 5107 3442 5166; x_wconf 86' lang='lat' dir='ltr'><strong>virentibus</strong></span> <span class='ocrx_word' id='word_1_744' title='bbox 3471 5125 3568 5166; x_wconf 90' lang='lat' dir='ltr'><strong>ca-</strong></span> 
     </span>
     <span class='ocr_line' id='line_1_116' title="bbox 1929 5197 3574 5278; baseline -0.011 -7"><span class='ocrx_word' id='word_1_745' title='bbox 1929 5214 2302 5271; x_wconf 87' lang='lat' dir='ltr'><strong>strametatus</strong></span> <span class='ocrx_word' id='word_1_746' title='bbox 2332 5214 2443 5265; x_wconf 89' lang='lat' dir='ltr'><strong>est.</strong></span> <span class='ocrx_word' id='word_1_747' title='bbox 2476 5206 2578 5263; x_wconf 82' lang='lat' dir='ltr'><strong>Hic</strong></span> <span class='ocrx_word' id='word_1_748' title='bbox 2602 5205 2858 5278; x_wconf 90' lang='lat' dir='ltr'><strong>primum</strong></span> <span class='ocrx_word' id='word_1_749' title='bbox 2891 5199 3130 5257; x_wconf 86' lang='lat' dir='ltr'><strong>Francis</strong></span> <span class='ocrx_word' id='word_1_750' title='bbox 3153 5197 3377 5264; x_wconf 87' lang='lat' dir='ltr'><strong>hostes,</strong></span> <span class='ocrx_word' id='word_1_751' title='bbox 3400 5197 3574 5268; x_wconf 84' lang='lat' dir='ltr'><strong>juxta</strong></span> 
     </span>
     <span class='ocr_line' id='line_1_117' title="bbox 1927 5286 3570 5362; baseline -0.011 -2"><span class='ocrx_word' id='word_1_752' title='bbox 1927 5317 2130 5360; x_wconf 89' lang='lat' dir='ltr'><strong>eorum</strong></span> <span class='ocrx_word' id='word_1_753' title='bbox 2145 5296 2522 5362; x_wconf 89' lang='lat' dir='ltr'><strong>desiderium,</strong></span> <span class='ocrx_word' id='word_1_754' title='bbox 2545 5295 2745 5352; x_wconf 90' lang='lat' dir='ltr'><strong>datum</strong></span> <span class='ocrx_word' id='word_1_755' title='bbox 2768 5296 2858 5348; x_wconf 88' lang='lat' dir='ltr'><strong>est</strong></span> <span class='ocrx_word' id='word_1_756' title='bbox 2885 5287 3126 5356; x_wconf 79' lang='lat' dir='ltr'><strong>intueri3</strong></span> <span class='ocrx_word' id='word_1_757' title='bbox 3149 5300 3282 5343; x_wconf 90' lang='lat' dir='ltr'><strong>nam</strong></span> <span class='ocrx_word' id='word_1_758' title='bbox 3299 5286 3570 5343; x_wconf 86' lang='lat' dir='ltr'><strong>accedere</strong></span> 
     </span>
     <span class='ocr_line' id='line_1_118' title="bbox 1927 5373 3565 5459; baseline -0.011 -11"><span class='ocrx_word' id='word_1_759' title='bbox 1927 5389 2254 5448; x_wconf 78' lang='lat' dir='ltr'><strong>volentibus</strong></span> <span class='ocrx_word' id='word_1_760' title='bbox 2287 5387 2358 5443; x_wconf 90' lang='lat' dir='ltr'><strong>ad</strong></span> <span class='ocrx_word' id='word_1_761' title='bbox 2389 5400 2597 5459; x_wconf 88' lang='lat' dir='ltr'><strong>aquas,</strong></span> <span class='ocrx_word' id='word_1_762' title='bbox 2636 5399 2705 5439; x_wconf 86' lang='lat' dir='ltr'><strong>ex</strong></span> <span class='ocrx_word' id='word_1_763' title='bbox 2765 5378 3038 5454; x_wconf 87' lang='lat' dir='ltr'><strong>opposita</strong></span> <span class='ocrx_word' id='word_1_764' title='bbox 3093 5373 3360 5432; x_wconf 86' lang='lat' dir='ltr'><strong>fluminis</strong></span> <span class='ocrx_word' id='word_1_765' title='bbox 3419 5373 3565 5446; x_wconf 86' lang='lat' dir='ltr'><strong>ripa,</strong></span> 
     </span>
     <span class='ocr_line' id='line_1_119' title="bbox 1927 5463 3570 5549; baseline -0.01 -11"><span class='ocrx_word' id='word_1_766' title='bbox 1927 5481 2128 5538; x_wconf 89' lang='lat' dir='ltr'><strong>hostes</strong></span> <span class='ocrx_word' id='word_1_767' title='bbox 2151 5479 2210 5534; x_wconf 90' lang='lat' dir='ltr'><strong>in</strong></span> <span class='ocrx_word' id='word_1_768' title='bbox 2242 5492 2448 5549; x_wconf 79' lang='lat' dir='ltr'><strong>magna</strong></span> <span class='ocrx_word' id='word_1_769' title='bbox 2496 5471 2872 5531; x_wconf 87' lang='lat' dir='ltr'><strong>multitudine</strong></span> <span class='ocrx_word' id='word_1_770' title='bbox 2929 5469 3089 5542; x_wconf 89' lang='lat' dir='ltr'><strong>ripas</strong></span> <span class='ocrx_word' id='word_1_771' title='bbox 3125 5463 3481 5537; x_wconf 84' lang='lat' dir='ltr'><strong>contingere,</strong></span> <span class='ocrx_word' id='word_1_772' title='bbox 3511 5468 3570 5523; x_wconf 90' lang='lat' dir='ltr'><strong>et</strong></span> 
     </span>
     <span class='ocr_line' id='line_1_120' title="bbox 1930 5554 3569 5645; baseline -0.011 -16"><span class='ocrx_word' id='word_1_773' title='bbox 1930 5585 2092 5645; x_wconf 69' lang='lat' dir='ltr'><strong>aquai</strong></span> <span class='ocrx_word' id='word_1_774' title='bbox 2112 5583 2283 5627; x_wconf 87' lang='lat' dir='ltr'><strong>usum</strong></span> <span class='ocrx_word' id='word_1_775' title='bbox 2306 5564 2525 5625; x_wconf 87' lang='lat' dir='ltr'><strong>nostris</strong></span> <span class='ocrx_word' id='word_1_776' title='bbox 2551 5560 3001 5622; x_wconf 78' lang='lat' dir='ltr'><strong>interdicebant.</strong></span> <span class='ocrx_word' id='word_1_777' title='bbox 3026 5554 3290 5615; x_wconf 84' lang='lat' dir='ltr'><strong>Tandem</strong></span> <span class='ocrx_word' id='word_1_778' title='bbox 3318 5569 3451 5613; x_wconf 86' lang='lat' dir='ltr'><strong>vero</strong></span> <span class='ocrx_word' id='word_1_779' title='bbox 3481 5555 3569 5614; x_wconf 85' lang='lat' dir='ltr'><strong>in·</strong></span> 
     </span>
    </p>
   </div>
  </div>
 </body>
</html>
