3784 6000
307 142 457 211 1³05

1224 144 1229 151 '
1306 148 1375 208 Β.
1416 150 1638 210 PETRI
1675 150 2196 212 CLARAEVALmS
2231 151 2538 211 ABBATIS
2573 152 2705 214 VIII

3560 145 3703 205 ¹39⁰

268 287 310 332 a
337 272 534 341 vobis,
564 229 1121 333 cum'discsderetis
1147 280 1479 350 acceperat,
1519 277 1694 350 cuius
1726 276 1933 350 utique
1963 276 2014 333 A
2043 277 2483 336 monachorum
2508 279 2818 353 ignoratus
2844 278 3146 352 parricida
3173 277 3407 335 delituit
3437 290 3455 333 ε
3484 289 3703 349 quam·

271 368 467 423 status
486 364 547 420 in
561 363 677 421 boe
689 364 1075 437 potissimum
1088 366 1264 421 vestri
1280 367 1504 423 reditus
1526 367 1933 439 oportunitate

269 451 572 524 dirigitur,
604 452 653 509 si
692 458 861 510 vetus
894 453 1306 511 misericordia
1335 455 1506 512 novis
1539 454 1935 513 miserationi·

258 534 386 601 'bus
410 542 764 599 cumuletur.
793 541 1140 616 specialiter
1154 552 1355 601 autem
1374 544 1799 602 charissimum
1821 545 1935 602 fra-

272 635 425 689 trem
451 636 746 697 nostrum,
776 636 1041 689 vestrum
1069 647 1211 689 vero
1236 633 1694 690 devotissimum
1716 633 1931 700 filium,

271 722 339 778 A.
364 719 647 777 abbatem
677 720 949 793 eiusdem
977 720 1108 787 loci,
1137 722 1239 793 qui
1267 722 1493 779 domno
1524 724 1589 780 G.
1607 723 1823 780 exinde
1848 738 1935 779 re·

270 807 480 867 deunti
506 809 815 875 successit,
847 815 1058 866 vestrae
1088 809 1517 868 benevolentiae
1548 812 1936 868 commenda-

272 913 430 965 mus,
464 903 742 968 rogantes
768 912 875 969 per
901 899 1427 956 mansuetudinem
1456 900 1591 956 Jesu
1619 900 1855 969 Christi,
1873 904 1937 957 ut

268 1002 410 1045 eum
429 990 723 1059 tanquam
754 988 981 1044 viscera
1010 994 1215 1045 nostra
1235 987 1554 1047 refoveatis
1575 990 1636 1044 in
1657 992 1931 1055 Domino,

270 1076 526 1133 scientes
544 1075 749 1148 procul
764 1075 973 1148 dubie,
989 1077 1155 1149 quod
1174 1077 1348 1135 nobis
1361 1082 1419 1135 et
1442 1078 1725 1135 universo
1736 1077 1936 1135 ordini

273 1164 610 1223 exhibitum
649 1164 1047 1238 reputabitur,
1087 1166 1389 1240 quidquid
1438 1167 1490 1223 ei
1540 1168 1708 1241 pacis
1753 1171 1937 1240 atque

270 1252 468 1311 solatii
497 1259 707 1310 vestrm
728 1254 1034 1311 charitatis
1065 1271 1313 1311 munere
1334 1254 1691 1313 conferetur.
1723 1255 1778 1313 Si
1800 1256 1937 1330 quis

271 1347 476 1400 autem
513 1342 574 1399 in
605 1341 1088 1414 suggillationem
1118 1344 1307 1417 ipsius
1334 1345 1561 1418 aliquid
1593 1345 1762 1402 vobis
1799 1344 1938 1403 sini-

271 1432 377 1490 stri
408 1432 791 1505 suggesserit,
826 1434 1150 1490 mentiatur
1175 1435 1374 1506 potius
1400 1434 1686 1507 iniquitas
1719 1434 1852 1503 sibi,
1879 1438 1939 1492 et

273 1536 342 1578 os
392 1520 696 1594 loquentis
747 1521 959 1595 iniqua
995 1523 1204 1579 vestris
1254 1523 1788 1596 redargutionibus
1827 1525 1939 1582 ob-

271 1615 507 1670 ruatur.

273 1788 372 1845 Aa
381 1788 644 1846 abbatem
657 1789 1446 1849 Cisterciemem.-Mortem
1461 1792 1538 1848 ab
1545 1791 1694 1869 batis
1714 1791 1939 1848 Tm'am-

343 1876 626 1934 Fentium
639 1878 718 1950 (t)
733 1892 771 1934 a
780 1876 1038 1950 pessimo
1049 1880 1305 1951 quedam
1324 1880 1665 1952 interempti
1674 1880 1933 1937 nuntiat.

345 1965 625 2027 Perfusus
663 1967 1065 2024 amaritudine
1110 1968 1372 2038 spiritus.
1406 1975 1462 2024 et
1500 1973 1691 2026 taetus
1730 1969 1936 2027 dolore

273 2055 868 2122 eordisintrinsecus‚
882 2056 1029 2129 quid
1044 2057 1240 2113 dicam
1269 2056 1457 2123 vobis,
1474 2058 1660 2124 Pater,
1679 2058 1766 2114 vel
1787 2058 1936 2133 quid

262 2143 517 2224 jaciam.
545 2144 767 2212 nescio,
790 2143 1114 2205 afflictione
1140 2144 1338 2203 valida
1354 2151 1412 2202 et
1440 2146 1683 2204 miseria
1707 2153 1937 2205 satura-

275 2237 395 2293 tus.
421 2234 530 2291 Vos
544 2237 746 2290 autem
760 2250 832 2290 ex
857 2234 949 2291 his
963 2250 1098 2307 quae
1123 2234 1458 2292 scribentur
1469 2237 1822 2293 attenditeet
1852 2235 1939 2292 vi-

273 2322 422 2388 dete,
445 2323 496 2379 si
514 2326 602 2382 est
623 2321 798 2379 dolor
813 2321 1045 2389 similis,
1069 2324 1222 2380 sicut
1248 2323 1424 2381 dolor
1442 2340 1603 2382 meus
1623 2326 1872 2396 (Taren.
1892 2341 1934 2392 ι,

278 2412 528 2485 12).0bd
536 2417 735 2469 uctam
751 2427 936 2484 namq
944 2428 1016 2469 ue
1028 2413 1261 2484 praeteri
1269 2414 1307 2469 ti
1325 2412 1589 2470 vulneris
1602 2414 1933 2472 cicatricem

279 2502 455 2561 scidit
500 2517 694 2573 nuper
736 2501 885 2558 ictus
935 2501 1254 2561 acerbior:
1307 2507 1372 2560 ut
1415 2503 1520 2575 qui
1559 2503 1939 2577 parricidalia

277 2589 513 2648 dudum
526 2589 738 2647 funera
751 2590 812 2647 in
834 2591 1018 2647 Patris
1036 2606 1183 2651 neoe
1202 2590 1586 2658 defleveram,
1607 2592 1819 2649 eadem
1842 2607 1935 2650 co·

279 2695 391 2753 gar
417 2684 475 2736 et
505 2694 667 2736 nune
707 2679 769 2736 in
799 2679 1151 2737 Claraevallis
1181 2680 1579 2755 primogenito
1600 2681 1935 2754 deplorare.

281 2767 367 2826 Ad
408 2768 703 2840 majorem
732 2784 873 2825 vero
903 2784 1176 2827 mearum
1218 2770 1594 2827 miseriarum
1628 2770 1941 2827 cumulum

279 2863 531 2930 uterque
550 2857 1009 2931 quodammodo
1038 2857 1189 2914 inter
1209 2873 1442 2915 manus.
1460 2875 1628 2916 meas
1645 2860 1942 2916 extinctus

279 2952 398 3015 est,
422 2952 694 3019 uterque,
729 2962 824 3005 me
846 2953 1525 3021 proesente,peremptus
1557 2962 1573 3005 2
1606 2953 1675 3006 ut
1703 2947 1943 3021 gladius

278 3035 507 3094 doloris
532 3036 714 3107 hujus
736 3052 807 3093 eo
820 3036 1118 3094 crudelius
1136 3038 1331 3094 orbati
1347 3037 1507 3094 senis
1520 3039 1792 3095 animam
1814 3053 1947 3111 per·

279 3124 576 3191 transiret,
630 3140 751 3198 quo
803 3140 897 3181 me
955 3126 1247 3182 miserum
1293 3125 1494 3183 feriret
1545 3128 1844 3198 cominus,
1889 3123 1948 3183 et

236 3282 239 3286 Α
279 3212 543 3288 pressius
582 3230 614 3270 e
666 3214 860 3271 vicino
907 3212 1267 3271 confoderet.
1321 3215 1551 3272 Accidit
1588 3217 1749 3274 enim
1805 3219 1945 3272 ante

278 3318 510 3378 paucos
534 3302 647 3360 bos
670 3304 819 3370 dies,
852 3311 918 3359 ut
945 3303 1008 3361 in
1036 3302 1223 3360 domo
1252 3304 1449 3361 Trium
1474 3305 1776 3371 Fontium,
1805 3321 1944 3379 quse

281 3391 481 3466 prima
505 3393 678 3450 estin
707 3392 950 3450 filiabus
976 3392 1219 3462 nostris,
1241 3393 1596 3451 visitationis
1627 3410 1945 3466 ageremus

281 3479 594 3554 officium3
639 3486 695 3538 et
731 3496 870 3538 eece
911 3481 1106 3538 abbas
1144 3482 1418 3553 ejusdem
1458 3483 1571 3540 loci
1612 3484 1943 3541 sacrarium

280 3570 569 3640 ecelesiae,
593 3569 694 3627 ubi
712 3571 897 3628 altare
919 3572 980 3626 B.
1013 3570 1299 3628 Bernardi
1324 3587 1517 3645 nuper
1533 3579 1823 3640 erexerat,
1846 3587 1947 3646 pe-

280 3658 566 3717 culiarem
597 3660 930 3718 orationem
972 3659 1149 3719 solito
1191 3659 1601 3718 celebraturus
1633 3660 1940 3733 igreditur‚

283 3752 583 3822 quatenus
611 3754 751 3823 post
778 3749 906 3806 hoec
933 3750 1258 3809 missarum
1284 3749 1764 3808 solemnitatibus
1792 3750 1946 3807 cele-

282 3835 470 3894 bratis
499 3837 771 3897 devotior
790 3838 966 3896 nobis
995 3845 1054 3897 et
1077 3838 1330 3910 negotiis
1357 3839 1716 3897 instantibus
1736 3840 1946 3896 redde-

280 3929 464 3984 retur.
498 3928 766 4003 Cumque
800 3928 884 3985 ibi
911 3944 1150 3986 moram
1178 3928 1418 3998 faceret,
1451 3935 1508 3987 et
1535 3946 1671 3986 cum
1713 3929 1943 4001 angelis

283 4017 386 4073 Dei
423 4016 723 4075 assisteret
768 4032 974 4076 coram
1020 4017 1296 4082 Domino,
1328 4016 1519 4075 adfuit
1561 4018 1740 4075 etiam
1788 4018 1945 4075 inter

284 4120 390 4162 eos
434 4106 637 4172 Satan,
674 4108 1004 4177 permissus
1044 4107 1107 4164 in
1144 4121 1284 4163 eum
1330 4108 1648 4165 extendere
1689 4124 1942 4164 manum

288 4209 508 4255 suam:
548 4200 613 4251 ut
636 4194 733 4253 ille
769 4196 1301 4254 innocentissimus
1347 4200 1517 4253 Pater
1540 4196 1623 4254 ibi
1657 4198 1943 4271 reciperet

285 4283 822 4351 mortem,ubivitoe
834 4284 1840 4359 requirebatauetorem.Ingressus
1852 4290 1944 4342 est

286 4385 555 4444 namque
586 4378 721 4445 post
747 4387 888 4429 eum
925 4373 1011 4429 vir
1055 4372 1225 4430 Belial
1261 4374 1506 4431 nomine
1556 4373 1786 4445 Simon,
1835 4374 1942 4446 qui

287 4459 494 4517 clauso
540 4461 696 4519 ostio
744 4465 807 4519 ut
848 4461 1145 4519 occideret
1193 4462 1256 4519 in
1300 4462 1674 4530 abscondito,
1708 4467 1939 4520 Patrem

290 4564 470 4607 suum
486 4549 841 4622 praedictum
852 4550 1136 4608 abbatem
1156 4551 1384 4609 vibrata
1397 4551 1457 4607 in
1478 4552 1801 4625 caputejus
1814 4553 1940 4609 acie

287 4638 513 4696 securis
550 4639 896 4711 aggreditur
923 4655 939 4707 ;
971 4654 1081 4698 nec
1115 4640 1281 4712 prius
1312 4657 1348 4698 a
1383 4638 1582 4697 vultus
1619 4646 1677 4697 et
1707 4641 1941 4697 verticis

287 4727 631 4786 concisione
672 4728 918 4795 destitit,
944 4745 1131 4803 quam
1158 4727 1252 4786 ille
1281 4745 1404 4786 non
1436 4730 1569 4803 jam
1598 4731 1801 4797 miser,
1835 4730 1936 4787 sed

288 4815 491 4878 adhuc
507 4817 861 4876 miserabilis
878 4820 1044 4876 Pater
1061 4819 1363 4876 laureatus
1384 4834 1495 4876 suo
1511 4818 1804 4891 sanguine
1825 4819 1943 4892 spi-

289 4907 475 4965 ritum
491 4905 554 4963 in
566 4906 696 4979 ejus
707 4923 893 4981 quem
913 4906 1127 4965 orabat
1140 4907 1423 4964 manibus
1444 4908 1795 4981 exspiraret.
1809 4908 1943 4973 Post

289 4995 421 5054 haec
452 5012 575 5054 una
603 4996 753 5054 hora
776 5000 1078 5054 transacta
1107 4996 1251 5055 abiit
1280 4996 1724 5054 crudelissimus
1757 4997 1941 5068 parri-

287 5084 443 5151 cida,
462 5091 519 5142 et
546 5085 795 5143 missam
824 5084 1123 5143 celebrare
1141 5101 1264 5142 non
1295 5086 1490 5142 timuit
1517 5102 1531 5153 ;
1557 5092 1620 5143 ut
1647 5085 1942 5143 velamen·

290 5177 420 5235 tum
436 5174 673 5232 sceleris
688 5174 1006 5233 devotione
1022 5174 1134 5232 sibi
1147 5176 1461 5232 ascisceret
1483 5175 1817 5232 sacerdotii.
1837 5175 1942 5232 Diu

289 5263 452 5323 enim
498 5280 621 5337 prae
669 5262 930 5322 tumultu
969 5262 1305 5336 lugentium
1343 5269 1401 5322 et
1459 5264 1943 5322 concurrentium

364 5445 444 5522 (ι)
473 5447 540 5506 B.
570 5446 815 5507 Gerardi
844 5445 1071 5522 Igniaci
1100 5447 1284 5520 paulo
1314 5450 1454 5506 ante
1475 5446 1677 5505 occisi.

2040 365 2134 423 vis
2150 383 2265 425 vox
2298 369 2611 438 sanguinis
2632 369 2757 426 sine
2781 368 3223 426 intermissione
3246 366 3485 423 fluentis
3506 364 3701 420 virum

2044 456 2434 526 sanguinum,
2478 457 2711 531 quoties
2759 459 2969 516 feretro
3009 458 3287 515 cominus
3328 454 3707 517 accessisset,

2043 544 2377 602 stillicidiali
2394 548 2664 619 quodam
2689 547 3025 604 testimonio
3049 547 3509 603 demonstraret.
3543 542 3708 600 Unde

2040 634 2431 707 postmodum
2464 651 2573 707 pro
2597 636 2690 692 his
2702 642 2761 693 et
2783 636 2915 692 aliis
2935 635 3305 709 quibusdam
3336 632 3711 706 conjectura·

2042 720 2199 778 libus
2223 722 2410 793 signis
2437 723 2514 780 ad
2553 724 2849 780 rationem
2894 726 3150 795 positus,
3176 739 3346 779 reum
3386 738 3448 778 se
3491 719 3711 792 patrati

2045 809 2329 867 facinoris
2369 811 2682 869 confitetur
2714 829 2727 867 :
2771 813 2993 885 dignus
3034 812 3284 885 quidem
3322 811 3426 883 qui
3476 809 3711 866 nullam

2045 905 2452 974 consequatur
2472 903 2736 968 veniam,
2757 904 2862 976 qui
2885 901 3113 959 nullam
3141 903 3201 957 in
3220 916 3293 957 eo
3313 899 3535 972 reperit
3557 914 3712 954 mor·

2047 989 2117 1045 tis
2146 1005 2421 1048 causam.
2454 992 2520 1046 Et
2549 1007 2687 1048 eece
2715 1007 2899 1058 nunc,
2932 994 3100 1048 Pater
3124 989 3375 1063 optime,
3406 993 3625 1062 captus
3657 991 3713 1042 et

2046 1084 2359 1135 catenatus
2392 1085 2622 1136 tenetur
2650 1082 2710 1136 in
2750 1081 3006 1137 vinculis
3037 1101 3052 1141 :
3092 1096 3202 1153 pro
3230 1095 3354 1152 quo
3408 1076 3581 1134 vobis
3620 1077 3715 1131 in-

2046 1167 2412 1224 stantissime
2429 1168 2863 1242 supplicamus,
2891 1175 2953 1226 ut
2973 1168 3222 1243 praefixa
3238 1169 3333 1223 die
3355 1164 3631 1231 consilio,
3659 1171 3716 1221 et

2047 1254 2252 1313 habita
2273 1256 2703 1315 deliberatione
2720 1274 2863 1315 eum
2885 1258 3188 1322 fratribus,
3217 1257 3347 1314 talis
3365 1258 3424 1312 in
3448 1271 3594 1311 eum
3614 1253 3716 1311 de-

2044 1344 2288 1402 finiatur
2315 1361 2515 1418 poena,
2544 1346 2709 1420 quod
2731 1347 2942 1403 similis
2968 1345 3463 1419 praesumptionis
3492 1343 3715 1400 debeat

2046 1433 2201 1491 finiri
2230 1435 2503 1494 materia.

2835 1560 2921 1616 v1.

2046 1683 2145 1740 Ad
2172 1688 2524 1741 conventum
2563 1684 3098 1742 Trium-Feminam.
3124 1715 3192 1726 —
3225 1683 3424 1740 Monet
3455 1697 3712 1740 cenven-

2112 1757 2905 1897 }g⁷v;²ieif=2lr²1⁸e²⁷ge'n¹‘t‘dili⁹enter
2933 1760 3169 1816 servent
3189 1755 3573 1823 homicidam,
3607 1769 3715 1811 nec

2119 1952 2347 2019 Quibus
2371 1958 2462 2009 est
2490 1970 2594 2010 eor
2626 1971 2834 2021 unum,
2862 1959 2919 2011 et
2950 1952 3160 2011 anima
3185 1969 3306 2009 una
3336 1952 3397 2008 in
3433 1951 3712 2020 Domino,

2046 2056 2423 2115 consequens
2468 2049 2575 2108 est,
2621 2050 2831 2101 caetere
2872 2058 3118 2116 quoque
3163 2043 3290 2100 fore
3336 2040 3714 2110 eommunia,

2045 2146 2183 2204 quae
2211 2131 2324 2187 sub
2354 2138 2515 2188 certa
2549 2132 2677 2202 lege
2717 2131 3229 2189 incommutabilis
3263 2131 3588 2203 requitatis,
3621 2129 3718 2187 vel

2046 2220 2308 2292 gratuita
2346 2220 2689 2293 benignitas
2725 2221 2897 2278 sortis
2941 2220 3206 2278 melioris
3246 2218 3582 2284 indulserit,
3622 2218 3718 2276 vel

2046 2309 2227 2366 tristis
2255 2309 2434 2366 illisio
2465 2326 2639 2367 casus
2668 2310 2988 2382 asperioris
3014 2308 3247 2381 infligit.
3272 2309 3497 2366 Probat
3512 2308 3632 2364 boc
3655 2307 3713 2363 in

2045 2398 2254 2456 dolore
2282 2399 2541 2455 vulneris
2574 2400 2755 2456 vestri
2785 2400 3023 2456 Patrum
3055 2398 3284 2455 ordinis
3312 2397 3717 2454 immoderata

2049 2488 2415 2561 eompassi0,
2447 2488 2505 2544 in
2537 2503 2795 2561 quorum
2819 2495 3061 2561 pectora
3098 2488 3369 2543 moeroris
3392 2486 3715 2559 participa·

2049 2576 2209 2634 tione
2241 2577 3012 2651 transfunditur,quidquid
3034 2577 3179 2633 illud
3208 2582 3319 2639 est.
3342 2591 3467 2648 quo
3498 2591 3613 2647 pro
3632 2590 3713 2631 re·

2049 2665 2237 2723 centis
2265 2667 2617 2723 enormitate
2656 2667 2934 2723 facinoris
2979 2673 3174 2723 vestra
3202 2665 3546 2722 fraternitas
3575 2679 3713 2721 eon·

2052 2756 2333 2812 tristatur.
2361 2756 2651 2821 Sentiunt,
2678 2757 2939 2813 sentiunt
2962 2756 3041 2814 ad
3072 2771 3134 2811 se
3165 2756 3459 2829 pertinere
3482 2768 3594 2825 pro
3627 2753 3714 2812 vi-

2052 2844 2143 2900 rili
2181 2845 2473 2916 portione,
2506 2845 2671 2918 quod
2707 2846 2988 2918 plangitis
3021 2863 3035 2914 ;
3068 2845 3214 2917 quia
3249 2843 3406 2916 quod
3449 2858 3561 2898 vos
3597 2843 3716 2898 urit

2054 2933 2463 3006 singularitate
2488 2922 2872 3011 discriminis,
2894 2935 2956 2991 in
2976 2933 3093 2990 illis
3114 2931 3422 2990 succendit
3437 2930 3712 2989 affinitas

2055 3022 2379 3080 charitatis.
2410 3024 2676 3082 Suadent
2711 3029 2929 3088 autem,
2964 3030 3023 3081 et
3061 3039 3099 3080 a
3140 3022 3311 3079 vobis
3340 3020 3619 3094 cupiunt,
3647 3026 3717 3077 ut

2050 3111 2176 3183 iam
2222 3111 2463 3168 tandem
2496 3112 2719 3169 doloris
2758 3112 2937 3185 hujus
2975 3109 3387 3169 consolatione
3430 3115 3716 3182 suscepta

2055 3206 2223 3257 actus
2255 3206 2479 3258 vestros
2509 3201 2761 3274 provida
2787 3201 3318 3272 circumspectione
3343 3197 3599 3265 valletis,
3629 3203 3715 3255 ta-

2053 3289 2262 3363 lesque
2290 3306 2396 3346 vos
2430 3289 2761 3347 exhibeatis
2790 3293 2849 3345 in
2896 3296 3223 3360 posterum,
3254 3287 3422 3362 quod
3465 3285 3713 3344 infortu-

2056 3380 2138 3436 nii
2155 3395 2385 3451 praesen
2396 3382 2465 3434 tis
2482 3379 2797 3445 acerbitas,
2812 3395 2932 3435 non
2951 3386 3070 3435 tam
3084 3378 3522 3451 praeteritorum
3536 3391 3714 3447 poena

2054 3468 2454 3541 neglectuum,
2468 3484 2656 3543 quam
2670 3467 3164 3541 subsequentium
3177 3468 3509 3524 aestimetur
3520 3471 3715 3522 custo-

2054 3557 2159 3614 dia
2197 3558 2565 3614 meritorum.
2605 3561 2783 3614 Porro
2814 3558 2887 3613 de
2918 3556 3016 3613 illo
3049 3554 3373 3613 miserabili
3410 3553 3713 3627 parricida

2054 3646 2303 3704 definito
2332 3646 2580 3703 consilio
2605 3651 2959 3713 statuerunt,
2982 3652 3043 3702 ut
3064 3644 3347 3720 quamvis
3368 3659 3492 3700 non
3517 3642 3712 3699 solum

2056 3736 2395 3810 praesentia,
2417 3735 2523 3792 sed
2538 3737 2829 3795 memoria
2843 3750 3086 3810 quoque
3103 3735 3153 3807 ej
3165 3751 3233 3789 us
3248 3734 3565 3790 horrorem
3583 3748 3717 3805 par·

2053 3823 2162 3882 iter
2188 3829 2433 3882 renovet
2484 3830 2540 3880 et
2577 3824 2868 3893 dolorem,
2912 3840 3050 3881 eum
3091 3829 3292 3880 tamen
3341 3837 3454 3895 pro
3496 3820 3714 3893 majori

2054 3913 2340 3971 scandalo
2360 3912 2683 3970 devitando
2711 3930 2898 3988 usque
2921 3913 3001 3970 ad
3020 3911 3351 3985 capitulum
3377 3910 3496 3967 sub
3517 3909 3716 3967 distri-

2052 4007 2149 4060 cta
2168 4003 2397 4060 faciatis
2424 4002 2696 4059 custodia
2715 4002 3076 4067 conservari,
3098 4016 3254 4074 pane
3283 3999 3714 4056 tantummodo

2052 4096 2108 4149 et
2136 4108 2293 4164 aqua
2311 4090 2491 4149 vitam
2512 4092 2713 4148 miseri
2743 4096 3163 4160 sustentantes,
3187 4094 3437 4161 excepto
3466 4087 3640 4162 quod
3659 4087 3713 4145 ei

2053 4180 2245 4238 tribus
2272 4179 2488 4237 diebus
2516 4179 2916 4237 hebdomadae
2939 4179 3315 4252 pulmentum
3336 4176 3587 4249 aliquod
3619 4192 3713 4232 ve-

2052 4274 2174 4327 stra
2194 4269 2767 4342 poterithumanitas
2780 4284 3045 4339 erogare.
3066 4266 3413 4326 Cavendum
3436 4271 3526 4322 est
3546 4266 3708 4322 enim

1975 4350 2019 4405 D
2050 4364 2108 4417 et
2145 4359 2321 4417 nobis
2349 4365 2407 4416 et
2441 4359 2631 4425 vobis,
2663 4366 2723 4416 ut
2757 4376 2897 4416 cum
2927 4357 3209 4416 volumus
3238 4372 3312 4413 ne
3344 4356 3420 4412 de
3454 4354 3711 4411 vinculis

2048 4449 2273 4506 nostris
2291 4448 2555 4523 eflugiat,
2579 4448 2742 4506 hunc
2761 4450 2821 4506 in
2845 4447 3124 4505 manibus
3144 4446 3360 4504 nostris
3383 4444 3568 4502 famis
3590 4444 3715 4502 vio·

2049 4537 2233 4595 lentia
2262 4554 2383 4594 non
2404 4539 2764 4611 exstinguat.
2791 4537 2987 4594 Videte
3007 4551 3172 4607 ergo,
3206 4551 3279 4591 ne
3308 4534 3709 4591 contemnatis

2054 4643 2240 4684 unum
2279 4643 2351 4684 ex
2380 4626 2476 4683 his
2501 4626 2741 4683 duobus
2773 4642 2787 4682 :
2818 4626 2963 4700 quia
2990 4625 3157 4699 quod
3187 4622 3414 4681 ordinis
3443 4622 3711 4679 decrevit

2049 4716 2389 4782 auctoritas,
2422 4720 2618 4772 vestra
2647 4715 2826 4772 debet
2853 4715 3103 4774 omnino
3132 4711 3487 4784 religiositas
3523 4726 3709 4768 aemu·

2047 4804 2180 4862 lari.
2222 4805 2394 4872 Quod
2423 4809 2623 4861 autem
2654 4802 3141 4876 superagendum
3191 4808 3279 4858 est
3310 4799 3568 4871 negotiis
3611 4814 3709 4855 ve·

2050 4895 2207 4961 stris,
2236 4909 2371 4950 eece
2396 4908 2508 4950 nos
2529 4893 2695 4949 domi
2722 4909 2855 4948 sum
2867 4910 2953 4959 uS,
2977 4892 3172 4965 parati
3194 4891 3274 4946 ad
3302 4905 3483 4946 omne
3515 4889 3713 4946 subsi-

2050 4982 2217 5040 dium
2228 4981 2657 5040 consolationis
2676 4987 2733 5038 et
2750 4984 2934 5054 pacis,
2947 4980 3195 5056 quando
3216 4978 3447 5035 consilii
3466 4982 3715 5053 tempus

2051 5073 2277 5130 venerit
2300 5088 2503 5129 coram
2532 5070 2725 5128 vobis.

2052 5268 2151 5325 Ad
2161 5267 2431 5326 abbatem
2446 5267 2724 5324 Cariloci.
2746 5178 3157 5331 -ffe'rcatora
3171 5262 3345 5337 quise
3363 5261 3428 5318 in
3441 5263 3715 5335 negotia-
