3784 6000
1242 220 1664 287 GUILLELMI
1707 218 2091 284 TYRENSIS
2134 219 2498 285 AncnmP.

3462 220 3584 286 804

176 365 516 437 pugnasset,
547 361 747 417 'furcis
780 360 875 430 qui
906 359 1069 415 intus
1089 363 1256 414 erant
1286 369 1521 415 strenue
1544 358 1825 413 resisten—
1854 360 1906 426 Α
1937 356 2154 412 Balduc
2184 371 2335 424 vero,
2386 370 2558 426 quem
2617 352 3009 411 samosatenis
3054 370 3307 426 praeesse
3358 354 3582 412 civitati

175 451 340 509 tibus
369 457 426 508 et
456 454 526 506 de
565 449 673 506 loci
720 449 1206 520 praesumentibus
1247 450 1589 513 munitione,
1619 447 1826 502 videns

174 542 329 615 quod
366 558 475 597 non
505 538 827 611 proficeret,
868 537 1081 592 relictis
1115 536 1399 592 militibus
1431 535 1822 608 septuaginta,

46 660 65 669 -
173 630 236 690 in
269 632 393 687 loeo
424 631 618 688 vicino
648 641 695 685 et
734 627 958 684 munito
988 628 1448 701 aliquantulum,
1481 629 1574 698 qui
1620 625 1827 682 Samo-

175 718 392 777 satenis
408 720 531 774 sine
553 719 988 776 intermissione
1011 718 1264 790 requiem
1293 723 1593 788 negarent,
1616 730 1668 771 et
1691 732 1827 772 con·

173 806 372 866 tinuas
416 807 762 865 molirentur
789 808 1055 872 insidias,
1085 809 1211 876 ipse
1243 808 1522 863 Edessam
1559 821 1824 862 reversus

173 900 280 956 est.
310 895 593 954 videntes
624 904 818 954 autem
852 898 1004 952 cives
1028 897 1178 963 quod
1212 904 1366 953 esset
1395 897 1669 952 dominus
1694 895 1821 950 Ral-

171 987 389 1045 duinus
441 986 528 1043 vir
572 994 852 1043 strenuus
881 993 938 1043 et
965 986 1025 1043 in
1057 989 1287 1043 cunctis
1320 1001 1591 1059 prospere
1621 1001 1819 1057 agens,

172 1080 231 1134 st
263 1075 569 1138 tndtoenum
603 1082 938 1150 reputantes
968 1075 1123 1147 quod
1154 1077 1253 1148 qui
1289 1076 1502 1147 dignus
1531 1082 1655 1131 erat
1696 1079 1824 1130 tan-

176 1183 352 1241 quam
385 1165 662 1224 liberator
697 1167 863 1223 urbis
897 1176 947 1220 et
985 1166 1197 1240 quietis
1229 1166 1523 1232 fundator,
1557 1166 1824 1221 universa

172 1255 464 1333 possidere
493 1265 552 1314 et
579 1274 682 1328 pro
714 1256 959 1313 arbitrio
990 1264 1197 1312 cuncta
1246 1255 1572 1327 disponere,
1626 1271 1820 1322 parem

171 1344 413 1404 haberet
433 1347 490 1402 in
517 1347 745 1403 civitate
766 1347 954 1403 virum
981 1346 1282 1402 inutilem:
1327 1349 1510 1402 accito
1545 1347 1825 1401 Constan-

171 1435 296 1493 tino
330 1436 507 1494 nobili
537 1448 587 1494 et
614 1440 845 1507 potente
865 1438 1009 1506 viro,
1043 1436 1138 1504 qui
1175 1437 1232 1492 in
1277 1436 1576 1492 montibus
1614 1434 1822 1491 vicinis

172 1527 571 1584 munitissima
601 1526 852 1583 habebat
875 1527 1164 1598 praesidia,
1186 1528 1259 1583 de
1279 1526 1576 1583 communi
1611 1541 1821 1598 propo-

173 1625 319 1675 nunt
339 1616 602 1685 consilio,
629 1622 712 1683 ut,
736 1617 883 1672 duce
901 1632 1098 1672 eurum
1122 1617 1492 1688 interempto,
1515 1615 1820 1670 dominum

170 1705 519 1764 Balduinum
570 1707 682 1762 sibi
723 1707 928 1762 ducem
978 1707 1339 1762 constituant
1383 1712 1441 1761 et
1499 1706 1818 1776 princiuem

168 1795 552 1867 singularem.
585 1795 752 1851 Cives
782 1797 961 1864 enim,
995 1800 1123 1862 elus
1149 1795 1368 1851 meritis
1420 1796 1821 1865 exigentibus,

173 1885 416 1941 oderant
437 1884 636 1950 illum;
662 1883 863 1939 multis
885 1885 1041 1940 enim
1060 1884 1372 1940 calumniis
1392 1901 1492 1940 eos
1514 1885 1823 1939 dicebatur

170 1974 444 2047 affligere,
477 1990 680 2031 aurum
711 1982 765 2029 et
805 1981 1106 2041 argentum
1157 1982 1211 2030 et
1258 1973 1530 2046 quaslibet
1575 1972 1822 2042 pretiosa

173 2063 249 2123 ab
275 2064 359 2120 eis
388 2063 671 2119 violenter
724 2073 1114 2135 extorquens3
1173 2063 1264 2119 cui
1298 2067 1346 2118 si
1397 2064 1531 2136 quis
1562 2064 1822 2118 tentabat

170 2153 462 2220 resistere,
493 2154 683 2211 eidem
730 2153 947 2222 statim,
998 2154 1133 2208 data
1183 2154 1448 2225 pecunia,
1497 2153 1817 2209 Turcorum

172 2241 500 2299 suscitabat
529 2241 867 2296 inimicitias
914 2246 973 2295 et
1015 2241 1237 2306 odium,
1278 2242 1356 2295 ita
1389 2247 1451 2295 ut
1483 2258 1593 2296 non
1627 2240 1817 2297 solum

171 2329 385 2386 vinetis
431 2335 489 2386 et
535 2329 721 2385 hortis
764 2340 815 2385 et
865 2329 1009 2384 satis
1049 2331 1491 2395 succendendis,
1547 2332 1820 2402 gregibus

170 2402 404 2491 'quoque
425 2426 480 2471 et
505 2415 787 2472 armentis
808 2415 1168 2473 abducendis
1191 2416 1463 2474 timerent
1493 2436 1509 2488 ς
1542 2435 1740 2477 verum
1764 2425 1820 2476 et

171 2505 245 2562 de
276 2504 388 2561 vita
417 2504 883 2578 periclitarentur
907 2506 1142 2579 saepius.

829 2613 1060 2671 CAPUT
1100 2618 1172 2672 V.

172 2721 439 2781 Edessmn'
463 2721 653 2780 dacem
682 2724 1012 2791 praeetictum
1045 2722 1429 2793 interficiunt5
1479 2727 1819 2784 Baldat'mtm

237 2796 348 2854 sitit·
374 2797 687 2866 praefict'nnt
717 2799 771 2851 in
803 2797 1130 2860 dominum:
1157 2800 1272 2861 tuse
1310 2813 1439 2854 vvro
1470 2799 1815 2857 Samo-atum

234 2866 563 2956 proedt'ctum
590 2888 626 2925 α
656 2869 884 2936 Bastiae,
926 2873 1020 2942 qui
1052 2872 1106 2925 ei
1156 2875 1418 2940 praeerat,
1466 2873 1643 2928 multo
1686 2877 1819 2929 emit

233 2952 440 3015 preeto.

237 3034 657 3106 Convenientes
686 3047 866 3121 igitur
886 3049 956 3105 ad
990 3049 1259 3119 invicem,
1285 3050 1490 3107 borum
1526 3052 1812 3111 malorum

168 3153 455 3196 memores
483 3145 537 3195 et
568 3137 825 3194 videntes
858 3141 1010 3210 quud
1041 3143 1221 3208 major
1262 3142 1331 3195 ad
1371 3141 1469 3196 diu
1512 3142 1808 3200 desidera-
1842 3134 1886 3201 C

165 3231 291 3285 tam
325 3227 652 3284 libertatem
686 3228 1086 3297 obtinendam,
1136 3245 1237 3300 per
1288 3230 1575 3302 hospitem
1620 3249 1818 3290 susce-

171 3321 338 3391 ptum
372 3322 591 3389 pateret
619 3317 730 3385 via,
763 3333 832 3373 ex
863 3316 1128 3373 condicto
1160 3318 1231 3373 ad
1281 3334 1439 3373 arma
1473 3321 1818 3393 convolant3

171 3414 232 3463 et
259 3404 469 3462 turrim
502 3408 558 3463 in
592 3423 710 3479 qua
738 3406 1094 3462 domicilium
1130 3405 1400 3477 habebat,
1435 3408 1824 3476 multaimpu-

168 3502 359 3573 gnant
388 3498 690 3565 instantia,
726 3504 988 3569 proterva
1011 3497 1377 3556 animositate
1403 3500 1632 3557 diruere
1662 3506 1819 3557 sata·

170 3594 395 3663 gentes.
428 3588 649 3644 Videas
678 3592 873 3643 autem
895 3586 1082 3659 plebis
1104 3589 1410 3661 fervorem,
1434 3597 1493 3647 et
1524 3607 1626 3662 pro
1651 3591 1823 3646 meri·

173 3678 249 3735 tis
280 3678 560 3734 adversus
590 3693 654 3733 se
705 3677 1163 3745 indignationem
1223 3686 1587 3752 conceptam,
1637 3680 1820 3737 accito

171 3767 411 3823 domino
439 3765 749 3836 Balduino,
810 3784 914 3840 pro
971 3768 1090 3824 vita
1141 3768 1450 3839 sollicitus,
1511 3774 1700 3842 rogat,
1759 3774 1823 3826 ut

170 3857 375 3914 ess'usis
407 3857 704 3914 thesauris
737 3874 840 3930 pro
871 3856 1002 3928 ejus
1032 3859 1221 3915 salute
1242 3859 1311 3914 ad
1337 3858 1609 3931 populum
1639 3861 1819 3917 inter-

171 3946 355 4001 cedat.
388 3944 490 4001 llle
519 3954 731 4017 autern,
754 3964 885 4003 cum
921 3948 1070 4004 bona
1102 3948 1214 4004 fide
1239 3950 1452 4006 civium
1476 3950 1547 4004 ab
1568 3966 1634 4005 eo
1652 3950 1823 4007 vellet

175 4032 526 4106 propulsare
553 4034 803 4105 injurias
852 4039 909 4091 et
944 4037 1016 4091 ab
1050 4038 1148 4093 illo
1199 4040 1492 4110 proposito
1524 4038 1816 4108 cohibere,

172 4123 374 4179 videns
405 4124 556 4194 quod
581 4140 694 4180 non
720 4126 1041 4195 proficeret,
1063 4127 1164 4181 sed
1191 4127 1374 4200 magis
1400 4136 1453 4185 et
1478 4129 1661 4202 magis
1684 4130 1821 4186 irri-

173 4214 399 4266 taretur
427 4212 697 4283 populus,
720 4229 989 4269 reversus
1021 4217 1092 4270 ad
1125 4218 1358 4285 ducem,
1385 4224 1586 4275 monet
1613 4226 1673 4275 et
1691 4219 1822 4275 hor-

175 4303 333 4355 tatur
388 4300 690 4363 attentius,
741 4311 1032 4372 quatenus
1080 4319 1432 4377 quocunque
1479 4312 1644 4364 modo
1692 4311 1818 4365 vitta

173 4384 447 4446 consulat
474 4391 533 4442 et
562 4387 755 4445 saluti.
794 4389 891 4446 Ille
919 4395 1115 4447 autem
1149 4392 1444 4465 desperati
1477 4412 1658 4464 more,
1680 4415 1821 4469 quae·

172 4492 301 4536 rens
328 4476 633 4534 remedium
685 4478 784 4535 ubi
811 4496 927 4535 non
969 4492 1110 4548 erat,
1161 4497 1259 4554 per
1309 4483 1622 4540 fenestram
1684 4490 1819 4563 tune
1851 4494 1896 4559 D

173 4566 448 4633 demisso,
481 4566 738 4639 seipsum
771 4568 940 4625 etiam
973 4568 1319 4641 deponebat,
1372 4572 1470 4628 ubi
1503 4578 1817 4645 antequam

172 4658 245 4718 ad
277 4664 492 4715 terram
525 4659 872 4731 perveniret,
904 4659 1062 4716 mille
1089 4659 1318 4732 sagittis
1338 4663 1647 4720 confossus
1679 4665 1819 4724 inte-

175 4750 295 4809 riit.
330 4753 513 4817 Quem
547 4751 889 4808 defunctum
921 4756 978 4807 et
1033 4752 1360 4809 exanimem
1413 4770 1513 4824 per
1570 4755 1818 4827 plateam

173 4840 500 4908 trahentes,
523 4847 821 4914 amputato
852 4841 976 4913 capi
990 4847 1066 4911 te,
1099 4842 1190 4899 vix
1222 4847 1499 4900 adversus
1517 4860 1648 4901 eum
1674 4863 1816 4905 con-

175 4932 403 5000 ceptam
434 4928 897 5002 indignationem
921 4934 1312 5005 expleverunt.
1339 4933 1438 4990 Die
1468 4950 1601 4992 vero
1634 4938 1817 4994 altera

177 5017 480 5074 dorninum
513 5018 863 5078 Balduinum
908 5024 1148 5079 invitum
1198 5030 1254 5080 et
1285 5025 1646 5095 renitentem,
1702 5028 1814 5083 sibi

173 5109 559 5183 prael‘ecerunt
587 5109 646 5164 in
679 5112 999 5174 dominum.
1033 5114 1308 5170 exhibitis
1341 5117 1714 5186 corporaliter
1744 5118 1815 5174 de

175 5198 569 5257 conservanda
591 5199 1263 5273 ssdetitatejuramentis;
1296 5209 1353 5260 et
1384 5203 1815 5264 introducentes

173 5304 306 5346 sum
338 5289 698 5358 solemniter,
729 5297 945 5347 etcum
978 5295 1137 5347 omni
1169 5291 1355 5364 gloria
1382 5292 1441 5348 in
1485 5294 1814 5365 praesidium

173 5378 447 5448 civitatis,
484 5378 782 5437 universos
803 5381 1106 5439 thesauros
1140 5391 1194 5437 et
1229 5382 1512 5450 infinitas,
1545 5400 1686 5453 quas
1719 5384 1815 5441 ille

175 5480 212 5524 a
234 5468 436 5525 multis
459 5476 606 5525 retro
624 5473 984 5544 temporibus
1004 5479 1477 5545 congregaverat,
1503 5474 1554 5530 ei
1577 5474 1817 5531 tradunt

172 5552 410 5612 divitias
439 5556 713 5615 universa
739 5558 800 5615 in
831 5560 1148 5632 tranquillo
1198 5561 1512 5618 constituta
1556 5561 1811 5623 civitate.

1934 448 2285 515 dixeramus,
2319 446 2519 501 videns
2549 446 2701 512 quod
2736 445 3060 500 Balduinus
3088 444 3159 499 de
3191 444 3285 500 die
3329 443 3389 500 in
3424 445 3579 502 diem

1931 537 2257 607 proficiens,
2293 536 2624 591 universam
2674 535 2785 590 sibi
2835 537 3191 607 subjugabat
3251 537 3580 608 regionem.

1932 628 2260 696 praedictam
2281 627 2572 682 civitatem
2601 627 2709 680 sub
2735 626 2913 690 pretio
2945 624 3142 681 decem
3185 626 3435 682 millium
3464 644 3579 683 au-

1930 731 2158 771 reorum
2195 717 2452 772 venalem
2484 716 2711 771 obtutit.
2752 715 3035 772 Dominus
3069 733 3200 772 vero
3252 715 3576 775 Balduinus

1932 813 2060 877 post
2096 807 2339 860 multam
2370 805 2867 874 deliberationem,
2890 807 3095 863 videns
3126 806 3234 862 loci
3267 805 3573 864 munimen

1928 899 1984 950 et
2015 895 2167 965 quod
2204 912 2316 950 non
2348 896 2515 950 facile
2538 895 2757 950 viribus
2817 901 3037 965 poterat
3089 895 3377 968 superari,
3436 897 3575 954 data

1928 984 2159 1039 infinita
2208 985 2471 1056 pecunia,
2526 983 2729 1040 urbem
2779 987 2837 1040 et
2893 985 3101 1040 civium
3162 985 3397 1042 obsides
3436 1001 3569 1042 cum

1930 1073 2114 1129 multa
2148 1073 2335 1146 gloria
2366 1077 2639 1146 suscepit.
2675 1073 2777 1129 Hic
2810 1074 3058 1145 primum
3104 1083 3324 1131 tantam
3357 1075 3572 1133 civium

1928 1164 2352 1222 Edessanorum
2386 1167 2444 1221 in
2478 1183 2537 1222 se
2567 1165 2896 1222 conciliavit
2925 1169 3191 1238 gratiam,
3219 1171 3282 1223 ut
3302 1169 3426 1238 jam
3452 1184 3569 1225 non

1926 1257 2111 1311 solum
2144 1257 2471 1321 dominum,
2504 1255 2606 1312 sed
2636 1262 2691 1311 et
2723 1263 2943 1328 patrem
2972 1273 3101 1313 eum
3126 1257 3435 1326 haberent,
3472 1273 3579 1330 pa-

1927 1348 2035 1402 rati
2072 1365 2172 1419 pro
2205 1349 2334 1417 eius
2364 1347 2761 1404 incolumitate
2792 1353 2848 1405 et
2875 1347 3062 1421 gloria
3091 1365 3279 1422 usque
3308 1350 3380 1407 ad
3413 1364 3573 1406 mor-

1925 1440 2042 1495 tem
2076 1440 2384 1495 decertare.

2564 1527 2798 1585 CAPUT
2835 1527 2930 1587 Vl.

1926 1615 2242 1687 Soror-qiam
2301 1615 2581 1673 cit-itatem
2648 1618 2871 1673 obs-ittet.
2938 1615 3224 1675 obsessam
3295 1618 3571 1675 violenter

1997 1694 2239 1754 aecumst,
2272 1690 2523 1759 qratiam
2553 1690 2706 1761 apud
2759 1692 3018 1762 populum
3066 1706 3229 1746 suum
3284 1691 3571 1749 demerem

1854 1739 1897 1805 Β
2001 1762 2299 1830 infinitum.

2001 1851 2136 1906 Erat
2174 1851 2232 1905 in
2283 1851 2480 1906 eadem
2530 1850 2820 1919 provincia
2857 1852 3082 1915 civitas.
3131 1851 3402 1921 Soror-gia
3462 1869 3565 1910 no·

1932 1942 2109 2006 mine,
2127 1939 2459 1996 infidelibus
2480 1940 2681 1996 eodem
2708 1942 2878 1998 modo
2894 1944 3098 1998 referta
3121 1942 3567 2011 habitatoribus,

1933 2031 2243 2085 Edessanis
2277 2032 2331 2084 in
2356 2030 2543 2086 vicino
2573 2031 2904 2093 constituta.
2929 2032 3018 2087 cui
3052 2037 3293 2103 praerat
3323 2034 3567 2106 quidam

1931 2120 2253 2176 Tureorum
2287 2132 2542 2193 satrapa,
2578 2122 2744 2178 Balac
2776 2125 3033 2179 nomine.
3069 2123 3168 2178 liic
3205 2121 3374 2178 etiam
3420 2139 3571 2194 prae·

1932 2211 2102 2282 pictis
2130 2212 2376 2275 civibus,
2409 2212 2622 2268 multas
2653 2214 2939 2268 inserebat
2985 2213 3227 2283 injurias
3274 2220 3332 2269 et
3386 2214 3570 2271 conti-

1930 2302 2063 2356 nuis
2113 2302 2352 2357 vexabat
2410 2303 2735 2358 molestiist
2797 2320 2898 2375 pro
2956 2320 3070 2374 quo
3117 2305 3292 2359 etiam
3336 2304 3568 2361 demine

1929 2389 2214 2447 Balduino
2243 2391 2641 2463 supplicantes
2673 2392 2974 2459 Edessani,
3004 2393 3168 2449 facile
3195 2396 3483 2464 obtinent,
3506 2399 3569 2451 ut

1930 2488 2278 2552 congre-gato
2308 2490 2584 2550 exercitu,
2620 2484 2818 2537 urbem
2864 2483 3197 2554 proedietaiu
3246 2483 3565 2540 obsideret.

1928 2563 2093 2623 Unde
2126 2571 2339 2623 l'actutn
2371 2577 2482 2636 est,
2518 2576 2581 2623 ut
2611 2575 2833 2624 statuta
2876 2569 2969 2624 die
3018 2567 3136 2624 illic
3169 2571 3569 2639 proficiscens,

1927 2656 2275 2710 desiderium
2322 2657 2517 2727 populi
2570 2658 2933 2726 manciparet
2977 2657 3231 2725 effectui,
3283 2659 3570 2715 civitatem

1927 2746 2226 2800 obsidens.
2266 2744 2490 2802 Locatis
2533 2754 2725 2802 autem
2772 2749 2827 2801 in
2872 2763 3073 2820 gyrum
3111 2748 3318 2803 caetris
3350 2756 3408 2804 et
3438 2764 3571 2806 ma-

1927 2835 2117 2889 chinis
2146 2850 2401 2904 congrua
2421 2835 2743 2904 provisione
2762 2836 3083 2905 dispositis,
3119 2839 3319 2893 urbem
3349 2839 3574 2895 animo·

1925 2925 2049 2978 sius
2092 2928 2265 2994 coepit
2322 2925 2685 2998 impugnare.
2740 2925 3015 2982 Videntes
3045 2933 3239 2983 autem
3285 2927 3438 2984 cives
3467 2926 3574 2984 viri

1926 3015 2339 3084 constantiam,
2370 3026 2423 3072 et
2455 3020 2526 3072 de
2556 3017 2781 3073 viribus
2814 3018 3162 3086 diitidentes,
3196 3017 3396 3086 nimia,
3428 3035 3577 3075 con-

1926 3106 2082 3162 cussi
2143 3107 2473 3173 formidine,
2512 3109 2686 3164 missa
2732 3109 2804 3163 ad
2859 3125 2992 3164 cum
3027 3110 3335 3182 legatione,
3370 3126 3571 3183 pacem

1929 3196 2241 3268 impetrant
2268 3213 2336 3252 ea
2365 3197 2721 3265 conditione,
2746 3204 2810 3253 ut
2838 3199 2981 3253 urbe
3014 3201 3325 3271 resignata,
3347 3201 3463 3255 vita
3485 3199 3571 3256 eis

1928 3294 1981 3342 et
2015 3285 2386 3342 incolumitas
2438 3295 2830 3344 conservetur.
2880 3287 3160 3361 Suscepta
3190 3299 3384 3346 autem
3429 3288 3572 3345 civi-

1928 3378 2060 3442 tate,
2090 3384 2143 3431 et
2176 3391 2303 3447 eJus
2352 3378 2619 3449 presidio
2651 3377 2868 3433 relictis
2925 3379 2997 3435 de
3055 3394 3162 3434 suo
3186 3381 3464 3435 comitatu
3497 3379 3570 3436 ad

1926 3464 2054 3535 ejus
2086 3468 2409 3522 custodiam
2442 3466 2891 3534 sufficientibus,
2931 3470 3315 3540 prefectoque
3358 3486 3475 3526 uno
3504 3484 3574 3525 ex

1927 3553 2069 3621 illis,
2111 3557 2210 3627 qui
2243 3556 2371 3627 ejus
2402 3556 2617 3614 ibidem
2666 3563 3003 3629 procuraret
3050 3560 3301 3630 negotia,
3350 3558 3576 3614 civibus

1928 3660 2157 3716 quoque
2175 3649 2478 3702 annuatim
2502 3648 2830 3717 prtsstando
2846 3648 3118 3718 imposito
3140 3647 3578 3713 tributo,1·2des·

1927 3750 2052 3789 aam
2111 3751 2246 3790 cum
2304 3736 2524 3804 ingenti
2565 3737 2750 3807 gloria
2782 3753 3048 3794 reversus
3074 3742 3177 3793 est.
3212 3736 3573 3810 Factumque

1927 3830 2038 3890 est,
2070 3829 2136 3880 ut
2168 3841 2269 3897 per
2310 3825 2489 3896 hujus
2518 3826 2683 3883 urbis
2721 3826 3250 3901 impugnationem,
3307 3826 3455 3886 liber
3496 3832 3574 3885 ab

1926 3915 2233 3971 Antiochia
2266 3932 2451 3988 usque
2484 3917 2759 3973 Edessam
2795 3918 3047 3975 transire
3084 3915 3429 3983 volentibus.
3466 3935 3573 3991 pa-

1930 4008 2076 4060 teret
2103 4014 2485 4063 commeatus.
2509 4008 2572 4063 ln
2605 4008 2793 4063 medio
2826 4008 2983 4063 enim
3007 4007 3229 4076 itinere,
3254 4007 3405 4064 inter
3433 4024 3575 4080 pre-

1927 4094 2142 4150 dictam
2203 4096 2405 4152 urhem
2458 4102 2515 4152 et
2569 4097 2921 4167 Euphratem
2952 4103 3288 4166 constituta,
3320 4098 3575 4154 transire

1926 4182 2269 4253 volentibuS,
2322 4187 2630 4258 praestabat
2678 4186 2843 4259 prius
2904 4188 3407 4259 impedimentum.
3468 4183 3573 4243 His

1927 4287 2065 4346 ergo
2088 4273 2262 4330 dictis
2284 4275 2353 4331 de
2381 4275 2618 4333 domino
2649 4276 2959 4347 Batduino,
2987 4278 3061 4333 ad
3093 4292 3158 4335 ea
3188 4293 3318 4350 quas
3348 4281 3574 4334 restant

1929 4364 2001 4419 de
2033 4364 2255 4435 majore
2283 4365 2536 4423 exercitu
2570 4367 2837 4436 dicenda,
2869 4369 3197 4425 redeamus.

2550 4474 2782 4533 CAPUT
2824 4475 2947 4533 vtt.

1928 4563 2128 4619 Direcli
2154 4563 2376 4635 quidam
2408 4581 2441 4619 a
2487 4567 2697 4636 majore
2739 4568 3003 4636 exercitu,
3043 4566 3241 4622 urbem
3289 4566 3575 4624 Artesicm

1996 4635 2275 4692 violenter
2294 4642 2577 4704 occupant.
2612 4638 2723 4706 Quo
2762 4653 2979 4696 rumore
3016 4640 3188 4694 exciti
3225 4637 3572 4705 Antiochen-t.

1998 4708 2136 4763 illuc
2177 4724 2299 4763 cum
2338 4712 2515 4763 multa
2562 4724 2858 4781 properant
2895 4711 3140 4780 milatiu3
3175 4710 3383 4767 nostris
3429 4711 3573 4768 ivm·-

1998 4778 2118 4835 dtus
2146 4790 2531 4848 praeeuntium
2579 4782 2767 4838 urbem
2813 4785 3184 4854 irrumperint:
3239 4782 3388 4838 nihil
3432 4798 3573 4855 pro·-

1997 4849 2240 4920 ficientes
2269 4858 2516 4915 redeant,
2548 4864 2706 4924 ponte
2732 4858 2917 4911 tamen
2942 4857 3105 4925 prius
3135 4853 3500 4911 communito.

1994 4939 2216 4995 Interea
2246 4940 2382 4995 dum
2416 4942 2573 4997 circa
2630 4953 2819 5015 partes
2878 4944 3201 5000 Edessenas
3257 4949 3419 5000 trans
3447 4942 3573 5000 Eu-

1925 5028 2191 5101 phratem
2242 5028 2513 5087 dominus
2564 5032 2644 5087 ita
2700 5032 2945 5089 desudat
2985 5033 3328 5102 Balduinus,
3380 5035 3571 5105 major

1925 5119 2231 5189 exereitus,
2256 5125 2318 5175 ut
2352 5120 2712 5193 praemissum
2745 5128 2854 5189 est,
2876 5140 2977 5196 per
3006 5122 3250 5191 abrupta
3280 5122 3569 5179 montium

1924 5214 1981 5265 et
2023 5209 2265 5266 vallium
2316 5211 2551 5280 devexa,
2611 5210 2917 5269 Maresiam
2977 5227 3161 5285 usque
3202 5216 3566 5284 pervenerat.

1927 5301 2062 5353 Erat
2090 5304 2281 5353 autem
2318 5300 2586 5369 praedicta
2610 5300 2813 5356 civitas
2834 5301 3197 5357 Christianos
3221 5301 3444 5356 habens
3465 5300 3568 5357 ha·

1922 5386 2224 5457 bitatores,
2259 5388 2456 5457 paucis
2486 5389 2739 5457 exeeptis
2772 5390 2870 5461 qui
2905 5391 2961 5446 ln
3000 5388 3268 5460 praesidio
3317 5388 3569 5448 civitati·

1923 5479 2324 5549 morabantur,
2357 5489 2593 5536 cteteros
2625 5495 2727 5551 pro
2762 5480 2942 5537 libero
2988 5481 3380 5537 detractantes
3407 5476 3569 5538 arbi·

1918 5565 2052 5624 trio.
2084 5565 2154 5622 Hi
2182 5581 2318 5625 vero
2346 5565 2545 5628 audito
2577 5574 2928 5640 nostrornm,
2950 5570 3227 5640 adventu,
3249 5568 3565 5642 perterriti,
