3784 6000
170 224 300 285 ⁸53

663 221 863 285 mer.
911 182 1181 287 assuit
1224 223 1764 285 Tasususam.
1809 254 1887 265 -
1934 219 2083 281 us.
2127 219 2287 282 xm.
2334 221 2781 286 associans
2823 223 2881 285 11
2925 224 3106 287 nex.

3468 224 3588 287 55⁸

171 363 327 412 ctum
356 353 674 411 Phoenicem
706 354 1107 430 bellisinvasit
1130 373 1154 418 ,⁰
1182 359 1280 429 qui
1313 358 1472 424 sacta
1519 372 1654 425 pace
1701 371 1826 412 cum
1859 354 1907 421 Α
1941 357 2194 409 strorum
2228 354 2534 423 ditionem,
2567 357 2762 428 aliquo
2792 373 2931 413 casu
2975 359 3171 429 posset
3211 355 3584 412 descendere.

173 444 453 510 omnibus,
482 451 606 513 post
633 450 785 516 teron
812 461 916 501 sua
946 461 1195 502 reversus
1223 455 1318 503 est.
1375 448 1604 503 Recessit
1652 454 1836 501 autem

176 550 217 590 a
247 535 384 606 Tyro
410 536 604 590 civitas
647 533 842 602 Sidon,
890 541 944 591 et
989 536 1179 602 Arche,
1223 539 1522 607 etantiqua
1561 536 1751 607 Tyius,
1782 537 1836 589 et

182 623 532 681 multaeoliae
576 623 755 692 urbes,
795 640 922 697 quae
966 627 1282 696 semetipsas
1327 624 1677 698 Assyriorum
1714 622 1837 692 reqi

182 712 534 769 tradiderunt
564 731 585 770 .·
615 721 946 785 quapropter
981 714 1157 785 Tyriis
1199 731 1310 770 non
1338 714 1608 785 subjectis,
1657 713 1834 768 denuo

182 819 287 859 rex
313 801 577 859 adversus
598 818 687 859 eos
704 817 953 873 opressus
980 812 1086 872 est,
1131 805 1475 861 Phoenicibus
1520 801 1832 859 exhibenti·

184 892 282 948 bus
314 893 367 948 ei
396 909 563 948 noces
588 891 905 962 sexaqinea,
937 899 990 948 et
1034 895 1268 962 remiqes
1301 895 1574 961 octoqinta
1595 911 1614 948 .·
1642 899 1832 948 contro

179 999 318 1054 quos
350 983 501 1054 Tyrii
527 982 853 1052 naviqantes
884 984 946 1038 in
976 982 1258 1039 duodecim
1276 983 1531 1051 navibus,
1575 981 1833 1052 dispersis

181 1073 276 1127 lios
286 1074 429 1128 tium
447 1073 701 1139 novibus,
715 1086 901 1144 cepere
922 1075 1163 1140 captivos
1182 1075 1323 1128 viros
1335 1075 1677 1144 quinqentos,
1690 1071 1834 1126 unde

181 1164 360 1218 honor
378 1163 567 1234 Tyrior
576 1178 668 1217 um
676 1166 894 1232 propter
907 1163 1005 1217 hoc
1014 1164 1178 1218 erevit
1191 1163 1420 1217 eximie.
1440 1163 1724 1216 Revertens
1736 1177 1829 1213 uu·

181 1261 289 1308 tem
313 1252 663 1323 Assyriorum
678 1267 796 1319 rex,
809 1251 1072 1322 disposuit
1083 1251 1355 1305 custodias
1365 1265 1526 1320 super
1536 1251 1768 1320 fluvium
1781 1255 1832 1303 et

180 1339 545 1415 aquaeducms
570 1342 799 1401 civium.
824 1351 882 1394 ut
909 1340 1094 1411 Tyrios
1117 1340 1346 1395 haurire
1363 1341 1556 1409 pocula
1575 1339 1834 1408 prohibe-

182 1439 307 1495 ret,·
338 1434 391 1485 el
419 1429 553 1484 dum
572 1428 671 1483 hoc
699 1430 939 1499 quinque
966 1430 1833 1496 unnissuissetsactum,tulerunt

180 1521 246 1577 de
276 1522 488 1593 effossis
532 1519 718 1589 puteis
779 1519 1018 1575 bibentes
1052 1536 1274 1592 aquom.
1311 1520 1438 1576 Haec
1483 1521 1539 1575 in
1595 1519 1834 1574 archivis

183 1609 479 1682 Tyriorum
508 1609 576 1664 de
588 1607 952 1663 Salmanasar
970 1609 1314 1679 Assyriorum
1330 1624 1451 1680 ναμε
1469 1611 1670 1680 scripta
1682 1617 1829 1664 suut.

847 1715 1079 1772 CAPUT
1110 1714 1177 1773 V.

258 1805 598 1863 Describitur
645 1805 839 1860 civitas
869 1811 964 1870 ;et
1019 1808 1209 1930 {totus
1264 1807 1465 1860 civium
1491 1811 1545 1861 et
1590 1803 1830 1862 conditio

875 1891 1026 1946 aperi
1052 1892 1140 1933 ur.

251 1968 349 2024 Sic
371 1983 532 2039 ergo,
558 1973 622 2022 ut
653 1965 931 2033 diximus,
961 1966 1122 2036 quasi
1154 1964 1346 2021 insula
1368 1975 1451 2022 est
1469 1966 1734 2038 praefaeta
1752 1966 1827 2023 ci·

175 2057 352 2122 vitas,
389 2054 780 2128 procellosum
809 2055 964 2111 circs
994 2071 1056 2110 se
1100 2054 1320 2111 habens
1366 2072 1546 2122 mare,
1598 2055 1829 2111 latenti·

176 2143 860 2216 busscropulisetnimia
892 2144 1286 2216 inaequalitate
1315 2146 1730 2216 periculosum;
1749 2147 1830 2202 ita

178 2241 243 2291 ut
275 2235 589 2307 peregrinis
627 2237 684 2289 et
741 2233 955 2303 ignaris
1005 2232 1284 2299 locorum,
1316 2236 1383 2289 ad
1427 2235 1630 2291 urbem
1663 2236 1828 2290 navi-

179 2323 461 2395 gantibus
481 2320 869 2396 periculosum
905 2322 976 2377 sit
1006 2322 1316 2390 accedet-⁶3
1350 2327 1406 2377 et
1454 2323 1568 2379 nisi
1618 2323 1826 2379 ducem

180 2413 463 2482 habeant,
482 2412 583 2486 qui
615 2411 940 2483 adjacentis
965 2411 1138 2467 maris
1155 2412 1367 2468 habeat
1390 2411 1677 2481 notitiam,
1712 2430 1825 2469 non

181 2500 298 2557 nisi
330 2517 465 2557 cum
513 2500 819 2570 naufragio
868 2499 997 2554 urbi
1044 2507 1292 2570 possunt
1338 2499 1824 2571 appropinquare.

181 2592 324 2647 Erat
352 2595 548 2645 autem
575 2604 643 2644 ex
675 2594 838 2658 parte
862 2589 1158 2643 maritima
1192 2605 1289 2659 per
1319 2590 1627 2645 circuitum
1657 2605 1826 2645 muro

181 2681 390 2737 clausa
415 2679 672 2751 gemino,
705 2684 895 2733 turres
918 2676 1140 2735 babens
1183 2678 1510 2734 altitudinis
1557 2695 1825 2749 congruis

181 2768 688 2842 proportionaliter
729 2767 1035 2823 distantes.
1084 2768 1171 2823 Ab
1216 2768 1436 2824 oriente
1483 2785 1636 2836 vero,
1673 2769 1826 2826 unde

180 2869 267 2915 est
298 2875 403 2930 per
425 2864 607 2913 terras
630 2872 925 2921 accessus,
975 2872 1138 2911 muro
1169 2855 1368 2912 clausa
1420 2856 1657 2927 triplici,
1688 2873 1821 2912 cum

180 2948 622 3007 turribusmirae
638 2946 986 3015 altitudinis,
1011 2946 1207 3003 densis
1221 2946 1555 3015 admodum,
1576 2951 1635 3003 et
1652 2961 1824 3019 prope

177 3057 241 3096 se
274 3039 776 3112 contingentibus.
808 3037 1091 3092 Praeterea
1120 3042 1176 3092 et
1204 3038 1422 3092 vallum
1455 3038 1563 3093 late
1605 3047 1822 3107 patene,

180 3146 285 3202 per
317 3128 477 3201 quod
501 3128 668 3183 facile
697 3126 824 3198 ejus
847 3126 996 3182 cives
1021 3135 1251 3195 possent
1277 3141 1435 3181 mare
1461 3126 1826 3183 introducere
1854 3106 1899 3173 C

178 3220 241 3274 in
272 3219 647 3274 alterutrum.
677 3217 722 3271 Α
753 3218 916 3287 parte
959 3230 1092 3270 vero
1143 3214 1582 3284 septentrionali
1625 3220 1827 3286 portus

178 3306 436 3363 civitatis
457 3304 1084 3365 interior.interturres
1106 3305 1369 3374 geminas
1393 3301 1569 3358 habet
1588 3304 1829 3369 ostium,

179 3396 337 3452 infra
367 3394 582 3450 moenia
612 3398 805 3449 tamen
840 3397 1143 3463 receptus3
1189 3408 1322 3447 nam
1353 3399 1608 3448 exterius
1637 3392 1832 3447 insula

185 3484 465 3540 fluctibns
492 3482 739 3555 objecta,
767 3483 1074 3537 aestuantis
1099 3480 1280 3551 pelagi
1307 3480 1522 3551 primos
1553 3483 1830 3551 frangens

185 3576 468 3645 impetus,
499 3573 649 3628 inter
679 3587 741 3627 se
770 3576 827 3625 et
856 3569 1047 3626 solum
1088 3574 1277 3625 tutam
1324 3568 1567 3624 navibus
1618 3570 1832 3639 praebet

182 3663 523 3725 stationem,
544 3660 730 3716 ventis
762 3661 1109 3727 inacessam,
1139 3658 1244 3713 soli
1280 3666 1472 3714 tamen
1519 3658 1828 3715 obnoxiam

183 3750 474 3824 aquiloni.
505 3749 700 3806 Classe
729 3765 862 3814 ergo
892 3750 947 3803 in
976 3765 1103 3803 eam
1137 3755 1362 3818 partem
1394 3747 1653 3813 inducta,
1684 3755 1741 3803 et
1771 3748 1828 3817 in

185 3838 512 3911 tranquillo
542 3837 750 3905 locata,
783 3838 1153 3908 exercituque
1188 3837 1449 3908 pomeria
1481 3836 1610 3893 urbi
1643 3837 1832 3893 vicina

181 3938 447 3998 tenente,
469 3929 678 3985 caetris
707 3944 941 4002 quoque
993 3944 1094 3999 per
1141 3928 1455 3984 circuitum
1506 3928 1831 3997 collocatis,

183 4023 379 4079 exitus
400 4018 795 4089 introitusque
813 4017 1036 4074 civibus
1062 4023 1300 4089 negant,
1320 4022 1376 4071 et
1389 4016 1527 4072 solis
1543 4017 1834 4073 moenibus

185 4114 409 4183 cogunt
437 4122 562 4164 esse
593 4112 918 4165 contentos.
950 4107 1086 4163 Erat
1107 4116 1298 4161 autem
1325 4106 1600 4176 praedicta
1629 4105 1834 4161 civitas

187 4201 340 4256 dnos
370 4197 589 4254 babens
623 4196 925 4263 dominos;
951 4212 1084 4251 nam
1119 4195 1401 4267 aegyptius
1432 4192 1673 4268 Calipha
1702 4201 1835 4251 tan·

183 4302 361 4358 quam
394 4288 583 4356 major
601 4286 899 4353 dominus,
925 4286 1074 4341 duas
1095 4284 1346 4340 babebat
1365 4284 1494 4354 eius
1512 4284 1832 4356 portiones;

190 4378 683 4433 Damascenorum
713 4390 847 4430 vero
872 4375 1012 4445 regi,
1037 4374 1176 4444 quia
1192 4373 1436 4431 vicinior
1455 4384 1596 4442 erat,
1618 4391 1689 4430 ne
1705 4390 1834 4431 eam

1946 443 2185 499 Unicum
2206 445 2357 499 enim
2376 445 2739 517 etsingulare
2753 450 2932 503 totius
2947 447 3209 520 regioris,
3225 446 3392 503 sicuti
3408 445 3585 502 etiam

1943 536 2031 586 est
2062 530 2250 598 hodie,
2286 533 2593 591 videbatur
2621 550 2749 592 esse
2779 536 3139 608 praesidium,
3171 541 3229 593 et
3278 536 3455 592 robur
3502 533 3589 590 in·

1943 620 2354 692 comparabile.

2574 731 2809 789 CAPUT
2850 734 2943 789 vt.

1941 818 2175 874 Locatur
2221 820 2469 890 obsessi0‚
2529 825 2581 877 et
2629 822 2967 892 principibus
2996 824 3055 879 in
3111 841 3175 879 ea
3220 829 3380 895 porte
3436 824 3583 881 desi·

2119 896 2365 959 quantur
2387 910 2407 953 .·
2433 902 2485 947 et
2514 895 2712 949 civitas
2727 895 2999 950 hostiliter
3029 897 3408 967 impuqnatur,

2014 978 2361 1049 Compositis
2399 997 2532 1053 ergo
2579 982 2818 1037 sarcinis
2865 989 2921 1038 et
2951 983 3123 1041 rebus
3171 985 3241 1040 ad
3286 985 3584 1055 quandam

1941 1069 2414 1124 commoditatem
2449 1069 2674 1135 locatis,
2701 1073 2866 1141 juxta
2897 1079 3128 1144 portum
3153 1090 3326 1130 naves
3359 1073 3586 1131 univer-

1943 1173 2038 1211 sas
2064 1158 2321 1212 educunt
2349 1159 2418 1214 ad
2452 1157 2661 1228 sicum,
2682 1166 2920 1232 excepta
2936 1163 3244 1234 unagnlea,
3269 1179 3394 1234 quai
3427 1177 3586 1219 sem·

1943 1260 2045 1315 per
2072 1245 2146 1302 ad
2175 1256 2476 1320 suspectos
2509 1250 3123 1325 casus,quiemergere
3147 1256 3434 1324 poterant,
3465 1255 3592 1309 erat

1944 1342 2146 1405 parata
2178 1351 2190 1390 ι
2228 1352 2337 1405 quo
2372 1336 2737 1404 sacto,ducto
2752 1338 2896 1394 vallo
2929 1341 3217 1412 profundo
3242 1341 3586 1398 convenien-

1941 1429 2030 1478 ter
2068 1441 2101 1481 a
2132 1428 2275 1479 mari
2308 1427 2592 1497 superiori
2642 1429 2711 1483 ad
2745 1427 3012 1496 inferius,
3046 1431 3388 1486 universum
3420 1430 3586 1486 clau·

1942 1514 2092 1570 dunt
2125 1517 2463 1571 exercitum.
2508 1517 2673 1573 Tunc
2705 1528 2939 1586 sumpta
2994 1521 3066 1576 de
3086 1520 3333 1576 navibus
3380 1536 3587 1578 conve-

1942 1604 2134 1660 niente
2166 1607 2424 1674 materia,
2464 1609 2617 1662 unde
2648 1624 2846 1663 secum
2878 1608 3079 1664 Veneti
3106 1609 3346 1665 multam
3368 1609 3592 1667 detule-

1942 1699 2074 1750 rant
2102 1694 2348 1765 copiam,
2391 1696 2721 1753 convocatis
2771 1696 3112 1767 artificibus,
3162 1698 3299 1755 varii
3359 1701 3592 1770 generis

1942 1783 2172 1855 erigunt
2206 1783 2525 1841 machinas.
2565 1786 2842 1842 Dominus
2884 1802 3021 1843 sane
3072 1789 3405 1860 patriarcba
3452 1806 3591 1846 cum

1941 1872 2099 1944 regni
2132 1872 2515 1945 principibus,
2549 1875 2730 1931 vicem
2754 1876 2975 1932 domini
3011 1877 3164 1948 regis
3186 1876 3481 1943 obtinens,
3512 1874 3594 1931 li-

1939 1977 2188 2033 gnorum
2212 1978 2458 2018 caesores
2487 1969 2545 2017 et
2575 1963 2970 2020 architectum
2994 1968 3209 2035 peritos
3240 1979 3591 2035 convocans,

1939 2051 2199 2120 subJecta
2220 2068 2320 2120 pro
2350 2051 2500 2105 votis
2524 2052 2786 2120 materia,
2811 2052 3114 2109 castellum
3138 2052 3414 2108 aedilicari
3441 2067 3587 2123 prm·

1941 2141 2082 2212 cipit
2113 2140 2306 2196 inulti-s
2331 2139 2662 2196 altitudinis
2697 2158 2710 2198 :
2746 2143 2899 2197 unde
2920 2158 3049 2198 cum
3083 2141 3175 2196 bis
3208 2141 3306 2213 qui
3336 2140 3392 2196 in
3416 2141 3591 2197 turri-

1939 2230 2051 2286 bus
2081 2237 2266 2300 crant,
2301 2233 2547 2302 pugnari
2571 2240 2761 2302 posset
2785 2231 2953 2304 quasi
2974 2232 3265 2292 cominus,
3297 2236 3354 2286 et
3376 2231 3580 2286 urbem

1938 2326 2116 2377 totam
2151 2321 2346 2379 liceret
2376 2322 2611 2378 intueri.
2645 2322 2943 2379 machinas
2964 2319 3585 2391 nibilominusjacula-

1936 2412 2110 2466 terias
2143 2410 2407 2467 fabricari
2432 2414 2723 2483 praecepit,
2746 2412 2962 2482 quibus
3006 2410 3232 2482 magnis
3266 2409 3591 2466 molaribus

1937 2505 2125 2556 turres
2154 2511 2208 2556 et
2239 2501 2456 2556 moenia
2488 2501 2916 2567 concutiantur,
2949 2507 3005 2555 et
3026 2499 3251 2554 civibus
3283 2505 3471 2555 terror
3500 2496 3591 2553 in-

1939 2590 2171 2645 feratur.
2209 2597 2331 2644 Dux
2352 2590 2523 2644 etiam
2558 2605 2688 2644 cum
2721 2589 2843 2644 suis
2884 2595 3108 2661 partem
3145 2589 3363 2659 regiam
3407 2603 3592 2642 aemu·

1938 2680 2146 2745 lantes,
2178 2677 2442 2750 ejusdem
2475 2681 2706 2751 generis
2728 2681 2958 2748 erigunt
2982 2677 3586 2751 machinas,locisque

1936 2767 2405 2842 competentibus
2427 2778 2780 2839 componunt
2804 2775 3045 2824 erectas.
3080 2769 3455 2838 Instantergo
3473 2782 3584 2822 (εω-

1936 2864 2052 2930 pto,
2086 2875 2218 2914 curn
2242 2858 2401 2913 omni
2446 2857 2868 2926 sollicitudine,
2906 2858 3092 2928 operi,
3128 2861 3188 2912 et
3216 2861 3582 2928 propositum

1938 2954 2141 3021 urgent
2172 2964 2286 3003 non
2328 2946 2662 3003 deficientes
2707 2949 2780 3003 ab
2830 2949 3097 3020 incepto;
3133 2946 3230 3003 sed
3282 2945 3469 3018 magis
3517 2960 3590 3002 ac

1938 3040 2121 3110 magis
2147 3039 2391 3105 accensi,
2425 3039 2580 3092 cives
2613 3043 2863 3105 arctant,
2904 3043 2962 3093 et
3003 3040 3072 3093 de
3123 3037 3413 3093 machinis
3451 3035 3584 3091 urbi

1940 3125 2236 3182 molestias
2257 3125 2513 3181 inserunt
2537 3125 2913 3183 incessanter.
2965 3126 3300 3182 Assultibus
3348 3140 3586 3198 quoque

1938 3220 1995 3271 et
2025 3214 2539 3286 congressionibus
2569 3215 2843 3285 assiduis,
2876 3215 3131 3273 obsessis
3174 3214 3439 3288 requiem
3487 3229 3589 3268 ne-

1938 3309 2097 3377 gant.
2149 3304 2312 3360 Cives
2362 3304 2745 3361 nihilominus
2795 3315 2854 3361 ut
2906 3323 2969 3362 se
3004 3310 3282 3361 tueantur
3324 3301 3581 3371 solliciti,
3679 3291 3684 3296 ’

1938 3400 2141 3450 cuncta
2174 3393 2515 3463 discutiunt,
2551 3401 2615 3451 ut
2642 3413 2753 3451 ase
2769 3400 3097 3452 nostrorum
3137 3392 3587 3466 propulsentin-

1934 3484 2122 3554 jurias
2148 3490 2204 3537 et
2254 3486 2523 3540 hostibus
2567 3486 2782 3539 damna
2830 3485 3100 3539 inferant.
3152 3484 3401 3553 Exigunt
3454 3496 3590 3554 ergo

1939 3573 2052 3646 ipsi
2085 3572 2156 3630 de
2187 3574 2346 3630 intus
2377 3592 2407 3629 e
2439 3576 2672 3644 regione
2697 3573 3021 3640 machinas,
3053 3577 3110 3627 et
3141 3572 3298 3627 saxis
3330 3569 3591 3642 ingenti-

1939 3664 2049 3720 bus
2080 3679 2281 3719 earum
2305 3663 2472 3733 jactu
2500 3662 2746 3727 libratis,
2779 3660 3019 3716 castella
3071 3664 3272 3715 nostra
3317 3659 3445 3714 sine
3495 3657 3594 3711 in-

1937 3753 2307 3807 termissione
2360 3751 2611 3818 cedunt;
2642 3757 2701 3806 et
2746 3750 2899 3805 circa
2930 3765 2996 3804 ea
3040 3749 3593 3818 regionem,timore

1943 3840 2252 3897 molarium
2272 3840 2638 3907 emissorum,
2676 3840 2755 3894 ita
2788 3838 2899 3893 sibi
2934 3838 3230 3893 vindicant
3276 3836 3591 3908 propriam,

1942 3935 2008 3986 ut
2035 3947 2206 3985 nemo
2237 3930 2308 3985 de
2338 3930 2551 3984 nostris
2584 3928 2659 3984 ibi
2677 3930 2904 3985 auderet
2927 3926 3262 3995 immorari3
3300 3926 3397 3981 sed
3420 3930 3477 3980 ct
3494 3940 3591 3981 eos

1942 4019 2157 4091 quibus
2188 4017 2571 4075 conservandi
2604 4018 2907 4073 machinas
2924 4033 3051 4072 sors
3081 4014 3594 4072 dederatnecessi-

1942 4113 2139 4176 tatem,
2176 4112 2236 4163 ut
2269 4125 2381 4165 non
2416 4107 2527 4164 nisi
2559 4123 2693 4163 cum
2725 4123 2903 4163 cursu
2934 4105 3242 4162 celerrimo
3262 4106 3333 4161 sd
3356 4121 3454 4161 eas
3483 4120 3593 4160 au-

1942 4199 2146 4255 derent
2175 4195 2469 4264 accedere,
2504 4213 2607 4253 nec
2650 4197 2706 4253 in
2754 4195 2840 4252 eis
2872 4194 2988 4251 nisi
3042 4210 3170 4251 cum
3201 4195 3450 4251 maximo
3505 4192 3594 4250 di·

1943 4287 2216 4345 scrimine
2238 4285 2611 4343 commorari.
2637 4285 2746 4351 Qui
2777 4294 2970 4342 autem
3013 4285 3074 4342 in
3121 4285 3366 4342 excelsis
3420 4281 3600 4341 turri-

1945 4378 2055 4433 bus
2086 4381 2254 4433 erant
2284 4375 2612 4442 constituti,
2638 4375 2891 4432 arcubus
2921 4379 2979 4431 et
3002 4374 3229 4431 balistis
3256 4378 3481 4431 tantam
3512 4372 3599 4430 ln·

188 4464 555 4532 molestaret,
577 4464 695 4518 imo
724 4461 896 4519 etiam
930 4468 994 4517 ut
1025 4464 1084 4517 in
1118 4462 1567 4519 necessitatibus
1597 4464 1836 4533 civium,
1868 4481 1916 4547 D
1949 4466 2211 4522 ferebant
2241 4464 2355 4533 bis,
2389 4464 2488 4536 qui
2518 4463 2580 4519 in
2611 4462 2863 4520 castellis
2893 4466 2950 4519 et
2979 4462 3135 4519 circa
3166 4462 3469 4519 machinas
3502 4479 3599 4519 eos

185 4554 276 4611 eis
305 4552 503 4608 auxilii
537 4553 629 4608 sui
649 4552 1010 4607 ministraret
1026 4551 1328 4623 suffragia,
1358 4551 1585 4608 tertiam
1606 4568 1840 4609 conces-

185 4643 294 4700 sit.
328 4640 506 4697 Erant
532 4648 722 4695 autem
770 4638 830 4695 in
870 4655 940 4694 ea
989 4639 1143 4695 cives
1176 4640 1398 4694 nobiles
1441 4643 1499 4695 et
1543 4639 1839 4712 pecuniosi

185 4731 379 4800 valde,
411 4730 630 4803 quippe
659 4728 759 4801 qui
789 4730 1087 4784 continuis
1122 4728 1585 4799 navigationibus
1608 4730 1840 4785 univer-

188 4837 291 4878 sas
318 4836 463 4890 pene
493 4818 923 4875 mediterraneo
948 4817 1094 4874 mari
1125 4818 1460 4887 adjacentes
1492 4818 1838 4889 provincias,

186 4912 380 4984 gratia
406 4911 914 4978 commerciorum,
935 4909 1253 4981 peregrinis
1272 4912 1569 4969 mercibus
1597 4917 1655 4969 et
1687 4913 1842 4969 mul-

185 4999 490 5074 tiplicibus
513 5000 737 5058 divitiis
768 5000 969 5056 urbem
1026 4998 1400 5071 repleverant.
1450 4999 1843 5075 Confugerant

186 5090 265 5150 ad
286 5107 418 5149 eam
445 5095 746 5164 praeterea,
769 5089 987 5146 intuitu
1007 5088 1351 5146 munitionis
1372 5091 1525 5161 ejus,
1556 5091 1629 5148 de
1650 5092 1840 5149 Caesa·

186 5198 328 5249 rote,
346 5179 722 5250 Ptolemaida,
747 5179 983 5248 Sidone,
1004 5177 1214 5246 Biblio,
1235 5177 1455 5250 Tripoli
1485 5182 1543 5235 et
1571 5179 1702 5236 aliis
1717 5197 1842 5236 ma-

186 5269 409 5328 ritimis
456 5268 724 5340 urbibus,
772 5285 899 5341 quae
940 5267 1000 5324 in
1050 5271 1307 5325 nostram
1327 5269 1449 5338 jam
1496 5268 1844 5328 devenerant

185 5361 567 5434 potestatem.
593 5358 751 5415 cives
781 5355 975 5430 inclyti
999 5360 1055 5413 et
1074 5357 1408 5428 locupletes,
1440 5355 1637 5429 ibique
1658 5358 1844 5414 domi·

185 5450 328 5505 cilia
357 5447 546 5505 multa
575 5447 682 5503 sibi
714 5448 901 5520 pretio
923 5450 1407 5518 comparaverant
1439 5462 1453 5500 :
1482 5447 1846 5519 impossibile

182 5538 430 5613 penitus
459 5536 834 5609 arbitrantes,
866 5539 1022 5608 quod
1053 5536 1195 5595 urbs
1224 5541 1343 5594 tam
1378 5535 1603 5594 munita
1641 5535 1703 5594 in
1736 5553 1847 5596 no-

520 5637 795 5700 Pn'not..
841 5635 986 5702 CCI.

1949 4555 2393 4627 impugnabant,
2419 4552 2754 4624 jaculorum
2786 4557 2843 4608 et
2892 4552 3228 4625 sagittarum
3258 4550 3595 4606 multitudi-

1949 4660 2105 4713 nem,
2141 4648 2416 4713 tantoque
2445 4642 2743 4697 instabant
2782 4657 3057 4697 saxorum
3100 4637 3472 4711 pugillarium
3496 4638 3594 4709 ja-

1949 4737 2071 4798 ctu,
2104 4737 2168 4787 ut
2199 4730 2287 4786 vix
2314 4732 2490 4787 etiam
2525 4746 2729 4786 manus
2780 4730 3065 4784 auderent
3109 4741 3362 4784 exerere.
3405 4725 3597 4781 Nostri

1950 4824 2125 4878 etiam
2158 4819 2257 4892 qui
2307 4819 2365 4875 in
2398 4818 2646 4875 castellis
2696 4823 2886 4886 eraut,
2943 4814 3388 4888 aequipollenter
3419 4814 3599 4872 nimis

1951 4911 2103 4966 ictus
2135 4908 2345 4964 ictibus
2380 4915 2906 4979 recompensantes,
2954 4906 3069 4960 vim
3123 4907 3173 4960 vi
3229 4901 3597 4975 repellentes,

1951 5002 2177 5056 tantam
2203 4996 2296 5053 bis
2324 4997 2420 5067 qui
2451 4997 2512 5052 in
2560 4994 2825 5051 turribus
2868 5002 2922 5051 et
2969 5010 3150 5067 supra
3198 5009 3398 5050 muros
3430 4998 3600 5049 erant

1952 5087 2148 5163 positi,
2184 5086 2526 5159 ingerebant
2563 5082 2782 5139 laboris
2812 5084 3245 5151 necessitatem,
3277 5086 3343 5138 ut
3385 5081 3604 5155 saepius

1953 5179 2014 5237 in
2046 5178 2141 5235 die
2171 5173 2505 5248 permutati,
2538 5172 2674 5231 belli
2725 5172 2959 5245 pondus
2997 5172 3290 5230 sustinere
3318 5186 3436 5228 non
3466 5186 3605 5244 pos·

1955 5271 2109 5335 sent,
2138 5264 2248 5331 Qui
2279 5266 2474 5319 autem
2505 5260 2564 5316 in
2596 5260 2879 5319 machinis
2909 5264 3093 5326 erant,
3146 5259 3490 5318 docentibus
3510 5257 3606 5315 bis

1955 5358 2056 5429 qui
2081 5351 2383 5426 ,iaculandi
2415 5350 2684 5424 peritiam
2715 5354 2883 5406 erant
2928 5348 3204 5414 assecuti,
3253 5347 3433 5405 tantis
3469 5345 3609 5404 viri·

1954 5448 2091 5512 bus,
2124 5447 2402 5513 tantoque
2433 5438 2740 5497 conanime
2771 5438 3028 5511 ingentia
3050 5438 3400 5510 torquebant
3444 5450 3603 5507 saxa,

1958 5540 2023 5594 ut
2053 5531 2241 5593 muris
2270 5532 2448 5599 illisa,
2477 5531 2568 5590 vel
2600 5530 2878 5602 turribus,
2920 5530 3195 5589 universa
3223 5529 3610 5586 concuterent

3209 5628 3290 5690 18
