3784 6000
170 248 299 317 633

643 250 848 315 ntS'r.
896 246 1167 316 RERUM
1212 248 1759 317 TRANSMARIN.
1806 282 1882 297 —-
1929 250 2077 312 LlB.
2123 250 2283 315 XVI.
2328 248 2778 316 BALDUlNUS
2819 251 2900 316 111
2941 254 3124 320 Rex.

3466 258 3584 323 654

172 394 302 446 tam
324 403 582 460 proesens
619 388 807 459 possit
860 404 895 445 a
917 387 1163 447 Domino
1217 387 1333 445 Deo
1384 403 1491 444 suo
1522 404 1624 459 pro
1671 385 1826 444 votis
1854 386 1912 454 Α
1943 389 2138 445 noster
2156 386 2440 445 exercitus
2463 387 2674 457 spatia,
2696 390 3003 461 angustias
3051 408 3198 466 quas
3238 394 3585 467 patiebatur,

177 478 501 549 impetrare
528 475 900 532 beneficium.
923 477 1060 534 Suis
1088 491 1227 547 ergo
1271 475 1535 548 occupati
1569 475 1826 531 necessi·

176 567 427 635 tatibus,
463 564 677 622 nostris
713 565 969 636 aliquam
1004 563 1302 638 indulgent
1342 565 1628 637 requiem,
1667 568 1725 619 et
1754 563 1825 620 ad

175 661 419 729 tempus
440 654 722 727 respirare
748 656 1095 712 concedunt.

811 762 1046 820 CAPUT
1083 761 1204 821 ΧΠ.

174 856 426 916 'illitur-
452 857 524 913 ad
544 857 718 915 hostes
788 870 850 911 ro
866 871 998 925 paee
1026 853 1273 925 lemnus,-
1294 852 1522 927 quidam
1540 850 1747 907 nobilis
1767 849 1832 906 de

250 929 499 987 hostibus
528 931 709 995 eadit,-
776 925 1060 983 issolvitur
1098 924 1338 981 hostium
1393 927 1701 987 exercitus,-
1730 937 1831 979 ito·

253 1011 370 1059 ster
399 1001 627 1059 liberior
655 999 1047 1074 proficiscitur.

256 1111 412 1167 Dum
432 1126 567 1166 vero
590 1109 683 1165 his
700 1113 818 1165 tam
836 1104 1307 1162 intolerabilibus
1331 1108 1528 1162 noster
1547 1103 1834 1161 exercitus

182 1206 550 1272 premeretur
572 1195 765 1262 malis,
799 1193 1132 1251 diffidentes
1151 1194 1221 1249 de
1250 1192 1405 1265 vulgi
1433 1192 1691 1264 patienta
1716 1208 1836 1247 ma-

175 1287 354 1362 joris,
385 1291 443 1343 et
470 1287 570 1359 qui
603 1300 813 1342 sensus
852 1283 1146 1339 habebant
1197 1281 1384 1355 magis
1428 1281 1833 1350 excercitatos,

185 1393 392 1450 regem
424 1376 661 1445 adeunt,
696 1373 1047 1446 persuadent
1070 1378 1135 1428 ut
1156 1372 1359 1437 legatio
1390 1372 1463 1427 ad
1512 1371 1835 1427 Ainardum

187 1466 503 1538 dirigatur,
528 1480 729 1538 pacem
752 1460 1054 1534 postulans
1084 1462 1196 1518 sub
1218 1460 1549 1517 conditione
1579 1459 1839 1532 qualibet

186 1557 333 1613 dum
357 1554 726 1611 solummodo
757 1556 826 1608 ad
860 1551 1093 1623 propria
1126 1551 1307 1623 possit
1327 1549 1515 1607 redire
1532 1549 1834 1606 exercitus.

187 1644 442 1717 Eligitur
471 1643 711 1716 quidam
726 1641 827 1715 qui
848 1645 1159 1712 suspectus
1180 1639 1523 1706 habebatur,
1547 1639 1699 1711 quod
1724 1637 1840 1695 alia

1936 472 2083 533 loeis
2115 475 2348 533 redimit
2375 475 2820 546 patentioribus,
2879 481 3078 552 etjam
3109 483 3454 543 continuato
3487 502 3590 558 per

1938 563 2166 636 aliquot
2187 565 2316 622 dies
2347 565 2577 636 itinere,
2603 571 2841 625 ventum
2862 577 2984 629 erat
3004 570 3214 632 iterum
3244 574 3317 631 ad
3343 574 3586 633 Caveam

1939 653 2135 723 Roob3
2170 671 2340 725 quem
2393 655 2610 725 locum,
2664 658 2944 729 quoniam
3003 668 3294 736 angustus
3331 673 3478 735 erat,
3529 669 3592 725 et

1939 743 2305 815 periculosus
2362 752 2588 816 poterat
2613 763 2744 804 esse
2791 751 3249 821 transeuntibus,
3297 754 3594 827 principes

1940 834 2207 895 consulto
2217 836 2527 906 jusserunt
2551 835 2852 895 declinari.
2875 840 3190 899 Praedictus
3216 859 3350 901 vere
3376 844 3593 903 Dama-

1942 938 2249 979 scenorum
2283 930 2587 995 procurato
2645 926 2960 994 Ainardus,
3016 929 3225 989 videns
3273 933 3430 1004 quod
3487 949 3591 991 rex

1944 1028 2076 1068 eum
2111 1013 2237 1070 suis
2254 1014 2603 1071 exercitibus
2628 1031 2833 1074 versus
2871 1019 3212 1089 pradictum
3237 1021 3446 1080 vallem
3470 1038 3592 1096 pro·

1945 1103 2204 1173 perabat,
2239 1102 2440 1159 missis
2468 1105 2691 1163 nuntiis
2738 1106 2905 1163 offert
2963 1111 3142 1179 quod,
3197 1110 3248 1167 si
3285 1111 3338 1168 ei
3371 1113 3591 1169 honum

1946 1191 2262 1263 videretur,
2279 1196 2441 1250 trans
2454 1193 2694 1251 caveum
2718 1196 2769 1252 ei
2796 1197 3009 1254 faceret
3027 1198 3268 1256 honeste
3283 1201 3594 1272 prandium

1947 1284 2291 1356 praeparari;
2327 1288 2570 1341 noverat
2592 1285 2884 1356 enimjam
2907 1302 3007 1357 per
3037 1288 3158 1346 dies
3190 1289 3411 1359 aliquot
3430 1306 3597 1349 exer-

1946 1373 2130 1428 citum
2167 1372 2583 1431 alimentorum
2610 1374 2810 1447 inopia
2829 1375 3142 1437 laborasse.
3167 1380 3331 1446 Quod
3354 1380 3594 1438 verbum

1947 1467 2142 1518 utrum
2175 1479 2243 1519 ex
2268 1464 2601 1520 dilectionis
2632 1464 2966 1522 sinceritate
2997 1469 3366 1539 processerit,
3411 1486 3486 1526 an
3525 1486 3597 1527 ex

1948 1551 2104 1620 dolo,
2134 1552 2340 1610 volens
2371 1557 2603 1611 nostras
2617 1556 3013 1627 expeditiones
3037 1557 3097 1615 in
3133 1559 3596 1630 periculosarum

1948 1641 2190 1696 vallium
2225 1642 2529 1713 angustias
2559 1643 2927 1716 immergere,
2961 1662 3061 1717 pro
3092 1653 3247 1704 certo
3278 1665 3393 1705 non
3427 1648 3602 1706 habe-

195 1733 324 1791 vice
352 1732 415 1789 in
453 1731 745 1803 legatione
796 1729 974 1786 simili
1030 1732 1235 1785 contra
1281 1726 1498 1783 Christi
1556 1726 1837 1799 populum
1872 1738 1920 1807 Β
1953 1746 2078 1787 mus
2107 1736 2498 1803 compertum.
2534 1731 2904 1805 Regulariter
2925 1738 3120 1792 tamen
3180 1737 3441 1794 creditur
3470 1753 3598 1796 esse

196 1820 487 1878 malitiose
505 1823 771 1876 versatus
804 1817 1047 1885 fuisset3
1106 1820 1303 1872 tamen
1347 1819 1580 1887 propter
1630 1812 1841 1885 linguoe

190 1908 634 1976 commercium,
666 1908 817 1979 quod
848 1906 1064 1963 habere
1086 1905 1389 1961 dicebatur
1416 1902 1697 1961 familiare
1720 1904 1849 1976 plu·

205 2001 450 2067 fimum,
483 1999 693 2054 iterum
718 1997 773 2052 id
806 1996 856 2053 ei
906 1995 1164 2052 muneris
1204 1993 1551 2065 injungitur.
1584 1992 1847 2065 Dumque

208 2091 264 2146 ei
294 2089 746 2160 persuaderetur
778 2090 842 2142 ut
872 2084 1116 2142 fideliter
1145 2083 1477 2155 injunctum
1500 2088 1850 2155 exsequatur

193 2178 482 2245 officinm,
515 2175 733 2232 dixisse
754 2174 1089 2246 perhibetur
1114 2190 1127 2228 τ
1152 2175 1362 2245 lnjuste
1390 2176 1438 2228 et
1460 2181 1659 2243 praeter
1680 2173 1849 2227 meri-

194 2271 315 2323 tum
345 2270 625 2337 suspectus
669 2264 907 2327 habeon·
938 2264 1075 2318 vado
1123 2266 1310 2316 tamen
1335 2277 1355 2324 ,·
1404 2260 1551 2332 quod
1578 2259 1629 2315 si
1656 2260 1852 2327 obiecti

193 2372 320 2415 reus
346 2372 469 2412 sum
491 2354 768 2422 criminis,
800 2369 1086 2424 nunquam
1116 2351 1263 2406 mihi
1279 2353 1465 2407 redire
1491 2349 1848 2413 concedatur,

194 2449 329 2521 quin
363 2447 600 2502 hostium
620 2442 821 2514 alodiis
844 2446 1120 2511 confessus
1143 2443 1436 2496 inteream.
1474 2441 1680 2495 Datum
1708 2455 1845 2512 ergo

193 2537 257 2594 in
287 2553 354 2593 se
384 2535 588 2591 mortis
621 2531 972 2589 sententiam
1006 2531 1179 2586 miser
1203 2530 1398 2597 homo,
1424 2528 1849 2598 divinojudicio

193 2631 467 2698 expertus
497 2628 589 2681 est
617 2621 818 2679 statim
843 2640 858 2690 3
891 2637 1053 2688 nam,
1077 2627 1392 2692 antequam
1411 2621 1480 2676 ad
1501 2619 1698 2675 hostes
1722 2633 1849 2692 per-

195 2715 426 2772 veniret
452 2721 503 2771 et
522 2712 827 2786 legationis
859 2710 1097 2767 functus
1155 2715 1309 2766 esset
1358 2725 1618 2778 munere,
1671 2708 1851 2763 armis

198 2805 464 2864 hostium
486 2806 792 2862 confossus
807 2802 1049 2858 interiit.
1069 2801 1472 2857 Convenerant
1491 2801 1563 2855 ad
1584 2801 1849 2856 eamdem

197 2894 627 2970 expeditionem
652 2899 908 2965 quatuor
928 2891 1131 2964 inclyti
1158 2890 1407 2946 Arabum
1436 2888 1726 2961 principes
1749 2887 1853 2943 lra-

201 2994 345 3056 trcs,
369 2984 618 3043 illustris
650 2989 709 3041 et
736 2984 930 3042 eximii
980 2982 1233 3038 Arabum
1293 2985 1536 3053 satrapa*
1592 2979 1719 3048 filii,
1753 2979 1850 3050 qui

202 3077 400 3134 dietus
428 3081 514 3133 est
545 3073 740 3142 Merel,
775 3087 906 3129 cum
930 3072 1242 3127 innumera
1263 3086 1504 3126 suorum
1531 3086 1739 3138 manu;
1772 3069 1850 3138 bi,
1882 3110 1929 3180 G

203 3169 347 3224 dum
378 3169 614 3223 nostros
639 3180 706 3219 ex
736 3161 918 3218 latere
976 3159 1253 3234 protervis
1310 3159 1488 3215 nimis
1532 3157 1852 3215 assultibus

200 3258 485 3313 vexarent
508 3252 850 3320 instantius;
874 3250 1058 3307 nostri
1088 3253 1281 3306 autem
1314 3247 1611 3321 proposita
1638 3247 1765 3319 lege
1781 3247 1850 3303 ad

202 3363 307 3405 eos
326 3360 612 3415 eruntque
634 3359 747 3399 non
773 3342 1076 3406 auderent,
1117 3356 1190 3394 ne
1222 3338 1267 3394 si
1337 3345 1536 3393 contra
1584 3336 1666 3393 rei
1703 3336 1856 3394 mili-

204 3435 351 3493 taris
380 3431 756 3503 disciplinam
789 3429 1022 3487 ordines
1045 3429 1362 3494 solverent,
1385 3426 1681 3482 duriorem
1708 3426 1765 3482 in
1795 3441 1859 3483 se

201 3531 486 3598 tanquam
517 3522 779 3578 locorum
803 3521 1125 3575 desertores
1147 3517 1548 3588 experirentur
1621 3519 1860 3571 senten-

204 3616 391 3672 tiam:
425 3629 582 3669 unus
612 3612 684 3666 de
718 3609 938 3665 familia
980 3607 1150 3664 Turci
1203 3606 1387 3671 illius,
1420 3605 1517 3676 qui
1551 3604 1858 3661 nobiscum

210 3707 362 3764 erat.
395 3718 513 3759 non
544 3701 739 3757 ferens
768 3698 1002 3754 illorum
1036 3699 1253 3752 fastum
1296 3699 1354 3751 et
1384 3712 1418 3751 a
1449 3695 1664 3751 nostris
1710 3693 1861 3765 inju-

206 3795 354 3850 riam
400 3788 738 3865 propulsare
767 3788 1029 3858 cupiens,
1071 3787 1196 3841 vitae
1230 3784 1530 3857 prodigus,
1589 3788 1647 3839 et
1718 3782 1862 3856 legis

207 3884 522 3940 immemor
552 3879 880 3950 propositae,
913 3891 1127 3946 equum
1162 3873 1403 3929 viriliter
1433 3873 1768 3941 admittens,
1800 3872 1862 3930 in

213 3986 406 4028 unum
437 3985 507 4025 ex
526 3967 641 4022 illis
664 3969 913 4037 quatuor
934 3964 1184 4031 hastam,
1209 3978 1387 4033 quam
1414 3977 1588 4016 manu
1606 3962 1861 4032 gerabat,

208 4062 493 4132 dirigens,
526 4057 719 4130 gladio
746 4054 1282 4111 transverberatum
1316 4052 1373 4106 in
1400 4050 1590 4106 medio
1616 4067 1857 4109 suorum

206 4152 468 4226 agmine,
502 4149 571 4206 ad
604 4152 819 4203 terram
846 4145 1058 4217 dejecit
1078 4143 1421 4211 exanimen3
1448 4157 1627 4214 seque
1661 4141 1860 4199 statim

207 4256 423 4300 sanum
446 4236 853 4297 etincolumen
870 4235 931 4291 in
957 4239 1224 4290 nostrum
1251 4231 1859 4304 recepitexeercitum.

209 4333 423 4388 Factus
445 4337 530 4386 est
562 4342 700 4400 ergo
732 4326 885 4382 cirea
934 4339 1145 4397 corpus
1177 4321 1459 4389 defuncti,
1489 4321 1687 4395 populi
1720 4339 1862 4380 con-

208 4436 425 4480 cursus
448 4416 930 4483 innumerabilis3
984 4419 1040 4471 et
1068 4413 1296 4487 cognito
1335 4413 1489 4484 quod
1517 4413 1642 4484 jam
1668 4411 1860 4469 infeli·

1959 1819 2267 1891 traditum,
2297 1822 2450 1892 quod
2483 1821 2742 1879 hostium
2775 1838 3015 1880 munera
3048 1827 3256 1882 merito
3295 1827 3469 1884 etiam
3502 1827 3603 1885 ha·

1957 1909 2209 1966 beantur
2238 1914 2531 1980 suspects.
2555 1911 2819 1968 Generali
2843 1927 2981 1984 ergo
2999 1913 3252 1981 decreto,
3278 1915 3602 1973 decernunt

1958 1998 2052 2053 via
2080 1998 2398 2066 superiore,
2430 1997 2702 2068 quoniam
2728 1996 2959 2069 planior
2985 2003 3044 2055 et
3061 1999 3254 2057 mulus
3275 2001 3598 2069 periculosa

1957 2094 2095 2146 erat.
2126 2086 2412 2144 incedere.
2444 2090 2708 2159 Cumque
2736 2088 2940 2144 ducem
3001 2105 3117 2145 nou
3170 2089 3451 2147 haberent
3495 2091 3601 2162 qui

1958 2172 2193 2238 agmina
2216 2172 2464 2243 praeiret,
2484 2183 2539 2228 et
2560 2171 2816 2229 locorum
2836 2189 2940 2246 per
2958 2191 3087 2246 ques
3110 2174 3410 2233 transituri
3432 2181 3602 2234 erant

1959 2260 2198 2317 haberet
2229 2261 2517 2333 peritiam.
2540 2278 2672 2319 ecce
2703 2263 2900 2320 subito
2947 2264 3216 2322 cohortes
3272 2266 3602 2337 praecedens

1958 2350 2126 2407 miles
2156 2349 2390 2420 quidam
2422 2351 2680 2423 ignotus,
2733 2352 2848 2409 albi
2880 2368 3072 2409 sessor
3113 2354 3271 2426 equi,
3305 2354 3465 2411 rubei
3498 2370 3601 2412 eo-

1958 2440 2100 2496 loris
2129 2441 2406 2497 vexillum
2447 2443 2742 2512 bajulans,
2795 2442 2974 2500 lorica
3002 2443 3262 2512 indatus,
3295 2446 3474 2501 curtis
3503 2462 3602 2502 us-

1961 2547 2075 2602 que
2104 2531 2175 2587 ad
2207 2532 2438 2587 cubitos
2463 2532 2709 2588 manicis
2732 2533 3113 2590 antecedebat
3133 2534 3469 2592 exercitum.
3501 2534 3604 2592 Hie

1959 2625 2239 2690 tanquam
2274 2620 2532 2691 angebus
2555 2621 2781 2676 Domini
2812 2622 3193 2691 exercituum,
3227 2622 3456 2680 viarum
3508 2640 3605 2682 se·
3687 2668 3692 2675 .

1961 2721 2146 2778 quens
2176 2709 2523 2779 compendia
2543 2712 2600 2763 et
2628 2709 2699 2764 ad
2723 2710 3134 2780 aquasducens
3166 2710 3326 2781 prius
3347 2711 3602 2782 incogni-

1961 2799 2072 2863 tas,
2106 2797 2376 2867 congruis
2406 2800 2464 2852 et
2492 2797 2816 2854 commodis
2834 2798 3185 2856 stationibus
3205 2800 3604 2857 castrametari

1961 2886 2216 2942 docebat.
2245 2886 2337 2942 Sic
2367 2887 2546 2959 igitur
2569 2903 2704 2943 cum
2735 2889 2988 2960 quinque
3030 2889 3264 2958 diebus,
3307 2908 3496 2963 usque
3523 2893 3598 2949 ad

1962 2976 2300 3049 praedictam
2323 2974 2567 3034 Caveam
2587 2977 2682 3034 vix
2714 2979 3114 3048 pervenissent
3174 2980 3594 3054 expeditiones,

1964 3065 2152 3120 tribus
2183 3068 2382 3136 postea
2412 3066 2524 3122 sub
2547 3065 2672 3135 jam
2722 3067 2874 3123 dicto
2908 3068 3056 3124 duce
3085 3067 3316 3125 itineris
3358 3085 3605 3140 proam-

1966 3154 2127 3225 bulo,
2159 3154 2269 3211 iter
2298 3159 2559 3226 agentes,
2597 3154 2884 3212 Gadaram
2907 3172 3091 3230 usque
3122 3157 3484 3229 perveniunt.

2579 3262 2812 3320 CAPUT
2851 3263 2997 3321 x111.

1967 3355 2298 3410 Per-veniunt
2329 3352 2599 3409 Gadaram
2626 3356 3093 3427 nostraeleyiones
3111 3372 3133 3419 ,·
3153 3357 3486 3414 describitur
3519 3355 3606 3415 lo·

2170 3442 2301 3491 σωκ
2328 3430 2378 3482 et
2406 3426 2477 3481 ad
2504 3427 2732 3496 propria
2774 3429 3078 3483 revertitur
3111 3433 3406 3485 exereitus.

2037 3515 2158 3572 Sita
2186 3519 2245 3571 et
2278 3514 2505 3572 Gadara
2550 3515 2609 3569 in
2634 3528 2704 3569 ea
2759 3514 2990 3587 regione
3038 3533 3166 3587 quas
3195 3517 3501 3589 Decapolis
3523 3518 3610 3574 di-

1970 3607 2141 3673 citur,
2200 3607 2270 3661 de
2340 3621 2455 3675 qua
2494 3603 2804 3674 Evangelio
2864 3605 3042 3660 Marci
3101 3606 3352 3677 legitur:
3404 3607 3610 3662 Exim

1969 3700 2127 3755 Iesus
2155 3695 2221 3751 de
2264 3693 2469 3765 finibus
2520 3694 2672 3767 Tyri,
2701 3697 2852 3749 veuit
2909 3709 3006 3763 per
3063 3693 3316 3751 Sidonem
3346 3696 3415 3751 ad
3453 3713 3607 3752 mars

1973 3789 2245 3853 Galitoeae,
2272 3788 2418 3841 inter
2445 3784 2652 3840 medios
2671 3786 2803 3855 fines
2823 3787 3146 3858 Decapoleos
3171 3786 3464 3859 (Mar-exn,
3491 3789 3606 3862 31).

1974 3877 2036 3934 In
2060 3876 2191 3942 hac,
2217 3873 2370 3931 sicut
2393 3878 2450 3929 et
2469 3889 2685 3930 nomen
2702 3873 2945 3941 indicat,
2968 3884 3107 3929 sunt
3128 3875 3386 3932 civitates
3408 3875 3608 3933 decem

1970 3967 2209 4038 Hippus,
2244 3961 2418 4031 Pella,
2449 3962 2691 4029 Gadara,
2725 3963 2796 4018 de
2820 3979 2937 4035 qua
2966 3963 3062 4018 hic
3092 3964 3263 4020 nobis
3279 3970 3369 4022 est
3391 3981 3607 4035 sermo,

1972 4070 2106 4111 cum
2137 4052 2268 4108 aliis
2297 4053 2542 4122 septem.
2574 4050 2656 4106 Ad
2689 4065 2885 4120 quam,
2932 4052 3211 4122 quoniam
3246 4052 3307 4109 in
3354 4053 3609 4111 confinio

1972 4142 2229 4200 hostium
2261 4145 2319 4196 et
2341 4144 2552 4196 nostrae
2585 4139 2837 4212 regionis
2858 4140 2968 4197 sita
2998 4145 3109 4203 est.
3132 4158 3269 4198 cum
3315 4143 3610 4216 pervenis·

1973 4238 2106 4292 sent
2135 4232 2335 4306 primas
2368 4235 2704 4288 nostrorum
2737 4228 3019 4302 legiones,
3049 4236 3192 4289 tunc
3220 4233 3409 4290 denuo
3441 4235 3610 4307 quasi

1973 4322 2226 4383 redivivo
2259 4320 2412 4377 malo
2441 4327 2494 4377 et
2527 4320 2971 4378 recrudescente
3000 4320 3251 4388 insania,
3293 4322 3484 4380 furere
3503 4341 3618 4383 οω-

1973 4417 2185 4487 perunt
2212 4413 2413 4469 hostes
2439 4409 2595 4467 circa
2624 4413 2913 4481 postrema
2933 4412 3197 4484 agmina3
3222 4413 3320 4469 sed
3353 4412 3614 4471 videntes

208 4526 339 4568 cem
358 4507 726 4565 exhalaverat
750 4505 1033 4572 animam,
1055 4504 1115 4560 in
1137 4519 1331 4559 vocem
1350 4505 1668 4574 erumpunt
1708 4502 1870 4563 ssebi-
1896 4492 1949 4559 D
1980 4506 2129 4579 quod
2155 4519 2273 4560 non
2305 4502 2684 4575 praeficerent,
2715 4507 2768 4557 et
2797 4502 2953 4573 quod
2976 4502 3162 4558 nostri
3188 4502 3246 4558 in
3278 4503 3522 4574 suajam
3550 4520 3616 4561 se

207 4601 329 4658 lem
353 4602 410 4654 et
428 4597 646 4654 doloris
666 4596 1126 4652 immensitatem
1152 4592 1326 4649 fletus
1348 4591 1638 4648 urbertate
1652 4596 1871 4649 testan.

207 4695 329 4747 tur.
362 4686 554 4744 Nostri
587 4702 717 4742 vero
739 4683 1028 4751 laetantes,
1060 4682 1370 4755 diligenter
1399 4685 1669 4754 quaerunt
1700 4682 1868 4754 quis-

209 4797 349 4839 nam
380 4780 534 4835 esset
563 4776 662 4848 qui
704 4778 868 4831 tanto
927 4790 989 4830 se
1036 4772 1310 4845 objecerit
1373 4770 1658 4843 periculO,
1700 4773 1868 4843 cujus

209 4876 337 4928 tam
363 4867 597 4940 insigne
629 4866 847 4922 tactum
878 4863 1121 4937 gloriam
1154 4862 1438 4919 meruerit
1508 4877 1865 4935 perennem;

212 4956 560 5032 cognitoque
580 4956 735 5029 quod
752 4954 842 5010 vir
864 4953 1213 5025 alienigena,
1230 4956 1285 5009 et
1314 4952 1408 5010 cui
1433 4951 1622 5024 legem
1659 4968 1865 5025 propo·

211 5050 393 5106 sitam
423 5046 638 5103 licebat
694 5045 986 5116 ignorare,
1037 5059 1103 5099 eo
1163 5040 1413 5097 maxime
1460 5041 1618 5112 quod
1650 5040 1865 5115 linguae

210 5136 632 5196 commercium
665 5149 782 5191 non
814 5134 1062 5202 habeus,
1096 5131 1354 5188 edictum
1406 5128 1704 5202 publicum
1748 5147 1865 5188 non

210 5225 598 5289 intellexerat,
630 5224 769 5282 licet
809 5226 1011 5280 contra
1042 5221 1124 5277 rei
1171 5217 1442 5276 militaris
1490 5217 1863 5290 disciplinam

212 5316 406 5387 egisse
425 5331 540 5370 non
572 5314 962 5382 dubitaretur,
991 5316 1190 5368 tamen
1209 5310 1366 5382 juris
1388 5308 1587 5378 ignaro
1618 5308 1867 5366 elemen-

211 5416 305 5465 ter
353 5403 680 5476 indulgent,
712 5402 820 5459 viri
854 5402 1069 5459 sactum
1103 5399 1573 5470 amplectentses,
1596 5413 1709 5455 non
1741 5401 1862 5456 tam

206 5495 439 5555 ratione
468 5509 653 5566 quam
688 5496 895 5551 eventu
925 5488 1412 5552 commendabile.
1443 5486 1699 5546 Solvitur
1724 5504 1861 5563 ergo

207 5602 285 5647 ex
314 5599 389 5645 ea
415 5585 579 5658 parte
615 5581 872 5644 bostium
924 5596 1178 5652 cuneus3
1206 5585 1263 5640 et
1309 5576 1583 5640 liberiore
1634 5576 1861 5640 habam

1975 4596 2362 4661 contulerant,
2384 4595 2571 4663 fumo,
2601 4591 2810 4648 caloris
2849 4592 3197 4664 intemperie
3243 4593 3529 4665 taedioque
3557 4593 3615 4650 sa

1975 4683 2158 4759 ligati,
2193 4683 2398 4743 solutis
2421 4681 2757 4755 agminibus
2777 4681 3059 4753 gregatim
3079 4683 3147 4737 ad
3174 4682 3406 4753 propria
3423 4681 3614 4739 redire

1974 4779 2295 4848 ceperunt.
2328 4771 2525 4830 Nostri
2555 4785 2788 4843 quoque
2836 4769 3241 4841 nihilominus,
3275 4775 3615 4829 transcursa

1972 4870 2140 4924 nocte
2191 4862 2295 4919 illa
2343 4862 2563 4931 maiore
2614 4859 2784 4917 solito
2823 4859 3265 4931 tranquillitate,
3315 4861 3614 4919 exhaustis

1972 4971 2088 5027 prae
2110 4952 2307 5009 labore
2347 4950 2602 5007 debitam
2654 4948 2998 5022 corporibus
3056 4948 3393 5008 exhibentes
3423 4949 3616 5009 indul-

1972 5044 2252 5116 gentiam,
2275 5040 2369 5097 die
2386 5042 2668 5112 sequente
2689 5039 2760 5095 ad
2775 5039 2978 5096 urbem
2993 5038 3463 5099 Tiberiadensem
3486 5055 3614 5110 per-

1969 5133 2235 5191 veniunt.
2266 5132 2548 5188 Asserunt
2577 5134 2771 5185 autem
2805 5128 3177 5199 unanimiter,
3210 5130 3422 5202 quibus
3450 5129 3613 5187 illius

1972 5224 2106 5281 facti
2136 5222 2329 5279 adhuc
2352 5219 2576 5293 plenior
2591 5216 2911 5276 famulatur
2930 5219 3406 5292 memoria,quod
3429 5220 3607 5289 hunc,

1971 5313 2127 5371 unde
2157 5310 2434 5379 diximus,
2465 5310 2672 5366 ducem
2696 5308 2921 5364 itineris
2951 5326 3122 5366 nemo
3171 5310 3421 5380 noverit3
3454 5325 3612 5379 nam,

1968 5420 2102 5460 cum
2130 5409 2364 5458 ventum
2397 5404 2521 5456 erat
2551 5403 2616 5455 ut
2644 5404 3150 5456 castrametaretur
3179 5400 3486 5465 exercitus,
3509 5415 3613 5456 su-

1965 5493 2088 5551 bito
2120 5491 2476 5564 disparebat,
2501 5506 2608 5548 nec
2639 5489 2867 5561 uspiam
2899 5489 2960 5545 in
3013 5489 3221 5546 eastris
3268 5488 3611 5555 videbatur}

1963 5596 2137 5642 mane
2164 5597 2302 5641 vero
2324 5581 2540 5640 iterum
2587 5580 2907 5640 exet-cltum
2952 5579 3214 5639 anteibat
3276 5582 3404 5637 Non
3432 5577 3612 5635 habet
