3784 6000
119 194 249 257 485

640 192 843 257 msT.
888 189 1172 255 RERUM
1218 190 1759 255 TRANSMARIN.
1806 226 1881 239 -
1927 194 2074 257 Lm.
2125 196 2230 261 XI.
2275 197 2719 267 BALDUINUS
2762 203 2787 265 1
2830 206 3012 271 REX.

3047 72 3062 101 t

3410 215 3530 281 ⁴8⁶

121 329 479 405 legitimam,
506 344 681 402 quam
704 329 858 402 apud
882 327 1177 397 Edessam,
1198 329 1335 385 dum
1372 326 1449 382 ibi
1474 342 1665 382 comes
1685 342 1769 383 es·
1803 329 1858 395 A
1888 329 2096 386 tienter
2120 338 2344 402 portare
2394 336 2934 406 peregrinationem.
2968 342 3037 400 st
3075 358 3208 402 oum
3249 345 3308 403 in
3351 350 3537 421 patria

122 425 239 487 set,
270 420 534 486 duxerat,
571 418 793 491 absque
822 434 1015 475 causas
1053 416 1406 489 cognitione,
1438 433 1551 472 non
1585 416 1782 471 convi-

122 519 303 578 ctam,
322 524 436 564 non
452 505 944 580 confessam.lege
967 505 1469 561 matrimoniorum
1496 502 1778 573 neglecta,

123 597 381 667 dimisit,
410 611 660 667 eamque
690 596 750 652 in
784 598 1131 651 monasterio
1171 594 1396 651 Sanctae
1428 597 1627 660 Annae,
1661 610 1780 649 ma·

123 688 235 744 tris
264 685 369 743 Dei
399 684 713 743 Genitricis
733 690 791 740 et
817 700 1047 755 semper
1075 684 1317 751 virginis
1345 683 1562 747 Mariae,
1586 700 1783 738 mona-

124 775 297 835 cham
330 775 457 832 sscri
479 775 762 847 compulit
789 774 1087 831 violenter.
1112 776 1419 829 Estautem
1444 774 1596 830 idem
1620 772 1783 830 locus

126 864 552 937 Hierosolymis
582 866 638 919 in
666 873 824 935 parto
871 864 1157 932 orientali,
1193 865 1361 934 juxta
1399 868 1617 934 portam
1651 878 1779 936 quas

126 956 345 1012 dicitur
371 952 673 1026 Josopbat,
706 969 877 1009 secus
906 953 1095 1009 lacum
1120 954 1223 1025 qui
1252 958 1511 1025 tempore
1541 953 1778 1024 antiquo

124 1042 436 1101 Probatica
464 1043 768 1099 dicebatur
795 1042 1059 1113 piscina;
1095 1043 1193 1098 ubi
1224 1042 1548 1098 ostenditur
1569 1043 1776 1113 cripta,

125 1133 183 1189 in
217 1149 339 1206 qua
367 1130 633 1188 Joachim
668 1136 727 1188 et
756 1132 1039 1203 praedictae
1094 1136 1266 1186 Annoe
1300 1130 1641 1187 traditiones
1668 1129 1776 1185 ha-

122 1223 265 1279 bent
295 1225 558 1278 veterum
585 1220 883 1277 domicilia
914 1220 1095 1278 tuisse
1120 1238 1133 1289 ;
1168 1221 1265 1276 ubi
1298 1225 1354 1277 et
1381 1219 1550 1289 Virgo
1578 1236 1778 1291 perpe·

126 1317 230 1368 tua
261 1314 406 1367 nata
433 1325 563 1367 esse
594 1308 951 1382 perhibetur.
986 1310 1165 1365 Erant
1195 1313 1387 1365 autem
1431 1308 1509 1364 ibi
1540 1313 1657 1364 tres
1689 1309 1778 1366 vel

125 1406 384 1475 quatuor
404 1415 688 1472 pauperes
703 1398 1056 1456 mulierculas
1080 1400 1253 1455 vitam
1271 1396 1774 1454 sanctimonialem

122 1492 423 1566 professis,
445 1491 661 1564 quibus
680 1492 868 1563 gratia
893 1493 1089 1547 uxoris
1112 1490 1455 1546 introductae
1476 1488 1777 1561 ampliavit

122 1582 529 1656 possessiones
552 1586 607 1637 et
629 1580 1041 1654 patrimonium
1070 1580 1349 1635 dilatavit.
1374 1580 1561 1635 Causa
1578 1584 1773 1635 autem

1891 424 2169 490 tanquam
2201 420 2288 476 vir
2316 422 2560 481 illustris
2581 429 2637 481 et
2669 435 2989 499 praepotens
3019 437 3075 489 et
3105 434 3537 508 amplissimum

1891 507 2111 563 habens
2176 511 2615 582 patrimonium,
2685 519 2967 587 potuisset
3038 523 3206 581 bonis
3262 526 3539 583 omnibus

1891 595 2193 654 abundare
2233 615 2333 665 pro
2376 601 2546 663 votis.
2579 603 2753 674 elegit
2785 609 2978 678 potius
3028 611 3292 682 abjectus
3322 631 3450 673 esse
3477 616 3537 673 in

1890 683 2185 757 obsequiis
2219 689 2465 759 Domini,
2506 708 2772 757 egressus
2828 697 2898 752 de
2946 704 3094 755 terra
3127 707 3185 757 et
3222 703 3294 759 de
3323 719 3538 777 cogna-

1891 772 2052 831 tione
2073 793 2198 845 sua,
2223 794 2396 849 quam
2425 780 2483 835 in
2508 782 2898 841 tabernaculis
2913 789 3064 857 apud
3088 805 3224 847 suos
3238 792 3538 850 abundare

1889 869 2280 935 peccatorum.
2333 869 2532 924 Coeteri
2573 873 2725 927 enim
2761 876 3048 947 principes
3078 879 3344 949 ejusdem
3377 898 3536 955 pere·

1888 955 2234 1024 grinationis
2266 958 2646 1028 professores,
2679 962 2821 1017 urbe
2852 972 3046 1021 sancta
3078 969 3342 1026 restituta
3365 969 3538 1029 liber·

1886 1041 2015 1112 tati,
2050 1044 2216 1114 quasi
2247 1049 2509 1103 votorum
2545 1049 2708 1119 potiti
2756 1057 3282 1127 consummatione,
3315 1061 3529 1117 reversi

1888 1134 2032 1187 sunt
2059 1133 2129 1187 ad
2166 1135 2396 1203 propria
2420 1152 2433 1201 ;
2459 1134 2550 1191 bic
2582 1143 2777 1194 autem
2801 1143 2982 1198 semel
3004 1151 3369 1217 assumptam
3399 1163 3530 1206 cru·

1886 1235 2012 1275 cem
2043 1223 2261 1278 veritus
2283 1228 2370 1279 est
2403 1226 2709 1296 deponere.
2733 1228 2993 1302 Cumque
3022 1251 3056 1289 a
3085 1233 3210 1290 suis
3233 1235 3535 1294 familiari-

1888 1308 1997 1365 bus
2027 1314 2083 1365 ct
2116 1311 2446 1369 domesticis
2484 1313 2565 1371 illi
2610 1330 2742 1373 cum
2786 1321 2967 1376 multo
3017 1328 3362 1394 suggeretur
3407 1330 3531 1383 stu-

1886 1396 2002 1463 dio,
2035 1402 2097 1453 ut
2127 1400 2242 1455 voti
2272 1418 2532 1475 compos,
2565 1405 2914 1464 desideranti
2945 1425 3006 1464 se
3042 1412 3238 1482 patrita
3272 1413 3537 1472 restitue·

1885 1490 1994 1553 ret,
2026 1488 2228 1543 maluit
2260 1505 2321 1547 se
2351 1492 2409 1547 in
2453 1492 2858 1552 holocaustum
2890 1499 3028 1554 dare
3077 1499 3324 1558 Domino
3355 1518 3534 1575 quam

1882 1574 2171 1633 illecebris
2203 1595 2266 1634 se
2305 1581 2544 1638 reddere
2574 1584 2988 1655 saecularibus3
3016 1588 3362 1660 magistrum
3395 1591 3531 1647 imi·

119 1687 224 1729 cur
272 1670 349 1728 ab
380 1686 557 1727 uxore
596 1669 917 1735 diverterit,
952 1671 1101 1740 apud
1139 1669 1396 1724 diversos
1439 1669 1597 1723 varia
1625 1666 1775 1722 fere·
1806 1711 1849 1776 B
1883 1668 2055 1732 tatus,
2089 1668 2180 1721 cui
2214 1684 2346 1723 cum
2379 1671 2702 1729 diceretur:
2735 1676 3000 1731 Descende
3027 1676 3095 1733 de
3119 1694 3277 1735 eruce
3305 1678 3527 1752 (ittarta.

121 1762 331 1817 batur:
365 1757 696 1816 dicentibus
735 1757 889 1827 aliis,
939 1757 1240 1814 dominum
1292 1772 1483 1828 regem
1529 1755 1655 1812 ideo
1687 1755 1773 1810 di-

124 1848 361 1907 misisse
384 1863 619 1905 uxorem
641 1852 723 1911 ut,
747 1846 1009 1903 ditiorem
1034 1852 1089 1902 et
1124 1846 1461 1902 nobiliorem
1487 1845 1774 1913 ducende,

122 1937 524 1995 conditionem
557 1952 723 1993 suam
749 1936 959 1992 iaceret
981 1934 1278 1992 meliorem
1306 1940 1400 2005 ;et
1424 1934 1773 2008 paupertati,

125 2042 239 2099 qua
272 2024 595 2101 plurimum
628 2024 1017 2098 premebatur,
1058 2033 1289 2096 sumpta
1341 2024 1495 2080 dotis
1538 2024 1777 2079 nomine

125 2116 369 2175 aliunde
397 2115 714 2189 opulentia,
745 2116 1110 2184 consuleret;
1143 2115 1272 2171 aliis
1303 2131 1435 2170 vero
1466 2111 1775 2170 asserenti-

126 2206 262 2273 bus,
310 2204 577 2278 reginam
629 2205 1010 2276 improvidam
1063 2204 1373 2276 minusque
1405 2203 1771 2274 prudentem,

126 2296 235 2353 tori
268 2294 556 2352 maritalis
586 2295 780 2351 minus
800 2302 960 2353 caute
981 2295 1320 2351 observasse
1351 2293 1581 2349 t'oedera.
1606 2294 1775 2348 Cum-

122 2400 241 2459 que
269 2383 458 2458 prius,
490 2385 664 2458 quasi
692 2385 972 2458 gaudens,
1005 2384 1300 2451 religionis
1323 2382 1587 2439 habitum
1622 2381 1776 2438 vide-

124 2479 283 2532 retur
310 2475 737 2546 assumpsisse,
768 2481 821 2530 et
848 2473 1035 2546 primo
1067 2473 1465 2530 conversionis
1486 2488 1604 2528 suae
1631 2476 1770 2528 tem-

120 2583 281 2641 pore,
313 2566 465 2624 satis
494 2566 735 2622 honeste
767 2563 1055 2620 videretur
1094 2563 1153 2618 in
1185 2561 1383 2618 eodem
1420 2559 1773 2618 monasterio

122 2658 485 2724 conversata,
502 2652 734 2711 tandem
756 2653 1057 2709 occasione
1078 2658 1311 2722 sumpta
1328 2667 1396 2706 ex
1422 2650 1771 2706 commentis

120 2745 453 2811 fraudibus,
486 2744 555 2799 ad
586 2741 880 2798 deminum
916 2756 1109 2813 regem
1143 2741 1443 2808 accedens,
1473 2738 1767 2794 licentiam

119 2833 351 2891 obtinet
380 2840 443 2889 ut
476 2847 577 2903 pro
609 2831 957 2887 necessitate
989 2829 1319 2884 monasterii
1343 2829 1456 2896 aui,
1489 2830 1557 2884 ad
1580 2828 1774 2885 suble-

117 2924 371 2980 vandam
394 2923 523 2992 ejus
546 2920 799 2993 inopiam
824 2919 1026 2976 liceret
1048 2919 1095 2976 ei
1122 2918 1585 2988 consanguineos
1605 2936 1768 2985 suos,

119 3013 213 3086 qui
244 3008 754 3082 Constantinopoli
778 3015 965 3077 erant,
993 3010 1262 3066 visitare:
1317 3009 1427 3064 sub
1479 3025 1593 3079 quo
1626 3025 1771 3081 prae-

1880 1768 2054 1821 xxvn,
2084 1754 2195 1827 40),
2222 1755 2427 1812 maluit
2452 1767 2856 1816 consummata
2878 1764 3171 1834 passione,
3202 1765 3411 1823 alienis
3431 1768 3530 1825 de·

1884 1842 2020 1913 poni
2047 1844 2339 1916 manibus,
2366 1862 2539 1918 quam
2564 1849 2633 1903 ab
2656 1849 2907 1923 incoepto
2929 1855 3136 1909 nostrai
3158 1852 3363 1911 salutis
3384 1856 3529 1911 dess-

1884 1946 2013 1985 cere
2044 1935 2363 2004 proposito.

1955 2018 2168 2076 Eodem
2200 2023 2376 2079 etiam
2410 2041 2583 2087 anno,
2630 2027 2888 2097 Rodoan,
2921 2030 3161 2101 quidam
3191 2030 3279 2088 vir
3310 2047 3531 2107 praepo·

1883 2112 2036 2177 tens,
2071 2111 2322 2185 ualapiae
2353 2115 2648 2185 dominus,
2674 2119 2742 2175 de
2767 2118 3168 2189 adjacentibus
3189 2122 3528 2194 regionibus

1884 2206 1996 2253 tam
2029 2215 2196 2271 prece
2217 2218 2388 2273 quam
2416 2205 2619 2275 pretio,
2644 2211 2973 2265 convocatis
3005 2209 3258 2280 auxiliis,
3281 2209 3339 2267 in
3361 2213 3527 2285 gravi

1885 2286 2258 2346 multitudine
2289 2292 2781 2351 Antiochenorum
2815 2296 2960 2353 sines
2990 2297 3311 2370 ingressuS,
3339 2302 3525 2374 regio-

1884 2392 2017 2433 nem
2041 2383 2222 2435 totam
2255 2380 2309 2437 in
2329 2379 2764 2441 incursionibus
2793 2386 3123 2443 deterrebat
3151 2393 3211 2443 et
3237 2387 3527 2448 incendiis

1882 2466 2229 2524 molestabat
2279 2471 2699 2541 frequentibus.
2752 2476 2905 2541 Quod
2954 2476 3203 2534 audiens
3251 2479 3524 2536 dominus

1880 2556 2240 2621 Tanciedus‚
2263 2560 2592 2617 convocatis
2614 2562 2834 2619 viribus
2847 2569 2905 2621 et
2925 2570 3044 2621 tam
3065 2565 3326 2637 equitum
3349 2582 3526 2640 quam

1881 2645 2138 2714 peditum
2165 2648 2515 2706 militaribus
2537 2650 2742 2722 copiis,
2767 2651 2904 2709 illuc
2927 2654 3180 2724 procedit
3201 2655 3250 2710 ei
3274 2656 3524 2726 obviam,

1879 2736 1979 2790 ubi
2010 2751 2144 2791 eum
2176 2753 2315 2792 suas
2347 2737 2557 2794 babere
2587 2741 2784 2811 copias
2816 2742 2972 2797 fama
3014 2742 3332 2800 celebriore
3362 2760 3526 2802 com-

1880 2830 2122 2897 parerat.
2161 2826 2440 2898 Egressus
2471 2828 2650 2899 igitur
2690 2830 2762 2885 ab
2792 2832 3095 2901 Antiocha,
3129 2849 3330 2890 versus
3361 2838 3528 2891 Arta-

1877 2915 2023 2969 siam
2047 2917 2327 2972 exercitus
2344 2917 2577 2988 dirigit:
2612 2935 2725 2990 quo
2759 2921 3121 2992 perveniens,
3161 2922 3416 2979 hostium
3442 2923 3528 2980 in-

1877 3010 2110 3075 gentem
2127 3005 2588 3077 multitudinem,
2614 3011 2739 3065 utei
2765 3011 3099 3067 nuntiatum
3128 3013 3331 3083 suerat,
3355 3028 3527 3086 repe-

118 3107 277 3159 textu
311 3103 385 3159 de
402 3117 580 3175 regno
601 3100 820 3163 exiens,
848 3099 1122 3156 sordibus
1143 3104 1201 3153 et
1227 3097 1619 3155 immunditiis
1641 3114 1768 3154 om·
1802 3083 1852 3148 G
1881 3094 1959 3149 rit
1983 3094 2070 3163 ;in
2104 3111 2270 3167 quos,
2294 3096 2557 3153 invocato
2590 3099 2659 3154 de
2680 3101 2949 3172 supernis
2966 3099 3180 3157 auxilio
3202 3104 3259 3157 ct
3280 3118 3384 3174 pro
3407 3116 3525 3158 me·

118 3207 249 3248 nem
282 3192 461 3263 coepit
489 3191 625 3246 dare
645 3205 879 3260 operam
908 3212 922 3255 ς
947 3188 1327 3259 depositoque
1351 3186 1646 3257 religionis
1662 3187 1765 3243 ha-

118 3281 265 3350 bitu,
298 3278 629 3336 divaricans
652 3295 714 3335 se
737 3278 807 3334 ad
835 3293 1063 3334 omnem
1086 3281 1481 3332 transeuntem
1506 3294 1610 3333 neo
1637 3293 1767 3349 pro-

118 3370 256 3442 pria
288 3384 533 3440 parcens
564 3366 952 3434 aestimationi,
985 3382 1091 3423 nec
1125 3366 1343 3439 regiam
1367 3383 1543 3438 quam
1564 3365 1771 3423 babuit

118 3460 372 3517 reverita
400 3460 770 3533 dignitatem.

771 3563 1003 3622 CAPUT
1044 3563 1118 3621 11.

116 3657 380 3712 Dominus
411 3655 749 3712 Ruimundus
784 3655 1081 3711 Tolosanus
1110 3669 1281 3710 comes
1330 3655 1585 3709 moritur.
1628 3653 1766 3709 Wil-

192 3728 400 3783 lelmus
445 3726 725 3797 Iordanis,
764 3727 881 3798 ejm
926 3743 1115 3797 nepos,
1148 3729 1199 3782 ei
1220 3726 1475 3782 succedit.
1530 3725 1767 3795 Rodoan,

186 3800 489 3856 Turcorum
537 3801 789 3870 princeps
825 3814 1081 3866 mumius.
1134 3800 1265 3868 fines
1327 3802 1531 3854 nostros
1589 3797 1771 3868 ἐπῃνε-

184 3871 363 3956 dum,
414 3869 509 3926 cui
559 3869 861 3927 Tuncredus
899 3870 1157 3935 occurrit,
1197 3876 1249 3925 et
1296 3873 1581 3939 contusum
1608 3869 1772 3927 vertit

185 3961 243 3997 in
382 3959 500 3998 am.

183 3946 675 4102 Anlnutioseqnenti.
708 4031 811 4104 qui
839 4035 966 4088 erat
995 4029 1064 4087 ab
1104 4030 1505 4087 Incarnatione
1538 4029 1772 4087 Domini

116 4120 277 4188 1195,
308 4121 590 4177 dominus
620 4119 990 4176 Raimundus
1033 4118 1194 4174 bonoe
1226 4122 1539 4188 memorias,
1577 4134 1771 4176 comes

1876 3183 2002 3241 ritis
2024 3188 2353 3257 impetrato,
2375 3187 2616 3245 viriliter
2635 3188 2886 3259 irruens,
2912 3192 3099 3264 primo
3122 3191 3390 3248 resistere
3406 3196 3528 3250 ten·

1876 3278 2088 3342 tantes,
2135 3274 2238 3331 sed
2269 3292 2401 3332 mox
2430 3277 2488 3333 in
2533 3277 2975 3336 dissolutionem
3009 3282 3199 3351 datos,
3230 3280 3289 3338 in
3322 3282 3524 3354 fugam

1877 3363 2090 3435 adegit.
2150 3363 2322 3421 Caesis
2370 3369 2561 3422 autem
2594 3367 2935 3439 innumeri3‚
2975 3369 3256 3443 captivati
3287 3374 3424 3427 sunt
3454 3385 3523 3428 ex

1875 3452 1962 3507 eis
1987 3452 2242 3522 plurimi,
2267 3459 2484 3513 retento
2500 3457 2704 3514 vexillo
2727 3458 2983 3529 praedicti
3007 3459 3243 3515 Rodoan
3269 3479 3283 3529 3
3309 3459 3434 3532 qui,
3457 3463 3528 3517 ut

1875 3540 2007 3597 vitas
2051 3544 2396 3614 consuleret,
2445 3545 2640 3618 sugam
2690 3546 2913 3615 primus
2959 3547 3205 3615 inierat;
3255 3548 3525 3620 quodque

1880 3631 2091 3688 nostris
2124 3633 2306 3690 multo
2328 3634 2433 3689 l'uit
2456 3634 2685 3702 solatio,
2713 3634 2774 3689 in
2807 3635 3403 3706 recompensationem
3426 3650 3524 3692 eo-

1880 3737 2009 3777 rum
2041 3737 2185 3792 quos
2210 3721 2268 3777 in
2317 3720 2617 3778 similibus
2650 3723 2897 3794 negotiis
2927 3724 3244 3780 amiserant
3285 3723 3522 3794 saepius,
3597 3757 3602 3764 ·

1878 3826 2059 3881 equos
2072 3810 2347 3882 optimos,
2370 3825 2519 3881 quos
2540 3810 2612 3867 ab
2635 3809 2905 3867 hostibus
2926 3810 3384 3883 dejectiseorum
3409 3827 3526 3870 ses-

1882 3897 2112 3956 soribus
2142 3898 2504 3956 abstulerant
2532 3899 2832 3969 violenter,
2874 3901 2986 3957 sibi
3022 3899 3239 3959 multos
3267 3900 3523 3958 vindica·

1879 3994 2107 4046 verunt.

2522 4100 2754 4159 CAPUT
2786 4101 2881 4158 111.

114 4207 467 4278 Tolosanns,
499 4208 588 4264 vir
617 4207 920 4280 religiosus
951 4211 1008 4263 et
1033 4207 1247 4263 timens
1294 4208 1495 4274 Deum,
1546 4206 1633 4262 vir
1672 4223 1776 4279 per
1881 4207 2126 4278 AEqyplii
2171 4222 2292 4261 cum
2323 4207 2634 4278 inqentibus
2679 4207 2845 4278 copiis
2890 4222 3057 4277 reqno
3077 4222 3134 4263 se
3178 4206 3522 4278 infundunt:

112 4298 315 4355 omnia
342 4297 856 4364 commendabilis,
891 4297 1058 4369 cujus
1110 4300 1272 4352 actus
1312 4295 1687 4353 admirabiles
1716 4300 1775 4354 et

109 4387 228 4442 vita
257 4385 579 4442 virtutibus
603 4386 855 4459 insignis
883 4385 1165 4457 speciales
1195 4385 1530 4442 desiderant
1560 4390 1773 4442 tracta-

108 4480 229 4546 tus,
250 4476 315 4533 in
333 4475 548 4549 oppido
574 4493 682 4534 suo
703 4477 857 4549 quod
884 4477 1008 4550 ipse
1033 4476 1376 4532 lundaverat
1406 4479 1539 4532 ante
1563 4476 1766 4532 urbem

108 4565 568 4639 Tripolitanam,
600 4569 694 4625 cui
726 4584 939 4625 nomen
996 4568 1160 4624 Mons
1206 4567 1576 4638 Peregrinus,
1614 4566 1767 4622 viam

110 4658 403 4715 univerae
426 4660 637 4724 carnis,
660 4674 858 4717 versus
881 4656 1095 4714 Christi
1122 4657 1438 4724 confessor,
1465 4656 1768 4729 ingressus

109 4752 223 4812 est.
266 4747 454 4817 pridie
482 4748 609 4804 Kal.
660 4748 849 4804 Martii
876 4765 889 4816 ;
941 4746 1034 4802 cui
1082 4746 1360 4802 successit
1412 4760 1593 4816 nepos
1638 4745 1767 4814 ejus

110 4836 449 4894 willelmus
470 4838 763 4906 Jordanis,
798 4838 857 4893 in
888 4837 1089 4892 eadem
1123 4835 1448 4893 obsidionis
1477 4833 1767 4891 sollicitu-

107 4926 287 4993 dine;
308 4924 369 4982 in
389 4941 504 4997 qno
524 4942 697 4998 opere
722 4943 906 4998 usque
928 4925 998 4980 ad
1022 4925 1333 4981 adveutum
1367 4925 1595 4980 comitis
1621 4924 1767 4980 Ber-

107 5013 315 5078 trami,
339 5015 481 5074 satis
500 5021 738 5073 strenue
754 5016 1113 5087 viriliterque
1135 5015 1432 5071 desudavit
1458 5029 1766 5086 quousque

106 5121 293 5177 super
320 5105 520 5161 eadem
554 5123 615 5163 re
644 5108 1029 5179 quaestionem
1070 5121 1300 5177 passus,
1333 5103 1763 5175 aliquantulum

106 5195 180 5250 ab
210 5209 387 5267 opere
416 5195 665 5264 destitit,
701 5203 762 5251 ut
789 5196 849 5251 in
882 5194 1266 5267 sequentibus
1297 5192 1540 5248 dicetur.
1571 5191 1764 5247 Admi-

106 5281 359 5340 randam
386 5300 532 5340 sane
560 5284 741 5355 hujus
776 5283 1127 5342 venerabilis
1155 5283 1260 5338 viri
1284 5286 1340 5338 et
1371 5287 1487 5337 tam
1515 5295 1766 5352 proesen-

102 5373 272 5431 tibus
304 5387 477 5445 quam
510 5374 717 5431 suturis
746 5371 1269 5431 commendabilem
1306 5369 1552 5443 insignis
1583 5369 1765 5425 animi

104 5463 405 5522 credimus
424 5465 838 5532 constantiam,
866 5461 1161 5536 quisemel
1186 5478 1286 5534 pro
1299 5458 1762 5527 Christoinitam,

150 5569 305 5630 sque
322 5553 403 5614 ad
423 5567 765 5630 supremum
790 5554 1008 5614 exitum
1032 5551 1183 5623 vitoe,
1207 5567 1322 5608 non
1354 5549 1637 5609 fastidivit
1656 5565 1762 5626 pa·

1954 4278 2154 4362 quibus
2190 4293 2292 4360 rea·
2336 4294 2640 4348 occurrens,
2698 4279 2876 4350 captis
2921 4280 3223 4348 nonnullis,
3265 4279 3524 4352 pluribus

1955 4353 2321 4423 interemptis,
2354 4351 2592 4424 reliquos
2619 4353 2678 4407 in
2705 4353 2904 4424 lupum
2943 4351 3146 4423 adeqic.

1806 4418 1851 4483 D
1950 4459 2160 4515 Eodem
2193 4475 2366 4528 anno,
2390 4464 2759 4516 accesserunt
2783 4459 2855 4515 ad
2876 4458 3198 4530 AEgyptium
3231 4458 3525 4531 calipham

1878 4547 2118 4620 quidam
2148 4550 2219 4605 de
2246 4549 2610 4621 principibus
2640 4551 2785 4621 ejus,
2818 4550 3073 4605 dicentes
3100 4566 3113 4603 z
3153 4549 3394 4621 Populus
3423 4546 3526 4604 ine

1875 4642 2318 4712 pereqrinorum,
2333 4641 2429 4711 qui
2447 4639 2843 4695 hocnoviseimo
2857 4648 3099 4710 tempore
3117 4653 3346 4708 reqnum
3366 4646 3523 4694 tuum

1876 4732 2140 4788 violenter
2164 4730 2398 4801 ingressi
2424 4736 2576 4800 sunt,
2607 4736 2656 4784 et
2677 4732 2992 4786 animarum
3024 4727 3242 4800 prodiqi
3268 4743 3520 4800 suarum,

1876 4823 2132 4878 hactenus
2141 4820 2485 4892 principibus
2496 4839 2528 4876 a
2545 4829 2595 4874 te
2610 4819 2788 4875 missis
2803 4819 3177 4885 restituerunt,
3193 4817 3258 4872 de
3269 4817 3524 4873 multitu·

1875 4912 2002 4967 dine
2027 4911 2220 4980 confisi
2243 4927 2404 4982 quam
2432 4913 2585 4981 prior
2622 4911 3016 4965 introduxerat
3050 4908 3344 4974 exercitus,
3377 4906 3523 4963 hanc

1874 5002 1987 5059 sibi
2017 5007 2472 5070 comparaverant
2512 4999 2820 5054 audaciam.
2867 4999 3022 5054 Nunc
3067 5006 3254 5054 autem
3291 4997 3406 5054 illis
3451 5012 3522 5056 σω

1877 5093 2124 5147 maxima
2150 5096 2312 5160 parte
2340 5092 2569 5144 reversis
2606 5088 2676 5143 ad
2719 5088 2967 5159 propria,
2998 5096 3049 5144 et
3097 5087 3520 5144 adventantium

1873 5181 2287 5254 peregrinorum
2332 5180 2522 5235 solatio
2571 5179 2837 5244 destituti,
2893 5179 3034 5249 sacti
3071 5184 3201 5234 sunt
3254 5176 3515 5244 rariores,

1871 5273 2251 5345 frequentibus
2296 5270 2726 5342 expeditionibus
2770 5270 3132 5338 facultatibus
3177 5284 3366 5325 eorum
3391 5283 3517 5324 om-

1872 5367 2010 5421 nino
2038 5363 2386 5430 consumptis.
2424 5360 2570 5419 Unde
2609 5361 2767 5416 nobis
2801 5361 3014 5417 videtur
3047 5362 3438 5431 opportunum,
3468 5360 3522 5416 si

1873 5460 1989 5513 iuae
2038 5452 2106 5509 id
2149 5454 2331 5524 ipsum
2378 5451 2552 5507 visum
2600 5448 2774 5520 fuerit
2832 5448 3129 5522 majestati,
3180 5453 3246 5503 ut
3284 5449 3520 5506 electu-a

1871 5560 2047 5603 unum
2075 5542 2141 5600 de
2169 5540 2518 5616 moqnatv‘bus
2550 5541 2678 5613 tuis,
2700 5539 2771 5597 ad
2796 5542 2980 5615 partes
3001 5538 3136 5596 ictas
3162 5537 3398 5613 dirique,
3420 5540 3519 5614 qui
