<?xml version="1.0" encoding="UTF-8"?>
<!DOCTYPE html PUBLIC "-//W3C//DTD XHTML 1.0 Transitional//EN"
    "http://www.w3.org/TR/xhtml1/DTD/xhtml1-transitional.dtd">
<html xmlns="http://www.w3.org/1999/xhtml" xml:lang="en" lang="en">
 <head>
  <title>
</title>
<meta http-equiv="Content-Type" content="text/html;charset=utf-8" />
  <meta name='ocr-system' content='tesseract 3.04.00' />
  <meta name='ocr-capabilities' content='ocr_page ocr_carea ocr_par ocr_line ocrx_word'/>
</head>
<body>
  <div class='ocr_page' id='page_1' title='image "./patrologiaecurs32goog_0572.png"; bbox 0 0 3784 6000; ppageno 0'>
   <div class='ocr_carea' id='block_1_1' title="bbox 277 187 419 248">
    <p class='ocr_par' dir='ltr' id='par_1_1' title="bbox 277 187 419 248">
     <span class='ocr_line' id='line_1_1' title="bbox 277 187 419 248; baseline 0 0"><span class='ocrx_word' id='word_1_1' title='bbox 277 187 419 248; x_wconf 75' lang='lat'><strong>1135</strong></span> 
     </span>
    </p>
   </div>
   <div class='ocr_carea' id='block_1_2' title="bbox 1696 180 2256 240">
    <p class='ocr_par' dir='ltr' id='par_1_2' title="bbox 1696 180 2256 240">
     <span class='ocr_line' id='line_1_2' title="bbox 1696 180 2256 240; baseline -0.002 -1"><span class='ocrx_word' id='word_1_2' title='bbox 1696 180 1888 240; x_wconf 87' lang='lat' dir='ltr'>LUCII</span> <span class='ocrx_word' id='word_1_3' title='bbox 1929 182 2005 240; x_wconf 90' lang='lat'><strong>111</strong></span> <span class='ocrx_word' id='word_1_4' title='bbox 2044 180 2256 239; x_wconf 76' lang='lat' dir='ltr'>PAPAE</span> 
     </span>
    </p>
   </div>
   <div class='ocr_carea' id='block_1_3' title="bbox 3539 181 3683 240">
    <p class='ocr_par' dir='ltr' id='par_1_3' title="bbox 3539 181 3683 240">
     <span class='ocr_line' id='line_1_3' title="bbox 3539 181 3683 240; baseline -0.014 0"><span class='ocrx_word' id='word_1_5' title='bbox 3539 181 3683 240; x_wconf 78' lang='lat'><strong>{136</strong></span> 
     </span>
    </p>
   </div>
   <div class='ocr_carea' id='block_1_4' title="bbox 274 305 3699 381">
    <p class='ocr_par' dir='ltr' id='par_1_4' title="bbox 274 305 3699 381">
     <span class='ocr_line' id='line_1_4' title="bbox 274 305 3699 381; baseline -0.003 -7"><span class='ocrx_word' id='word_1_6' title='bbox 274 316 399 375; x_wconf 89' lang='lat' dir='ltr'><strong>rale</strong></span> <span class='ocrx_word' id='word_1_7' title='bbox 428 312 810 372; x_wconf 89' lang='lat' dir='ltr'><strong>interdictum</strong></span> <span class='ocrx_word' id='word_1_8' title='bbox 850 312 1021 367; x_wconf 67' lang='lat' dir='ltr'><strong>terras</strong></span> <span class='ocrx_word' id='word_1_9' title='bbox 1058 307 1252 381; x_wconf 85' lang='lat' dir='ltr'><strong>fuerit,</strong></span> <span class='ocrx_word' id='word_1_10' title='bbox 1285 308 1458 366; x_wconf 88' lang='lat' dir='ltr'><strong>liceat</strong></span> <span class='ocrx_word' id='word_1_11' title='bbox 1489 307 1685 374; x_wconf 88' lang='lat' dir='ltr'><strong>vobis,</strong></span> <span class='ocrx_word' id='word_1_12' title='bbox 1716 308 1939 365; x_wconf 87' lang='lat' dir='ltr'><strong>clausis</strong></span> <span class='ocrx_word' id='word_1_13' title='bbox 1969 312 2016 367; x_wconf 82' lang='grc' dir='ltr'><strong>Λ</strong></span> <span class='ocrx_word' id='word_1_14' title='bbox 2122 305 2315 363; x_wconf 78' lang='lat' dir='ltr'><strong>clesioe</strong></span> <span class='ocrx_word' id='word_1_15' title='bbox 2368 305 2651 363; x_wconf 86' lang='lat' dir='ltr'><strong>Gradensi</strong></span> <span class='ocrx_word' id='word_1_16' title='bbox 2713 320 3088 365; x_wconf 86' lang='lat' dir='ltr'><strong>concessam.</strong></span> <span class='ocrx_word' id='word_1_17' title='bbox 3148 305 3290 363; x_wconf 88' lang='lat' dir='ltr'><strong>Vide</strong></span> <span class='ocrx_word' id='word_1_18' title='bbox 3339 306 3699 380; x_wconf 69' lang='lat' dir='ltr'><strong>Patroloaiae</strong></span> 
     </span>
    </p>
   </div>
   <div class='ocr_carea' id='block_1_5' title="bbox 274 397 1940 480">
    <p class='ocr_par' dir='ltr' id='par_1_5' title="bbox 274 397 1940 480">
     <span class='ocr_line' id='line_1_5' title="bbox 274 397 1940 480; baseline -0.006 -17"><span class='ocrx_word' id='word_1_19' title='bbox 274 405 501 480; x_wconf 79' lang='lat' dir='ltr'><strong>januis,</strong></span> <span class='ocrx_word' id='word_1_20' title='bbox 521 402 781 460; x_wconf 83' lang='lat' dir='ltr'><strong>exclusis</strong></span> <span class='ocrx_word' id='word_1_21' title='bbox 806 398 1341 456; x_wconf 81' lang='lat' dir='ltr'><strong>excommunicatis</strong></span> <span class='ocrx_word' id='word_1_22' title='bbox 1371 397 1940 469; x_wconf 43' lang='lat' dir='ltr'><strong>et,interdictis,non</strong></span> 
     </span>
    </p>
   </div>
   <div class='ocr_carea' id='block_1_6' title="bbox 276 486 1941 570">
    <p class='ocr_par' dir='ltr' id='par_1_6' title="bbox 276 486 1941 570">
     <span class='ocr_line' id='line_1_6' title="bbox 276 486 1941 570; baseline -0.007 -18"><span class='ocrx_word' id='word_1_23' title='bbox 276 495 529 570; x_wconf 90' lang='lat' dir='ltr'><strong>pulsatis</strong></span> <span class='ocrx_word' id='word_1_24' title='bbox 584 489 920 562; x_wconf 86' lang='lat' dir='ltr'><strong>campanis,</strong></span> <span class='ocrx_word' id='word_1_25' title='bbox 966 504 1285 561; x_wconf 90' lang='lat' dir='ltr'><strong>suppressa</strong></span> <span class='ocrx_word' id='word_1_26' title='bbox 1315 503 1478 557; x_wconf 90' lang='lat' dir='ltr'><strong>voce,</strong></span> <span class='ocrx_word' id='word_1_27' title='bbox 1509 488 1713 544; x_wconf 86' lang='lat' dir='ltr'><strong>divina</strong></span> <span class='ocrx_word' id='word_1_28' title='bbox 1741 486 1941 543; x_wconf 84' lang='lat' dir='ltr'><strong>officia</strong></span> 
     </span>
    </p>
   </div>
   <div class='ocr_carea' id='block_1_7' title="bbox 278 576 1939 729">
    <p class='ocr_par' dir='ltr' id='par_1_7' title="bbox 278 576 1939 729">
     <span class='ocr_line' id='line_1_7' title="bbox 279 576 1937 644; baseline -0.007 -2"><span class='ocrx_word' id='word_1_29' title='bbox 279 583 608 642; x_wconf 90' lang='lat' dir='ltr'><strong>celebrare.</strong></span> <span class='ocrx_word' id='word_1_30' title='bbox 637 583 744 636; x_wconf 85' lang='lat' dir='ltr'><strong>Pro</strong></span> <span class='ocrx_word' id='word_1_31' title='bbox 769 578 1086 634; x_wconf 86' lang='lat' dir='ltr'><strong>chrismate</strong></span> <span class='ocrx_word' id='word_1_32' title='bbox 1113 591 1274 644; x_wconf 90' lang='lat' dir='ltr'><strong>vero,</strong></span> <span class='ocrx_word' id='word_1_33' title='bbox 1308 576 1442 633; x_wconf 86' lang='lat' dir='ltr'><strong>oleo</strong></span> <span class='ocrx_word' id='word_1_34' title='bbox 1473 582 1701 643; x_wconf 85' lang='lat' dir='ltr'><strong>sancto,</strong></span> <span class='ocrx_word' id='word_1_35' title='bbox 1732 591 1937 633; x_wconf 88' lang='lat' dir='ltr'><strong>conse-</strong></span> 
     </span>
     <span class='ocr_line' id='line_1_8' title="bbox 278 664 1939 729; baseline -0.006 1"><span class='ocrx_word' id='word_1_36' title='bbox 278 670 649 729; x_wconf 86' lang='lat' dir='ltr'><strong>erationibus</strong></span> <span class='ocrx_word' id='word_1_37' title='bbox 663 666 1072 728; x_wconf 84' lang='lat' dir='ltr'><strong>ecclesiarum,</strong></span> <span class='ocrx_word' id='word_1_38' title='bbox 1093 664 1574 722; x_wconf 81' lang='lat' dir='ltr'><strong>ordinationibus</strong></span> <span class='ocrx_word' id='word_1_39' title='bbox 1587 665 1939 722; x_wconf 90' lang='lat' dir='ltr'><strong>clericorum</strong></span> 
     </span>
    </p>
   </div>
   <div class='ocr_carea' id='block_1_8' title="bbox 278 753 1942 834">
    <p class='ocr_par' dir='ltr' id='par_1_8' title="bbox 278 753 1942 834">
     <span class='ocr_line' id='line_1_9' title="bbox 278 753 1942 834; baseline -0.005 -18"><span class='ocrx_word' id='word_1_40' title='bbox 278 760 386 834; x_wconf 90' lang='lat' dir='ltr'><strong>qui</strong></span> <span class='ocrx_word' id='word_1_41' title='bbox 408 759 488 815; x_wconf 90' lang='lat' dir='ltr'><strong>ad</strong></span> <span class='ocrx_word' id='word_1_42' title='bbox 509 773 714 814; x_wconf 88' lang='lat' dir='ltr'><strong>sacros</strong></span> <span class='ocrx_word' id='word_1_43' title='bbox 742 755 983 812; x_wconf 84' lang='lat' dir='ltr'><strong>ordines</strong></span> <span class='ocrx_word' id='word_1_44' title='bbox 1009 754 1227 811; x_wconf 83' lang='lat' dir='ltr'><strong>fuerint</strong></span> <span class='ocrx_word' id='word_1_45' title='bbox 1253 754 1673 828; x_wconf 91' lang='lat' dir='ltr'><strong>promovendi,</strong></span> <span class='ocrx_word' id='word_1_46' title='bbox 1702 755 1826 810; x_wconf 90' lang='lat' dir='ltr'><strong>sive</strong></span> <span class='ocrx_word' id='word_1_47' title='bbox 1842 753 1942 810; x_wconf 89' lang='lat' dir='ltr'><strong>ab·</strong></span> 
     </span>
    </p>
   </div>
   <div class='ocr_carea' id='block_1_9' title="bbox 279 842 1941 1274">
    <p class='ocr_par' dir='ltr' id='par_1_9' title="bbox 279 842 1941 1190">
     <span class='ocr_line' id='line_1_10' title="bbox 279 842 1941 917; baseline -0.004 -12"><span class='ocrx_word' id='word_1_48' title='bbox 279 848 417 906; x_wconf 90' lang='lat' dir='ltr'><strong>bate</strong></span> <span class='ocrx_word' id='word_1_49' title='bbox 445 845 805 903; x_wconf 89' lang='lat' dir='ltr'><strong>deducendo</strong></span> <span class='ocrx_word' id='word_1_50' title='bbox 836 844 914 900; x_wconf 87' lang='lat' dir='ltr'><strong>ad</strong></span> <span class='ocrx_word' id='word_1_51' title='bbox 938 844 1142 900; x_wconf 91' lang='lat' dir='ltr'><strong>sedem</strong></span> <span class='ocrx_word' id='word_1_52' title='bbox 1170 843 1258 900; x_wconf 88' lang='lat' dir='ltr'><strong>vel</strong></span> <span class='ocrx_word' id='word_1_53' title='bbox 1289 842 1660 917; x_wconf 79' lang='lat' dir='ltr'><strong>quibuslibet</strong></span> <span class='ocrx_word' id='word_1_54' title='bbox 1684 843 1816 900; x_wconf 89' lang='lat' dir='ltr'><strong>aliis</strong></span> <span class='ocrx_word' id='word_1_55' title='bbox 1847 859 1941 899; x_wconf 88' lang='lat' dir='ltr'><strong>sa-</strong></span> 
     </span>
     <span class='ocr_line' id='line_1_11' title="bbox 279 931 1940 1000; baseline -0.004 -5"><span class='ocrx_word' id='word_1_56' title='bbox 279 936 602 995; x_wconf 83' lang='lat' dir='ltr'><strong>oramentis</strong></span> <span class='ocrx_word' id='word_1_57' title='bbox 631 933 1071 1000; x_wconf 90' lang='lat' dir='ltr'><strong>ecclesiasticis,</strong></span> <span class='ocrx_word' id='word_1_58' title='bbox 1095 932 1298 989; x_wconf 84' lang='lat' dir='ltr'><strong>nullus</strong></span> <span class='ocrx_word' id='word_1_59' title='bbox 1322 949 1358 989; x_wconf 92' lang='lat' dir='ltr'><strong>a</strong></span> <span class='ocrx_word' id='word_1_60' title='bbox 1383 932 1549 989; x_wconf 89' lang='lat' dir='ltr'><strong>vobis</strong></span> <span class='ocrx_word' id='word_1_61' title='bbox 1570 937 1671 989; x_wconf 91' lang='lat' dir='ltr'><strong>aut</strong></span> <span class='ocrx_word' id='word_1_62' title='bbox 1701 931 1814 988; x_wconf 89' lang='lat' dir='ltr'><strong>sub</strong></span> <span class='ocrx_word' id='word_1_63' title='bbox 1835 931 1940 989; x_wconf 91' lang='lat' dir='ltr'><strong>ob·</strong></span> 
     </span>
     <span class='ocr_line' id='line_1_12' title="bbox 280 1020 1941 1094; baseline -0.004 -12"><span class='ocrx_word' id='word_1_64' title='bbox 280 1030 446 1084; x_wconf 88' lang='lat' dir='ltr'><strong>tentu</strong></span> <span class='ocrx_word' id='word_1_65' title='bbox 471 1022 942 1090; x_wconf 82' lang='lat' dir='ltr'><strong>consuetudinis,</strong></span> <span class='ocrx_word' id='word_1_66' title='bbox 984 1028 1089 1079; x_wconf 90' lang='lat' dir='ltr'><strong>aut</strong></span> <span class='ocrx_word' id='word_1_67' title='bbox 1118 1022 1386 1094; x_wconf 90' lang='lat' dir='ltr'><strong>quolibet</strong></span> <span class='ocrx_word' id='word_1_68' title='bbox 1415 1022 1533 1079; x_wconf 88' lang='lat' dir='ltr'><strong>alio</strong></span> <span class='ocrx_word' id='word_1_69' title='bbox 1560 1021 1741 1078; x_wconf 91' lang='lat' dir='ltr'><strong>modo</strong></span> <span class='ocrx_word' id='word_1_70' title='bbox 1769 1020 1941 1094; x_wconf 89' lang='lat' dir='ltr'><strong>quid·</strong></span> 
     </span>
     <span class='ocr_line' id='line_1_13' title="bbox 281 1109 1068 1190; baseline -0.008 -18"><span class='ocrx_word' id='word_1_71' title='bbox 281 1131 467 1190; x_wconf 90' lang='lat' dir='ltr'><strong>quam</strong></span> <span class='ocrx_word' id='word_1_72' title='bbox 499 1115 719 1170; x_wconf 86' lang='lat' dir='ltr'><strong>audeat</strong></span> <span class='ocrx_word' id='word_1_73' title='bbox 744 1109 1068 1184; x_wconf 90' lang='lat' dir='ltr'><strong>postulare.</strong></span> 
     </span>
    </p>

    <p class='ocr_par' dir='ltr' id='par_1_10' title="bbox 353 1199 1940 1274">
     <span class='ocr_line' id='line_1_14' title="bbox 353 1199 1940 1274; baseline -0.004 -13"><span class='ocrx_word' id='word_1_74' title='bbox 353 1205 412 1261; x_wconf 92' lang='lat' dir='ltr'><strong>Si</strong></span> <span class='ocrx_word' id='word_1_75' title='bbox 450 1202 586 1274; x_wconf 86' lang='lat' dir='ltr'><strong>quis</strong></span> <span class='ocrx_word' id='word_1_76' title='bbox 623 1206 826 1257; x_wconf 85' lang='lat' dir='ltr'><strong>autem</strong></span> <span class='ocrx_word' id='word_1_77' title='bbox 857 1203 1069 1257; x_wconf 87' lang='lat' dir='ltr'><strong>contra</strong></span> <span class='ocrx_word' id='word_1_78' title='bbox 1098 1200 1213 1256; x_wconf 86' lang='lat' dir='ltr'><strong>hoc</strong></span> <span class='ocrx_word' id='word_1_79' title='bbox 1244 1199 1445 1256; x_wconf 89' lang='lat' dir='ltr'><strong>venire</strong></span> <span class='ocrx_word' id='word_1_80' title='bbox 1472 1199 1940 1272; x_wconf 66' lang='lat' dir='ltr'><strong>presumpserit,</strong></span> 
     </span>
    </p>
   </div>
   <div class='ocr_carea' id='block_1_10' title="bbox 282 1289 2020 1724">
    <p class='ocr_par' dir='ltr' id='par_1_11' title="bbox 282 1289 2020 1724">
     <span class='ocr_line' id='line_1_15' title="bbox 282 1289 1945 1368; baseline -0.005 -18"><span class='ocrx_word' id='word_1_81' title='bbox 282 1293 622 1368; x_wconf 89' lang='lat' dir='ltr'><strong>portionem</strong></span> <span class='ocrx_word' id='word_1_82' title='bbox 656 1306 796 1346; x_wconf 91' lang='lat' dir='ltr'><strong>cum</strong></span> <span class='ocrx_word' id='word_1_83' title='bbox 827 1289 983 1345; x_wconf 89' lang='lat' dir='ltr'><strong>Giezi</strong></span> <span class='ocrx_word' id='word_1_84' title='bbox 1015 1305 1076 1344; x_wconf 89' lang='lat' dir='ltr'><strong>se</strong></span> <span class='ocrx_word' id='word_1_85' title='bbox 1110 1290 1339 1345; x_wconf 82' lang='lat' dir='ltr'><strong>noverit</strong></span> <span class='ocrx_word' id='word_1_86' title='bbox 1372 1289 1735 1353; x_wconf 85' lang='lat' dir='ltr'><strong>habiturum.</strong></span> <span class='ocrx_word' id='word_1_87' title='bbox 1770 1289 1945 1360; x_wconf 89' lang='lat' dir='ltr'><strong>cujus</strong></span> 
     </span>
     <span class='ocr_line' id='line_1_16' title="bbox 283 1376 1944 1450; baseline -0.004 -11"><span class='ocrx_word' id='word_1_88' title='bbox 283 1382 509 1440; x_wconf 82' lang='lat' dir='ltr'><strong>factum</strong></span> <span class='ocrx_word' id='word_1_89' title='bbox 532 1380 842 1436; x_wconf 79' lang='lat' dir='ltr'><strong>exactione</strong></span> <span class='ocrx_word' id='word_1_90' title='bbox 871 1378 1061 1450; x_wconf 90' lang='lat' dir='ltr'><strong>turpis</strong></span> <span class='ocrx_word' id='word_1_91' title='bbox 1089 1376 1356 1433; x_wconf 91' lang='lat' dir='ltr'><strong>muneris</strong></span> <span class='ocrx_word' id='word_1_92' title='bbox 1380 1378 1645 1433; x_wconf 81' lang='lat' dir='ltr'><strong>imitatur</strong></span> <span class='ocrx_word' id='word_1_93' title='bbox 1673 1378 1726 1449; x_wconf 92' lang='grc' dir='ltr'><strong>(Ι</strong></span> <span class='ocrx_word' id='word_1_94' title='bbox 1741 1378 1944 1448; x_wconf 71' lang='grc' dir='ltr'><strong>νΒερ.</strong></span> 
     </span>
     <span class='ocr_line' id='line_1_17' title="bbox 283 1465 1946 1544; baseline -0.004 -16"><span class='ocrx_word' id='word_1_95' title='bbox 283 1471 361 1544; x_wconf 93' lang='lat' dir='ltr'><strong>v).</strong></span> <span class='ocrx_word' id='word_1_96' title='bbox 398 1468 777 1542; x_wconf 89' lang='lat' dir='ltr'><strong>Sepulturam</strong></span> <span class='ocrx_word' id='word_1_97' title='bbox 829 1471 1120 1541; x_wconf 66' lang='lat' dir='ltr'><strong>praeterea</strong></span> <span class='ocrx_word' id='word_1_98' title='bbox 1149 1466 1342 1539; x_wconf 89' lang='lat' dir='ltr'><strong>ipsius</strong></span> <span class='ocrx_word' id='word_1_99' title='bbox 1385 1466 1497 1522; x_wconf 88' lang='lat' dir='ltr'><strong>loci</strong></span> <span class='ocrx_word' id='word_1_100' title='bbox 1529 1465 1783 1522; x_wconf 87' lang='lat' dir='ltr'><strong>liberam</strong></span> <span class='ocrx_word' id='word_1_101' title='bbox 1815 1481 1946 1522; x_wconf 91' lang='lat' dir='ltr'><strong>esse</strong></span> 
     </span>
     <span class='ocr_line' id='line_1_18' title="bbox 283 1554 1948 1624; baseline -0.003 -6"><span class='ocrx_word' id='word_1_102' title='bbox 283 1559 685 1624; x_wconf 88' lang='lat' dir='ltr'><strong>decernimus,</strong></span> <span class='ocrx_word' id='word_1_103' title='bbox 711 1562 773 1613; x_wconf 86' lang='lat' dir='ltr'><strong>ut</strong></span> <span class='ocrx_word' id='word_1_104' title='bbox 799 1572 1006 1612; x_wconf 89' lang='lat' dir='ltr'><strong>eorum</strong></span> <span class='ocrx_word' id='word_1_105' title='bbox 1035 1556 1340 1612; x_wconf 91' lang='lat' dir='ltr'><strong>devotioni</strong></span> <span class='ocrx_word' id='word_1_106' title='bbox 1361 1559 1418 1612; x_wconf 88' lang='lat' dir='ltr'><strong>et</strong></span> <span class='ocrx_word' id='word_1_107' title='bbox 1438 1560 1716 1612; x_wconf 72' lang='lat' dir='ltr'><strong>extremm</strong></span> <span class='ocrx_word' id='word_1_108' title='bbox 1738 1554 1948 1613; x_wconf 91' lang='lat' dir='ltr'><strong>volun-</strong></span> 
     </span>
     <span class='ocr_line' id='line_1_19' title="bbox 287 1643 2020 1724; baseline -0.003 -17"><span class='ocrx_word' id='word_1_109' title='bbox 287 1650 394 1708; x_wconf 86' lang='lat' dir='ltr'><strong>tati</strong></span> <span class='ocrx_word' id='word_1_110' title='bbox 440 1648 543 1721; x_wconf 90' lang='lat' dir='ltr'><strong>qui</strong></span> <span class='ocrx_word' id='word_1_111' title='bbox 589 1663 651 1702; x_wconf 91' lang='lat' dir='ltr'><strong>se</strong></span> <span class='ocrx_word' id='word_1_112' title='bbox 698 1646 815 1701; x_wconf 92' lang='lat' dir='ltr'><strong>illic</strong></span> <span class='ocrx_word' id='word_1_113' title='bbox 846 1645 1081 1719; x_wconf 91' lang='lat' dir='ltr'><strong>sepeliri</strong></span> <span class='ocrx_word' id='word_1_114' title='bbox 1129 1644 1607 1712; x_wconf 80' lang='lat' dir='ltr'><strong>deliberaverint,</strong></span> <span class='ocrx_word' id='word_1_115' title='bbox 1641 1643 1755 1700; x_wconf 90' lang='lat' dir='ltr'><strong>nisi</strong></span> <span class='ocrx_word' id='word_1_116' title='bbox 1797 1645 1944 1702; x_wconf 76' lang='lat' dir='ltr'><strong>torte</strong></span> <span class='ocrx_word' id='word_1_117' title='bbox 1977 1668 2020 1724; x_wconf 79' lang='lat' dir='ltr'>B</span> 
     </span>
    </p>
   </div>
   <div class='ocr_carea' id='block_1_11' title="bbox 287 1732 1944 1984">
    <p class='ocr_par' dir='ltr' id='par_1_12' title="bbox 287 1732 1944 1984">
     <span class='ocr_line' id='line_1_20' title="bbox 287 1732 1939 1801; baseline -0.004 -6"><span class='ocrx_word' id='word_1_118' title='bbox 287 1736 793 1795; x_wconf 85' lang='lat' dir='ltr'><strong>excommunicati</strong></span> <span class='ocrx_word' id='word_1_119' title='bbox 812 1734 899 1790; x_wconf 88' lang='lat' dir='ltr'><strong>vel</strong></span> <span class='ocrx_word' id='word_1_120' title='bbox 931 1734 1229 1790; x_wconf 87' lang='lat' dir='ltr'><strong>interdicti</strong></span> <span class='ocrx_word' id='word_1_121' title='bbox 1259 1733 1397 1801; x_wconf 88' lang='lat' dir='ltr'><strong>sint,</strong></span> <span class='ocrx_word' id='word_1_122' title='bbox 1425 1733 1629 1792; x_wconf 87' lang='lat' dir='ltr'><strong>nullus</strong></span> <span class='ocrx_word' id='word_1_123' title='bbox 1654 1732 1939 1791; x_wconf 90' lang='lat' dir='ltr'><strong>obsistat:</strong></span> 
     </span>
     <span class='ocr_line' id='line_1_21' title="bbox 289 1821 1944 1896; baseline -0.003 -13"><span class='ocrx_word' id='word_1_124' title='bbox 289 1827 457 1884; x_wconf 88' lang='lat' dir='ltr'><strong>salva</strong></span> <span class='ocrx_word' id='word_1_125' title='bbox 478 1830 678 1882; x_wconf 89' lang='lat' dir='ltr'><strong>tamen</strong></span> <span class='ocrx_word' id='word_1_126' title='bbox 702 1823 938 1896; x_wconf 88' lang='lat' dir='ltr'><strong>justitia</strong></span> <span class='ocrx_word' id='word_1_127' title='bbox 959 1822 1196 1879; x_wconf 85' lang='lat' dir='ltr'><strong>illarum</strong></span> <span class='ocrx_word' id='word_1_128' title='bbox 1224 1821 1633 1889; x_wconf 87' lang='lat' dir='ltr'><strong>ecclesiarum,</strong></span> <span class='ocrx_word' id='word_1_129' title='bbox 1663 1839 1698 1881; x_wconf 90' lang='lat' dir='ltr'><strong>a</strong></span> <span class='ocrx_word' id='word_1_130' title='bbox 1722 1823 1944 1896; x_wconf 88' lang='lat' dir='ltr'><strong>quibus</strong></span> 
     </span>
     <span class='ocr_line' id='line_1_22' title="bbox 288 1910 1942 1984; baseline -0.003 -11"><span class='ocrx_word' id='word_1_131' title='bbox 288 1919 667 1973; x_wconf 88' lang='lat' dir='ltr'><strong>mortuorum</strong></span> <span class='ocrx_word' id='word_1_132' title='bbox 687 1926 943 1984; x_wconf 90' lang='lat' dir='ltr'><strong>corpora</strong></span> <span class='ocrx_word' id='word_1_133' title='bbox 969 1916 1386 1967; x_wconf 88' lang='lat' dir='ltr'><strong>assumuntur.</strong></span> <span class='ocrx_word' id='word_1_134' title='bbox 1410 1910 1675 1968; x_wconf 91' lang='lat' dir='ltr'><strong>Obeunte</strong></span> <span class='ocrx_word' id='word_1_135' title='bbox 1698 1926 1838 1968; x_wconf 85' lang='lat' dir='ltr'><strong>vero</strong></span> <span class='ocrx_word' id='word_1_136' title='bbox 1865 1916 1942 1978; x_wconf 89' lang='lat' dir='ltr'><strong>te,</strong></span> 
     </span>
    </p>
   </div>
   <div class='ocr_carea' id='block_1_12' title="bbox 288 1998 1948 2162">
    <p class='ocr_par' dir='ltr' id='par_1_13' title="bbox 288 1998 1948 2162">
     <span class='ocr_line' id='line_1_23' title="bbox 288 1998 1947 2074; baseline -0.003 -13"><span class='ocrx_word' id='word_1_137' title='bbox 288 2018 449 2061; x_wconf 90' lang='lat' dir='ltr'><strong>nunc</strong></span> <span class='ocrx_word' id='word_1_138' title='bbox 470 2001 744 2074; x_wconf 89' lang='lat' dir='ltr'><strong>ejusdem</strong></span> <span class='ocrx_word' id='word_1_139' title='bbox 764 2000 878 2056; x_wconf 91' lang='lat' dir='ltr'><strong>loci</strong></span> <span class='ocrx_word' id='word_1_140' title='bbox 900 1998 1140 2066; x_wconf 87' lang='lat' dir='ltr'><strong>abbate,</strong></span> <span class='ocrx_word' id='word_1_141' title='bbox 1164 1999 1252 2056; x_wconf 86' lang='lat' dir='ltr'><strong>vel</strong></span> <span class='ocrx_word' id='word_1_142' title='bbox 1275 2004 1514 2057; x_wconf 90' lang='lat' dir='ltr'><strong>tuorum</strong></span> <span class='ocrx_word' id='word_1_143' title='bbox 1532 2000 1800 2073; x_wconf 88' lang='lat' dir='ltr'><strong>quolibet</strong></span> <span class='ocrx_word' id='word_1_144' title='bbox 1817 2016 1947 2056; x_wconf 91' lang='lat' dir='ltr'><strong>suc-</strong></span> 
     </span>
     <span class='ocr_line' id='line_1_24' title="bbox 291 2087 1948 2162; baseline -0.002 -13"><span class='ocrx_word' id='word_1_145' title='bbox 291 2107 625 2157; x_wconf 88' lang='lat' dir='ltr'><strong>cessorum,</strong></span> <span class='ocrx_word' id='word_1_146' title='bbox 658 2088 859 2146; x_wconf 91' lang='lat' dir='ltr'><strong>nullus</strong></span> <span class='ocrx_word' id='word_1_147' title='bbox 891 2088 973 2145; x_wconf 92' lang='lat' dir='ltr'><strong>ibi</strong></span> <span class='ocrx_word' id='word_1_148' title='bbox 999 2088 1272 2162; x_wconf 88' lang='lat' dir='ltr'><strong>qualibet</strong></span> <span class='ocrx_word' id='word_1_149' title='bbox 1301 2087 1709 2161; x_wconf 85' lang='lat' dir='ltr'><strong>subreptionis</strong></span> <span class='ocrx_word' id='word_1_150' title='bbox 1729 2090 1948 2147; x_wconf 89' lang='lat' dir='ltr'><strong>astutia</strong></span> 
     </span>
    </p>
   </div>
   <div class='ocr_carea' id='block_1_13' title="bbox 288 2178 1946 2427">
    <p class='ocr_par' dir='ltr' id='par_1_14' title="bbox 288 2178 1946 2427">
     <span class='ocr_line' id='line_1_25' title="bbox 293 2178 1946 2251; baseline -0.002 -13"><span class='ocrx_word' id='word_1_151' title='bbox 293 2198 400 2239; x_wconf 89' lang='lat' dir='ltr'><strong>seu</strong></span> <span class='ocrx_word' id='word_1_152' title='bbox 435 2178 718 2237; x_wconf 90' lang='lat' dir='ltr'><strong>violentia</strong></span> <span class='ocrx_word' id='word_1_153' title='bbox 746 2182 1153 2251; x_wconf 80' lang='lat' dir='ltr'><strong>proeponatur,</strong></span> <span class='ocrx_word' id='word_1_154' title='bbox 1194 2178 1307 2233; x_wconf 92' lang='lat' dir='ltr'><strong>nisi</strong></span> <span class='ocrx_word' id='word_1_155' title='bbox 1335 2193 1517 2250; x_wconf 89' lang='lat' dir='ltr'><strong>quem</strong></span> <span class='ocrx_word' id='word_1_156' title='bbox 1541 2179 1750 2234; x_wconf 82' lang='lat' dir='ltr'><strong>l&#39;ratres</strong></span> <span class='ocrx_word' id='word_1_157' title='bbox 1778 2194 1946 2235; x_wconf 89' lang='lat' dir='ltr'><strong>com-</strong></span> 
     </span>
     <span class='ocr_line' id='line_1_26' title="bbox 288 2266 1942 2338; baseline -0.002 -11"><span class='ocrx_word' id='word_1_158' title='bbox 288 2270 460 2328; x_wconf 89' lang='lat' dir='ltr'><strong>muni</strong></span> <span class='ocrx_word' id='word_1_159' title='bbox 484 2283 803 2334; x_wconf 88' lang='lat' dir='ltr'><strong>consensu,</strong></span> <span class='ocrx_word' id='word_1_160' title='bbox 837 2268 929 2323; x_wconf 90' lang='lat' dir='ltr'><strong>vel</strong></span> <span class='ocrx_word' id='word_1_161' title='bbox 949 2266 1194 2324; x_wconf 83' lang='lat' dir='ltr'><strong>fratrum</strong></span> <span class='ocrx_word' id='word_1_162' title='bbox 1231 2282 1372 2338; x_wconf 89' lang='lat' dir='ltr'><strong>pars</strong></span> <span class='ocrx_word' id='word_1_163' title='bbox 1404 2266 1637 2323; x_wconf 86' lang='lat' dir='ltr'><strong>consilii</strong></span> <span class='ocrx_word' id='word_1_164' title='bbox 1668 2268 1942 2334; x_wconf 89' lang='lat' dir='ltr'><strong>sanioris,</strong></span> 
     </span>
     <span class='ocr_line' id='line_1_27' title="bbox 290 2355 1943 2427; baseline -0.002 -11"><span class='ocrx_word' id='word_1_165' title='bbox 290 2358 624 2416; x_wconf 90' lang='lat' dir='ltr'><strong>secundum</strong></span> <span class='ocrx_word' id='word_1_166' title='bbox 638 2356 738 2413; x_wconf 90' lang='lat' dir='ltr'><strong>Dei</strong></span> <span class='ocrx_word' id='word_1_167' title='bbox 761 2356 1033 2412; x_wconf 90' lang='lat' dir='ltr'><strong>timorem</strong></span> <span class='ocrx_word' id='word_1_168' title='bbox 1059 2361 1115 2412; x_wconf 92' lang='lat' dir='ltr'><strong>et</strong></span> <span class='ocrx_word' id='word_1_169' title='bbox 1132 2355 1288 2411; x_wconf 89' lang='lat' dir='ltr'><strong>beati</strong></span> <span class='ocrx_word' id='word_1_170' title='bbox 1312 2355 1612 2411; x_wconf 86' lang='lat' dir='ltr'><strong>Benedicti</strong></span> <span class='ocrx_word' id='word_1_171' title='bbox 1633 2356 1943 2427; x_wconf 82' lang='lat' dir='ltr'><strong>Regulam,</strong></span> 
     </span>
    </p>
   </div>
   <div class='ocr_carea' id='block_1_14' title="bbox 290 2444 1947 2523">
    <p class='ocr_par' dir='ltr' id='par_1_15' title="bbox 290 2444 1947 2523">
     <span class='ocr_line' id='line_1_28' title="bbox 290 2444 1947 2523; baseline -0.002 -19"><span class='ocrx_word' id='word_1_172' title='bbox 290 2446 660 2523; x_wconf 88' lang='lat' dir='ltr'><strong>providerint</strong></span> <span class='ocrx_word' id='word_1_173' title='bbox 686 2445 1050 2515; x_wconf 86' lang='lat' dir='ltr'><strong>eligendum.</strong></span> <span class='ocrx_word' id='word_1_174' title='bbox 1084 2445 1207 2500; x_wconf 87' lang='lat' dir='ltr'><strong>Hoc</strong></span> <span class='ocrx_word' id='word_1_175' title='bbox 1236 2459 1418 2516; x_wconf 89' lang='lat' dir='ltr'><strong>psum</strong></span> <span class='ocrx_word' id='word_1_176' title='bbox 1448 2444 1627 2501; x_wconf 87' lang='lat' dir='ltr'><strong>etiam</strong></span> <span class='ocrx_word' id='word_1_177' title='bbox 1658 2444 1731 2501; x_wconf 90' lang='lat' dir='ltr'><strong>de</strong></span> <span class='ocrx_word' id='word_1_178' title='bbox 1757 2445 1947 2502; x_wconf 90' lang='lat' dir='ltr'><strong>advo-</strong></span> 
     </span>
    </p>
   </div>
   <div class='ocr_carea' id='block_1_15' title="bbox 275 2533 1947 4385">
    <p class='ocr_par' dir='ltr' id='par_1_16' title="bbox 287 2533 1947 2861">
     <span class='ocr_line' id='line_1_29' title="bbox 290 2533 1947 2607; baseline -0.001 -13"><span class='ocrx_word' id='word_1_179' title='bbox 290 2538 406 2595; x_wconf 89' lang='lat' dir='ltr'><strong>cati</strong></span> <span class='ocrx_word' id='word_1_180' title='bbox 432 2536 853 2592; x_wconf 91' lang='lat' dir='ltr'><strong>constitutione</strong></span> <span class='ocrx_word' id='word_1_181' title='bbox 877 2533 1258 2607; x_wconf 76' lang='lat' dir='ltr'><strong>praecipimus</strong></span> <span class='ocrx_word' id='word_1_182' title='bbox 1281 2554 1293 2599; x_wconf 75' lang='grc' dir='ltr'>ς</span> <span class='ocrx_word' id='word_1_183' title='bbox 1321 2533 1426 2605; x_wconf 90' lang='lat' dir='ltr'><strong>qui</strong></span> <span class='ocrx_word' id='word_1_184' title='bbox 1455 2537 1657 2590; x_wconf 89' lang='lat' dir='ltr'><strong>tamen</strong></span> <span class='ocrx_word' id='word_1_185' title='bbox 1687 2535 1947 2592; x_wconf 89' lang='lat' dir='ltr'><strong>advoca-</strong></span> 
     </span>
     <span class='ocr_line' id='line_1_30' title="bbox 289 2621 1946 2692; baseline 0 -11"><span class='ocrx_word' id='word_1_186' title='bbox 289 2630 405 2692; x_wconf 89' lang='lat' dir='ltr'><strong>tus,</strong></span> <span class='ocrx_word' id='word_1_187' title='bbox 438 2624 487 2680; x_wconf 91' lang='lat' dir='ltr'><strong>si</strong></span> <span class='ocrx_word' id='word_1_188' title='bbox 519 2621 800 2680; x_wconf 80' lang='lat' dir='ltr'><strong>fratribus</strong></span> <span class='ocrx_word' id='word_1_189' title='bbox 841 2622 1039 2692; x_wconf 88' lang='lat' dir='ltr'><strong>gravis</strong></span> <span class='ocrx_word' id='word_1_190' title='bbox 1068 2626 1126 2677; x_wconf 88' lang='lat' dir='ltr'><strong>et</strong></span> <span class='ocrx_word' id='word_1_191' title='bbox 1166 2622 1535 2678; x_wconf 90' lang='lat' dir='ltr'><strong>monasterio</strong></span> <span class='ocrx_word' id='word_1_192' title='bbox 1577 2622 1800 2679; x_wconf 89' lang='lat' dir='ltr'><strong>inutilis</strong></span> <span class='ocrx_word' id='word_1_193' title='bbox 1823 2623 1946 2681; x_wconf 79' lang='lat' dir='ltr'><strong>fue-</strong></span> 
     </span>
     <span class='ocr_line' id='line_1_31' title="bbox 287 2709 1942 2783; baseline -0.002 -10"><span class='ocrx_word' id='word_1_194' title='bbox 287 2715 382 2783; x_wconf 87' lang='lat' dir='ltr'><strong>rit,</strong></span> <span class='ocrx_word' id='word_1_195' title='bbox 411 2729 482 2770; x_wconf 92' lang='lat' dir='ltr'><strong>eo</strong></span> <span class='ocrx_word' id='word_1_196' title='bbox 507 2716 730 2777; x_wconf 89' lang='lat' dir='ltr'><strong>amoto,</strong></span> <span class='ocrx_word' id='word_1_197' title='bbox 751 2710 933 2767; x_wconf 87' lang='lat' dir='ltr'><strong>alium</strong></span> <span class='ocrx_word' id='word_1_198' title='bbox 961 2709 1094 2766; x_wconf 90' lang='lat' dir='ltr'><strong>loco</strong></span> <span class='ocrx_word' id='word_1_199' title='bbox 1111 2709 1242 2781; x_wconf 89' lang='lat' dir='ltr'><strong>ejus</strong></span> <span class='ocrx_word' id='word_1_200' title='bbox 1266 2709 1662 2767; x_wconf 89' lang='lat' dir='ltr'><strong>substituendi</strong></span> <span class='ocrx_word' id='word_1_201' title='bbox 1693 2710 1942 2769; x_wconf 86' lang='lat' dir='ltr'><strong>liberam</strong></span> 
     </span>
     <span class='ocr_line' id='line_1_32' title="bbox 287 2798 1264 2861; baseline -0.006 0"><span class='ocrx_word' id='word_1_202' title='bbox 287 2801 462 2861; x_wconf 82' lang='lat' dir='ltr'><strong>vobis</strong></span> <span class='ocrx_word' id='word_1_203' title='bbox 487 2800 874 2858; x_wconf 87' lang='lat' dir='ltr'><strong>concedimus</strong></span> <span class='ocrx_word' id='word_1_204' title='bbox 898 2798 1264 2857; x_wconf 80' lang='lat' dir='ltr'><strong>facultatem.</strong></span> 
     </span>
    </p>

    <p class='ocr_par' dir='ltr' id='par_1_17' title="bbox 284 2886 1945 4120">
     <span class='ocr_line' id='line_1_33' title="bbox 360 2886 1944 2959; baseline -0.001 -10"><span class='ocrx_word' id='word_1_205' title='bbox 360 2891 745 2948; x_wconf 89' lang='lat' dir='ltr'><strong>Decernimus</strong></span> <span class='ocrx_word' id='word_1_206' title='bbox 769 2903 912 2959; x_wconf 90' lang='lat' dir='ltr'><strong>ergo</strong></span> <span class='ocrx_word' id='word_1_207' title='bbox 945 2891 1004 2943; x_wconf 90' lang='lat' dir='ltr'><strong>ut</strong></span> <span class='ocrx_word' id='word_1_208' title='bbox 1034 2886 1178 2943; x_wconf 91' lang='lat' dir='ltr'><strong>nulli</strong></span> <span class='ocrx_word' id='word_1_209' title='bbox 1212 2886 1462 2944; x_wconf 90' lang='lat' dir='ltr'><strong>omnino</strong></span> <span class='ocrx_word' id='word_1_210' title='bbox 1491 2889 1809 2947; x_wconf 86' lang='lat' dir='ltr'><strong>hominum</strong></span> <span class='ocrx_word' id='word_1_211' title='bbox 1851 2890 1944 2947; x_wconf 80' lang='lat' dir='ltr'><strong>fas</strong></span> 
     </span>
     <span class='ocr_line' id='line_1_34' title="bbox 288 2975 1945 3053; baseline -0.001 -15"><span class='ocrx_word' id='word_1_212' title='bbox 288 2980 365 3038; x_wconf 88' lang='lat' dir='ltr'><strong>sit</strong></span> <span class='ocrx_word' id='word_1_213' title='bbox 388 2979 704 3053; x_wconf 82' lang='lat' dir='ltr'><strong>praet&#39;atum</strong></span> <span class='ocrx_word' id='word_1_214' title='bbox 728 2975 1160 3034; x_wconf 87' lang='lat' dir='ltr'><strong>monasterium</strong></span> <span class='ocrx_word' id='word_1_215' title='bbox 1186 2982 1402 3034; x_wconf 90' lang='lat' dir='ltr'><strong>temere</strong></span> <span class='ocrx_word' id='word_1_216' title='bbox 1437 2977 1807 3051; x_wconf 86' lang='lat' dir='ltr'><strong>perturbare,</strong></span> <span class='ocrx_word' id='word_1_217' title='bbox 1838 2983 1945 3037; x_wconf 88' lang='lat' dir='ltr'><strong>aut</strong></span> 
     </span>
     <span class='ocr_line' id='line_1_35' title="bbox 289 3066 1942 3144; baseline -0.001 -16"><span class='ocrx_word' id='word_1_218' title='bbox 289 3072 419 3143; x_wconf 88' lang='lat' dir='ltr'><strong>ejus</strong></span> <span class='ocrx_word' id='word_1_219' title='bbox 444 3067 858 3144; x_wconf 87' lang='lat' dir='ltr'><strong>possessiones</strong></span> <span class='ocrx_word' id='word_1_220' title='bbox 890 3066 1122 3123; x_wconf 78' lang='lat' dir='ltr'><strong>auferre</strong></span> <span class='ocrx_word' id='word_1_221' title='bbox 1151 3066 1241 3123; x_wconf 90' lang='lat' dir='ltr'><strong>vel</strong></span> <span class='ocrx_word' id='word_1_222' title='bbox 1264 3067 1498 3125; x_wconf 90' lang='lat' dir='ltr'><strong>ablatas</strong></span> <span class='ocrx_word' id='word_1_223' title='bbox 1536 3071 1806 3137; x_wconf 90' lang='lat' dir='ltr'><strong>retinere,</strong></span> <span class='ocrx_word' id='word_1_224' title='bbox 1835 3072 1942 3128; x_wconf 89' lang='lat' dir='ltr'><strong>mi·</strong></span> 
     </span>
     <span class='ocr_line' id='line_1_36' title="bbox 287 3155 1939 3230; baseline 0 -14"><span class='ocrx_word' id='word_1_225' title='bbox 287 3174 492 3225; x_wconf 86' lang='lat' dir='ltr'><strong>nuere,</strong></span> <span class='ocrx_word' id='word_1_226' title='bbox 527 3173 629 3214; x_wconf 87' lang='lat' dir='ltr'><strong>seu</strong></span> <span class='ocrx_word' id='word_1_227' title='bbox 660 3155 1029 3229; x_wconf 85' lang='lat' dir='ltr'><strong>quibuslibet</strong></span> <span class='ocrx_word' id='word_1_228' title='bbox 1055 3156 1467 3213; x_wconf 85' lang='lat' dir='ltr'><strong>vexationibus</strong></span> <span class='ocrx_word' id='word_1_229' title='bbox 1498 3158 1744 3230; x_wconf 78' lang='lat' dir='ltr'><strong>fatigare</strong></span> <span class='ocrx_word' id='word_1_230' title='bbox 1776 3176 1791 3229; x_wconf 91' lang='grc'><strong>;</strong></span> <span class='ocrx_word' id='word_1_231' title='bbox 1834 3160 1939 3216; x_wconf 88' lang='lat' dir='ltr'><strong>sed</strong></span> 
     </span>
     <span class='ocr_line' id='line_1_37' title="bbox 289 3245 1936 3320; baseline -0.001 -15"><span class='ocrx_word' id='word_1_232' title='bbox 289 3248 497 3305; x_wconf 88' lang='lat' dir='ltr'><strong>omnia</strong></span> <span class='ocrx_word' id='word_1_233' title='bbox 550 3245 788 3316; x_wconf 89' lang='lat' dir='ltr'><strong>integra</strong></span> <span class='ocrx_word' id='word_1_234' title='bbox 829 3250 1252 3302; x_wconf 81' lang='lat' dir='ltr'><strong>conserventur</strong></span> <span class='ocrx_word' id='word_1_235' title='bbox 1298 3261 1509 3302; x_wconf 88' lang='lat' dir='ltr'><strong>eorum</strong></span> <span class='ocrx_word' id='word_1_236' title='bbox 1538 3262 1648 3319; x_wconf 90' lang='lat' dir='ltr'><strong>pro</strong></span> <span class='ocrx_word' id='word_1_237' title='bbox 1677 3263 1936 3320; x_wconf 89' lang='lat' dir='ltr'><strong>quorum</strong></span> 
     </span>
     <span class='ocr_line' id='line_1_38' title="bbox 289 3334 1941 3410; baseline 0.001 -18"><span class='ocrx_word' id='word_1_238' title='bbox 289 3336 725 3410; x_wconf 75' lang='lat' dir='ltr'><strong>gubernatione</strong></span> <span class='ocrx_word' id='word_1_239' title='bbox 745 3337 802 3391; x_wconf 92' lang='lat' dir='ltr'><strong>et</strong></span> <span class='ocrx_word' id='word_1_240' title='bbox 821 3334 1252 3390; x_wconf 84' lang='lat' dir='ltr'><strong>sustentatione</strong></span> <span class='ocrx_word' id='word_1_241' title='bbox 1267 3350 1553 3392; x_wconf 88' lang='lat' dir='ltr'><strong>concessa</strong></span> <span class='ocrx_word' id='word_1_242' title='bbox 1566 3342 1708 3393; x_wconf 90' lang='lat' dir='ltr'><strong>sunt</strong></span> <span class='ocrx_word' id='word_1_243' title='bbox 1729 3336 1941 3393; x_wconf 89' lang='lat' dir='ltr'><strong>usibus</strong></span> 
     </span>
     <span class='ocr_line' id='line_1_39' title="bbox 289 3422 1941 3497; baseline 0.001 -15"><span class='ocrx_word' id='word_1_244' title='bbox 289 3422 655 3482; x_wconf 84' lang='lat' dir='ltr'><strong>omnimodis</strong></span> <span class='ocrx_word' id='word_1_245' title='bbox 685 3422 1020 3494; x_wconf 80' lang='lat' dir='ltr'><strong>profutura,</strong></span> <span class='ocrx_word' id='word_1_246' title='bbox 1057 3422 1229 3479; x_wconf 90' lang='lat' dir='ltr'><strong>salva</strong></span> <span class='ocrx_word' id='word_1_247' title='bbox 1258 3424 1413 3479; x_wconf 89' lang='lat' dir='ltr'><strong>sedis</strong></span> <span class='ocrx_word' id='word_1_248' title='bbox 1443 3424 1788 3497; x_wconf 64' lang='lat' dir='ltr'><strong>apostolicas</strong></span> <span class='ocrx_word' id='word_1_249' title='bbox 1831 3441 1941 3483; x_wconf 88' lang='lat' dir='ltr'><strong>au-</strong></span> 
     </span>
     <span class='ocr_line' id='line_1_40' title="bbox 290 3510 1940 3585; baseline 0 -16"><span class='ocrx_word' id='word_1_250' title='bbox 290 3511 580 3576; x_wconf 86' lang='lat' dir='ltr'><strong>ctoritate,</strong></span> <span class='ocrx_word' id='word_1_251' title='bbox 612 3510 939 3567; x_wconf 87' lang='lat' dir='ltr'><strong>dioecesani</strong></span> <span class='ocrx_word' id='word_1_252' title='bbox 971 3510 1234 3583; x_wconf 87' lang='lat' dir='ltr'><strong>episcopi</strong></span> <span class='ocrx_word' id='word_1_253' title='bbox 1266 3516 1553 3569; x_wconf 89' lang='lat' dir='ltr'><strong>consueta</strong></span> <span class='ocrx_word' id='word_1_254' title='bbox 1573 3511 1819 3585; x_wconf 90' lang='lat' dir='ltr'><strong>justitia.</strong></span> <span class='ocrx_word' id='word_1_255' title='bbox 1851 3514 1940 3571; x_wconf 84' lang='lat' dir='ltr'><strong>Ad</strong></span> 
     </span>
     <span class='ocr_line' id='line_1_41' title="bbox 284 3599 1941 3677; baseline 0.001 -19"><span class='ocrx_word' id='word_1_256' title='bbox 284 3600 575 3659; x_wconf 86' lang='lat' dir='ltr'><strong>indicium</strong></span> <span class='ocrx_word' id='word_1_257' title='bbox 594 3605 791 3657; x_wconf 90' lang='lat' dir='ltr'><strong>autem</strong></span> <span class='ocrx_word' id='word_1_258' title='bbox 810 3599 988 3671; x_wconf 85' lang='lat' dir='ltr'><strong>hujus</strong></span> <span class='ocrx_word' id='word_1_259' title='bbox 1009 3615 1046 3655; x_wconf 94' lang='lat' dir='ltr'><strong>a</strong></span> <span class='ocrx_word' id='word_1_260' title='bbox 1069 3599 1342 3656; x_wconf 87' lang='lat' dir='ltr'><strong>Romana</strong></span> <span class='ocrx_word' id='word_1_261' title='bbox 1370 3601 1627 3659; x_wconf 87' lang='lat' dir='ltr'><strong>Ecclesia</strong></span> <span class='ocrx_word' id='word_1_262' title='bbox 1648 3608 1941 3677; x_wconf 66' lang='lat' dir='ltr'><strong>perceptas</strong></span> 
     </span>
     <span class='ocr_line' id='line_1_42' title="bbox 285 3689 1941 3762; baseline 0.002 -14"><span class='ocrx_word' id='word_1_263' title='bbox 285 3690 602 3762; x_wconf 87' lang='lat' dir='ltr'><strong>libertatis,</strong></span> <span class='ocrx_word' id='word_1_264' title='bbox 632 3705 882 3746; x_wconf 91' lang='lat' dir='ltr'><strong>aureum</strong></span> <span class='ocrx_word' id='word_1_265' title='bbox 925 3705 1107 3745; x_wconf 88' lang='lat' dir='ltr'><strong>unum</strong></span> <span class='ocrx_word' id='word_1_266' title='bbox 1135 3691 1310 3746; x_wconf 90' lang='lat' dir='ltr'><strong>annis</strong></span> <span class='ocrx_word' id='word_1_267' title='bbox 1341 3689 1592 3762; x_wconf 90' lang='lat' dir='ltr'><strong>singulis</strong></span> <span class='ocrx_word' id='word_1_268' title='bbox 1616 3692 1792 3749; x_wconf 90' lang='lat' dir='ltr'><strong>nobis</strong></span> <span class='ocrx_word' id='word_1_269' title='bbox 1830 3709 1941 3751; x_wconf 92' lang='lat' dir='ltr'><strong>no-</strong></span> 
     </span>
     <span class='ocr_line' id='line_1_43' title="bbox 289 3778 1942 3853; baseline 0.002 -17"><span class='ocrx_word' id='word_1_270' title='bbox 289 3780 544 3852; x_wconf 85' lang='lat' dir='ltr'><strong>strisque</strong></span> <span class='ocrx_word' id='word_1_271' title='bbox 565 3778 1012 3835; x_wconf 86' lang='lat' dir='ltr'><strong>successoribus</strong></span> <span class='ocrx_word' id='word_1_272' title='bbox 1039 3778 1403 3850; x_wconf 82' lang='lat' dir='ltr'><strong>persolvetis,</strong></span> <span class='ocrx_word' id='word_1_273' title='bbox 1419 3782 1942 3853; x_wconf 87' lang='lat' dir='ltr'><strong>quemadmodum</strong></span> 
     </span>
     <span class='ocr_line' id='line_1_44' title="bbox 288 3867 1943 3942; baseline -0.001 -13"><span class='ocrx_word' id='word_1_274' title='bbox 288 3885 328 3929; x_wconf 89' lang='lat' dir='ltr'><strong>a</strong></span> <span class='ocrx_word' id='word_1_275' title='bbox 354 3869 643 3942; x_wconf 61' lang='lat' dir='ltr'><strong>praedicto</strong></span> <span class='ocrx_word' id='word_1_276' title='bbox 684 3869 1051 3925; x_wconf 88' lang='lat' dir='ltr'><strong>marchione.</strong></span> <span class='ocrx_word' id='word_1_277' title='bbox 1083 3867 1375 3940; x_wconf 89' lang='lat' dir='ltr'><strong>Diepaldo</strong></span> <span class='ocrx_word' id='word_1_278' title='bbox 1417 3872 1681 3928; x_wconf 88' lang='lat' dir='ltr'><strong>noscitur</strong></span> <span class='ocrx_word' id='word_1_279' title='bbox 1708 3872 1943 3930; x_wconf 88' lang='lat' dir='ltr'><strong>institu-</strong></span> 
     </span>
     <span class='ocr_line' id='line_1_45' title="bbox 289 3956 1943 4032; baseline 0.001 -16"><span class='ocrx_word' id='word_1_280' title='bbox 289 3962 440 4017; x_wconf 85' lang='lat' dir='ltr'><strong>tum.</strong></span> <span class='ocrx_word' id='word_1_281' title='bbox 462 3959 518 4015; x_wconf 92' lang='lat' dir='ltr'><strong>Si</strong></span> <span class='ocrx_word' id='word_1_282' title='bbox 545 3974 668 4032; x_wconf 90' lang='lat' dir='ltr'><strong>qua</strong></span> <span class='ocrx_word' id='word_1_283' title='bbox 693 3957 870 4028; x_wconf 79' lang='lat' dir='ltr'><strong>igitur</strong></span> <span class='ocrx_word' id='word_1_284' title='bbox 892 3957 952 4013; x_wconf 93' lang='lat' dir='ltr'><strong>in</strong></span> <span class='ocrx_word' id='word_1_285' title='bbox 974 3956 1239 4014; x_wconf 77' lang='lat' dir='ltr'><strong>futurum</strong></span> <span class='ocrx_word' id='word_1_286' title='bbox 1270 3958 1671 4017; x_wconf 90' lang='lat' dir='ltr'><strong>ecclesiastica</strong></span> <span class='ocrx_word' id='word_1_287' title='bbox 1698 3961 1943 4018; x_wconf 81' lang='lat' dir='ltr'><strong>soecula·</strong></span> 
     </span>
     <span class='ocr_line' id='line_1_46' title="bbox 288 4047 895 4120; baseline -0.003 -16"><span class='ocrx_word' id='word_1_288' title='bbox 288 4047 444 4105; x_wconf 91' lang='lat' dir='ltr'><strong>risve</strong></span> <span class='ocrx_word' id='word_1_289' title='bbox 476 4062 751 4120; x_wconf 89' lang='lat' dir='ltr'><strong>persona,</strong></span> <span class='ocrx_word' id='word_1_290' title='bbox 784 4050 895 4102; x_wconf 90' lang='lat' dir='ltr'><strong>etc.</strong></span> 
     </span>
    </p>

    <p class='ocr_par' dir='ltr' id='par_1_18' title="bbox 275 4133 1755 4214">
     <span class='ocr_line' id='line_1_47' title="bbox 275 4133 1755 4214; baseline 0.003 -22"><span class='ocrx_word' id='word_1_291' title='bbox 275 4164 280 4170; x_wconf 92' lang='lat'><strong>·</strong></span> <span class='ocrx_word' id='word_1_292' title='bbox 361 4139 485 4208; x_wconf 88' lang='lat' dir='ltr'><strong>Ego</strong></span> <span class='ocrx_word' id='word_1_293' title='bbox 520 4136 737 4192; x_wconf 87' lang='lat' dir='ltr'><strong>Lucius</strong></span> <span class='ocrx_word' id='word_1_294' title='bbox 768 4133 1076 4192; x_wconf 82' lang='lat' dir='ltr'><strong>catholicae</strong></span> <span class='ocrx_word' id='word_1_295' title='bbox 1106 4135 1377 4194; x_wconf 62' lang='lat' dir='ltr'><strong>Ecclesia}</strong></span> <span class='ocrx_word' id='word_1_296' title='bbox 1407 4139 1755 4214; x_wconf 90' lang='lat' dir='ltr'><strong>episcopus.</strong></span> 
     </span>
    </p>

    <p class='ocr_par' dir='ltr' id='par_1_19' title="bbox 289 4224 1942 4385">
     <span class='ocr_line' id='line_1_48' title="bbox 360 4224 1942 4295; baseline 0.003 -14"><span class='ocrx_word' id='word_1_297' title='bbox 360 4224 855 4294; x_wconf 72' lang='lat' dir='ltr'><strong>Subscm‘pserunt</strong></span> <span class='ocrx_word' id='word_1_298' title='bbox 895 4238 1028 4281; x_wconf 80' lang='lat' dir='ltr'><strong>cum</strong></span> <span class='ocrx_word' id='word_1_299' title='bbox 1051 4240 1214 4295; x_wconf 87' lang='lat' dir='ltr'><strong>papa</strong></span> <span class='ocrx_word' id='word_1_300' title='bbox 1245 4226 1441 4285; x_wconf 81' lang='lat' dir='ltr'><strong>decem</strong></span> <span class='ocrx_word' id='word_1_301' title='bbox 1483 4230 1822 4288; x_wconf 72' lang='lat' dir='ltr'><strong>cardinales</strong></span> <span class='ocrx_word' id='word_1_302' title='bbox 1852 4245 1942 4287; x_wconf 85' lang='lat' dir='ltr'><strong>as-</strong></span> 
     </span>
     <span class='ocr_line' id='line_1_49' title="bbox 289 4314 1584 4385; baseline 0.003 -14"><span class='ocrx_word' id='word_1_303' title='bbox 289 4328 526 4371; x_wconf 76' lang='lat' dir='ltr'><strong>sensum</strong></span> <span class='ocrx_word' id='word_1_304' title='bbox 542 4314 836 4383; x_wconf 68' lang='lat' dir='ltr'><strong>praedicto</strong></span> <span class='ocrx_word' id='word_1_305' title='bbox 863 4315 1223 4383; x_wconf 51' lang='lat' dir='ltr'><strong>protectorio</strong></span> <span class='ocrx_word' id='word_1_306' title='bbox 1237 4316 1584 4385; x_wconf 68' lang='lat' dir='ltr'><strong>praebenees.</strong></span> 
     </span>
    </p>
   </div>
   <div class='ocr_carea' id='block_1_16' title="bbox 363 4390 2020 4475">
    <p class='ocr_par' dir='ltr' id='par_1_20' title="bbox 363 4390 2020 4475">
     <span class='ocr_line' id='line_1_50' title="bbox 363 4390 2020 4475; baseline 0.007 -18"><span class='ocrx_word' id='word_1_307' title='bbox 363 4404 582 4458; x_wconf 89' lang='lat' dir='ltr'><strong>Datum</strong></span> <span class='ocrx_word' id='word_1_308' title='bbox 631 4401 863 4459; x_wconf 90' lang='lat' dir='ltr'><strong>Velletri</strong></span> <span class='ocrx_word' id='word_1_309' title='bbox 895 4417 1001 4475; x_wconf 92' lang='lat' dir='ltr'><strong>per</strong></span> <span class='ocrx_word' id='word_1_310' title='bbox 1043 4419 1292 4460; x_wconf 90' lang='lat' dir='ltr'><strong>manum</strong></span> <span class='ocrx_word' id='word_1_311' title='bbox 1328 4405 1540 4463; x_wconf 67' lang='lat' dir='ltr'><strong>alberti</strong></span> <span class='ocrx_word' id='word_1_312' title='bbox 1583 4412 1804 4467; x_wconf 76' lang='lat' dir='ltr'><strong>sanctae</strong></span> <span class='ocrx_word' id='word_1_313' title='bbox 1830 4414 1944 4467; x_wconf 85' lang='lat' dir='ltr'><strong>Ro·</strong></span> <span class='ocrx_word' id='word_1_314' title='bbox 1975 4390 2020 4446; x_wconf 78' lang='lat' dir='ltr'>D</span> 
     </span>
    </p>
   </div>
   <div class='ocr_carea' id='block_1_17' title="bbox 289 4492 1946 4915">
    <p class='ocr_par' dir='ltr' id='par_1_21' title="bbox 289 4492 1946 4836">
     <span class='ocr_line' id='line_1_51' title="bbox 292 4492 1941 4587; baseline 0.004 -35"><span class='ocrx_word' id='word_1_315' title='bbox 292 4507 492 4552; x_wconf 77' lang='lat' dir='ltr'><strong>manoe</strong></span> <span class='ocrx_word' id='word_1_316' title='bbox 524 4492 797 4550; x_wconf 62' lang='lat' dir='ltr'><strong>Ecclesiae</strong></span> <span class='ocrx_word' id='word_1_317' title='bbox 821 4493 1151 4567; x_wconf 86' lang='lat' dir='ltr'><strong>presbyteri</strong></span> <span class='ocrx_word' id='word_1_318' title='bbox 1166 4494 1483 4553; x_wconf 88' lang='lat' dir='ltr'><strong>cardinalis</strong></span> <span class='ocrx_word' id='word_1_319' title='bbox 1510 4502 1566 4555; x_wconf 91' lang='lat' dir='ltr'><strong>et</strong></span> <span class='ocrx_word' id='word_1_320' title='bbox 1584 4500 1941 4587; x_wconf 68' lang='lat' dir='ltr'><strong>cancellarii,</strong></span> 
     </span>
     <span class='ocr_line' id='line_1_52' title="bbox 290 4583 1944 4658; baseline 0.005 -16"><span class='ocrx_word' id='word_1_321' title='bbox 290 4590 506 4642; x_wconf 89' lang='lat' dir='ltr'><strong>octava</strong></span> <span class='ocrx_word' id='word_1_322' title='bbox 530 4583 765 4640; x_wconf 86' lang='lat' dir='ltr'><strong>decima</strong></span> <span class='ocrx_word' id='word_1_323' title='bbox 785 4584 1083 4640; x_wconf 84' lang='lat' dir='ltr'><strong>Kalendas</strong></span> <span class='ocrx_word' id='word_1_324' title='bbox 1108 4585 1260 4652; x_wconf 75' lang='lat' dir='ltr'><strong>Maii,</strong></span> <span class='ocrx_word' id='word_1_325' title='bbox 1290 4585 1613 4645; x_wconf 89' lang='lat' dir='ltr'><strong>indictione</strong></span> <span class='ocrx_word' id='word_1_326' title='bbox 1632 4605 1727 4658; x_wconf 87' lang='lat' dir='ltr'><strong>xv,</strong></span> <span class='ocrx_word' id='word_1_327' title='bbox 1747 4590 1944 4650; x_wconf 89' lang='lat' dir='ltr'><strong>Incar-</strong></span> 
     </span>
     <span class='ocr_line' id='line_1_53' title="bbox 289 4672 1946 4749; baseline 0.005 -18"><span class='ocrx_word' id='word_1_328' title='bbox 289 4672 549 4731; x_wconf 90' lang='lat' dir='ltr'><strong>nationis</strong></span> <span class='ocrx_word' id='word_1_329' title='bbox 602 4672 927 4730; x_wconf 85' lang='lat' dir='ltr'><strong>Dominicae</strong></span> <span class='ocrx_word' id='word_1_330' title='bbox 976 4688 1139 4730; x_wconf 93' lang='lat' dir='ltr'><strong>anno</strong></span> <span class='ocrx_word' id='word_1_331' title='bbox 1191 4676 1342 4741; x_wconf 76' lang='lat'><strong>¹182,</strong></span> <span class='ocrx_word' id='word_1_332' title='bbox 1376 4677 1760 4749; x_wconf 87' lang='lat' dir='ltr'><strong>pontificatus</strong></span> <span class='ocrx_word' id='word_1_333' title='bbox 1807 4696 1946 4740; x_wconf 87' lang='lat' dir='ltr'><strong>vero</strong></span> 
     </span>
     <span class='ocr_line' id='line_1_54' title="bbox 291 4761 1199 4836; baseline 0 -16"><span class='ocrx_word' id='word_1_334' title='bbox 291 4761 455 4820; x_wconf 86' lang='lat' dir='ltr'><strong>Lucii</strong></span> <span class='ocrx_word' id='word_1_335' title='bbox 486 4777 659 4835; x_wconf 65' lang='lat' dir='ltr'><strong>papas</strong></span> <span class='ocrx_word' id='word_1_336' title='bbox 696 4762 767 4817; x_wconf 85' lang='grc' dir='ltr'><strong>ΙΙΙ</strong></span> <span class='ocrx_word' id='word_1_337' title='bbox 791 4777 953 4820; x_wconf 86' lang='lat' dir='ltr'><strong>anno</strong></span> <span class='ocrx_word' id='word_1_338' title='bbox 982 4763 1199 4836; x_wconf 87' lang='lat' dir='ltr'><strong>primo.</strong></span> 
     </span>
    </p>

    <p class='ocr_par' dir='ltr' id='par_1_22' title="bbox 703 4852 1537 4915">
     <span class='ocr_line' id='line_1_55' title="bbox 703 4852 1537 4915; baseline 0.01 -9"><span class='ocrx_word' id='word_1_339' title='bbox 703 4852 1021 4909; x_wconf 81' lang='lat' dir='ltr'><strong>Plumbum</strong></span> <span class='ocrx_word' id='word_1_340' title='bbox 1043 4868 1065 4910; x_wconf 91' lang='lat'><strong>.·</strong></span> <span class='ocrx_word' id='word_1_341' title='bbox 1094 4853 1293 4911; x_wconf 79' lang='lat' dir='ltr'><strong>Lucius</strong></span> <span class='ocrx_word' id='word_1_342' title='bbox 1322 4871 1407 4912; x_wconf 80' lang='lat' dir='ltr'><strong>rr.</strong></span> <span class='ocrx_word' id='word_1_343' title='bbox 1441 4856 1537 4915; x_wconf 87' lang='lat'><strong>111.</strong></span> 
     </span>
    </p>
   </div>
   <div class='ocr_carea' id='block_1_18' title="bbox 1069 4960 1181 5016">
    <p class='ocr_par' dir='ltr' id='par_1_23' title="bbox 1069 4960 1181 5016">
     <span class='ocr_line' id='line_1_56' title="bbox 1069 4960 1181 5016; baseline -0.009 0"><span class='ocrx_word' id='word_1_344' title='bbox 1069 4960 1181 5016; x_wconf 88' lang='lat' dir='ltr'><strong>Lll.</strong></span> 
     </span>
    </p>
   </div>
   <div class='ocr_carea' id='block_1_19' title="bbox 292 5066 1949 5216">
    <p class='ocr_par' dir='ltr' id='par_1_24' title="bbox 292 5066 1949 5216">
     <span class='ocr_line' id='line_1_57' title="bbox 292 5066 1949 5146; baseline 0.004 -19"><span class='ocrx_word' id='word_1_345' title='bbox 292 5066 576 5127; x_wconf 69' lang='lat' dir='ltr'><strong>Ecclesiae</strong></span> <span class='ocrx_word' id='word_1_346' title='bbox 595 5067 915 5125; x_wconf 81' lang='lat' dir='ltr'><strong>Gradensis</strong></span> <span class='ocrx_word' id='word_1_347' title='bbox 933 5067 1275 5140; x_wconf 73' lang='lat' dir='ltr'><strong>pm&#39;vileqicz,</strong></span> <span class='ocrx_word' id='word_1_348' title='bbox 1299 5077 1530 5138; x_wconf 78' lang='lat' dir='ltr'><strong>petente</strong></span> <span class='ocrx_word' id='word_1_349' title='bbox 1551 5072 1813 5131; x_wconf 81' lang='lat' dir='ltr'><strong>Henrico</strong></span> <span class='ocrx_word' id='word_1_350' title='bbox 1834 5089 1949 5146; x_wconf 83' lang='lat' dir='ltr'><strong>pa-</strong></span> 
     </span>
     <span class='ocr_line' id='line_1_58' title="bbox 521 5139 1716 5216; baseline 0.002 -22"><span class='ocrx_word' id='word_1_351' title='bbox 521 5139 811 5204; x_wconf 74' lang='lat' dir='ltr'><strong>triarcha,</strong></span> <span class='ocrx_word' id='word_1_352' title='bbox 848 5141 1182 5209; x_wconf 82' lang='lat' dir='ltr'><strong>confirmat.</strong></span> <span class='ocrx_word' id='word_1_353' title='bbox 1215 5142 1716 5216; x_wconf 72' lang='lat' dir='ltr'><strong>(Fraqmeneum.)</strong></span> 
     </span>
    </p>
   </div>
   <div class='ocr_carea' id='block_1_20' title="bbox 807 5246 1450 5324">
    <p class='ocr_par' dir='ltr' id='par_1_25' title="bbox 807 5246 1450 5324">
     <span class='ocr_line' id='line_1_59' title="bbox 807 5246 1450 5324; baseline 0.008 -24"><span class='ocrx_word' id='word_1_354' title='bbox 807 5246 1090 5319; x_wconf 78' lang='lat' dir='ltr'><strong>(velletri,</strong></span> <span class='ocrx_word' id='word_1_355' title='bbox 1122 5248 1304 5322; x_wconf 83' lang='lat' dir='ltr'><strong>April.</strong></span> <span class='ocrx_word' id='word_1_356' title='bbox 1338 5250 1450 5324; x_wconf 76' lang='lat' dir='ltr'><strong>ts.)</strong></span> 
     </span>
    </p>
   </div>
   <div class='ocr_carea' id='block_1_21' title="bbox 303 5353 1948 5562">
    <p class='ocr_par' dir='ltr' id='par_1_26' title="bbox 303 5353 1948 5562">
     <span class='ocr_line' id='line_1_60' title="bbox 303 5353 1946 5424; baseline 0.007 -16"><span class='ocrx_word' id='word_1_357' title='bbox 303 5354 587 5423; x_wconf 70' lang='lat' dir='ltr'><strong>[nonam.</strong></span> <span class='ocrx_word' id='word_1_358' title='bbox 615 5353 801 5411; x_wconf 77' lang='lat' dir='ltr'><strong>ltalia</strong></span> <span class='ocrx_word' id='word_1_359' title='bbox 827 5369 1024 5424; x_wconf 85' lang='lat' dir='ltr'><strong>sacra,</strong></span> <span class='ocrx_word' id='word_1_360' title='bbox 1048 5356 1109 5411; x_wconf 86' lang='lat' dir='ltr'><strong>V.</strong></span> <span class='ocrx_word' id='word_1_361' title='bbox 1146 5358 1309 5414; x_wconf 75' lang='lat'><strong>1¹31.</strong></span> <span class='ocrx_word' id='word_1_362' title='bbox 1347 5357 1449 5414; x_wconf 84' lang='lat' dir='ltr'><strong>Hic</strong></span> <span class='ocrx_word' id='word_1_363' title='bbox 1476 5358 1705 5417; x_wconf 88' lang='lat' dir='ltr'><strong>subscri</strong></span> <span class='ocrx_word' id='word_1_364' title='bbox 1756 5360 1946 5419; x_wconf 89' lang='lat' dir='ltr'><strong>tiones</strong></span> 
     </span>
     <span class='ocr_line' id='line_1_61' title="bbox 369 5376 1946 5505; baseline 0.008 -27"><span class='ocrx_word' id='word_1_365' title='bbox 369 5429 598 5480; x_wconf 88' lang='lat' dir='ltr'><strong>tantum</strong></span> <span class='ocrx_word' id='word_1_366' title='bbox 633 5432 690 5482; x_wconf 89' lang='lat' dir='ltr'><strong>et</strong></span> <span class='ocrx_word' id='word_1_367' title='bbox 728 5432 964 5499; x_wconf 88' lang='lat' dir='ltr'><strong>tempus</strong></span> <span class='ocrx_word' id='word_1_368' title='bbox 996 5425 1123 5482; x_wconf 88' lang='lat' dir='ltr'><strong>dati</strong></span> <span class='ocrx_word' id='word_1_369' title='bbox 1171 5426 1518 5501; x_wconf 86' lang='lat' dir='ltr'><strong>diplomatis</strong></span> <span class='ocrx_word' id='word_1_370' title='bbox 1568 5376 1946 5505; x_wconf 61' lang='lat' dir='ltr'><strong>exhissentur,</strong></span> 
     </span>
     <span class='ocr_line' id='line_1_62' title="bbox 368 5489 1948 5562; baseline 0.011 -17"><span class='ocrx_word' id='word_1_371' title='bbox 368 5489 585 5551; x_wconf 89' lang='lat' dir='ltr'><strong>lectore</strong></span> <span class='ocrx_word' id='word_1_372' title='bbox 625 5502 898 5554; x_wconf 88' lang='lat' dir='ltr'><strong>revocato</strong></span> <span class='ocrx_word' id='word_1_373' title='bbox 927 5497 1006 5554; x_wconf 89' lang='lat' dir='ltr'><strong>ad</strong></span> <span class='ocrx_word' id='word_1_374' title='bbox 1051 5496 1282 5556; x_wconf 89' lang='lat' dir='ltr'><strong>bullam</strong></span> <span class='ocrx_word' id='word_1_375' title='bbox 1326 5500 1406 5557; x_wconf 87' lang='lat' dir='ltr'><strong>ab</strong></span> <span class='ocrx_word' id='word_1_376' title='bbox 1442 5502 1706 5561; x_wconf 81' lang='lat' dir='ltr'><strong>Adriano</strong></span> <span class='ocrx_word' id='word_1_377' title='bbox 1745 5504 1816 5562; x_wconf 81' lang='lat' dir='ltr'><strong>tv</strong></span> <span class='ocrx_word' id='word_1_378' title='bbox 1846 5506 1948 5562; x_wconf 82' lang='lat' dir='ltr'><strong>Ec·</strong></span> 
     </span>
    </p>
   </div>
   <div class='ocr_carea' id='block_1_22' title="bbox 2049 376 3714 1771">
    <p class='ocr_par' dir='ltr' id='par_1_27' title="bbox 2123 376 2558 448">
     <span class='ocr_line' id='line_1_63' title="bbox 2123 376 2558 448; baseline -0.009 -14"><span class='ocrx_word' id='word_1_379' title='bbox 2123 385 2167 434; x_wconf 93' lang='lat' dir='ltr'><strong>t.</strong></span> <span class='ocrx_word' id='word_1_380' title='bbox 2207 376 2558 448; x_wconf 88' lang='lat' dir='ltr'><strong>CLxxx111.]</strong></span> 
     </span>
    </p>

    <p class='ocr_par' dir='ltr' id='par_1_28' title="bbox 2049 465 3712 808">
     <span class='ocr_line' id='line_1_64' title="bbox 2123 465 3711 538; baseline 0.001 -16"><span class='ocrx_word' id='word_1_381' title='bbox 2123 469 2335 523; x_wconf 89' lang='lat' dir='ltr'><strong>Datum</strong></span> <span class='ocrx_word' id='word_1_382' title='bbox 2364 465 2599 522; x_wconf 87' lang='lat' dir='ltr'><strong>Velletri</strong></span> <span class='ocrx_word' id='word_1_383' title='bbox 2634 482 2737 538; x_wconf 91' lang='lat' dir='ltr'><strong>per</strong></span> <span class='ocrx_word' id='word_1_384' title='bbox 2766 482 3017 523; x_wconf 89' lang='lat' dir='ltr'><strong>manum</strong></span> <span class='ocrx_word' id='word_1_385' title='bbox 3049 466 3291 532; x_wconf 82' lang='lat' dir='ltr'><strong>Alberti,</strong></span> <span class='ocrx_word' id='word_1_386' title='bbox 3324 471 3550 524; x_wconf 78' lang='lat' dir='ltr'><strong>sanctas</strong></span> <span class='ocrx_word' id='word_1_387' title='bbox 3590 466 3711 524; x_wconf 83' lang='lat' dir='ltr'><strong>Ro·</strong></span> 
     </span>
     <span class='ocr_line' id='line_1_65' title="bbox 2050 554 3712 628; baseline 0 -16"><span class='ocrx_word' id='word_1_388' title='bbox 2050 571 2248 613; x_wconf 81' lang='lat' dir='ltr'><strong>manae</strong></span> <span class='ocrx_word' id='word_1_389' title='bbox 2278 555 2543 611; x_wconf 78' lang='lat' dir='ltr'><strong>Ecclesioe</strong></span> <span class='ocrx_word' id='word_1_390' title='bbox 2573 554 2776 628; x_wconf 83' lang='lat' dir='ltr'><strong>presb.</strong></span> <span class='ocrx_word' id='word_1_391' title='bbox 2803 556 2974 613; x_wconf 89' lang='lat' dir='ltr'><strong>card.</strong></span> <span class='ocrx_word' id='word_1_392' title='bbox 3008 560 3063 612; x_wconf 89' lang='lat' dir='ltr'><strong>et</strong></span> <span class='ocrx_word' id='word_1_393' title='bbox 3092 555 3429 613; x_wconf 89' lang='lat' dir='ltr'><strong>cancellarii</strong></span> <span class='ocrx_word' id='word_1_394' title='bbox 3449 571 3552 613; x_wconf 83' lang='lat' dir='ltr'><strong>xiv</strong></span> <span class='ocrx_word' id='word_1_395' title='bbox 3581 554 3712 612; x_wconf 85' lang='lat' dir='ltr'><strong>Kal.</strong></span> 
     </span>
     <span class='ocr_line' id='line_1_66' title="bbox 2049 644 3710 713; baseline 0.001 -13"><span class='ocrx_word' id='word_1_396' title='bbox 2049 645 2205 710; x_wconf 75' lang='lat' dir='ltr'><strong>Maii,</strong></span> <span class='ocrx_word' id='word_1_397' title='bbox 2252 644 2457 702; x_wconf 88' lang='lat' dir='ltr'><strong>indict.</strong></span> <span class='ocrx_word' id='word_1_398' title='bbox 2517 661 2617 712; x_wconf 88' lang='lat' dir='ltr'><strong>xv,</strong></span> <span class='ocrx_word' id='word_1_399' title='bbox 2672 646 3102 702; x_wconf 81' lang='lat' dir='ltr'><strong>incarnationis</strong></span> <span class='ocrx_word' id='word_1_400' title='bbox 3167 644 3497 702; x_wconf 76' lang='lat' dir='ltr'><strong>Dominicae</strong></span> <span class='ocrx_word' id='word_1_401' title='bbox 3550 644 3710 713; x_wconf 79' lang='lat'><strong>1182,</strong></span> 
     </span>
     <span class='ocr_line' id='line_1_67' title="bbox 2050 733 3555 808; baseline 0.002 -18"><span class='ocrx_word' id='word_1_402' title='bbox 2050 734 2433 808; x_wconf 88' lang='lat' dir='ltr'><strong>pontificatus</strong></span> <span class='ocrx_word' id='word_1_403' title='bbox 2465 749 2605 791; x_wconf 89' lang='lat' dir='ltr'><strong>vero</strong></span> <span class='ocrx_word' id='word_1_404' title='bbox 2632 735 2697 790; x_wconf 91' lang='lat' dir='ltr'><strong>D.</strong></span> <span class='ocrx_word' id='word_1_405' title='bbox 2728 733 2889 790; x_wconf 90' lang='lat' dir='ltr'><strong>Lucii</strong></span> <span class='ocrx_word' id='word_1_406' title='bbox 2921 749 3096 806; x_wconf 81' lang='lat' dir='ltr'><strong>papae</strong></span> <span class='ocrx_word' id='word_1_407' title='bbox 3137 733 3285 790; x_wconf 90' lang='lat' dir='ltr'><strong>tertii</strong></span> <span class='ocrx_word' id='word_1_408' title='bbox 3319 750 3482 791; x_wconf 89' lang='lat' dir='ltr'><strong>anno</strong></span> <span class='ocrx_word' id='word_1_409' title='bbox 3512 752 3555 793; x_wconf 87' lang='lat'><strong>1.</strong></span> 
     </span>
    </p>

    <p class='ocr_par' dir='ltr' id='par_1_29' title="bbox 2123 822 3490 896">
     <span class='ocr_line' id='line_1_68' title="bbox 2123 822 3490 896; baseline 0.002 -18"><span class='ocrx_word' id='word_1_410' title='bbox 2123 824 2242 895; x_wconf 86' lang='lat' dir='ltr'><strong>Ego</strong></span> <span class='ocrx_word' id='word_1_411' title='bbox 2263 824 2482 879; x_wconf 83' lang='lat' dir='ltr'><strong>Lucius</strong></span> <span class='ocrx_word' id='word_1_412' title='bbox 2503 823 2809 879; x_wconf 62' lang='lat' dir='ltr'><strong>catholicae</strong></span> <span class='ocrx_word' id='word_1_413' title='bbox 2841 822 3112 880; x_wconf 77' lang='lat' dir='ltr'><strong>Ecclesioe</strong></span> <span class='ocrx_word' id='word_1_414' title='bbox 3142 822 3490 896; x_wconf 87' lang='lat' dir='ltr'><strong>episcopus.</strong></span> 
     </span>
    </p>

    <p class='ocr_par' dir='ltr' id='par_1_30' title="bbox 2122 911 3334 985">
     <span class='ocr_line' id='line_1_69' title="bbox 2122 911 3334 985; baseline 0.001 -17"><span class='ocrx_word' id='word_1_415' title='bbox 2122 914 2245 982; x_wconf 87' lang='lat' dir='ltr'><strong>Ego</strong></span> <span class='ocrx_word' id='word_1_416' title='bbox 2273 914 2475 968; x_wconf 88' lang='lat' dir='ltr'><strong>Petrus</strong></span> <span class='ocrx_word' id='word_1_417' title='bbox 2494 911 2954 968; x_wconf 88' lang='lat' dir='ltr'><strong>Tusculanensis</strong></span> <span class='ocrx_word' id='word_1_418' title='bbox 2993 911 3334 985; x_wconf 86' lang='lat' dir='ltr'><strong>episcopus.</strong></span> 
     </span>
    </p>

    <p class='ocr_par' dir='ltr' id='par_1_31' title="bbox 2053 999 3711 1147">
     <span class='ocr_line' id='line_1_70' title="bbox 2122 999 3711 1074; baseline 0.002 -19"><span class='ocrx_word' id='word_1_419' title='bbox 2122 1002 2245 1071; x_wconf 87' lang='lat' dir='ltr'><strong>Ego</strong></span> <span class='ocrx_word' id='word_1_420' title='bbox 2275 1000 2568 1057; x_wconf 88' lang='lat' dir='ltr'><strong>Vivianus</strong></span> <span class='ocrx_word' id='word_1_421' title='bbox 2599 999 2800 1073; x_wconf 91' lang='lat' dir='ltr'><strong>presb.</strong></span> <span class='ocrx_word' id='word_1_422' title='bbox 2846 1001 3011 1058; x_wconf 89' lang='lat' dir='ltr'><strong>card.</strong></span> <span class='ocrx_word' id='word_1_423' title='bbox 3064 1001 3146 1058; x_wconf 89' lang='lat' dir='ltr'><strong>tit.</strong></span> <span class='ocrx_word' id='word_1_424' title='bbox 3193 1000 3254 1056; x_wconf 93' lang='lat' dir='ltr'><strong>S.</strong></span> <span class='ocrx_word' id='word_1_425' title='bbox 3305 1001 3598 1074; x_wconf 85' lang='lat' dir='ltr'><strong>Stephani</strong></span> <span class='ocrx_word' id='word_1_426' title='bbox 3649 1001 3711 1059; x_wconf 92' lang='lat' dir='ltr'><strong>in</strong></span> 
     </span>
     <span class='ocr_line' id='line_1_71' title="bbox 2053 1088 2460 1147; baseline -0.005 0"><span class='ocrx_word' id='word_1_427' title='bbox 2053 1088 2236 1147; x_wconf 86' lang='lat' dir='ltr'><strong>coelio</strong></span> <span class='ocrx_word' id='word_1_428' title='bbox 2265 1089 2460 1146; x_wconf 81' lang='lat' dir='ltr'><strong>Monte</strong></span> 
     </span>
    </p>

    <p class='ocr_par' dir='ltr' id='par_1_32' title="bbox 2124 1178 3457 1252">
     <span class='ocr_line' id='line_1_72' title="bbox 2124 1178 3457 1252; baseline 0.001 -17"><span class='ocrx_word' id='word_1_429' title='bbox 2124 1182 2246 1250; x_wconf 88' lang='lat' dir='ltr'><strong>Ego</strong></span> <span class='ocrx_word' id='word_1_430' title='bbox 2267 1179 2555 1252; x_wconf 86' lang='lat' dir='ltr'><strong>Cynthius</strong></span> <span class='ocrx_word' id='word_1_431' title='bbox 2582 1178 2779 1252; x_wconf 89' lang='lat' dir='ltr'><strong>presb.</strong></span> <span class='ocrx_word' id='word_1_432' title='bbox 2813 1179 2979 1236; x_wconf 88' lang='lat' dir='ltr'><strong>card.</strong></span> <span class='ocrx_word' id='word_1_433' title='bbox 3008 1179 3089 1236; x_wconf 88' lang='lat' dir='ltr'><strong>tit.</strong></span> <span class='ocrx_word' id='word_1_434' title='bbox 3120 1181 3176 1237; x_wconf 92' lang='lat' dir='ltr'><strong>S.</strong></span> <span class='ocrx_word' id='word_1_435' title='bbox 3208 1179 3457 1238; x_wconf 80' lang='lat' dir='ltr'><strong>Ceciliae.</strong></span> 
     </span>
    </p>

    <p class='ocr_par' dir='ltr' id='par_1_33' title="bbox 2052 1268 3714 1416">
     <span class='ocr_line' id='line_1_73' title="bbox 2126 1268 3714 1341; baseline 0.002 -17"><span class='ocrx_word' id='word_1_436' title='bbox 2126 1271 2247 1340; x_wconf 85' lang='lat' dir='ltr'><strong>Ego</strong></span> <span class='ocrx_word' id='word_1_437' title='bbox 2277 1268 2579 1324; x_wconf 63' lang='lat' dir='ltr'><strong>arduinus</strong></span> <span class='ocrx_word' id='word_1_438' title='bbox 2620 1270 2821 1341; x_wconf 89' lang='lat' dir='ltr'><strong>presb.</strong></span> <span class='ocrx_word' id='word_1_439' title='bbox 2854 1269 3019 1326; x_wconf 89' lang='lat' dir='ltr'><strong>card.</strong></span> <span class='ocrx_word' id='word_1_440' title='bbox 3054 1269 3143 1326; x_wconf 91' lang='lat' dir='ltr'><strong>tit.</strong></span> <span class='ocrx_word' id='word_1_441' title='bbox 3174 1269 3232 1325; x_wconf 91' lang='lat' dir='ltr'><strong>S.</strong></span> <span class='ocrx_word' id='word_1_442' title='bbox 3261 1270 3464 1327; x_wconf 88' lang='lat' dir='ltr'><strong>Crucis</strong></span> <span class='ocrx_word' id='word_1_443' title='bbox 3496 1269 3557 1327; x_wconf 91' lang='lat' dir='ltr'><strong>in</strong></span> <span class='ocrx_word' id='word_1_444' title='bbox 3588 1271 3714 1327; x_wconf 83' lang='lat' dir='ltr'><strong>Hie·</strong></span> 
     </span>
     <span class='ocr_line' id='line_1_74' title="bbox 2052 1357 2338 1416; baseline -0.01 0"><span class='ocrx_word' id='word_1_445' title='bbox 2052 1357 2338 1416; x_wconf 81' lang='lat' dir='ltr'><strong>rusalem.</strong></span> 
     </span>
    </p>

    <p class='ocr_par' dir='ltr' id='par_1_34' title="bbox 2052 1446 3714 1602">
     <span class='ocr_line' id='line_1_75' title="bbox 2126 1446 3714 1519; baseline 0.003 -17"><span class='ocrx_word' id='word_1_446' title='bbox 2126 1447 2247 1517; x_wconf 88' lang='lat' dir='ltr'><strong>Ego</strong></span> <span class='ocrx_word' id='word_1_447' title='bbox 2279 1446 2586 1504; x_wconf 87' lang='lat' dir='ltr'><strong>Laborans</strong></span> <span class='ocrx_word' id='word_1_448' title='bbox 2615 1446 2817 1519; x_wconf 84' lang='lat' dir='ltr'><strong>presb.</strong></span> <span class='ocrx_word' id='word_1_449' title='bbox 2850 1449 3013 1505; x_wconf 90' lang='lat' dir='ltr'><strong>card.</strong></span> <span class='ocrx_word' id='word_1_450' title='bbox 3048 1449 3104 1505; x_wconf 91' lang='lat' dir='ltr'><strong>S.</strong></span> <span class='ocrx_word' id='word_1_451' title='bbox 3137 1448 3324 1506; x_wconf 68' lang='lat' dir='ltr'><strong>Marias</strong></span> <span class='ocrx_word' id='word_1_452' title='bbox 3352 1451 3525 1506; x_wconf 86' lang='lat' dir='ltr'><strong>trans</strong></span> <span class='ocrx_word' id='word_1_453' title='bbox 3544 1449 3714 1507; x_wconf 86' lang='lat' dir='ltr'><strong>Tibe-</strong></span> 
     </span>
     <span class='ocr_line' id='line_1_76' title="bbox 2052 1535 2564 1602; baseline -0.004 -8"><span class='ocrx_word' id='word_1_454' title='bbox 2052 1537 2189 1602; x_wconf 84' lang='lat' dir='ltr'><strong>rim,</strong></span> <span class='ocrx_word' id='word_1_455' title='bbox 2217 1535 2302 1593; x_wconf 91' lang='lat' dir='ltr'><strong>tit.</strong></span> <span class='ocrx_word' id='word_1_456' title='bbox 2330 1535 2564 1593; x_wconf 86' lang='lat' dir='ltr'><strong>Callisti.</strong></span> 
     </span>
    </p>

    <p class='ocr_par' dir='ltr' id='par_1_35' title="bbox 2051 1625 3709 1771">
     <span class='ocr_line' id='line_1_77' title="bbox 2127 1625 3709 1700; baseline 0.003 -19"><span class='ocrx_word' id='word_1_457' title='bbox 2127 1628 2248 1696; x_wconf 89' lang='lat' dir='ltr'><strong>Ego</strong></span> <span class='ocrx_word' id='word_1_458' title='bbox 2278 1625 2585 1682; x_wconf 84' lang='lat' dir='ltr'><strong>Rainerius</strong></span> <span class='ocrx_word' id='word_1_459' title='bbox 2615 1625 2772 1685; x_wconf 88' lang='lat' dir='ltr'><strong>diac.</strong></span> <span class='ocrx_word' id='word_1_460' title='bbox 2812 1627 2977 1684; x_wconf 88' lang='lat' dir='ltr'><strong>card.</strong></span> <span class='ocrx_word' id='word_1_461' title='bbox 3009 1627 3068 1684; x_wconf 90' lang='lat' dir='ltr'><strong>S.</strong></span> <span class='ocrx_word' id='word_1_462' title='bbox 3109 1627 3342 1700; x_wconf 79' lang='lat' dir='ltr'><strong>Georgii</strong></span> <span class='ocrx_word' id='word_1_463' title='bbox 3375 1629 3455 1686; x_wconf 90' lang='lat' dir='ltr'><strong>ad</strong></span> <span class='ocrx_word' id='word_1_464' title='bbox 3494 1628 3709 1687; x_wconf 89' lang='lat' dir='ltr'><strong>Velum</strong></span> 
     </span>
     <span class='ocr_line' id='line_1_78' title="bbox 2051 1718 2332 1771; baseline -0.007 0"><span class='ocrx_word' id='word_1_465' title='bbox 2051 1718 2332 1771; x_wconf 81' lang='lat' dir='ltr'><strong>Aureum.</strong></span> 
     </span>
    </p>
   </div>
   <div class='ocr_carea' id='block_1_23' title="bbox 2052 1804 3708 2129">
    <p class='ocr_par' dir='ltr' id='par_1_36' title="bbox 2052 1804 3708 2129">
     <span class='ocr_line' id='line_1_79' title="bbox 2124 1804 3708 1875; baseline 0.001 -14"><span class='ocrx_word' id='word_1_466' title='bbox 2124 1807 2243 1875; x_wconf 88' lang='lat' dir='ltr'><strong>Ego</strong></span> <span class='ocrx_word' id='word_1_467' title='bbox 2290 1804 2600 1862; x_wconf 85' lang='lat' dir='ltr'><strong>Gratianus</strong></span> <span class='ocrx_word' id='word_1_468' title='bbox 2640 1804 2746 1863; x_wconf 88' lang='lat' dir='ltr'><strong>SS.</strong></span> <span class='ocrx_word' id='word_1_469' title='bbox 2776 1805 3009 1862; x_wconf 80' lang='lat' dir='ltr'><strong>Cosmoe</strong></span> <span class='ocrx_word' id='word_1_470' title='bbox 3055 1810 3112 1862; x_wconf 90' lang='lat' dir='ltr'><strong>et</strong></span> <span class='ocrx_word' id='word_1_471' title='bbox 3155 1807 3430 1865; x_wconf 89' lang='lat' dir='ltr'><strong>Damiani</strong></span> <span class='ocrx_word' id='word_1_472' title='bbox 3464 1807 3708 1866; x_wconf 87' lang='lat' dir='ltr'><strong>diacon.</strong></span> 
     </span>
     <span class='ocr_line' id='line_1_80' title="bbox 2052 1892 3462 2053; baseline 0.005 -16"><span class='ocrx_word' id='word_1_473' title='bbox 2052 1892 2247 2053; x_wconf 49' lang='lat' dir='ltr'><strong>caligo</strong></span> <span class='ocrx_word' id='word_1_474' title='bbox 2270 1983 2543 2040; x_wconf 83' lang='lat' dir='ltr'><strong>Ardicius</strong></span> <span class='ocrx_word' id='word_1_475' title='bbox 2572 1985 2630 2042; x_wconf 89' lang='lat' dir='ltr'><strong>S.</strong></span> <span class='ocrx_word' id='word_1_476' title='bbox 2661 1983 2954 2042; x_wconf 89' lang='lat' dir='ltr'><strong>Theodori</strong></span> <span class='ocrx_word' id='word_1_477' title='bbox 2979 1984 3273 2043; x_wconf 87' lang='lat' dir='ltr'><strong>diaconus</strong></span> <span class='ocrx_word' id='word_1_478' title='bbox 3302 1987 3462 2044; x_wconf 88' lang='lat' dir='ltr'><strong>card.</strong></span> 
     </span>
     <span class='ocr_line' id='line_1_81' title="bbox 2807 2073 2943 2129; baseline 0 -1"><span class='ocrx_word' id='word_1_479' title='bbox 2807 2073 2943 2129; x_wconf 87' lang='lat' dir='ltr'><strong>Llll.</strong></span> 
     </span>
    </p>
   </div>
   <div class='ocr_carea' id='block_1_24' title="bbox 2052 2147 3715 2385">
    <p class='ocr_par' dir='ltr' id='par_1_37' title="bbox 2052 2147 3715 2385">
     <span class='ocr_line' id='line_1_82' title="bbox 2052 2147 3715 2239; baseline 0.004 -22"><span class='ocrx_word' id='word_1_480' title='bbox 2052 2160 2474 2219; x_wconf 80' lang='lat' dir='ltr'><strong>MonasteriiS.</strong></span> <span class='ocrx_word' id='word_1_481' title='bbox 2489 2161 2698 2220; x_wconf 78' lang='lat' dir='ltr'><strong>Mariae</strong></span> <span class='ocrx_word' id='word_1_482' title='bbox 2711 2147 2893 2219; x_wconf 62' lang='lat' dir='ltr'><strong>Cella!</strong></span> <span class='ocrx_word' id='word_1_483' title='bbox 2902 2162 3227 2233; x_wconf 77' lang='lat' dir='ltr'><strong>superioris</strong></span> <span class='ocrx_word' id='word_1_484' title='bbox 3253 2163 3715 2239; x_wconf 70' lang='lat' dir='ltr'><strong>wirzeburqen·</strong></span> 
     </span>
     <span class='ocr_line' id='line_1_83' title="bbox 2440 2234 3309 2304; baseline 0.002 -15"><span class='ocrx_word' id='word_1_485' title='bbox 2440 2234 2520 2289; x_wconf 83' lang='lat' dir='ltr'><strong>sis</strong></span> <span class='ocrx_word' id='word_1_486' title='bbox 2556 2235 2946 2304; x_wconf 80' lang='lat' dir='ltr'><strong>possessiones</strong></span> <span class='ocrx_word' id='word_1_487' title='bbox 2970 2235 3309 2304; x_wconf 78' lang='lat' dir='ltr'><strong>confirmat.</strong></span> 
     </span>
     <span class='ocr_line' id='line_1_84' title="bbox 2606 2312 3155 2385; baseline 0 -15"><span class='ocrx_word' id='word_1_488' title='bbox 2606 2312 2886 2385; x_wconf 86' lang='lat' dir='ltr'><strong>(Velletri,</strong></span> <span class='ocrx_word' id='word_1_489' title='bbox 2915 2315 3039 2371; x_wconf 72' lang='lat' dir='ltr'><strong>unii</strong></span> <span class='ocrx_word' id='word_1_490' title='bbox 3071 2315 3155 2385; x_wconf 88' lang='lat'><strong>1.)</strong></span> 
     </span>
    </p>
   </div>
   <div class='ocr_carea' id='block_1_25' title="bbox 2054 2401 3711 2550">
    <p class='ocr_par' dir='ltr' id='par_1_38' title="bbox 2054 2401 3711 2550">
     <span class='ocr_line' id='line_1_85' title="bbox 2054 2401 3711 2477; baseline 0.004 -18"><span class='ocrx_word' id='word_1_491' title='bbox 2054 2405 2255 2477; x_wconf 75' lang='lat' dir='ltr'><strong>[Ruso.</strong></span> <span class='ocrx_word' id='word_1_492' title='bbox 2268 2401 2447 2459; x_wconf 82' lang='lat' dir='ltr'><strong>Sacri</strong></span> <span class='ocrx_word' id='word_1_493' title='bbox 2462 2408 2515 2458; x_wconf 80' lang='lat' dir='ltr'><strong>ee</strong></span> <span class='ocrx_word' id='word_1_494' title='bbox 2532 2403 2807 2459; x_wconf 81' lang='lat' dir='ltr'><strong>canonici</strong></span> <span class='ocrx_word' id='word_1_495' title='bbox 2824 2402 3044 2460; x_wconf 80' lang='lat' dir='ltr'><strong>ordinis</strong></span> <span class='ocrx_word' id='word_1_496' title='bbox 3063 2405 3414 2462; x_wconf 81' lang='lat' dir='ltr'><strong>Praemonst.</strong></span> <span class='ocrx_word' id='word_1_497' title='bbox 3432 2406 3711 2474; x_wconf 79' lang='lat' dir='ltr'><strong>annales,</strong></span> 
     </span>
     <span class='ocr_line' id='line_1_86' title="bbox 2566 2473 3191 2550; baseline 0.003 -21"><span class='ocrx_word' id='word_1_498' title='bbox 2566 2477 2605 2530; x_wconf 88' lang='lat' dir='ltr'><strong>t.</strong></span> <span class='ocrx_word' id='word_1_499' title='bbox 2638 2474 2680 2539; x_wconf 92' lang='grc' dir='ltr'><strong>Ι,</strong></span> <span class='ocrx_word' id='word_1_500' title='bbox 2716 2473 2912 2542; x_wconf 67' lang='lat' dir='ltr'><strong>Proh„</strong></span> <span class='ocrx_word' id='word_1_501' title='bbox 2943 2490 3004 2547; x_wconf 91' lang='lat' dir='ltr'><strong>p.</strong></span> <span class='ocrx_word' id='word_1_502' title='bbox 3036 2474 3191 2550; x_wconf 62' lang='lat'><strong>387]</strong></span> 
     </span>
    </p>
   </div>
   <div class='ocr_carea' id='block_1_26' title="bbox 2051 2562 3711 2994">
    <p class='ocr_par' dir='ltr' id='par_1_39' title="bbox 2051 2562 3711 2906">
     <span class='ocr_line' id='line_1_87' title="bbox 2125 2562 3711 2636; baseline 0.005 -19"><span class='ocrx_word' id='word_1_503' title='bbox 2125 2563 2328 2620; x_wconf 78' lang='lat' dir='ltr'><strong>Lucius</strong></span> <span class='ocrx_word' id='word_1_504' title='bbox 2371 2562 2713 2636; x_wconf 89' lang='lat' dir='ltr'><strong>episcopus,</strong></span> <span class='ocrx_word' id='word_1_505' title='bbox 2742 2580 2949 2620; x_wconf 89' lang='lat' dir='ltr'><strong>servus</strong></span> <span class='ocrx_word' id='word_1_506' title='bbox 2984 2579 3287 2622; x_wconf 88' lang='lat' dir='ltr'><strong>servorum</strong></span> <span class='ocrx_word' id='word_1_507' title='bbox 3326 2565 3451 2633; x_wconf 88' lang='lat' dir='ltr'><strong>Dei,</strong></span> <span class='ocrx_word' id='word_1_508' title='bbox 3478 2566 3711 2625; x_wconf 86' lang='lat' dir='ltr'><strong>dilectis</strong></span> 
     </span>
     <span class='ocr_line' id='line_1_88' title="bbox 2052 2650 3707 2715; baseline 0.004 -7"><span class='ocrx_word' id='word_1_509' title='bbox 2052 2650 2189 2708; x_wconf 87' lang='lat' dir='ltr'><strong>filiis</strong></span> <span class='ocrx_word' id='word_1_510' title='bbox 2219 2653 2552 2708; x_wconf 52' lang='lat' dir='ltr'><strong>Rsnzuomo</strong></span> <span class='ocrx_word' id='word_1_511' title='bbox 2583 2651 2789 2709; x_wconf 89' lang='lat' dir='ltr'><strong>abbati</strong></span> <span class='ocrx_word' id='word_1_512' title='bbox 2828 2654 3172 2710; x_wconf 88' lang='lat' dir='ltr'><strong>monasterii</strong></span> <span class='ocrx_word' id='word_1_513' title='bbox 3223 2653 3284 2710; x_wconf 92' lang='lat' dir='ltr'><strong>S.</strong></span> <span class='ocrx_word' id='word_1_514' title='bbox 3315 2655 3517 2713; x_wconf 63' lang='grc' dir='ltr'><strong>Μαι-ἰῶ</strong></span> <span class='ocrx_word' id='word_1_515' title='bbox 3558 2672 3707 2715; x_wconf 90' lang='lat' dir='ltr'><strong>sem·</strong></span> 
     </span>
     <span class='ocr_line' id='line_1_89' title="bbox 2053 2740 3708 2819; baseline 0.005 -23"><span class='ocrx_word' id='word_1_516' title='bbox 2053 2756 2157 2814; x_wconf 91' lang='lat' dir='ltr'><strong>per</strong></span> <span class='ocrx_word' id='word_1_517' title='bbox 2169 2740 2495 2811; x_wconf 88' lang='lat' dir='ltr'><strong>Virginisin</strong></span> <span class='ocrx_word' id='word_1_518' title='bbox 2511 2740 2684 2808; x_wconf 84' lang='lat' dir='ltr'><strong>Cella,</strong></span> <span class='ocrx_word' id='word_1_519' title='bbox 2704 2741 2955 2814; x_wconf 89' lang='lat' dir='ltr'><strong>ejusque</strong></span> <span class='ocrx_word' id='word_1_520' title='bbox 2976 2742 3278 2812; x_wconf 79' lang='lat' dir='ltr'><strong>tratribus,</strong></span> <span class='ocrx_word' id='word_1_521' title='bbox 3293 2748 3416 2801; x_wconf 87' lang='lat' dir='ltr'><strong>tam</strong></span> <span class='ocrx_word' id='word_1_522' title='bbox 3447 2761 3708 2819; x_wconf 65' lang='lat' dir='ltr'><strong>praesen·</strong></span> 
     </span>
     <span class='ocr_line' id='line_1_90' title="bbox 2051 2829 3615 2906; baseline 0.001 -18"><span class='ocrx_word' id='word_1_523' title='bbox 2051 2829 2212 2888; x_wconf 87' lang='lat' dir='ltr'><strong>tibus</strong></span> <span class='ocrx_word' id='word_1_524' title='bbox 2243 2844 2428 2902; x_wconf 88' lang='lat' dir='ltr'><strong>quam</strong></span> <span class='ocrx_word' id='word_1_525' title='bbox 2459 2829 2692 2894; x_wconf 80' lang='lat' dir='ltr'><strong>futuris,</strong></span> <span class='ocrx_word' id='word_1_526' title='bbox 2724 2831 3060 2902; x_wconf 83' lang='lat' dir='ltr'><strong>regularem</strong></span> <span class='ocrx_word' id='word_1_527' title='bbox 3090 2834 3270 2889; x_wconf 87' lang='lat' dir='ltr'><strong>vitam</strong></span> <span class='ocrx_word' id='word_1_528' title='bbox 3301 2833 3615 2906; x_wconf 77' lang='lat' dir='ltr'><strong>protessis.</strong></span> 
     </span>
    </p>

    <p class='ocr_par' dir='ltr' id='par_1_40' title="bbox 2126 2918 3711 2994">
     <span class='ocr_line' id='line_1_91' title="bbox 2126 2918 3711 2994; baseline 0.006 -20"><span class='ocrx_word' id='word_1_529' title='bbox 2126 2960 2139 2974; x_wconf 93' lang='lat'><strong>.</strong></span> <span class='ocrx_word' id='word_1_530' title='bbox 2150 2957 2164 2972; x_wconf 99' lang='lat'><strong>.</strong></span> <span class='ocrx_word' id='word_1_531' title='bbox 2174 2960 2187 2973; x_wconf 91' lang='lat'><strong>.</strong></span> <span class='ocrx_word' id='word_1_532' title='bbox 2198 2918 2258 2974; x_wconf 83' lang='lat' dir='ltr'><strong>{n</strong></span> <span class='ocrx_word' id='word_1_533' title='bbox 2273 2918 2492 2991; x_wconf 86' lang='lat' dir='ltr'><strong>quibus</strong></span> <span class='ocrx_word' id='word_1_534' title='bbox 2505 2919 2634 2975; x_wconf 77' lang='lat' dir='ltr'><strong>hoec</strong></span> <span class='ocrx_word' id='word_1_535' title='bbox 2649 2919 2901 2993; x_wconf 88' lang='lat' dir='ltr'><strong>propriis</strong></span> <span class='ocrx_word' id='word_1_536' title='bbox 2914 2918 3196 2977; x_wconf 86' lang='lat' dir='ltr'><strong>duximus</strong></span> <span class='ocrx_word' id='word_1_537' title='bbox 3206 2920 3601 2994; x_wconf 87' lang='lat' dir='ltr'><strong>exprimenda</strong></span> <span class='ocrx_word' id='word_1_538' title='bbox 3611 2941 3711 2983; x_wconf 83' lang='lat' dir='ltr'><strong>vo-</strong></span> 
     </span>
    </p>
   </div>
   <div class='ocr_carea' id='block_1_27' title="bbox 1976 3007 3711 3085">
    <p class='ocr_par' dir='ltr' id='par_1_41' title="bbox 1976 3007 3711 3085">
     <span class='ocr_line' id='line_1_92' title="bbox 1976 3007 3711 3085; baseline 0.003 -18"><span class='ocrx_word' id='word_1_539' title='bbox 1976 3027 2019 3085; x_wconf 74' lang='lat' dir='ltr'>c</span> <span class='ocrx_word' id='word_1_540' title='bbox 2050 3007 2309 3066; x_wconf 87' lang='lat' dir='ltr'><strong>cabulis:</strong></span> <span class='ocrx_word' id='word_1_541' title='bbox 2334 3007 2747 3081; x_wconf 90' lang='lat' dir='ltr'><strong>locumipsum</strong></span> <span class='ocrx_word' id='word_1_542' title='bbox 2775 3010 2835 3065; x_wconf 93' lang='lat' dir='ltr'><strong>in</strong></span> <span class='ocrx_word' id='word_1_543' title='bbox 2861 3025 2985 3083; x_wconf 92' lang='lat' dir='ltr'><strong>quo</strong></span> <span class='ocrx_word' id='word_1_544' title='bbox 3015 3010 3711 3083; x_wconf 79' lang='lat' dir='ltr'><strong>proelibatummonaste-</strong></span> 
     </span>
    </p>
   </div>
   <div class='ocr_carea' id='block_1_28' title="bbox 2044 3098 3712 5580">
    <p class='ocr_par' dir='ltr' id='par_1_42' title="bbox 2044 3098 3712 5580">
     <span class='ocr_line' id='line_1_93' title="bbox 2046 3098 3708 3171; baseline 0.004 -16"><span class='ocrx_word' id='word_1_545' title='bbox 2046 3098 2195 3155; x_wconf 89' lang='lat' dir='ltr'><strong>rium</strong></span> <span class='ocrx_word' id='word_1_546' title='bbox 2210 3102 2606 3154; x_wconf 86' lang='lat' dir='ltr'><strong>constructum</strong></span> <span class='ocrx_word' id='word_1_547' title='bbox 2620 3104 2861 3165; x_wconf 85' lang='lat' dir='ltr'><strong>est.cum</strong></span> <span class='ocrx_word' id='word_1_548' title='bbox 2875 3099 3166 3171; x_wconf 88' lang='lat' dir='ltr'><strong>adjacenti</strong></span> <span class='ocrx_word' id='word_1_549' title='bbox 3181 3101 3708 3160; x_wconf 83' lang='lat' dir='ltr'><strong>sanctimonialium</strong></span> 
     </span>
     <span class='ocr_line' id='line_1_94' title="bbox 2047 3186 3710 3260; baseline 0.002 -14"><span class='ocrx_word' id='word_1_550' title='bbox 2047 3186 2207 3246; x_wconf 90' lang='lat' dir='ltr'><strong>Cella</strong></span> <span class='ocrx_word' id='word_1_551' title='bbox 2234 3192 2290 3243; x_wconf 91' lang='lat' dir='ltr'><strong>et</strong></span> <span class='ocrx_word' id='word_1_552' title='bbox 2320 3187 2500 3243; x_wconf 89' lang='lat' dir='ltr'><strong>curiis</strong></span> <span class='ocrx_word' id='word_1_553' title='bbox 2527 3189 2895 3245; x_wconf 87' lang='lat' dir='ltr'><strong>monasterio</strong></span> <span class='ocrx_word' id='word_1_554' title='bbox 2917 3189 3232 3260; x_wconf 86' lang='lat' dir='ltr'><strong>contiguis,</strong></span> <span class='ocrx_word' id='word_1_555' title='bbox 3259 3193 3527 3249; x_wconf 80' lang='lat' dir='ltr'><strong>Herstart</strong></span> <span class='ocrx_word' id='word_1_556' title='bbox 3550 3193 3710 3250; x_wconf 86' lang='lat' dir='ltr'><strong>vide-</strong></span> 
     </span>
     <span class='ocr_line' id='line_1_95' title="bbox 2044 3264 3702 3354; baseline 0.004 -21"><span class='ocrx_word' id='word_1_557' title='bbox 2044 3264 2204 3344; x_wconf 84' lang='lat' dir='ltr'><strong>licet,</strong></span> <span class='ocrx_word' id='word_1_558' title='bbox 2236 3282 2292 3334; x_wconf 90' lang='lat' dir='ltr'><strong>et</strong></span> <span class='ocrx_word' id='word_1_559' title='bbox 2322 3275 2423 3333; x_wconf 89' lang='lat' dir='ltr'><strong>illa</strong></span> <span class='ocrx_word' id='word_1_560' title='bbox 2450 3292 2586 3349; x_wconf 81' lang='lat' dir='ltr'><strong>quae</strong></span> <span class='ocrx_word' id='word_1_561' title='bbox 2612 3282 2700 3332; x_wconf 91' lang='lat' dir='ltr'><strong>est</strong></span> <span class='ocrx_word' id='word_1_562' title='bbox 2727 3276 2878 3334; x_wconf 90' lang='lat' dir='ltr'><strong>ultra</strong></span> <span class='ocrx_word' id='word_1_563' title='bbox 2902 3277 3158 3336; x_wconf 84' lang='lat' dir='ltr'><strong>fluvium</strong></span> <span class='ocrx_word' id='word_1_564' title='bbox 3185 3279 3397 3354; x_wconf 91' lang='lat' dir='ltr'><strong>Wrogi</strong></span> <span class='ocrx_word' id='word_1_565' title='bbox 3423 3283 3539 3339; x_wconf 85' lang='lat' dir='ltr'><strong>sita</strong></span> <span class='ocrx_word' id='word_1_566' title='bbox 3565 3297 3702 3340; x_wconf 88' lang='lat' dir='ltr'><strong>cum</strong></span> 
     </span>
     <span class='ocr_line' id='line_1_96' title="bbox 2047 3364 3702 3441; baseline 0.002 -19"><span class='ocrx_word' id='word_1_567' title='bbox 2047 3365 2288 3441; x_wconf 80' lang='lat' dir='ltr'><strong>praediis</strong></span> <span class='ocrx_word' id='word_1_568' title='bbox 2318 3369 2377 3420; x_wconf 86' lang='lat' dir='ltr'><strong>et</strong></span> <span class='ocrx_word' id='word_1_569' title='bbox 2406 3364 2911 3422; x_wconf 90' lang='lat' dir='ltr'><strong>decimationibus</strong></span> <span class='ocrx_word' id='word_1_570' title='bbox 2940 3372 2995 3423; x_wconf 90' lang='lat' dir='ltr'><strong>et</strong></span> <span class='ocrx_word' id='word_1_571' title='bbox 3019 3367 3306 3424; x_wconf 89' lang='lat' dir='ltr'><strong>omnibus</strong></span> <span class='ocrx_word' id='word_1_572' title='bbox 3330 3370 3702 3441; x_wconf 86' lang='lat' dir='ltr'><strong>pertinentiis</strong></span> 
     </span>
     <span class='ocr_line' id='line_1_97' title="bbox 2047 3452 3706 3531; baseline 0.004 -21"><span class='ocrx_word' id='word_1_573' title='bbox 2047 3454 2171 3510; x_wconf 89' lang='lat' dir='ltr'><strong>suis</strong></span> <span class='ocrx_word' id='word_1_574' title='bbox 2202 3452 2374 3509; x_wconf 86' lang='lat' dir='ltr'><strong>cultis</strong></span> <span class='ocrx_word' id='word_1_575' title='bbox 2407 3457 2462 3509; x_wconf 89' lang='lat' dir='ltr'><strong>et</strong></span> <span class='ocrx_word' id='word_1_576' title='bbox 2492 3453 2726 3509; x_wconf 89' lang='lat' dir='ltr'><strong>incultis</strong></span> <span class='ocrx_word' id='word_1_577' title='bbox 2759 3472 2773 3523; x_wconf 91' lang='grc'><strong>;</strong></span> <span class='ocrx_word' id='word_1_578' title='bbox 2806 3460 3072 3513; x_wconf 89' lang='lat' dir='ltr'><strong>montem</strong></span> <span class='ocrx_word' id='word_1_579' title='bbox 3111 3457 3292 3513; x_wconf 87' lang='lat' dir='ltr'><strong>etiam</strong></span> <span class='ocrx_word' id='word_1_580' title='bbox 3329 3457 3438 3531; x_wconf 90' lang='lat' dir='ltr'><strong>qui</strong></span> <span class='ocrx_word' id='word_1_581' title='bbox 3467 3460 3706 3517; x_wconf 80' lang='lat' dir='ltr'><strong>Rotam-</strong></span> 
     </span>
     <span class='ocr_line' id='line_1_98' title="bbox 2047 3541 3707 3617; baseline 0.003 -17"><span class='ocrx_word' id='word_1_582' title='bbox 2047 3541 2190 3600; x_wconf 91' lang='lat' dir='ltr'><strong>berc</strong></span> <span class='ocrx_word' id='word_1_583' title='bbox 2232 3541 2469 3607; x_wconf 90' lang='lat' dir='ltr'><strong>dicitur,</strong></span> <span class='ocrx_word' id='word_1_584' title='bbox 2514 3557 2654 3598; x_wconf 92' lang='lat' dir='ltr'><strong>cum</strong></span> <span class='ocrx_word' id='word_1_585' title='bbox 2707 3543 2873 3598; x_wconf 90' lang='lat' dir='ltr'><strong>omni</strong></span> <span class='ocrx_word' id='word_1_586' title='bbox 2921 3550 3211 3617; x_wconf 85' lang='lat' dir='ltr'><strong>proventu</strong></span> <span class='ocrx_word' id='word_1_587' title='bbox 3264 3561 3397 3604; x_wconf 90' lang='lat' dir='ltr'><strong>suo.</strong></span> <span class='ocrx_word' id='word_1_588' title='bbox 3439 3547 3529 3604; x_wconf 73' lang='lat' dir='ltr'><strong>ad</strong></span> <span class='ocrx_word' id='word_1_589' title='bbox 3580 3548 3707 3605; x_wconf 77' lang='lat' dir='ltr'><strong>haec</strong></span> 
     </span>
     <span class='ocr_line' id='line_1_99' title="bbox 2049 3629 3712 3710; baseline 0.005 -22"><span class='ocrx_word' id='word_1_590' title='bbox 2049 3629 2471 3689; x_wconf 88' lang='lat' dir='ltr'><strong>concambium</strong></span> <span class='ocrx_word' id='word_1_591' title='bbox 2500 3630 2643 3687; x_wconf 87' lang='lat' dir='ltr'><strong>illud</strong></span> <span class='ocrx_word' id='word_1_592' title='bbox 2688 3632 2855 3705; x_wconf 92' lang='lat' dir='ltr'><strong>quod</strong></span> <span class='ocrx_word' id='word_1_593' title='bbox 2888 3632 3041 3690; x_wconf 89' lang='lat' dir='ltr'><strong>inter</strong></span> <span class='ocrx_word' id='word_1_594' title='bbox 3071 3649 3179 3690; x_wconf 91' lang='lat' dir='ltr'><strong>vos</strong></span> <span class='ocrx_word' id='word_1_595' title='bbox 3207 3638 3267 3691; x_wconf 89' lang='lat' dir='ltr'><strong>et</strong></span> <span class='ocrx_word' id='word_1_596' title='bbox 3294 3635 3447 3693; x_wconf 82' lang='lat' dir='ltr'><strong>inter</strong></span> <span class='ocrx_word' id='word_1_597' title='bbox 3475 3639 3712 3710; x_wconf 84' lang='lat' dir='ltr'><strong>episco-</strong></span> 
     </span>
     <span class='ocr_line' id='line_1_100' title="bbox 2048 3717 3709 3799; baseline 0.004 -22"><span class='ocrx_word' id='word_1_598' title='bbox 2048 3735 2198 3794; x_wconf 90' lang='lat' dir='ltr'><strong>pum</strong></span> <span class='ocrx_word' id='word_1_599' title='bbox 2220 3717 2805 3791; x_wconf 81' lang='lat' dir='ltr'><strong>Nuwenburgensem</strong></span> <span class='ocrx_word' id='word_1_600' title='bbox 2827 3724 2885 3778; x_wconf 88' lang='lat' dir='ltr'><strong>et</strong></span> <span class='ocrx_word' id='word_1_601' title='bbox 2899 3721 3239 3779; x_wconf 86' lang='lat' dir='ltr'><strong>ecclesiami</strong></span> <span class='ocrx_word' id='word_1_602' title='bbox 3246 3724 3436 3797; x_wconf 88' lang='lat' dir='ltr'><strong>psius,</strong></span> <span class='ocrx_word' id='word_1_603' title='bbox 3460 3741 3574 3799; x_wconf 89' lang='lat' dir='ltr'><strong>per</strong></span> <span class='ocrx_word' id='word_1_604' title='bbox 3591 3743 3709 3784; x_wconf 87' lang='lat' dir='ltr'><strong>ma-</strong></span> 
     </span>
     <span class='ocr_line' id='line_1_101' title="bbox 2049 3808 3704 3883; baseline 0.005 -17"><span class='ocrx_word' id='word_1_605' title='bbox 2049 3824 2167 3867; x_wconf 88' lang='lat' dir='ltr'><strong>nus</strong></span> <span class='ocrx_word' id='word_1_606' title='bbox 2210 3808 2481 3866; x_wconf 88' lang='lat' dir='ltr'><strong>advocati</strong></span> <span class='ocrx_word' id='word_1_607' title='bbox 2524 3808 2796 3880; x_wconf 88' lang='lat' dir='ltr'><strong>ejusdem</strong></span> <span class='ocrx_word' id='word_1_608' title='bbox 2829 3810 3112 3883; x_wconf 77' lang='lat' dir='ltr'><strong>ecclesioe,</strong></span> <span class='ocrx_word' id='word_1_609' title='bbox 3151 3810 3377 3870; x_wconf 84' lang='lat' dir='ltr'><strong>scilicet</strong></span> <span class='ocrx_word' id='word_1_610' title='bbox 3400 3814 3704 3874; x_wconf 83' lang='lat' dir='ltr'><strong>Theotinis</strong></span> 
     </span>
     <span class='ocr_line' id='line_1_102' title="bbox 2052 3897 3703 3975; baseline 0.005 -20"><span class='ocrx_word' id='word_1_611' title='bbox 2052 3898 2312 3969; x_wconf 90' lang='lat' dir='ltr'><strong>comitis,</strong></span> <span class='ocrx_word' id='word_1_612' title='bbox 2353 3897 2462 3954; x_wconf 86' lang='lat' dir='ltr'><strong>filii</strong></span> <span class='ocrx_word' id='word_1_613' title='bbox 2495 3898 2862 3955; x_wconf 86' lang='lat' dir='ltr'><strong>marchionis</strong></span> <span class='ocrx_word' id='word_1_614' title='bbox 2891 3900 3169 3967; x_wconf 89' lang='lat' dir='ltr'><strong>Conradi,</strong></span> <span class='ocrx_word' id='word_1_615' title='bbox 3208 3906 3266 3958; x_wconf 92' lang='lat' dir='ltr'><strong>et</strong></span> <span class='ocrx_word' id='word_1_616' title='bbox 3311 3917 3422 3975; x_wconf 88' lang='lat' dir='ltr'><strong>per</strong></span> <span class='ocrx_word' id='word_1_617' title='bbox 3457 3921 3703 3964; x_wconf 88' lang='lat' dir='ltr'><strong>manum</strong></span> 
     </span>
     <span class='ocr_line' id='line_1_103' title="bbox 2050 3986 3702 4065; baseline 0.005 -20"><span class='ocrx_word' id='word_1_618' title='bbox 2050 3986 2382 4058; x_wconf 73' lang='lat' dir='ltr'><strong>Manegoldi</strong></span> <span class='ocrx_word' id='word_1_619' title='bbox 2399 3987 2717 4060; x_wconf 85' lang='lat' dir='ltr'><strong>cujusdam</strong></span> <span class='ocrx_word' id='word_1_620' title='bbox 2737 3987 2954 4045; x_wconf 90' lang='lat' dir='ltr'><strong>nobilis</strong></span> <span class='ocrx_word' id='word_1_621' title='bbox 2970 3989 3047 4047; x_wconf 88' lang='lat' dir='ltr'><strong>de</strong></span> <span class='ocrx_word' id='word_1_622' title='bbox 3066 3989 3339 4065; x_wconf 84' lang='lat' dir='ltr'><strong>wilpere,</strong></span> <span class='ocrx_word' id='word_1_623' title='bbox 3364 3996 3421 4049; x_wconf 86' lang='lat' dir='ltr'><strong>et</strong></span> <span class='ocrx_word' id='word_1_624' title='bbox 3446 3993 3702 4054; x_wconf 82' lang='lat' dir='ltr'><strong>filiorum</strong></span> 
     </span>
     <span class='ocr_line' id='line_1_104' title="bbox 2051 4077 3703 4159; baseline 0.005 -24"><span class='ocrx_word' id='word_1_625' title='bbox 2051 4092 2321 4143; x_wconf 85' lang='lat' dir='ltr'><strong>suorum,</strong></span> <span class='ocrx_word' id='word_1_626' title='bbox 2353 4077 2869 4150; x_wconf 87' lang='lat' dir='ltr'><strong>quemadmodum</strong></span> <span class='ocrx_word' id='word_1_627' title='bbox 2897 4077 3081 4135; x_wconf 80' lang='lat' dir='ltr'><strong>felicis</strong></span> <span class='ocrx_word' id='word_1_628' title='bbox 3100 4079 3544 4141; x_wconf 88' lang='lat' dir='ltr'><strong>recordationis</strong></span> <span class='ocrx_word' id='word_1_629' title='bbox 3569 4101 3703 4159; x_wconf 77' lang='lat' dir='ltr'><strong>prae·</strong></span> 
     </span>
     <span class='ocr_line' id='line_1_105' title="bbox 2050 4166 3704 4243; baseline 0.004 -19"><span class='ocrx_word' id='word_1_630' title='bbox 2050 4166 2331 4225; x_wconf 88' lang='lat' dir='ltr'><strong>decessor</strong></span> <span class='ocrx_word' id='word_1_631' title='bbox 2362 4171 2566 4223; x_wconf 88' lang='lat' dir='ltr'><strong>noster</strong></span> <span class='ocrx_word' id='word_1_632' title='bbox 2591 4167 2928 4224; x_wconf 80' lang='lat' dir='ltr'><strong>Alexander</strong></span> <span class='ocrx_word' id='word_1_633' title='bbox 2952 4184 3112 4241; x_wconf 89' lang='lat' dir='ltr'><strong>papa</strong></span> <span class='ocrx_word' id='word_1_634' title='bbox 3141 4173 3200 4226; x_wconf 91' lang='lat' dir='ltr'><strong>et</strong></span> <span class='ocrx_word' id='word_1_635' title='bbox 3225 4169 3566 4243; x_wconf 87' lang='lat' dir='ltr'><strong>imperator</strong></span> <span class='ocrx_word' id='word_1_636' title='bbox 3593 4175 3704 4233; x_wconf 77' lang='lat' dir='ltr'><strong>Fri·</strong></span> 
     </span>
     <span class='ocr_line' id='line_1_106' title="bbox 2050 4255 3703 4335; baseline 0.005 -22"><span class='ocrx_word' id='word_1_637' title='bbox 2050 4256 2309 4323; x_wconf 74' lang='lat' dir='ltr'><strong>doricus,</strong></span> <span class='ocrx_word' id='word_1_638' title='bbox 2334 4255 2620 4313; x_wconf 86' lang='lat' dir='ltr'><strong>Heroldus</strong></span> <span class='ocrx_word' id='word_1_639' title='bbox 2649 4255 3156 4328; x_wconf 79' lang='lat' dir='ltr'><strong>wirtzburgensis</strong></span> <span class='ocrx_word' id='word_1_640' title='bbox 3186 4260 3541 4335; x_wconf 88' lang='lat' dir='ltr'><strong>episcopus,</strong></span> <span class='ocrx_word' id='word_1_641' title='bbox 3566 4264 3703 4321; x_wconf 88' lang='lat' dir='ltr'><strong>Tuto</strong></span> 
     </span>
     <span class='ocr_line' id='line_1_107' title="bbox 2051 4343 3703 4426; baseline 0.004 -23"><span class='ocrx_word' id='word_1_642' title='bbox 2051 4343 3703 4426; x_wconf 75' lang='lat' dir='ltr'><strong>Nuwenhurgensisepiscopus,etipsaNuwenburgensis</strong></span> 
     </span>
     <span class='ocr_line' id='line_1_108' title="bbox 2053 4433 3704 4507; baseline 0.005 -14"><span class='ocrx_word' id='word_1_643' title='bbox 2053 4434 2311 4493; x_wconf 87' lang='lat' dir='ltr'><strong>Ecclesia</strong></span> <span class='ocrx_word' id='word_1_644' title='bbox 2340 4433 2659 4507; x_wconf 85' lang='lat' dir='ltr'><strong>privilegiis</strong></span> <span class='ocrx_word' id='word_1_645' title='bbox 2692 4435 2817 4492; x_wconf 88' lang='lat' dir='ltr'><strong>suis</strong></span> <span class='ocrx_word' id='word_1_646' title='bbox 2854 4436 3388 4499; x_wconf 87' lang='lat' dir='ltr'><strong>confirmaverunt.</strong></span> <span class='ocrx_word' id='word_1_647' title='bbox 3431 4443 3589 4501; x_wconf 85' lang='lat' dir='ltr'><strong>Sunt</strong></span> <span class='ocrx_word' id='word_1_648' title='bbox 3614 4459 3704 4501; x_wconf 85' lang='lat' dir='ltr'><strong>an·</strong></span> 
     </span>
     <span class='ocr_line' id='line_1_109' title="bbox 2052 4523 3704 4601; baseline 0.006 -19"><span class='ocrx_word' id='word_1_649' title='bbox 2052 4529 2173 4583; x_wconf 88' lang='lat' dir='ltr'><strong>tem</strong></span> <span class='ocrx_word' id='word_1_650' title='bbox 2200 4524 2330 4580; x_wconf 78' lang='lat' dir='ltr'><strong>hoec</strong></span> <span class='ocrx_word' id='word_1_651' title='bbox 2350 4523 2557 4580; x_wconf 89' lang='lat' dir='ltr'><strong>omnia</strong></span> <span class='ocrx_word' id='word_1_652' title='bbox 2580 4524 2883 4581; x_wconf 89' lang='lat' dir='ltr'><strong>honorum</strong></span> <span class='ocrx_word' id='word_1_653' title='bbox 2897 4539 3034 4599; x_wconf 83' lang='lat' dir='ltr'><strong>quae</strong></span> <span class='ocrx_word' id='word_1_654' title='bbox 3055 4526 3585 4601; x_wconf 82' lang='lat' dir='ltr'><strong>Nuvvenburgensi</strong></span> <span class='ocrx_word' id='word_1_655' title='bbox 3618 4536 3704 4591; x_wconf 77' lang='lat' dir='ltr'><strong>Ec·</strong></span> 
     </span>
     <span class='ocr_line' id='line_1_110' title="bbox 2053 4612 3702 4689; baseline 0.005 -17"><span class='ocrx_word' id='word_1_656' title='bbox 2053 4613 2318 4673; x_wconf 80' lang='lat' dir='ltr'><strong>clesioein</strong></span> <span class='ocrx_word' id='word_1_657' title='bbox 2339 4612 2698 4670; x_wconf 89' lang='lat' dir='ltr'><strong>concambio</strong></span> <span class='ocrx_word' id='word_1_658' title='bbox 2718 4613 2862 4672; x_wconf 89' lang='lat' dir='ltr'><strong>data</strong></span> <span class='ocrx_word' id='word_1_659' title='bbox 2884 4620 3051 4683; x_wconf 88' lang='lat' dir='ltr'><strong>sunt;</strong></span> <span class='ocrx_word' id='word_1_660' title='bbox 3073 4614 3306 4674; x_wconf 87' lang='lat' dir='ltr'><strong>bonain</strong></span> <span class='ocrx_word' id='word_1_661' title='bbox 3330 4616 3702 4689; x_wconf 85' lang='lat' dir='ltr'><strong>Hinsmisart,</strong></span> 
     </span>
     <span class='ocr_line' id='line_1_111' title="bbox 2054 4700 3703 4782; baseline 0.006 -21"><span class='ocrx_word' id='word_1_662' title='bbox 2054 4707 2113 4761; x_wconf 88' lang='lat' dir='ltr'><strong>et</strong></span> <span class='ocrx_word' id='word_1_663' title='bbox 2148 4704 2208 4760; x_wconf 91' lang='lat' dir='ltr'><strong>in</strong></span> <span class='ocrx_word' id='word_1_664' title='bbox 2251 4702 2538 4769; x_wconf 82' lang='lat' dir='ltr'><strong>Hosteim,</strong></span> <span class='ocrx_word' id='word_1_665' title='bbox 2577 4702 2637 4759; x_wconf 92' lang='lat' dir='ltr'><strong>in</strong></span> <span class='ocrx_word' id='word_1_666' title='bbox 2667 4700 2941 4760; x_wconf 89' lang='lat' dir='ltr'><strong>Carbach</strong></span> <span class='ocrx_word' id='word_1_667' title='bbox 2979 4709 3038 4762; x_wconf 91' lang='lat' dir='ltr'><strong>et</strong></span> <span class='ocrx_word' id='word_1_668' title='bbox 3088 4704 3150 4761; x_wconf 89' lang='lat' dir='ltr'><strong>in</strong></span> <span class='ocrx_word' id='word_1_669' title='bbox 3198 4705 3615 4782; x_wconf 80' lang='lat' dir='ltr'><strong>Birckinvald,</strong></span> <span class='ocrx_word' id='word_1_670' title='bbox 3641 4712 3703 4770; x_wconf 78' lang='lat' dir='ltr'><strong>de</strong></span> 
     </span>
     <span class='ocr_line' id='line_1_112' title="bbox 2054 4791 3702 4867; baseline 0.007 -19"><span class='ocrx_word' id='word_1_671' title='bbox 2054 4791 2277 4867; x_wconf 85' lang='lat' dir='ltr'><strong>quibus</strong></span> <span class='ocrx_word' id='word_1_672' title='bbox 2306 4791 2558 4861; x_wconf 87' lang='lat' dir='ltr'><strong>singulis</strong></span> <span class='ocrx_word' id='word_1_673' title='bbox 2587 4791 2763 4848; x_wconf 91' lang='lat' dir='ltr'><strong>annis</strong></span> <span class='ocrx_word' id='word_1_674' title='bbox 2789 4792 2998 4863; x_wconf 87' lang='lat' dir='ltr'><strong>viginti</strong></span> <span class='ocrx_word' id='word_1_675' title='bbox 3027 4796 3164 4851; x_wconf 89' lang='lat' dir='ltr'><strong>octo</strong></span> <span class='ocrx_word' id='word_1_676' title='bbox 3191 4810 3418 4854; x_wconf 78' lang='lat' dir='ltr'><strong>marcae</strong></span> <span class='ocrx_word' id='word_1_677' title='bbox 3445 4800 3702 4859; x_wconf 71' lang='lat' dir='ltr'><strong>ecclesia</strong></span> 
     </span>
     <span class='ocr_line' id='line_1_113' title="bbox 2054 4880 3704 4953; baseline 0.007 -14"><span class='ocrx_word' id='word_1_678' title='bbox 2054 4880 2566 4953; x_wconf 78' lang='lat' dir='ltr'><strong>Nuwenburgensi</strong></span> <span class='ocrx_word' id='word_1_679' title='bbox 2579 4880 2911 4939; x_wconf 90' lang='lat' dir='ltr'><strong>solvuntur.</strong></span> <span class='ocrx_word' id='word_1_680' title='bbox 2928 4884 3060 4939; x_wconf 81' lang='lat' dir='ltr'><strong>flaec</strong></span> <span class='ocrx_word' id='word_1_681' title='bbox 3073 4889 3273 4942; x_wconf 89' lang='lat' dir='ltr'><strong>autem</strong></span> <span class='ocrx_word' id='word_1_682' title='bbox 3295 4884 3467 4946; x_wconf 88' lang='lat' dir='ltr'><strong>bona</strong></span> <span class='ocrx_word' id='word_1_683' title='bbox 3487 4890 3553 4947; x_wconf 89' lang='lat' dir='ltr'><strong>in</strong></span> <span class='ocrx_word' id='word_1_684' title='bbox 3576 4907 3704 4949; x_wconf 84' lang='lat' dir='ltr'><strong>con-</strong></span> 
     </span>
     <span class='ocr_line' id='line_1_114' title="bbox 2055 4969 3704 5050; baseline 0.004 -22"><span class='ocrx_word' id='word_1_685' title='bbox 2055 4969 2298 5029; x_wconf 89' lang='lat' dir='ltr'><strong>cambio</strong></span> <span class='ocrx_word' id='word_1_686' title='bbox 2319 4970 2454 5025; x_wconf 87' lang='lat' dir='ltr'><strong>suni</strong></span> <span class='ocrx_word' id='word_1_687' title='bbox 2475 4976 2739 5043; x_wconf 88' lang='lat' dir='ltr'><strong>recepta:</strong></span> <span class='ocrx_word' id='word_1_688' title='bbox 2764 4971 3173 5030; x_wconf 80' lang='lat' dir='ltr'><strong>Haselbrunen</strong></span> <span class='ocrx_word' id='word_1_689' title='bbox 3194 4972 3332 5032; x_wconf 87' lang='lat' dir='ltr'><strong>villa</strong></span> <span class='ocrx_word' id='word_1_690' title='bbox 3346 4980 3643 5050; x_wconf 78' lang='lat' dir='ltr'><strong>quoedam</strong></span> <span class='ocrx_word' id='word_1_691' title='bbox 3659 4986 3704 5038; x_wconf 80' lang='lat' dir='ltr'><strong>et</strong></span> 
     </span>
     <span class='ocr_line' id='line_1_115' title="bbox 2056 5058 3704 5138; baseline 0.008 -22"><span class='ocrx_word' id='word_1_692' title='bbox 2056 5058 2194 5116; x_wconf 89' lang='lat' dir='ltr'><strong>villa</strong></span> <span class='ocrx_word' id='word_1_693' title='bbox 2222 5074 2359 5133; x_wconf 78' lang='lat' dir='ltr'><strong>quae</strong></span> <span class='ocrx_word' id='word_1_694' title='bbox 2392 5058 2792 5132; x_wconf 82' lang='lat' dir='ltr'><strong>walprunnen</strong></span> <span class='ocrx_word' id='word_1_695' title='bbox 2817 5060 3052 5126; x_wconf 88' lang='lat' dir='ltr'><strong>dicitur,</strong></span> <span class='ocrx_word' id='word_1_696' title='bbox 3083 5066 3141 5119; x_wconf 88' lang='lat' dir='ltr'><strong>et</strong></span> <span class='ocrx_word' id='word_1_697' title='bbox 3168 5060 3306 5120; x_wconf 67' lang='lat' dir='ltr'><strong>duas</strong></span> <span class='ocrx_word' id='word_1_698' title='bbox 3330 5073 3544 5138; x_wconf 87' lang='lat' dir='ltr'><strong>partes</strong></span> <span class='ocrx_word' id='word_1_699' title='bbox 3576 5070 3704 5128; x_wconf 65' lang='lat' dir='ltr'><strong>vill:</strong></span> 
     </span>
     <span class='ocr_line' id='line_1_116' title="bbox 2056 5148 3700 5231; baseline 0.008 -25"><span class='ocrx_word' id='word_1_700' title='bbox 2056 5164 2194 5224; x_wconf 65' lang='lat' dir='ltr'><strong>quas</strong></span> <span class='ocrx_word' id='word_1_701' title='bbox 2209 5148 2498 5206; x_wconf 83' lang='lat' dir='ltr'><strong>Albestatt</strong></span> <span class='ocrx_word' id='word_1_702' title='bbox 2511 5148 2748 5219; x_wconf 86' lang='lat' dir='ltr'><strong>dicitur,</strong></span> <span class='ocrx_word' id='word_1_703' title='bbox 2762 5149 3000 5207; x_wconf 86' lang='lat' dir='ltr'><strong>tertiam</strong></span> <span class='ocrx_word' id='word_1_704' title='bbox 3019 5166 3160 5209; x_wconf 86' lang='lat' dir='ltr'><strong>vero</strong></span> <span class='ocrx_word' id='word_1_705' title='bbox 3175 5156 3419 5224; x_wconf 81' lang='lat' dir='ltr'><strong>partem</strong></span> <span class='ocrx_word' id='word_1_706' title='bbox 3441 5158 3700 5231; x_wconf 79' lang='lat' dir='ltr'><strong>ejusden</strong></span> 
     </span>
     <span class='ocr_line' id='line_1_117' title="bbox 2055 5237 3698 5325; baseline 0.008 -31"><span class='ocrx_word' id='word_1_707' title='bbox 2055 5238 2254 5296; x_wconf 77' lang='lat' dir='ltr'><strong>villaea</strong></span> <span class='ocrx_word' id='word_1_708' title='bbox 2274 5237 2583 5295; x_wconf 90' lang='lat' dir='ltr'><strong>canonicis</strong></span> <span class='ocrx_word' id='word_1_709' title='bbox 2602 5238 2851 5311; x_wconf 85' lang='lat' dir='ltr'><strong>majoris</strong></span> <span class='ocrx_word' id='word_1_710' title='bbox 2875 5239 3143 5297; x_wconf 58' lang='lat' dir='ltr'><strong>ecclesias</strong></span> <span class='ocrx_word' id='word_1_711' title='bbox 3165 5240 3225 5297; x_wconf 93' lang='lat' dir='ltr'><strong>in</strong></span> <span class='ocrx_word' id='word_1_712' title='bbox 3239 5242 3590 5307; x_wconf 82' lang='lat' dir='ltr'><strong>Wirciburs</strong></span> <span class='ocrx_word' id='word_1_713' title='bbox 3613 5265 3698 5325; x_wconf 84' lang='lat' dir='ltr'><strong>pro</strong></span> 
     </span>
     <span class='ocr_line' id='line_1_118' title="bbox 2056 5330 3696 5415; baseline 0.005 -28"><span class='ocrx_word' id='word_1_714' title='bbox 2056 5343 2261 5387; x_wconf 89' lang='lat' dir='ltr'><strong>annuo</strong></span> <span class='ocrx_word' id='word_1_715' title='bbox 2307 5342 2539 5385; x_wconf 89' lang='lat' dir='ltr'><strong>canone</strong></span> <span class='ocrx_word' id='word_1_716' title='bbox 2579 5342 2690 5385; x_wconf 86' lang='lat' dir='ltr'><strong>vos</strong></span> <span class='ocrx_word' id='word_1_717' title='bbox 2739 5344 2924 5386; x_wconf 90' lang='lat' dir='ltr'><strong>manu</strong></span> <span class='ocrx_word' id='word_1_718' title='bbox 2963 5330 3194 5398; x_wconf 86' lang='lat' dir='ltr'><strong>tenetis,</strong></span> <span class='ocrx_word' id='word_1_719' title='bbox 3220 5345 3364 5390; x_wconf 87' lang='lat' dir='ltr'><strong>cum</strong></span> <span class='ocrx_word' id='word_1_720' title='bbox 3404 5335 3555 5396; x_wconf 87' lang='lat' dir='ltr'><strong>villa</strong></span> <span class='ocrx_word' id='word_1_721' title='bbox 3585 5355 3696 5415; x_wconf 77' lang='lat' dir='ltr'><strong>qm</strong></span> 
     </span>
     <span class='ocr_line' id='line_1_119' title="bbox 2055 5417 3696 5494; baseline 0.007 -20"><span class='ocrx_word' id='word_1_722' title='bbox 2055 5417 2409 5475; x_wconf 88' lang='lat' dir='ltr'><strong>Lusenbach</strong></span> <span class='ocrx_word' id='word_1_723' title='bbox 2432 5417 2669 5488; x_wconf 87' lang='lat' dir='ltr'><strong>dicitur,</strong></span> <span class='ocrx_word' id='word_1_724' title='bbox 2696 5422 2902 5475; x_wconf 89' lang='lat' dir='ltr'><strong>etcum</strong></span> <span class='ocrx_word' id='word_1_725' title='bbox 2929 5418 3107 5477; x_wconf 91' lang='lat' dir='ltr'><strong>bonis</strong></span> <span class='ocrx_word' id='word_1_726' title='bbox 3128 5419 3520 5494; x_wconf 86' lang='lat' dir='ltr'><strong>quibusdam</strong></span> <span class='ocrx_word' id='word_1_727' title='bbox 3550 5427 3696 5487; x_wconf 81' lang='lat' dir='ltr'><strong>inlli-</strong></span> 
     </span>
     <span class='ocr_line' id='line_1_120' title="bbox 2053 5505 3695 5580; baseline 0.005 -16"><span class='ocrx_word' id='word_1_728' title='bbox 2053 5505 2290 5580; x_wconf 84' lang='lat' dir='ltr'><strong>singen,</strong></span> <span class='ocrx_word' id='word_1_729' title='bbox 2327 5506 2482 5565; x_wconf 88' lang='lat' dir='ltr'><strong>unde</strong></span> <span class='ocrx_word' id='word_1_730' title='bbox 2510 5506 2759 5578; x_wconf 79' lang='lat' dir='ltr'><strong>singulis</strong></span> <span class='ocrx_word' id='word_1_731' title='bbox 2788 5508 2963 5566; x_wconf 89' lang='lat' dir='ltr'><strong>annis</strong></span> <span class='ocrx_word' id='word_1_732' title='bbox 2987 5523 3093 5566; x_wconf 84' lang='lat' dir='ltr'><strong>sex</strong></span> <span class='ocrx_word' id='word_1_733' title='bbox 3116 5508 3304 5568; x_wconf 87' lang='lat' dir='ltr'><strong>libras</strong></span> <span class='ocrx_word' id='word_1_734' title='bbox 3332 5511 3695 5578; x_wconf 60' lang='lat' dir='ltr'><strong>wir-tubas</strong></span> 
     </span>
    </p>
   </div>
   <div class='ocr_carea' id='block_1_29' title="bbox 3695 3536 3784 5617">
    <p class='ocr_par' dir='ltr' id='par_1_43' title="bbox 3695 3536 3784 5617">
     <span class='ocr_line' id='line_1_121' title="bbox 3761 3536 3784 3840; baseline 0 0"><span class='ocrx_word' id='word_1_735' title='bbox 3761 3536 3784 3840; x_wconf 95' lang='lat' dir='ltr'><strong>   </strong></span> 
     </span>
     <span class='ocr_line' id='line_1_122' title="bbox 3755 3840 3784 3947; baseline 0 -27"><span class='ocrx_word' id='word_1_736' title='bbox 3755 3840 3784 3947; x_wconf 95' lang='lat' dir='ltr'><strong>  </strong></span> 
     </span>
     <span class='ocr_line' id='line_1_123' title="bbox 3747 3947 3784 4281; baseline 0 -81"><span class='ocrx_word' id='word_1_737' title='bbox 3747 3947 3784 4281; x_wconf 95' lang='lat' dir='ltr'><strong>   </strong></span> 
     </span>
     <span class='ocr_line' id='line_1_124' title="bbox 3747 4281 3780 4375; baseline 0 1625"><span class='ocrx_word' id='word_1_738' title='bbox 3747 4281 3780 4375; x_wconf 95' lang='lat' dir='ltr'><strong> </strong></span> 
     </span>
     <span class='ocr_line' id='line_1_125' title="bbox 3743 4375 3779 4467; baseline 0 1533"><span class='ocrx_word' id='word_1_739' title='bbox 3743 4375 3779 4467; x_wconf 95' lang='lat' dir='ltr'><strong> </strong></span> 
     </span>
     <span class='ocr_line' id='line_1_126' title="bbox 3739 4467 3778 4544; baseline 0 1456"><span class='ocrx_word' id='word_1_740' title='bbox 3739 4467 3778 4544; x_wconf 95' lang='lat' dir='ltr'><strong> </strong></span> 
     </span>
     <span class='ocr_line' id='line_1_127' title="bbox 3737 4544 3776 4640; baseline 0 1360"><span class='ocrx_word' id='word_1_741' title='bbox 3737 4544 3776 4640; x_wconf 95' lang='lat' dir='ltr'><strong> </strong></span> 
     </span>
     <span class='ocr_line' id='line_1_128' title="bbox 3737 4640 3776 4727; baseline 0 1273"><span class='ocrx_word' id='word_1_742' title='bbox 3737 4640 3776 4727; x_wconf 95' lang='lat' dir='ltr'><strong> </strong></span> 
     </span>
     <span class='ocr_line' id='line_1_129' title="bbox 3737 4727 3776 4823; baseline 0 1177"><span class='ocrx_word' id='word_1_743' title='bbox 3737 4727 3776 4823; x_wconf 95' lang='lat' dir='ltr'><strong> </strong></span> 
     </span>
     <span class='ocr_line' id='line_1_130' title="bbox 3737 4823 3776 4905; baseline 0 1095"><span class='ocrx_word' id='word_1_744' title='bbox 3737 4823 3776 4905; x_wconf 95' lang='lat' dir='ltr'><strong> </strong></span> 
     </span>
     <span class='ocr_line' id='line_1_131' title="bbox 3733 4905 3774 4989; baseline 0 1011"><span class='ocrx_word' id='word_1_745' title='bbox 3733 4905 3774 4989; x_wconf 95' lang='lat' dir='ltr'><strong> </strong></span> 
     </span>
     <span class='ocr_line' id='line_1_132' title="bbox 3727 4989 3774 5090; baseline 0 910"><span class='ocrx_word' id='word_1_746' title='bbox 3727 4989 3774 5090; x_wconf 95' lang='lat' dir='ltr'><strong> </strong></span> 
     </span>
     <span class='ocr_line' id='line_1_133' title="bbox 3723 5090 3771 5178; baseline 0 822"><span class='ocrx_word' id='word_1_747' title='bbox 3723 5090 3771 5178; x_wconf 95' lang='lat' dir='ltr'><strong> </strong></span> 
     </span>
     <span class='ocr_line' id='line_1_134' title="bbox 3721 5178 3768 5272; baseline 0 728"><span class='ocrx_word' id='word_1_748' title='bbox 3721 5178 3768 5272; x_wconf 95' lang='lat' dir='ltr'><strong> </strong></span> 
     </span>
     <span class='ocr_line' id='line_1_135' title="bbox 3709 5272 3768 5532; baseline 0 0"><span class='ocrx_word' id='word_1_749' title='bbox 3709 5272 3768 5532; x_wconf 95' lang='lat' dir='ltr'><strong>    </strong></span> 
     </span>
     <span class='ocr_line' id='line_1_136' title="bbox 3695 5532 3762 5617; baseline 0 383"><span class='ocrx_word' id='word_1_750' title='bbox 3695 5532 3762 5617; x_wconf 95' lang='lat' dir='ltr'><strong> </strong></span> 
     </span>
    </p>
   </div>
  </div>
 </body>
</html>
