3784 6000
207 178 326 256 683'

1268 185 1684 267 GUILLELMI
1731 184 2115 257 TYRENSIS
2156 186 2513 259 ARGumP.

3493 190 3614 263 681

207 332 513 403 aureliam,
545 330 838 403 calipham
868 328 1136 386 videlicet
1154 328 1596 398 Baldacensem‚
1627 336 1685 388 et
1706 331 1852 389 alios
1882 334 1939 401 Α
1964 329 2151 404 captis
2171 327 2341 386 multi
2370 327 2617 385 urbibus
2649 331 2707 386 et
2736 327 2989 386 castellis
3022 328 3318 401 pluribus,
3348 330 3609 390 Turbes-

208 425 528 482 Turcorum
562 426 849 490 satrapas,
883 434 984 491 per
1033 417 1325 476 Orientem
1385 421 1733 478 constitutos
1762 421 1854 477 di·
1964 419 2048 477 sel
2083 419 2330 487 obsidet,
2363 418 2499 478 licet
2528 434 2723 477 comes
2749 435 2884 476 cum
2913 436 3089 477 uxore
3118 425 3175 478 et
3205 421 3405 480 liberis
3446 423 3614 482 intus

213 515 381 572 rexit.
405 509 911 582 Destitutaitaque
931 507 1078 565 tanti
1110 508 1351 566 rectoris
1397 508 1607 567 solatio
1655 511 1854 569 Antio-
1962 517 2135 567 esset.
2169 508 2287 566 Rex
2313 525 2448 566 vero
2489 509 2844 567 Henfredum
2895 510 3415 582 constabularium,
3475 530 3610 572 cum

212 603 400 660 chena
426 601 605 674 regio,
642 600 702 655 in
735 598 989 655 lamenta
1019 613 1082 654 se
1113 597 1293 666 dedit,
1337 598 1508 655 fletus
1539 616 1655 655 non
1678 600 1849 657 cohi-

207 693 355 748 bens
386 696 442 746 et
461 689 680 747 crebris
702 687 975 760 suspiriis
990 685 1246 744 dolorem
1274 688 1565 758 indicans,
1596 692 1849 761 querelis

205 796 438 853 quoque
458 784 515 837 et
557 776 904 850 lacrymosis
951 777 1189 834 vocibus
1239 777 1408 835 fortis
1455 777 1560 835 viri
1614 779 1847 852 egregia

201 873 364 942 gesta
393 883 816 925 rememorans.
840 870 956 923 Nec
987 866 1180 924 solum
1205 866 1486 925 finitimos
1503 884 1660 925 mors
1686 866 1847 925 illius

197 960 400 1016 audita
433 959 800 1016 contristavit
846 956 1128 1029 populos;
1162 960 1262 1013 sed
1294 963 1354 1014 et
1399 958 1571 1030 longe
1611 958 1845 1030 lateque

196 1066 400 1106 rumor
430 1049 526 1105 hic
548 1051 875 1121 dispersus,
909 1051 1026 1103 tam
1048 1049 1333 1119 majorum
1349 1064 1528 1119 quam
1549 1049 1841 1106 minorum

194 1136 256 1193 in
279 1137 733 1194 amaritudinem
764 1136 1001 1191 deduxit
1020 1136 1271 1205 animas,
1293 1141 1349 1193 et
1365 1137 1571 1194 acerbo
1594 1138 1841 1195 interius

194 1242 439 1284 moerore
468 1226 737 1285 coniecit.
785 1225 1011 1282 Interea
1064 1226 1221 1282 idern
1283 1227 1417 1284 tidei
1456 1232 1513 1284 et
1559 1228 1837 1296 nominis,

192 1332 354 1375 more
383 1316 585 1389 patris,
618 1314 913 1372 maximus
945 1319 1277 1386 persecutor
1299 1316 1609 1372 Christiani
1651 1319 1838 1375 Nora-—

187 1407 391 1479 dinus,
427 1405 629 1462 videns
650 1403 974 1478 principem
1006 1404 1284 1478 regionis,
1317 1410 1374 1462 et
1406 1407 1722 1463 maximam
1756 1423 1839 1464 re·

106 1484 111 1489 ’
184 1496 493 1553 bustorum
516 1496 646 1567 ejus
669 1501 891 1569 partem
914 1494 1191 1552 cecidisse
1212 1495 1272 1551 in
1297 1494 1514 1570 praelio,
1532 1500 1835 1569 totamque

184 1584 546 1658 provinciam
586 1600 694 1640 suo
725 1582 1022 1655 subJacere
1041 1583 1304 1656 arbitrie,
1325 1585 1612 1643 immissis
1631 1585 1830 1644 statim

183 1673 657 1748 expeditionibus
688 1674 834 1736 suis.
863 1677 1051 1732 totam
1080 1675 1255 1748 coepit
1270 1675 1561 1732 hostiliter
1582 1675 1828 1732 circuire
1867 1713 1916 1791 B

182 1765 520 1839 regionem:
552 1765 718 1822 itaut
769 1765 934 1836 juxta
980 1764 1350 1822 Antiochiam
1407 1767 1826 1838 pertransiens,

184 1861 244 1914 et
264 1859 477 1912 cuncta
498 1854 1088 1928 praestansincendio,
1107 1855 1177 1911 ad
1193 1856 1615 1913 monasterium
1630 1853 1826 1912 Sancti

182 1944 494 2010 Simeonis,
526 1945 681 2015 quod
712 1944 864 2001 inter
885 1943 1249 2001 Antiochiam
1273 1950 1329 2001 et
1353 1961 1512 2002 mare
1530 1945 1590 2002 in
1615 1944 1831 2002 monti-

186 2032 294 2091 bus
325 2031 679 2088 sublimibus
707 2032 886 2087 situm
925 2037 1034 2101 est,
1074 2035 1432 2101 ascenderet,
1494 2034 1724 2104 propria
1768 2034 1828 2086 in

183 2140 252 2182 ea
273 2139 418 2181 usus
443 2125 749 2195 potestate,
780 2125 837 2177 et
853 2121 1257 2177 cunctalibero
1274 2120 1826 2194 tractansimperio;

183 2213 400 2273 atinde
430 2213 499 2268 ad
524 2225 706 2278 mare,
729 2210 885 2283 quod
911 2226 1214 2282 nunquam
1240 2210 1401 2282 prius
1431 2211 1679 2281 viderat,
1724 2211 1829 2266 de-

183 2300 504 2373 scenderet,
537 2299 672 2356 etin
704 2315 792 2363 eo,
830 2297 892 2354 in
924 2299 1161 2370 signum
1193 2299 1352 2371 quod
1409 2300 1589 2358 victor
1645 2315 1831 2372 usque

187 2395 258 2451 ad
293 2406 454 2448 mare
485 2392 847 2463 pervenerat,
879 2404 1075 2445 coram
1107 2388 1229 2445 suis
1248 2387 1554 2446 lavaretur.
1584 2390 1725 2447 Inde
1748 2405 1832 2447 re·

189 2483 357 2540 diens
387 2485 645 2539 castrum
680 2479 923 2548 Harenc,
939 2479 1013 2535 ab
1035 2479 1341 2536 Antiochia
1360 2481 1453 2536 vix
1474 2479 1829 2538 milliaribus

189 2572 418 2628 distans
447 2571 670 2638 decem,
703 2569 1037 2641 praeteriens
1078 2571 1342 2644 occupat,
1389 2574 1446 2626 et
1475 2574 1826 2643 occupatum

186 2657 366 2718 armis
387 2662 444 2713 et
466 2655 752 2713 militibus
783 2660 839 2713 et
896 2657 1188 2714 alimentis
1246 2658 1538 2727 muniens,
1589 2659 1829 2716 instruit

183 2747 519 2820 diligenter;
545 2745 630 2802 ita
659 2754 719 2803 ut
749 2747 1066 2804 multorum
1098 2747 1324 2804 dierum
1349 2752 1542 2820 posset
1571 2748 1827 2804 obsidio-

183 2853 318 2895 nem
351 2836 659 2893 sustinere.
693 2836 916 2892 Timuit
945 2853 1082 2911 ergo
1119 2837 1373 2911 populus
1416 2837 1743 2907 universus,
1775 2845 1828 2894 et

183 2925 494 2985 humiliata
522 2929 612 2982 est
644 2925 704 2982 in
737 2933 1057 3000 conspectu
1087 2927 1216 2999 ejus
1256 2932 1428 2998 terra,
1448 2928 1688 3000 eoquod
1712 2932 1827 2985 tra-

181 3018 406 3076 diderat
435 3016 721 3074 Dominus
749 3014 810 3072 in
845 3032 1055 3073 manus
1089 3019 1241 3088 ejus,
1291 3018 1469 3075 robur
1511 3018 1734 3075 militiai
1766 3029 1822 3075 et

1961 599 2266 673 sexaginta
2288 599 2574 656 militibus
2603 599 2671 656 ad
2696 599 2981 656 tuendum
3012 600 3242 670 llasart,
3262 601 3485 661 interea
3516 603 3614 660 di-

1958 688 2112 761 rigit.
2146 706 2218 746 ne
2238 707 2269 746 a
2324 688 2531 745 Turcis
2587 694 2923 760 occupetur.
2977 688 3358 764 Tandemque
3405 709 3608 750 comes

1956 779 2108 836 datis
2138 778 2389 836 Soldano
2421 779 2666 851 captivis
2686 779 2963 836 omnibus
2983 797 3131 852 quos
3152 781 3224 837 de
3245 798 3354 839 sua
3371 784 3608 855 regione

1953 869 2179 926 vinctos
2209 869 2475 939 habebat,
2498 872 2553 925 et
2573 868 2883 926 duodecim
2920 870 3185 942 equitum
3209 872 3413 941 armis,
3462 888 3607 945 pace

1953 959 2127 1027 facta,
2160 959 2410 1015 abeunte
2431 957 2707 1027 Soldano,
2737 959 2808 1015 ab
2839 958 3138 1016 obsidione
3159 959 3468 1028 liberatus,
3502 978 3602 1018 eo-

1952 1046 2087 1103 dem
2119 1046 2213 1102 die
2243 1046 2455 1103 Hasart
2482 1047 2671 1115 venit3
2702 1050 2760 1102 et
2790 1045 2925 1102 inde
2940 1047 3332 1116 Antiochiam,
3356 1049 3601 1107 domino

1950 1136 2073 1208 regi
2104 1135 2324 1207 gratias
2352 1152 2455 1208 pro
2488 1135 2855 1192 humanitate
2883 1153 3059 1208 quam
3085 1136 3144 1192 in
3176 1153 3309 1194 eum
3328 1152 3602 1196 exercue-

1949 1232 2056 1293 rat,
2117 1230 2357 1282 acturus
2410 1225 2771 1298 properavit:
2820 1226 2955 1282 inde
3010 1226 3189 1283 etiam
3247 1226 3369 1283 viso
3440 1243 3598 1302 rege,

1946 1319 2306 1388 sumptaque
2346 1313 2420 1371 ab
2466 1330 2531 1371 eo
2564 1315 2819 1382 licentia,
2878 1330 3010 1372 cum
3043 1315 3271 1373 modico
3293 1332 3470 1389 quem
3492 1320 3597 1375 de-

1945 1405 2194 1461 duxerat
2234 1404 2538 1474 comitatu,
2588 1404 2659 1461 ad
2730 1404 2962 1476 propria
3010 1421 3274 1463 reversus
3329 1409 3443 1462 est.
3476 1407 3591 1464 Rex

1945 1498 2141 1551 autem
2173 1493 2325 1569 apud
2359 1493 2721 1550 Antiochiam
2753 1494 3044 1551 destitutas
3071 1495 3329 1567 regionis
3386 1512 3594 1553 curam

1944 1599 2140 1654 agens,
2172 1583 2243 1638 ad
2274 1583 2383 1640 hoc
2417 1599 2632 1639 moram
2667 1582 2911 1649 faciens,
2943 1584 3281 1657 compositis
3311 1601 3417 1658 pro
3461 1584 3593 1644 loeo

1947 1680 2002 1730 et
2020 1677 2282 1745 tempore
2309 1673 2575 1746 negotiis,
2622 1673 3049 1745 tranquillitate
3078 1673 3447 1746 aliquatenus
3497 1692 3593 1733 re-

1944 1761 2177 1830 stituta,
2209 1762 2614 1819 revocantibus
2642 1778 2778 1818 eum
2828 1762 2985 1819 curis
3013 1763 3369 1832 domesticis,
3404 1764 3464 1820 in
3497 1779 3591 1821 re-

1936 1868 2118 1924 gnum
2144 1867 2316 1908 suum
2348 1855 2435 1907 est
2454 1867 2743 1909 reversus.

2577 1958 2808 2017 CAPUT
2856 1960 2932 2015 X.

1940 2048 2125 2104 Comes
2165 2047 2488 2113 edessanus,
2516 2056 2635 2119 post
2667 2046 2811 2117 reqir
2843 2047 2912 2103 ab
2958 2047 3250 2105 Antiochia
3280 2049 3583 2110 discessum

2007 2117 2074 2174 ab
2098 2116 2339 2174 hostibus
2366 2120 2602 2189 capitur,
2648 2119 2745 2173 ubi
2782 2124 2834 2175 et
2863 2121 3224 2189 iqnominiose
3250 2125 3508 2179 morilu·.

2006 2213 2231 2266 Interea
2263 2224 2458 2266 comes
2488 2208 2839 2276 Edessanus,
2873 2210 3203 2268 Joscelinus
3239 2214 3463 2285 junior,
3496 2216 3586 2272 vir

1936 2299 2205 2371 supinus,
2227 2316 2260 2355 a
2290 2298 2477 2372 patria
2505 2300 2754 2370 degener
2802 2298 3124 2367 honestate,
3185 2303 3466 2360 sordibus
3497 2305 3584 2361 ef·

1937 2386 2148 2458 fluens,
2181 2386 2425 2443 libidine
2455 2386 2800 2458 dissolutus,
2827 2390 3036 2460 spretis
3077 2388 3422 2449 melioribus
3449 2410 3585 2466 per-

1937 2476 2161 2533 niciosa
2206 2491 2476 2547 sequens,
2523 2480 2739 2549 putans
2788 2477 2900 2534 sibi
2959 2477 3178 2551 optime
3224 2482 3585 2539 successisse

1937 2569 2092 2640 quod
2116 2569 2385 2641 princeps
2409 2568 2829 2637 Antiochenus,
2862 2585 3032 2643 quem
3084 2570 3217 2628 odio
3257 2570 3584 2630 insatiabili

1937 2657 2805 2729 persequebatur,occubuerat3
2832 2676 2948 2715 non
2974 2659 3226 2716 multum
3251 2661 3583 2728 attendens,

1937 2762 2116 2819 quam
2149 2761 2280 2803 vere
2300 2746 2564 2803 dicatur:

2074 2835 2183 2892 Tua
2211 2852 2295 2893 res
2325 2836 2539 2907 cipitur,
2571 2838 2755 2907 paries
2782 2853 2905 2894 cum
2933 2837 3222 2915 proximus
3246 2839 3452 2903 ardet:

1938 2926 2080 2982 dum
2112 2926 2507 2997 Antiochiam,
2543 2931 2606 2982 ut
2634 2927 2868 2998 dicitur,
2899 2944 2932 2983 a
2971 2928 3208 2985 domino
3249 2929 3584 3000 patriarcba

1940 3020 2233 3085 evocatus,
2256 3018 2325 3073 de
2338 3022 2507 3074 nocte
2526 3017 2955 3090 proficisceretur
2965 3037 3009 3089 r,
3027 3024 3337 3092 separatus
3350 3038 3385 3077 a
3402 3021 3582 3078 comi·

179 3107 507 3180 principem
535 3105 823 3177 regionis;
854 3111 910 3162 et
939 3123 1057 3163 non
1079 3112 1204 3164 erat
1225 3108 1559 3179 auxiliator,
1584 3125 1688 3165 nec
1721 3108 1818 3181 qui
1850 3092 1893 3160 C
1934 3109 2081 3176 tatu,
2112 3121 2245 3162 cum
2276 3106 2663 3176 adolescente,
2697 3107 2795 3179 qui
2836 3108 2962 3179 ejus
3019 3123 3237 3180 equum
3286 3109 3577 3180 trahebat,

180 3202 383 3254 contra
437 3195 804 3252 imminentia
886 3196 1146 3268 pericula
1217 3198 1561 3270 protetionis
1618 3199 1824 3256 afferre

175 3293 374 3359 posset
398 3284 737 3342 remedium.
798 3283 1018 3344 Relicta
1071 3286 1224 3344 enim
1256 3286 1457 3344 eratin
1491 3287 1822 3360 reipublicae

177 3381 237 3433 et
261 3374 625 3447 principatus
656 3374 1169 3436 administratione
1195 3375 1320 3433 sola
1351 3376 1632 3450 principis
1681 3394 1825 3435 uxor

177 3464 537 3536 Constantia,
568 3481 703 3522 cum
739 3464 873 3521 filiis
902 3465 1132 3524 duobus
1170 3470 1229 3523 et
1283 3466 1518 3524 filiabus
1552 3467 1820 3537 totidem,

174 3555 369 3615 adhuc
399 3555 846 3629 impuberibus;
876 3572 982 3613 nec
1003 3560 1128 3613 erat
1158 3556 1259 3630 qui
1300 3556 1580 3630 principis
1611 3557 1823 3631 tunge-

176 3659 336 3703 retur
377 3646 594 3715 officio,
642 3650 701 3702 et
756 3644 946 3718 plebis
1002 3646 1253 3719 erigeret
1306 3646 1709 3719 dejectionem.
1740 3646 1823 3703 Ea

175 3740 374 3794 tamen
404 3739 777 3808 tempestate,
807 3734 1085 3793 dominus
1114 3736 1441 3794 Aimericus
1461 3737 1724 3809 ejusdem
1747 3738 1824 3794 ci-

175 3827 372 3883 vitatis
407 3824 759 3898 patriarcha,
819 3826 906 3881 vir
961 3826 1147 3883 solers
1192 3833 1245 3883 et
1299 3826 1820 3899 locupletissimus,

176 3918 413 3973 strenue
441 3916 586 3972 satis
617 3914 846 3970 afflictae
878 3931 941 3971 se
971 3915 1194 3989 regioni
1219 3918 1464 3988 praebuit
1483 3921 1820 3989 patronum;

178 4008 236 4062 et
258 4005 330 4060 ad
353 4003 761 4061 conducendas
777 4000 1270 4075 militumcopias,
1287 4006 1595 4077 stipendia,
1619 4011 1823 4064 contra

178 4108 402 4149 morem
425 4107 602 4147 suum
635 4106 752 4145 non
785 4105 955 4160 parce
987 4089 1353 4160 ministravit,
1377 4093 1658 4165 temporis
1678 4096 1820 4150 satis

175 4183 399 4239 faciens
430 4178 786 4237 necessitati.
819 4179 997 4236 Porro
1029 4179 1561 4254 Hierosolymorum
1588 4200 1686 4241 rex
1717 4202 1819 4242 au·

175 4268 343 4325 diens
372 4267 605 4324 illarum
636 4264 894 4338 partium
928 4265 1204 4338 pericula,
1239 4271 1296 4323 et
1354 4274 1539 4328 morte
1595 4272 1818 4329 domini

172 4356 459 4429 principis
484 4355 739 4428 cognita,
774 4358 968 4411 mente
1017 4355 1340 4430 plurimum
1386 4363 1816 4428 consternatus,

1929 3194 2146 3267 gratia,
2179 3202 2241 3251 ut
2270 3195 2505 3266 dicitur,
2539 3195 2736 3252 alvum
2766 3197 3081 3270 purgandi,
3120 3202 3177 3254 et
3207 3202 3272 3255 ut
3300 3200 3577 3257 secretio·

1929 3283 2095 3341 ribus
2126 3289 2345 3342 naturae
2376 3284 2732 3343 satisfaceret
2761 3286 2990 3354 debitis,
3022 3286 3429 3359 ignorantibus
3459 3294 3577 3347 tam

1929 3373 2005 3431 iis
2035 3374 2134 3447 qui
2166 3376 2451 3450 praeibant
2479 3392 2657 3449 quam
2694 3376 2795 3449 qui
2847 3379 3148 3446 sebantur‚
3214 3378 3579 3438 irruentibus

1927 3463 1990 3521 in
2012 3480 2147 3521 eum
2172 3465 2568 3538 praedonibus,
2601 3466 2701 3539 qui
2760 3468 2818 3523 in
2861 3467 3093 3524 insidiis
3139 3467 3422 3540 latebant,
3484 3487 3577 3527 ca-

1927 3557 2068 3625 ptus
2099 3557 2222 3622 est;
2255 3570 2321 3611 ac
2342 3553 2595 3611 vinculis
2613 3554 3006 3628 mancipatus,
3033 3556 3333 3629 Halapiam
3359 3560 3577 3631 perdu-

1930 3649 2059 3702 ctus
2089 3647 2196 3700 est.
2230 3642 2336 3700 Ubi
2369 3644 2806 3701 immundarum
2838 3645 3059 3701 viarum
3084 3662 3321 3704 suarum
3349 3647 3577 3706 fructus

1930 3728 2236 3802 colligens,
2270 3732 2543 3804 squalore
2575 3733 2823 3790 carceris
2852 3742 2906 3789 et
2936 3739 3276 3791 catenarum
3320 3738 3578 3809 pondere

1928 3818 2225 3889 fatigatus,
2257 3822 2547 3878 anxietate
2583 3820 2826 3895 spiritus
2856 3828 2914 3879 et
2959 3822 3217 3895 corporis
3271 3823 3396 3897 jugi
3449 3841 3578 3882 mo·

1928 3906 2102 3964 iestia
2129 3913 2541 3982 consumptus,
2593 3910 2706 3968 fine
2763 3911 3076 3969 miserabili
3126 3912 3303 3969 vitam
3360 3914 3572 3972 finivit.

1929 3995 2179 4054 Reddita
2226 3999 2396 4055 terris
2452 3999 2570 4069 die,
2618 4000 2719 4073 qui
2757 4000 2818 4057 in
2873 4001 3001 4072 ejus
3055 4011 3217 4059 erant
3264 4002 3571 4072 comitatu,

1928 4102 2134 4144 eorum
2166 4105 2295 4161 quae
2326 4089 2481 4147 circa
2508 4090 2701 4162 ipsum
2726 4091 3059 4148 acciderant
3097 4092 3332 4164 penitus
3359 4092 3575 4166 ignari,

1927 4176 2238 4235 dominum
2269 4193 2438 4233 suum
2489 4193 2664 4249 quem
2698 4195 2813 4235 non
2860 4181 3178 4251 reperiunt,
3211 4181 3381 4238 anxie
3413 4198 3573 4254 quoe·

1927 4274 2142 4335 rentes,
2179 4266 2280 4322 ubi
2336 4265 2538 4322 vident
2596 4283 2659 4323 se
2698 4267 3049 4341 inquirendo
3099 4284 3213 4325 non
3269 4271 3572 4341 proficere,

1926 4355 2139 4413 reversi
2161 4355 2439 4412 nuntiant
2461 4355 2602 4428 quid
2634 4357 2721 4413 eis
2754 4359 3068 4427 acciderat;
3101 4361 3159 4415 et
3214 4359 3432 4417 iterum
3484 4377 3578 4419 re-

173 4448 493 4502 convocata
521 4442 714 4501 subito
750 4441 978 4510 militia,
1010 4448 1074 4501 ut
1112 4445 1404 4517 oppressis
1461 4463 1630 4520 opem
1672 4451 1816 4509 ferat
1843 4455 1892 4522 D
1925 4445 2183 4518 pletaest
2211 4449 2448 4518 stupore
2470 4452 2527 4502 et
2550 4448 2764 4505 exstasi
2786 4449 3248 4505 universaterra.
3272 4450 3344 4505 Et
3364 4466 3572 4522 quam-

172 4533 474 4603 fratribus,
506 4532 656 4591 celer
677 4534 749 4589 ad
782 4536 975 4604 partes
1022 4532 1292 4590 convolat
1319 4535 1732 4611 Antiochense,
1763 4544 1819 4597 et

173 4626 245 4681 de
267 4641 326 4681 se
356 4622 762 4682 diffidentibus
787 4626 843 4679 et
872 4622 1069 4681 animo
1108 4623 1349 4695 dejectis
1396 4627 1627 4698 propria
1675 4646 1817 4702 prae·

172 4713 364 4771 sentIa
387 4713 632 4786 praebult
649 4710 1133 4772 consolationem.
1156 4711 1426 4770 Collectis
1453 4715 1650 4789 itaque
1669 4718 1819 4775 mili-

172 4803 397 4861 taribus
427 4808 546 4859 tam
570 4819 836 4871 suorum,
855 4818 1002 4873 quos
1023 4818 1223 4860 secum
1248 4807 1519 4876 traxerat,
1539 4823 1712 4878 quam
1747 4810 1817 4866 de

171 4895 289 4947 tota
322 4892 558 4965 regione
585 4892 837 4961 auxiliis,
868 4892 939 4949 ad
973 4892 1368 4951 resistendum
1390 4894 1625 4965 invitat3
1656 4903 1715 4955 et
1753 4904 1819 4956 ut

172 4982 496 5053 resumptis
526 4985 801 5041 cordibus
831 4982 1114 5055 respirare
1144 4984 1393 5055 discant,
1416 4991 1677 5046 castrum
1708 4988 1818 5046 Ha-

169 5084 331 5137 renc,
363 5073 515 5144 quod
550 5072 827 5145 superius
854 5071 924 5127 de
955 5088 1101 5129 novo
1131 5076 1367 5145 captum
1397 5075 1674 5147 diximus,
1705 5078 1817 5136 ob-

172 5158 348 5217 sidet.
371 5161 479 5218 Sed
510 5167 644 5234 post
667 5162 794 5219 dies
822 5160 1046 5233 aliquot
1067 5176 1181 5218 non
1212 5162 1544 5236 proficiens,
1566 5166 1705 5238 quia
1725 5167 1813 5222 in·

168 5251 466 5307 structum
499 5257 621 5308 erat
642 5250 1005 5325 diligentius,
1063 5248 1275 5309 infecto
1324 5252 1578 5327 negoti0,
1607 5256 1814 5314 Antio·

171 5335 366 5395 chiam
399 5343 491 5396 est
510 5356 792 5400 reversus.

240 5426 533 5487 soldanus
590 5432 771 5490 etiam
839 5428 1181 5499 Icouiensis,
1248 5429 1450 5490 audita
1528 5434 1813 5514 principis

169 5516 383 5588 morte.
405 5514 467 5575 in
494 5519 873 5582 multitudine
898 5519 1061 5595 gravi
1096 5518 1158 5578 in
1179 5518 1403 5596 syriam
1419 5521 1735 5602 descendit,
1755 5531 1814 5590 et

1929 4533 2016 4592 vis
2046 4535 2370 4593 vicinorum
2394 4536 2651 4593 sinistris
2673 4554 2787 4594 non
2806 4543 3085 4595 noverant
3101 4537 3576 4597 condolet-ccasi-

1928 4625 2062 4693 bus,
2096 4640 2254 4682 nunc
2287 4623 2678 4681 familiaribus
2709 4627 2975 4699 oppressi
3032 4625 3310 4699 periculis
3363 4628 3572 4685 eodem

1927 4714 2165 4770 discunt
2182 4713 2896 4789 experimento,quomodo
2916 4715 3214 4774 doloribus
3239 4718 3316 4775 sit
3334 4733 3572 4791 compa·

1927 4802 2194 4861 tiendum
2222 4803 2450 4860 alienis.
2483 4803 2741 4862 Tandem
2761 4805 3031 4878 postdies
3062 4806 3283 4879 aliquot
3313 4823 3571 4879 quorum

1927 4893 2062 4950 dam
2095 4892 2396 4961 relatione,
2419 4893 2639 4969 quibus
2659 4893 2718 4952 id
2741 4911 2845 4969 pro
2867 4900 3023 4953 certo
3047 4901 3405 4970 compertum
3423 4902 3569 4960 erat.

1926 4989 2338 5055 cognoverunt,
2371 4984 2521 5055 quod
2554 4985 2707 5056 apud
2739 4985 3045 5059 Halapiam
3103 4986 3481 5043 detinebatur
3509 4987 3570 5043 in

1927 5072 2337 5144 compedibus.
2363 5071 2517 5129 Uxor
2544 5089 2678 5131 vero
2715 5075 2863 5146 ejus,
2921 5074 3130 5131 mulier
3187 5075 3419 5148 pudica,
3480 5091 3573 5133 so-

1926 5161 2075 5229 bria,
2132 5167 2191 5218 et
2238 5162 2448 5220 timens
2503 5163 2710 5233 Deum,
2770 5163 2972 5238 quales
3028 5168 3210 5235 amat,
3261 5181 3396 5221 cum
3447 5166 3570 5225 illio

1923 5251 2231 5325 impubere
2252 5261 2307 5310 et
2327 5251 2558 5310 duabus
2578 5253 2826 5311 filiabus
2845 5259 3210 5311 ramanserat
3229 5271 3244 5324 3
3260 5271 3387 5325 quoe
3429 5272 3577 5327 qua-

1926 5351 2045 5399 tum
2101 5341 2312 5416 potuit,
2371 5342 2612 5399 consilio
2670 5359 2995 5417 procerum,
3075 5342 3174 5415 qui
3222 5343 3573 5414 superstites

1924 5436 2115 5503 erant,
2139 5430 2418 5508 populum
2457 5447 2658 5507 regere
2691 5433 3023 5491 nitebatur:
3056 5435 3114 5490 et
3130 5432 3383 5504 regionis
3421 5450 3576 5507 pre-

1925 5521 2073 5584 sidia
2094 5521 2377 5584 adversus
2399 5522 2620 5607 hostes,
2641 5522 2822 5585 armis
2838 5522 2984 5584 viris
3013 5525 3072 5581 et
3087 5521 3385 5582 alimentis
3407 5537 3567 5585 com-
