3784 6000
374 139 465 155 ''l-¹·

340 158 482 242 '1376
1208 168 1600 235 vsmonuu
1637 171 1738 230 An
1776 168 2056 231 Lucum
2094 170 2171 227 ιιι
2210 168 2457 228 pamm
2491 168 2864 232 merom
3615 180 3739 238 ιω

1114 312 1210 371 111,
2023 304 2075 360 A
2100 303 2435 364 dilectionis
2458 306 2765 374 offerrem3
2796 309 3130 383 adjecitque
3161 327 3225 368 se
3240 312 3294 368 ei
3311 318 3370 370 et
3394 314 3524 371 suis
3545 318 3741 374 omnia

333 442 384 500 c
455 449 477 500 ε
514 442 597 500 ua
653 440 751 499 ‚Sa
798 436 1593 502 csAudmriadwmdem
1624 432 1991 504 „Ejusdem
2098 392 2301 452 ablata
2319 395 2713 464 redditurum,
2741 403 2956 470 proeter
2971 397 3088 455 hoc
3110 399 3305 457 solum
3326 403 3498 475 quod
3523 404 3601 461 ad
3631 422 3739 463 ma-

384 457 452 501 ⁰⁸
480 458 511 500 θ
600 457 663 498 ⁷³²
753 457 794 498 η
856 457 877 497 ²
987 509 1349 582 mmmmm.
1597 473 1612 490 ‘
2098 482 2678 552 nusefusdevenisse
2691 485 3212 561 sciebat‚eumque
3234 490 3293 547 in
3317 492 3741 562 plenitudinem

1059 616 1215 690 [wid
1243 617 1260 682 Ῑ
2097 588 2224 628 suae
2254 575 2457 644 gratiae
2487 581 2887 648 recepturum,
2909 577 3062 634 sicut
3087 585 3262 636 antea
3290 579 3486 638 fuerat
3512 585 3564 638 ei
3588 584 3747 640 obla-

405 741 734 799 Venerabili
768 742 919 798 Patri
948 746 1004 797 et
1023 740 1271 796 domino
1300 738 1366 794 L.
1402 738 1499 794 Dei
1523 733 1714 806 gratia
1739 748 1984 789 summo

328 832 621 905 pontiflci,
652 830 1013 889 castellanus
1040 829 1241 886 Sancti
1269 825 1620 891 Audomari,
1644 824 1898 881 salutem
1926 826 1985 881 et

328 922 718 979 reverentiam
751 920 1018 977 debitam
1044 923 1101 976 et
1128 917 1432 974 devotam.

404 1013 646 1068 Constet
671 1009 967 1067 sanctitati
1012 1014 1223 1064 vestrm
1265 1021 1363 1063 me
1401 1004 1739 1063 interfuisse
1775 1007 1835 1058 et
1879 1017 1984 1059 au-

330 1100 494 1158 disse
516 1099 766 1173 quando
789 1098 1075 1157 Henrious
1085 1112 1212 1164 rex,
1227 1096 1460 1153 Heurici
1479 1096 1637 1167 regis
1652 1094 1980 1164 Angtorum

327 1188 510 1261 filius,
538 1189 600 1246 in
629 1189 909 1246 extremis
942 1200 1151 1261 agens,
1182 1185 1357 1256 elegit
1384 1183 1501 1241 sibi
1529 1182 1900 1256 sepulturam
1922 1181 1983 1238 in

328 1278 562 1336 civitate
598 1277 1065 1348 Rothomagensi
1093 1276 1157 1333 in
1185 1272 1515 1333 cathedrali
1551 1271 1820 1338 ecclesia,
1850 1285 1984 1327 cor-

328 1356 568 1442 pusque
587 1383 767 1425 suum
787 1382 859 1423 eo
892 1382 1082 1439 usque
1100 1364 1315 1422 deferri
1332 1361 1679 1437 suppliciter
1690 1360 1983 1418 exoravit.

329 1457 484 1513 Bene
522 1455 721 1515 valeat
756 1456 1042 1513 sanctitas
1073 1460 1269 1511 vestra
1296 1467 1459 1510 nuno
1495 1455 1555 1508 et
1582 1465 1838 1523 semper.

393 1975 897 2034 Reverentissimo
939 1974 1000 2030 in
1027 1973 1259 2031 Christo
1298 1970 1449 2029 Patri
1494 1985 1605 2027 suo
1635 1971 1696 2026 et
1722 1967 1975 2026 domino

318 2064 410 2133 1..,
443 2065 543 2123 Dei
571 2065 763 2137 gratia
793 2066 1202 2121 Romanorum
1241 2058 1526 2133 pontiflci,
1571 2058 1635 2114 lt.
1669 2073 1775 2131 per
1810 2071 1973 2113 eam-

319 2152 461 2213 dem
489 2154 744 2226 gratiam
773 2152 899 2209 dux
932 2150 1355 2216 Narbonensis,
1385 2164 1590 2205 comes
1617 2145 1970 2215 Tolosanus,

319 2242 594 2301 marchio
619 2241 967 2307 Provincia,
997 2240 1251 2297 salutem
1283 2244 1340 2296 et
1363 2237 1656 2311 seipsum.

393 2332 731 2390 paternitati
755 2335 962 2388 vestrae
983 2330 1078 2387 bis
1092 2328 1491 2400 proesentibus
1501 2325 1776 2400 apicibus
1789 2324 1969 2398 signi·

319 2421 576 2479 ficamus
591 2435 701 2477 nos
725 2418 902 2477 morti
922 2419 1073 2489 regis
1090 2416 1314 2488 Anglioe
1335 2415 1591 2489 junioris
1612 2412 1969 2480 interfuisse,

317 2510 446 2585 qui,
487 2509 662 2567 nobis
699 2508 1104 2575 audientibus,
1133 2507 1193 2562 in
1223 2505 1474 2562 ecclesia
1505 2502 1969 2574 Rothomagensi

319 2599 438 2657 sibi
462 2598 638 2670 elegit
674 2596 1066 2670 sepulturam,
1092 2594 1228 2651 licet
1265 2611 1299 2650 a
1349 2593 1623 2666 pluribus
1662 2598 1997 2662 rogaretur·

317 2686 409 2746 vel
439 2693 781 2745 moneretur
808 2689 955 2744 utin
984 2683 1231 2741 ecclesia
1262 2680 1713 2740 Grandimontis
1738 2678 1849 2736 sibi
1879 2694 1970 2736 se-

317 2777 623 2851 pulturam
643 2775 904 2847 eligeret,
931 2787 1246 2846 nunquam
1269 2772 1461 2844 potuit
1480 2768 1743 2827 invocari
1773 2782 1810 2826 ι
1835 2784 1964 2841 pro-

315 2866 514 2940 posito
540 2881 670 2931 suo,
688 2864 832 2937 quin
861 2865 920 2919 ιιι
946 2861 1194 2918 ecclesia
1209 2858 1675 2929 Rothomagensi
1692 2857 1971 2929 juxtase-

315 2954 624 3030 pulturam
644 2951 923 3011 avunculi
939 2951 1029 3008 sui
1051 2948 1343 3008 Guillelmi
1357 2949 1470 3006 sibi
1488 2947 1830 3022 sepulcrum
1853 2945 1971 3005 col·

311 3042 499 3103 locari
523 3049 887 3118 precaretur,
913 3047 1024 3098 etc.

1129 3159 1195 3213 V.

314 3267 595 3333 Rolandi,
626 3268 908 3324 Romana
937 3264 1218 3322 Ecclesia
1235 3262 1604 3327 subdiaconi,
1632 3266 1686 3320 et
1706 3261 1963 3330 Silvani,

340 3404 344 3408 ,
384 3338 772 3397 Rievatlensis
795 3336 1048 3403 abbatis,
1072 3337 1404 3408 levaturum
1425 3336 1768 3404 apostoticae
1786 3333 1961 3399 sedis.

379 3410 465 3539 gi
475 3408 751 3540 ὲᾶιῗίιὲνη.
773 3439 842 3450 -
863 3409 949 3466 De
965 3410 1197 3484 neaotio
1223 3406 1596 3478 episcopatus
1624 3404 1683 3463 S.
1703 3405 1966 3462 Andreae

913 3588 1109 3662 (Anno
1142 3585 1324 3659 1182.)

524 3696 860 3773 [Hammeum
899 3695 1127 3753 Annal.
1172 3693 1438 3759 cisterc..
1469 3693 1565 3763 111,
1600 3691 1744 3764 119]

380 3804 726 3862 Reverendo
778 3802 930 3860 Patri
979 3809 1036 3858 et
1078 3801 1328 3858 domino
1377 3801 1570 3866 Lumo,
1618 3800 1720 3857 Dei
1769 3799 1960 3871 gratia

309 3910 551 3954 summo
588 3901 647 3951 et
690 3890 1007 3949 universali
1052 3889 1340 3964 pontifici,
1381 3892 1703 3955 Ronanus,
1742 3888 1956 3946 eadem

307 3986 500 4057 gratia
537 3984 807 4040 Dolensis
835 3981 1079 4045 electus,
1111 3996 1234 4035 suoe
1273 3979 1601 4036 sanctitatis
1640 3993 1870 4045 servus,
1901 3984 1959 4034 et

306 4072 591 4131 alumnus
630 4069 975 4143 apostolicas
1021 4068 1205 4134 sedis,
1241 4066 1751 4124 subdiaconorum
1788 4067 1958 4124 mini·

304 4178 469 4228 mus,
486 4167 544 4217 et
564 4161 862 4227 Silvanus,
884 4158 1076 4215 dictus
1096 4158 1287 4215 abbas
1307 4156 1710 4224 Rievallmsis,
1737 4155 1956 4213 debitoe

307 4250 695 4321 subjectionis
722 4246 1141 4305 reverentiam.

2096 668 2242 719 tum.
2267 663 2512 721 Volebat
2542 673 2742 722 tamen
2772 668 2934 740 quod
2954 667 3115 724 idem
3133 669 3392 728 loannes
3425 674 3744 747 episcopus

2092 753 2297 810 omnia
2309 754 2706 812 instrumenta
2718 773 2827 813 sua
2839 755 3233 825 combureret,
3248 775 3385 833 quie
3399 763 3744 834 superfacto

2091 840 2290 897 Sancti
2315 842 2565 900 Andreae
2592 842 2827 901 fuerant
2851 860 2888 901 a
2905 847 3022 918 piae
3048 847 3483 906 recordationis
3503 850 3743 909 Alexan.

2090 930 2202 988 dro
2224 931 2662 1003 proedeoessore
2685 937 2884 990 vestro
2903 933 3171 992 obtenta.
3193 935 3589 996 Permittebat
3609 956 3744 1012 quo·

2089 1034 2209 1093 que
2231 1019 2399 1092 quod
2425 1022 2593 1093 [lugo
2613 1023 2935 1095 episcopus
2968 1022 3045 1080 ad
3075 1024 3500 1083 Glaseuensem
3528 1029 3744 1101 episco-

2089 1113 2304 1181 patum
2343 1111 2779 1178 transferretur,
2819 1112 2870 1167 si
2914 1112 3091 1169 aliter
3123 1115 3444 1187 episcopus
3489 1118 3745 1175 ioannes

2091 1198 2428 1256 consentire
2451 1215 2576 1259 non
2603 1199 2793 1258 vellet.
2821 1203 2884 1256 Et
2909 1200 2959 1257 si
2985 1200 3110 1257 fleri
3138 1218 3259 1260 non
3291 1212 3525 1277 posset,
3549 1211 3743 1264 tames

2090 1288 2635 1362 concederet,quod
2646 1289 2962 1349 obtulerat:
2979 1291 3085 1346 sed
3098 1292 3451 1366 episcopum
3463 1296 3742 1353 «loannem

2091 1390 2212 1432 non
2242 1377 2325 1433 ita
2346 1376 2635 1448 diligeret,
2664 1393 2774 1434 nec
2798 1379 2853 1435 ei
2882 1378 3124 1452 plenam
3156 1381 3413 1451 gratiam
3448 1384 3740 1442 redderet.

2092 1465 2237 1531 Quas
2260 1466 2487 1533 omnia,
2511 1482 2649 1524 cum
2670 1468 2731 1524 in
2765 1469 3081 1541 presentia
3103 1470 3335 1527 domini
3351 1473 3627 1543 lingonis
3645 1477 3743 1531 Du·

2092 1553 2413 1612 nelmensis
2436 1556 2700 1630 episcopi
2726 1556 3086 1617 obtulissem
3102 1557 3354 1619 domino
3376 1560 3623 1632 loanni,
3648 1563 3741 1620 be·

2091 1644 2274 1715 nigne
2302 1645 2615 1713 concessit,
2634 1646 2841 1703 dicens
2873 1652 3073 1704 tamen
3096 1648 3266 1720 quod
3292 1665 3617 1724 nunquam
3640 1652 3738 1709 nu-

2088 1747 2310 1805 gonem
2339 1733 2690 1808 episcopum
2724 1737 2784 1792 in
2813 1736 3073 1793 Ecclesia
3101 1738 3297 1794 Sancti
3335 1740 3596 1798 Andron
3621 1758 3732 1815 per·

2086 1823 2344 1880 mitteret
2376 1838 2705 1882 remanere.
2738 1824 3102 1899 volebatque
3139 1827 3306 1898 quod
3335 1829 3736 1889 instrumenta

2082 1912 2371 1984 proediota
2419 1912 2479 1970 in
2522 1912 2728 1986 aliquo
2772 1913 2906 1971 loco
2953 1923 3401 1988 reponerentur,
3451 1919 3539 1975 ita
3581 1919 3736 1992 quod

2082 2015 2396 2076 nunquam
2441 2002 2558 2059 sibi
2600 2009 2809 2061 contra
2852 2002 3217 2061 voluntatem
3257 2007 3488 2078 regiam
3531 2010 3620 2066 eis
3659 2010 3738 2067 uti

2077 2087 2300 2146 liceret.

2153 2196 2436 2270 sicigitur
2455 2198 2531 2255 ad
2551 2199 2709 2271 regis
2727 2199 3108 2273 praesentiam
3128 2201 3525 2260 redeuntibus
3547 2205 3736 2272 nobis,

2080 2285 2366 2360 episcopo
2379 2288 2609 2344 Ioanne
2631 2302 2817 2360 prope
2830 2287 3175 2362 Bokelburg
3189 2297 3524 2363 spectante,
3548 2293 3736 2352 domi·

2080 2389 2196 2430 nus
2220 2390 2322 2431 rex
2353 2376 2665 2449 proposuit
2696 2376 2872 2433 nobis
2898 2377 3064 2450 quod
3100 2378 3352 2435 multum
3385 2381 3439 2436 ei
3477 2382 3735 2454 placeret

2080 2464 2128 2519 si
2150 2465 2318 2536 flugo
2338 2465 2658 2539 episcopus
2677 2468 2954 2540 possetin
2973 2467 3232 2525 Ecclesia
3249 2469 3454 2526 Sancti
3486 2471 3730 2528 Andreae

2080 2568 2389 2610 remanere
2408 2571 2428 2622 ,·
2450 2558 2510 2610 et
2534 2554 2790 2626 rogabat
2812 2571 2906 2612 me
2928 2562 2990 2612 ut
3016 2558 3369 2630 episcopum
3401 2559 3485 2616 ad
3514 2558 3726 2618 hocin·

2079 2641 2297 2699 ducere
2338 2642 2701 2701 laborarem.
2741 2646 2811 2700 Et
2848 2661 2984 2701 cum
3017 2660 3130 2718 ego
3172 2645 3435 2704 dicerem
3471 2649 3529 2706 ei
3574 2649 3723 2721 quod

2080 2746 2395 2807 nunquam
2420 2746 2559 2789 eum
2583 2732 2659 2789 de
2681 2736 2902 2791 cetero
2925 2750 3106 2808 super
3128 2735 3246 2792 hoc
3264 2751 3570 2808 rogarem,
3592 2740 3730 2811 quia

2079 2835 2200 2877 non
2241 2827 2512 2894 poteram
2541 2821 2601 2879 in
2621 2821 2736 2879 hac
2762 2828 2927 2894 parte
2953 2823 3265 2896 proficere,
3291 2824 3437 2881 dixit
3470 2843 3485 2882 τ
3514 2844 3548 2880 s
3581 2829 3730 2884 Bene

2078 2909 2259 2967 credo
2283 2911 2447 2983 quod
2477 2926 2551 2967 ex
2576 2926 2698 2984 quo
2724 2911 3008 2968 dominus
3037 2914 3301 2970 loannes
3328 2913 3402 2970 ad
3437 2929 3652 2986 pacem
3675 2921 3733 2972 et

1999 3005 2040 3068 C
2069 2997 2457 3062 dilectionem
2490 3016 2688 3058 meam
2715 3000 2904 3069 rediit,
2926 3003 3040 3060 hoc
3067 3004 3548 3062 consideratione
3577 3021 3729 3062 meoe

2076 3085 2430 3157 dilectionis,
2446 3095 2505 3147 et
2522 3089 2601 3146 ad
2624 3106 2871 3163 precum
2896 3107 3163 3149 mearum
3181 3092 3532 3150 instantiam
3555 3095 3726 3150 susti·

2078 3178 2238 3235 nebit
2268 3196 2285 3250 ;
2316 3184 2371 3235 et
2397 3178 2474 3235 de
2510 3194 2582 3236 eo
2609 3178 2861 3237 libenter
2880 3195 3017 3237 cum
3045 3196 3116 3238 eo
3142 3179 3448 3254 loquerer.
3478 3202 3509 3235 s
3537 3184 3602 3239 Et
3633 3199 3725 3241 ro-

2076 3269 2238 3339 gavit
2269 3284 2364 3325 me
2392 3283 2496 3325 rex
2522 3275 2586 3325 ut
2612 3268 2666 3326 ei
2695 3268 3066 3326 consulerem
3102 3270 3268 3344 quod
3301 3272 3534 3329 veniret
3567 3272 3722 3345 loqui

2073 3372 2212 3413 cum
2259 3372 2351 3415 eo.
2378 3357 2566 3415 Eissis
2609 3358 2790 3429 igitur
2815 3357 3042 3415 clericis
3072 3358 3230 3430 regis
3261 3359 3342 3416 ad
3371 3360 3720 3435 episcopum

2070 3444 2388 3513 loannem.
2417 3446 2727 3518 respondit
2753 3446 2920 3520 quod
2949 3462 3072 3505 non
3101 3447 3349 3515 veniret,
3364 3450 3518 3522 quia
3538 3466 3578 3507 a
3601 3450 3721 3523 qui·

2070 3533 2331 3592 busdam
2363 3534 2716 3593 consiliariis
2757 3535 2990 3593 domini
3028 3537 3183 3609 regis
3225 3536 3527 3594 audiisset
3563 3537 3718 3612 qnod

2070 3623 2353 3681 dominus
2368 3639 2470 3681 rex
2491 3639 2729 3698 semper
2750 3623 2953 3682 adhoc
2977 3624 3269 3682 omnibus
3290 3626 3492 3683 modis
3502 3627 3716 3684 niteba-

2070 3716 2166 3770 tur
2196 3719 2257 3770 ιιι
2285 3714 2452 3785 Hugo
2478 3714 2539 3770 in
2568 3714 2920 3787 episcopatu
2945 3715 3143 3771 Sancti
3173 3714 3431 3771 Andreas
3455 3731 3718 3773 remane·

2068 3807 2158 3858 ret
2178 3820 2193 3868 ;
2214 3806 2272 3859 et
2301 3802 2352 3857 si
2373 3802 2573 3859 venire
2597 3800 2789 3870 vellet,
2813 3802 2893 3859 illi
2919 3818 3042 3860 non
3065 3808 3343 3876 poterant
3365 3804 3419 3860 ei
3445 3820 3714 3862 securum

2066 3896 2355 3963 praestare
2383 3890 2770 3948 conductum.
2792 3893 3063 3965 Cumque
3089 3891 3169 3948 illi
3195 3892 3256 3948 in
3282 3893 3413 3949 hoec
3438 3893 3714 3951 verbere·

2066 3978 2339 4050 diissent,
2359 3980 2645 4037 dominus
2658 3995 2762 4037 rex
2782 3980 3111 4053 quemdam
3133 3980 3518 4054 episcopum.
3544 3982 3716 4040 abba·

2064 4068 2769 4136 tes,comitesetbarones
2780 4069 3151 4127 adeumdem
3164 4068 3715 4145 episcopumtrans·

2065 4158 2248 4226 misit,
2270 4173 2493 4230 rogans
2517 4161 2580 4214 ut
2608 4157 2916 4216 locuturus
2937 4174 3073 4215 cum
3095 4173 3169 4216 eo
3189 4159 3418 4216 veniret
3444 4158 3530 4216 ad
3549 4175 3711 4224 eum:

2065 4248 2467 4321 proecepitque
2494 4247 2579 4303 eis
2603 4251 2670 4304 ut
2682 4248 2882 4305 eidem
2910 4247 3197 4321 episcopo
3220 4263 3468 4304 omnem
3502 4249 3715 4307 secuni-

379 4339 525 4396 Cum
563 4336 784 4394 litteras
810 4352 966 4410 quas
1008 4336 1177 4405 Hugo
1205 4334 1530 4408 episcopus
1566 4334 1959 4406 redarguerat
1992 4364 2040 4421 D
2067 4341 2246 4394 tatem
2292 4340 2649 4410 praestarent
2694 4352 2708 4392 ι
2739 4338 2845 4409 qui
2875 4337 3191 4394 redeuntes
3227 4336 3515 4395 dixerunt
3559 4337 3712 4412 quod

302 4427 596 4493 falsitatis,
615 4426 808 4483 eidem
831 4426 1121 4498 episcopo
1135 4423 1598 4486 dedissemus.et
1613 4441 1717 4481 eas
1737 4424 1800 4479 in
1823 4426 1955 4498 qui·

2064 4426 2347 4483 dominus
2364 4425 2646 4493 loannes,
2667 4426 2814 4499 quia
2833 4426 3222 4500 proesentiens
3246 4425 3413 4499 quod
3431 4426 3718 4484 dominus

302 4516 422 4575 bus
446 4533 758 4590 processus
779 4514 858 4571 rei
880 4514 1234 4578 continetur,
1256 4519 1622 4587 acceptaque
1649 4530 1684 4570 a
1705 4513 1955 4571 domino
2062 4531 2164 4573 rex
2193 4514 2364 4572 vellet
2391 4514 2745 4588 episcopum
2774 4514 3085 4587 Hugonem
3125 4503 3186 4572 in
3219 4514 3486 4573 Ecclesia
3525 4517 3716 4574 Sancti

301 4621 440 4679 rege
468 4605 782 4662 Scotorum
815 4604 1074 4670 licentia,
1106 4602 1381 4658 recedere
1408 4618 1547 4658 cum
1579 4602 1953 4661 festinatione
2063 4605 2313 4662 Androm
2342 4619 2673 4670 remanere,
2696 4604 3005 4677 respondit
3024 4620 3088 4661 se
3118 4618 3438 4677 nunquam
3460 4620 3502 4662 a
3521 4619 3716 4677 regem

302 4694 615 4763 vellemus,
637 4694 920 4751 dominus
945 4707 1046 4750 rex
1069 4707 1165 4749 me
1192 4692 1507 4749 nolensem
1538 4690 1792 4748 electum
1821 4691 1952 4749 dili·
2060 4699 2400 4759 venturum,
2431 4692 2544 4748 nisi
2574 4693 2769 4765 primo
2795 4692 3069 4765 jurarent
3103 4693 3269 4766 quod
3296 4691 3593 4751 dominus
3623 4709 3717 4752 rex

301 4791 508 4858 genter
526 4789 584 4840 et
612 4781 937 4840 affectuose
965 4782 1277 4854 rogavitut
1299 4796 1404 4854 per
1432 4779 1748 4837 dominum
1774 4781 1949 4839 Joan.
2060 4782 2270 4841 omnia
2306 4797 2441 4856 quae
2475 4781 2527 4838 ei
2553 4797 2660 4854 per
2697 4797 2793 4839 me
2835 4781 3153 4848 obtulerat,
3183 4782 3540 4839 observaret
3570 4801 3589 4857 ;
3620 4783 3718 4841 sed

300 4874 652 4949 episcopum
692 4871 1006 4929 transitum
1057 4871 1337 4937 facerem,
1380 4872 1487 4927 etsi
1516 4869 1588 4927 e'x
1631 4875 1797 4942 parte
1840 4887 1953 4929 sua
2055 4869 2554 4945 jurarenolebant
2581 4876 2671 4928 :et
2688 4870 3073 4928 sicdominus
3099 4871 3364 4929 Joannes
3384 4872 3720 4949 adpropria

299 4963 784 5021 Dunkeldensem
816 4961 1224 5034 episcopatum
1264 4975 1403 5016 cum
1435 4959 1765 5017 redditibus
1794 4976 1949 5040 quos
2058 4960 2366 5017 remeavit.
2418 4961 2534 5016 Nos
2563 4974 2697 5016 vero
2740 4959 3037 5032 proedietis
3075 4960 3374 5033 episcopis
3410 4960 3643 5019 Joanni
3669 4967 3722 5019 et

300 5060 477 5111 antea
503 5052 564 5108 ιιι
593 5050 943 5124 episcopatu
967 5049 1166 5107 Sancti
1188 5051 1435 5106 Andreae
1465 5048 1776 5116 habuerat,
1810 5066 1951 5108 cum
2060 5048 2293 5121 Bugoni
2318 5048 2636 5105 statuimus
2659 5051 2983 5106 terminum
3018 5049 3077 5105 in
3105 5048 3406 5105 Kalendas
3445 5051 3722 5108 Octobris

300 5148 626 5213 augmento
643 5139 1048 5215 quadraginta
1068 5153 1410 5197 marcarum
1431 5140 1741 5195 annuatim
1764 5139 1951 5213 perci·
2060 5137 2337 5197 veniendi
2384 5136 2464 5193 ad
2510 5151 2638 5205 vos,
2687 5142 2749 5194 et
2792 5143 2992 5196 vestro
3042 5151 3254 5210 parere
3305 5136 3575 5208 iudicio.
3620 5140 3722 5198 Va-

298 5231 680 5309 piendarum,
692 5229 1107 5287 cancellariam
1119 5243 1363 5302 quoque
1377 5227 1604 5299 regiam
1626 5227 1687 5285 in
1706 5228 1839 5300 sign
1847 5244 1950 5286 um
2057 5228 2190 5286 lete.

3781 28 3784 74 l
