3784 6000
314 209 452 267 ¹123

1743 206 1937 263 Lucu
1980 207 2057 263 111
2095 207 2297 265 PAPAE

3593 213 3730 273 1124

307 334 663 393 animalium
693 337 1026 390 vestrorum
1053 330 1254 388 nullus
1281 347 1316 387 a
1345 329 1517 387 vobis
1545 330 1810 388 decimas
1839 331 1961 388 exi·
1994 335 2040 388 Α
2143 337 2265 406 Ego
2314 335 2541 404 Petrus,
2582 334 2953 393 Tusculanus
2991 336 3313 410 episcopus
3361 355 3441 397 ss.

308 439 448 496 gere
472 423 565 481 vel
585 428 930 495 extorquere
951 424 1294 494 praesumat.
1319 420 1515 477 Liceat
1532 436 1777 494 quoque
1794 421 1964 478 vobis

309 514 555 570 clericos
577 517 633 568 et
648 513 836 570 laicos
860 527 892 568 e
913 510 1132 566 soeculo
1152 510 1447 580 fugientes
1466 509 1687 566 liberos
1708 514 1763 567 et
1790 510 1965 567 abso-

307 602 465 660 lutos
499 602 577 658 ad
615 600 1066 657 conversionem
1122 604 1380 656 vestram
1422 599 1704 672 recipere,
1751 604 1807 656 et
1855 615 1960 656 eos

307 692 537 765 absque
565 689 1035 748 contradictione
1061 688 1264 762 aliqua
1293 688 1569 745 retinere.

377 779 764 837 Prohibemus
812 779 1057 851 insuper
1119 783 1182 834 ut
1249 777 1394 834 nulli
1450 777 1701 835 fratrum
1745 782 1963 834 vestro-

303 886 461 937 rum,
512 873 649 941 post
700 867 916 926 factam
956 868 1016 923 in
1072 868 1285 924 eodem
1325 867 1459 924 loco
1503 866 1960 940 professionem,

303 958 397 1015 fas
429 958 503 1014 sit
535 957 763 1030 absque
789 957 1022 1014 abbatis
1059 957 1148 1013 sui
1192 957 1431 1014 licentia
1470 957 1544 1013 de
1576 956 1789 1013 eodem
1826 956 1961 1014 loco

302 1048 415 1107 nisi
448 1046 717 1105 arctioris
770 1046 1073 1116 religionis
1115 1045 1361 1103 obtentu
1402 1045 1729 1112 discedere,
1762 1045 1957 1102 disce·

301 1136 542 1197 dentem
572 1151 715 1193 vero
744 1135 871 1191 sine
894 1135 1309 1192 communium
1333 1134 1661 1192 litterarum
1681 1135 1961 1192 cautione

302 1226 525 1285 audeat
559 1227 829 1284 retinere.
864 1227 1049 1282 Porro
1077 1241 1217 1282 cum
1257 1224 1533 1295 generale
1573 1224 1960 1281 interdictum

303 1319 471 1372 terrae
501 1314 699 1384 fuerit,
719 1314 892 1373 liceat
914 1313 1086 1371 vobis
1116 1312 1342 1371 clausis
1359 1313 1590 1386 januis,
1616 1328 1737 1371 non
1761 1313 1957 1386 pulsa·

302 1405 375 1462 tis
414 1405 757 1478 campanis,
782 1403 1036 1463 exclusis
1065 1403 1601 1460 excommunicatis
1632 1407 1692 1459 et
1717 1402 1962 1459 interdi-

302 1495 430 1560 ctis,
455 1509 781 1567 suppressa
803 1508 955 1551 voce
972 1492 1179 1551 divina
1203 1492 1401 1548 officia
1425 1490 1722 1550 celebrare
1746 1508 1762 1559 ς
1787 1507 1960 1565 paro-

302 1582 598 1641 chialibus
629 1589 829 1641 autem
857 1582 1147 1652 ecclesiis,
1173 1597 1328 1655 quas
1356 1582 1562 1638 tenetis
1590 1581 1765 1638 liceat
1788 1581 1961 1638 vobis

2144 424 2265 494 Ego
2295 423 2528 491 Paulus,
2587 425 2985 482 Praenestinus
3008 427 3332 500 episcopus
3359 445 3439 486 ss.

2143 512 2267 583 Ego
2297 515 2516 581 Petrus,
2541 514 2623 571 tit.
2642 515 2876 571 Sanctoe
2910 517 3204 573 Susannae
3233 516 3434 589 presb.
3456 516 3727 577 sardas.

2142 603 2263 672 Ego
2294 601 2594 669 vivianus,
2626 603 2886 678 presbyt.
2913 605 3235 662 cardinalis
3268 607 3354 662 tit.
3385 607 3592 664 Sancti
3616 608 3730 664 Ste-

2070 689 2254 762 phani
2288 691 2345 747 in
2378 693 2559 749 Coelio
2593 698 2791 751 monte
2818 710 2898 749 ss.

2139 782 2263 850 Ego
2293 781 2580 854 Cynthius
2618 783 2816 855 presb.
2852 783 3019 839 card.
3056 783 3144 841 tit.
3180 785 3235 842 S.
3271 784 3526 842 Caeeiliae
3569 801 3661 842 ss.

2143 870 2263 939 Ego
2315 869 2506 941 Hug0‚
2563 871 2762 943 presb.
2823 871 2989 928 card.
3053 872 3136 928 tit.
3199 875 3397 930 Sancti
3461 874 3728 933 Clemen-

2072 956 2165 1014 tis.
2195 974 2273 1013 ss.

2144 1049 2266 1117 Ego
2308 1048 2633 1115 Arduinus‚
2674 1051 2757 1105 tit.
2803 1051 3029 1106 Sanctae
3062 1052 3263 1108 Crucis
3310 1052 3370 1109 in
3395 1052 3728 1110 Jerusalem

2069 1135 2269 1208 presb.
2298 1137 2462 1194 card.
2494 1154 2577 1194 ss.

2142 1227 2263 1296 Ego
2284 1225 2609 1293 Matthaeus,
2634 1227 2719 1282 tit.
2740 1227 2936 1284 Sancti
2955 1227 3205 1285 Marcelli
3232 1229 3434 1302 presb.
3460 1231 3633 1290 card.
3649 1248 3727 1287 ss.

2143 1317 2263 1385 Ego
2299 1314 2686 1388 Hyacinthus,
2727 1315 2881 1373 diac.
2924 1317 3087 1374 card.
3122 1319 3353 1375 Sanctae
3414 1320 3619 1376 Mariae
3671 1320 3726 1376 in

2069 1402 2388 1460 Cosmedin
2416 1421 2493 1461 ss.

2143 1493 2264 1562 Ego
2294 1493 2627 1560 Rainerins,
2659 1493 2816 1551 diac.
2837 1494 3004 1551 card.
3025 1495 3225 1553 Sancti
3245 1496 3483 1569 Georgii
3509 1499 3595 1556 ad
3620 1499 3721 1556 Ve-

2070 1579 2195 1636 lum
2225 1582 2487 1636 Aureum
2520 1598 2597 1636 ss.

300 1672 637 1729 sacerdotes
667 1672 902 1743 eligere,
934 1676 990 1727 et
1014 1670 1356 1731 dioeeeaano
1382 1671 1669 1743 episcopo
1698 1686 1964 1744 praesen-
1998 1688 2040 1743 B
2143 1672 2260 1742 Ego
2303 1671 2634 1743 Gratianus,
2679 1673 3032 1729 Sanctorum
3078 1675 3310 1731 Cosmoe
3345 1677 3404 1732 et
3451 1677 3725 1735 Damiani

301 1766 447 1828 tare,
491 1760 714 1835 quibus
762 1762 811 1816 si
870 1760 1070 1817 idonei
1125 1759 1365 1827 suerint,
1409 1759 1699 1835 epicopus
1748 1775 1958 1817 curam

297 1850 640 1908 animarum
671 1849 1021 1915 committat,
1047 1853 1109 1906 ut
1138 1849 1190 1904 ei
1230 1848 1303 1904 de
1334 1846 1764 1921 spiritualibus,
1790 1847 1960 1905 vobis

293 1954 436 1996 vero
469 1940 544 1996 de
575 1939 1007 2012 temporalibus
1033 1938 1294 1995 debeant
1332 1937 1721 2010 respondere.
1760 1938 1959 1995 Prohi-

294 2026 509 2086 bemus
551 2034 752 2085 autem
799 2043 871 2084 ne
899 2028 1033 2100 quis
1074 2029 1135 2083 in
1173 2042 1280 2082 vos
1306 2026 1960 2085 excommunicationis

297 2122 401 2175 aut
429 2116 839 2192 suspensionis
868 2132 974 2173 seu
1006 2117 1067 2172 in
1100 2116 1532 2173 monasterium
1554 2115 1643 2172 vel
1672 2116 1960 2174 ecclesias

296 2211 523 2264 vestras
551 2206 848 2265 interdicti
877 2206 1232 2263 sententiam
1270 2205 1501 2278 absque
1547 2206 1865 2263 manifesta
1900 2210 1956 2264 et

295 2296 633 2354 rationabili
684 2312 868 2353 causa
916 2295 1274 2368 promulget.
1324 2295 1614 2351 Coeterum
1669 2295 1952 2363 chrisma,

293 2384 496 2443 oleum
517 2391 818 2453 sanctum,
846 2384 1330 2442 consecrationes
1362 2384 1637 2441 altarium
1664 2400 1768 2441 seu
1794 2384 1958 2442 basi·

293 2473 565 2541 licarum,
618 2474 1026 2531 ordinationes
1056 2473 1407 2530 clericorum
1465 2474 1567 2546 qui
1619 2473 1696 2530 ad
1748 2489 1952 2532 sacros

300 2564 540 2621 ordines
568 2564 785 2620 fuerint
811 2562 1231 2635 promovendi,
1255 2579 1361 2636 per
1394 2562 1807 2620 dioecesanum
1833 2564 1956 2636 epi-

301 2667 553 2724 scopum
568 2652 750 2722 gratis
770 2658 827 2707 et
853 2652 977 2707 sine
1003 2651 1350 2708 difficultate
1373 2651 1544 2708 vobis
1567 2652 1954 2725 praecipimus

298 2739 584 2797 exhiberi.

367 2830 691 2886 Statuimus
729 2830 973 2902 insuper
1029 2833 1114 2895 ut,
1157 2829 1310 2887 infra
1339 2830 1489 2886 fines
1525 2830 1951 2904 parochiarum

298 2925 646 2988 vestrarum,
670 2919 902 2991 absque
924 2934 1227 2976 consensu
1249 2920 1518 2991 episcopi
1540 2918 1862 2977 dioecesani
1893 2924 1950 2976 et

297 3013 492 3067 vestro
544 3010 743 3066 nullus
789 3009 1100 3066 ecclesiam
1158 3009 1248 3065 vel
1295 3010 1622 3066 oratorium
1673 3009 1749 3066 de
1786 3025 1949 3068 novo

293 3098 590 3156 oediflcare
633 3103 980 3171 proesumat,
1016 3097 1162 3155 salvi
1215 3103 1414 3155 tamen
1464 3099 1785 3171 privilegiis
1840 3103 1948 3157 Ro·

293 3205 491 3246 manre
519 3187 812 3245 Ecclesiae.
861 3189 1143 3245 Praeterea
1189 3187 1557 3260 sepulturam
1599 3189 1947 3245 monasterii

289 3278 475 3336 vestri
506 3278 753 3335 liberam
786 3294 917 3333 esse
961 3277 1362 3344 decernimus,
1398 3282 1462 3333 ut
1503 3293 1714 3333 eorum
1761 3276 1946 3335 devo-

291 3368 439 3426 tioni
473 3370 529 3424 et
561 3371 842 3424 extremm
879 3366 1167 3423 voluntati
1206 3366 1310 3439 qui
1341 3382 1403 3422 se
1431 3365 1550 3423 illic
1590 3365 1823 3439 sepeliri
1871 3366 1947 3425 de

289 3456 694 3526 liberaverint,
747 3456 861 3512 nisi
917 3457 1066 3512 forte
1106 3456 1607 3513 excommunicati
1648 3455 1738 3512 vel
1775 3456 1947 3513 inter-

289 3546 433 3603 dicti
463 3547 599 3617 sint,
643 3545 841 3602 nullus
885 3546 1154 3613 obsistat,
1202 3544 1598 3601 salvatamen
1625 3544 1855 3616 Justitia
1883 3544 1949 3602 il-

287 3634 483 3693 larum
511 3633 900 3692 ecclesiarum
948 3650 983 3690 a
1027 3634 1249 3707 quibus
1280 3639 1652 3691 mortuorum
1694 3650 1948 3707 corpora

289 3729 699 3782 assumuntur.
733 3723 1000 3780 Obeunte
1031 3739 1170 3780 vero
1215 3729 1290 3791 te,
1329 3738 1489 3779 nunc
1521 3722 1793 3793 ejusdem
1832 3722 1947 3781 loci

289 3811 531 3878 abbate,
561 3814 656 3869 vel
681 3818 919 3870 tuorum
965 3812 1232 3886 quolibet
1270 3827 1702 3878 successorum,
1749 3811 1949 3868 nullus

287 3901 369 3959 ibi
398 3901 666 3975 quolibet
690 3901 1095 3974 subreptionis
1119 3901 1337 3958 astutia
1362 3916 1465 3957 seu
1490 3900 1773 3958 violentia
1802 3918 1950 3973 prae-

285 3996 568 4065 ponatur,
618 3990 731 4047 nisi
760 4007 943 4065 quem
986 3990 1197 4049 fratres
1257 3992 1563 4048 communi
1625 4005 1947 4057 consensu,

284 4078 380 4137 vel
417 4079 672 4137 fratrum
709 4095 851 4153 pars
881 4080 1114 4136 consilii
1164 4080 1443 4149 sanioris,
1484 4077 1818 4136 secundum
1848 4072 1949 4137 Dei

286 4168 562 4225 timorem
623 4173 681 4224 et
711 4168 866 4224 beati
918 4167 1212 4224 Benedicti
1238 4167 1545 4239 Regulam,
1577 4167 1946 4242 providerint

286 4255 650 4327 eligendum.

358 4346 737 4401 Decernimus
760 4360 903 4415 ergo
929 4350 991 4402 ut
1023 4345 1166 4401 nulli
1212 4345 1459 4403 omnino
1505 4345 1819 4403 hominum
1850 4346 1943 4404 fas

2069 1757 2225 1815 diac.
2259 1759 2425 1818 card.
2463 1777 2541 1815 ss.

2143 1851 2263 1919 Ego
2293 1850 2599 1906 Rainerius
2627 1850 2825 1907 Sancti
2860 1850 3106 1909 Adriani
3144 1851 3301 1909 diac.
3329 1854 3497 1911 card.
3533 1872 3621 1911 ss.

2142 1976 2250 1994 .....
2284 1953 2389 2010 per
2442 1954 2690 1995 manum
2743 1938 2989 2007 Alberti,
3032 1947 3254 1999 sanctas
3297 1945 3592 2001 Romanae
3617 1944 3724 2001 Ec·

2066 2026 2264 2084 clesioe
2295 2027 2626 2100 presbyteri
2656 2029 2980 2085 cardinalis
3032 2031 3389 2096 cancellarii.
3423 2048 3523 2092 vui
3582 2033 3718 2090 ldns

2065 2117 2272 2183 Hartii,
2354 2117 2678 2175 indictione
2742 2136 2841 2186 xv,
2906 2119 3343 2178 incarnationis
3391 2120 3724 2180 Dominicoe

2066 2222 2228 2264 anno
2275 2205 2430 2271 ¹181,
2466 2207 2848 2279 pontificatus
2882 2224 3023 2267 vero
3065 2210 3275 2267 domni
3307 2211 3472 2268 Lucii
3509 2210 3582 2268 ΙΙΙ
3617 2228 3722 2285 pa·

2066 2310 2160 2367 pae
2179 2310 2343 2353 anno
2362 2312 2404 2353 1.

2206 2402 2452 2474 (Pendet
2490 2409 2829 2461 consuetum
2855 2403 3200 2474 plumbeum
3227 2406 3556 2481 siqillum.)

2801 2511 2979 2570 XLllI.

2274 2625 2663 2697 Privileqium
2694 2642 2808 2697 pro
2846 2626 3109 2685 Ecclesia
3151 2627 3507 2687 Mutinensi.

2559 2735 2880 2806 (Laterani,
2926 2738 3090 2795 lart-
3142 2736 3222 2811 9.)

2269 2824 2640 2894 [TinAnoscm,
2670 2824 2946 2882 Memorie
2984 2825 3248 2895 Medea„
3275 2827 3368 2893 tu,
3392 2826 3516 2902 82]

2128 2912 2325 2969 Lucius
2374 2914 2715 2986 episcopus,
2780 2929 2988 2971 servus
3040 2931 3352 2975 servorum
3405 2917 3530 2986 Dei,
3578 2917 3716 2975 dile.

2058 3003 2165 3059 ctis
2213 3002 2347 3058 tiliis
2400 3004 2720 3071 nominoio,
2753 3004 3073 3077 proeposito
3125 3007 3474 3064 Mutinensis
3523 3009 3712 3068 Eccle-

2058 3093 2183 3157 siae,
2216 3093 2464 3164 ejusque
2495 3091 2798 3162 fratribus,
2826 3101 2948 3150 tam
2981 3095 3383 3166 proesentibus
3405 3112 3598 3170 quam
3629 3098 3715 3157 fu·

2059 3180 2227 3247 turis,
2257 3181 2545 3237 canonice
2576 3181 3088 3239 substituendisin
3116 3191 3496 3257 perpetuum.

2128 3268 2410 3326 Effectum
2437 3268 2598 3341 juste
2632 3270 3072 3343 postulantibus
3104 3272 3420 3344 indulgere
3446 3279 3504 3333 et
3544 3276 3715 3347 vigor

2056 3359 2354 3432 requitatis
2376 3363 2434 3416 et
2462 3360 2611 3415 ordo
2630 3359 2817 3431 exigit
2839 3361 3107 3427 rationis,
3124 3364 3454 3434 praesertim
3466 3366 3715 3438 quando

2056 3449 2384 3522 petentium
2414 3447 2748 3505 voluntates
2779 3454 2834 3506 et
2877 3450 3067 3523 pietas
3110 3451 3363 3523 adjuvat
3391 3458 3448 3511 et
3495 3456 3718 3512 veritas

2056 3553 2177 3594 non
2203 3537 2504 3610 relinquit.
2556 3541 2906 3611 Eapropter,
2948 3539 3147 3597 dilecti
3178 3540 3238 3598 in
3293 3542 3552 3601 Domino
3589 3544 3712 3614 filii,

2057 3627 2275 3683 vestris
2297 3626 2481 3699 justis
2507 3628 3013 3700 postulationibus
3042 3628 3366 3688 clementer
3385 3634 3716 3690 annuimus

2058 3719 2117 3772 et
2145 3714 2457 3788 praefatam
2492 3716 2883 3773 Mutinensem
2909 3716 3249 3787 Ecclesiam,
3281 3720 3341 3777 in
3365 3736 3491 3794 qua
3513 3723 3714 3781 divino

2056 3805 2419 3877 mancipatis
2442 3804 2588 3861 estis
2619 3806 2935 3879 obsequio,
2977 3808 3052 3864 ad
3083 3808 3395 3882 exemplar
3418 3809 3609 3869 felicis
3633 3829 3716 3870 re·

2058 3894 2421 3952 cordationis
2463 3894 2925 3967 praedecessoris
2952 3898 3140 3954 nostri
3168 3897 3490 3957 Alexandri
3521 3917 3708 3976 pape,

2060 3984 2176 4041 sub
2218 3983 2376 4041 beati
2419 3985 2571 4041 Petri
2600 3987 2660 4041 et
2701 3990 2915 4042 nostra
2944 3987 3314 4060 protectione
3346 3991 3709 4065 suscipimus

2057 4079 2112 4131 et
2158 4073 2466 4146 praesentis
2498 4073 2701 4147 scripti
2733 4075 3047 4147 privilegio
3076 4079 3564 4148 communimus,
3605 4085 3712 4138 sta-

2057 4168 2289 4221 tuentes
2326 4168 2389 4220 ut
2442 4179 2840 4238 quascunque
2866 4166 3298 4237 possessiones,
3335 4184 3712 4246 quecunque

2053 4252 2217 4310 bona
2250 4253 2461 4310 eadem
2496 4253 2749 4310 ecclesia
2784 4253 3305 4328 inpraesentiarum
3339 4258 3507 4330 juste
3543 4267 3600 4319 et
3622 4277 3713 4318 ca·

2056 4343 2270 4399 nonice
2304 4342 2591 4415 possidet,
2624 4348 2726 4399 aut
2749 4342 2809 4399 in
2832 4341 3098 4401 futurum
3129 4346 3529 4406 concessione
3571 4366 3712 4424 pon-

285 4433 361 4491 sit
388 4434 702 4506 proetatum
728 4434 1155 4490 monasterium
1183 4439 1400 4491 temere
1440 4435 1809 4506 perturbare,
1838 4441 1941 4494 aut
1971 4428 2018 4484 D
2052 4430 2298 4503 tifleum2
2329 4430 2647 4502 largitione
2670 4446 2882 4503 fflssum
2903 4432 2995 4490 Vel
3022 4435 3386 4508 principum,
3409 4437 3713 4497 Oblnlioue

289 4522 418 4595 ejus
468 4524 873 4596 possessiones
913 4523 1167 4592 auferre,
1225 4522 1318 4580 vel
1374 4523 1608 4580 ablatas
1661 4525 1935 4592 retinere,

285 4612 577 4679 minuere,
620 4628 726 4669 seu
781 4611 1151 4686 quibuslibet
1205 4612 1618 4670 vexationibus
1663 4612 1935 4684 fatigare,

279 4703 386 4760 sed
399 4702 623 4760 ommia
644 4703 875 4773 integra
888 4708 1316 4760 conserventur
1334 4718 1542 4760 eorum
1555 4717 1666 4776 pro
1677 4719 1937 4777 quorum

277 4791 715 4864 gubernatione
752 4799 809 4849 et
848 4793 1285 4849 sustentatione
1317 4806 1605 4849 concessa
1633 4796 1771 4848 sunt
1822 4794 1938 4849 usi-

275 4879 392 4938 bus
421 4881 785 4939 omnimodis
834 4882 1166 4954 profutura,
1198 4881 1368 4939 salva
1406 4880 1566 4938 sedis
1590 4881 1936 4954 apostolica>

278 4972 623 5028 auctoritate
642 4977 700 5028 et
724 4971 1045 5028 dioecesani
1072 4971 1343 5044 episcopi
1367 4972 1660 5028 canonica
1683 4972 1933 5042 justitia.

279 5059 334 5118 Si
368 5076 486 5132 qua
520 5060 699 5131 igitur
730 5060 790 5117 in
823 5060 1091 5117 futurum
1122 5060 1523 5118 ecclesiastica
1551 5061 1935 5120 saecularisve

275 5165 535 5223 persona
563 5155 678 5206 etc.

524 5256 730 5296 Anium
769 5254 891 5306 nos,
931 5255 1066 5296 neus
1113 5254 1417 5297 sanutus
1454 5255 1682 5297 nosrta.

345 5327 469 5402 Ego
508 5328 748 5394 Lucius,
792 5328 1107 5386 Catholicoe
1162 5329 1432 5387 Ecclesiae
1485 5330 1814 5403 episcopus
1849 5347 1932 5387 ss.

344 5421 469 5490 Ego
499 5417 863 5485 Theodinus,
913 5419 1255 5477 Portuensis
1310 5423 1368 5477 et
1425 5420 1659 5477 Sanctae
1706 5419 1931 5478 Ruflnoe

274 5505 437 5566 nedu
476 5508 797 5583 episcopus
827 5524 908 5566 ss.

2047 4519 2340 4587 fidelium,
2394 4536 2503 4577 seu
2547 4519 2680 4578 aliis
2716 4521 2898 4592 justis
2950 4521 3169 4589 modis,
3224 4529 3558 4596 proestante
3611 4529 3712 4586 Do·

2046 4610 2235 4676 mino,
2267 4609 2479 4682 poterit
2506 4609 2782 4683 adipisci,
2810 4610 2986 4668 firma
3023 4610 3191 4669 vobis
3222 4615 3563 4691 vestrisque
3592 4633 3710 4675 suc·

2046 4700 2390 4757 cessoribus
2430 4704 2487 4756 et
2519 4697 2751 4756 illibata
2797 4706 3194 4772 permaneant
3222 4703 3283 4758 in
3311 4704 3548 4778 quibus
3593 4707 3710 4764 bec

2044 4788 2302 4863 propriis
2337 4788 2622 4845 duximus
2642 4789 3036 4862 exprimenda
3072 4791 3384 4849 vocabulis
3414 4810 3430 4850 ε

2115 4877 2435 4935 Ecclesiam
2473 4877 2550 4935 de
2580 4877 2909 4949 Mocclena,
2968 4878 3279 4938 ecclesiam
3337 4884 3548 4943 Sancti
3583 4888 3709 4944 Uar·

2046 4968 2150 5026 tini
2169 4966 2244 5024 de
2269 4970 2448 5024 Ponte
2462 4968 2653 5034 ducis,
2680 4967 2980 5026 decimam
3001 4969 3258 5041 piscium
3279 4971 3571 5044 ejusdem
3587 4975 3705 5040 loci,

2044 5061 2450 5115 tenementum
2505 5056 2860 5124 pelavicinii,
2897 5058 3205 5116 Saccuncii
3252 5065 3312 5117 et
3353 5064 3600 5122 comitis
3641 5064 3705 5121 de

2043 5149 2252 5217 lassa,
2306 5146 2622 5204 ecclesiam
2651 5147 2726 5203 de
2750 5148 2898 5205 Cesa
2924 5153 2980 5206 et
3010 5164 3260 5207 mansos
3311 5167 3484 5225 quos
3511 5154 3597 5213 ibi
3617 5154 3708 5212 ha·

2042 5234 2220 5303 betis,
2270 5234 2591 5294 ecclesiam
2642 5236 2848 5294 Sancti
2877 5237 3083 5296 Jacobi
3115 5238 3190 5295 de
3223 5240 3614 5318 Aqualonga,
3659 5247 3702 5300 et

2042 5324 2245 5382 villam
2268 5323 2543 5397 eiusdem
2565 5323 2702 5392 loci,
2726 5326 3044 5383 ecclesiam
3095 5329 3331 5386 Sanctae
3381 5332 3592 5391 larice
3643 5331 3702 5390 de

2043 5413 2249 5481 Situla,
2306 5418 2573 5471 castrum
2627 5415 2885 5473 Panzani
2942 5431 3082 5473 cum
3138 5421 3304 5474 curte
3351 5423 3410 5476 et
3439 5422 3702 5490 ecclesie,

2039 5509 2243 5570 villam
2271 5514 2549 5580 Harzani,
2581 5512 2896 5573 ecclesiam
2928 5513 3129 5573 Sancti
3170 5514 3460 5588 Maronis,
3503 5520 3706 5580 Holen-
