3784 6000
270 236 386 304 81¹

1353 230 1779 298 flmmeum
1818 227 2201 294 TYRENSIS
2243 228 2615 295 suomet».

3561 224 3686 295 8¹2

274 371 528 430 turribus
560 369 966 444 frequentibus
1013 367 1171 426 etad
1217 367 1612 424 defensionem
1675 364 1906 438 aptissi·
1952 370 2000 432 Α
2031 370 2130 419 tur
2155 362 2567 434 imploratum:
2617 364 2774 439 qnod
2815 362 3210 436 postmodum,
3238 362 3398 422 sicut
3426 377 3524 419 res
3553 362 3686 429 ipsa

276 462 412 529 mis,
459 461 641 533 aquis
697 462 901 531 spatiis
947 458 1344 529 circumsepti.
1398 457 1460 513 ln
1512 461 1674 528 parte
1719 461 1916 511 autem

274 550 622 610 occidentali
670 549 933 613 inferius,
991 548 1146 604 circa
1194 554 1380 617 partes
1429 547 1680 602 civitatis
1729 545 1922 601 novis·

276 639 481 701 simas.
511 640 593 698 ita
619 639 909 696 moenibus
936 642 994 694 et
1024 637 1205 694 monti
1241 640 1305 693 tlt
1332 635 1583 704 vicinus,
1615 635 1828 693 fluvius
1861 638 1926 691 ut

277 744 424 802 pons
459 745 577 803 quo
606 730 910 791 transitur.
959 735 1137 801 porto
1162 726 1414 783 civitatis
1445 733 1505 781 et
1538 742 1705 781 muro
1735 725 1924 781 conti-

279 822 510 875 nuetur.
561 816 1010 888 Longitodinem
1057 823 1252 873 autem
1303 815 1547 872 civitatis
1576 815 1812 886 quidam
1849 814 1919 871 ad

276 905 416 972 duo,
449 906 683 979 quidam
709 922 847 963 vero
876 907 947 962 ad
982 907 1092 961 tria
1114 910 1388 976 reputant
1420 904 1711 961 milliaria.
1740 904 1925 960 Distat

278 999 470 1053 autem
503 1013 538 1054 a
566 996 709 1052 mari
745 994 1097 1053 milliaribus
1126 996 1322 1051 decem
1355 1001 1457 1050 aut
1481 992 1812 1050 duodecim.

918 1100 1148 1159 CAPUT
1192 1101 1283 1158 XI.

278 1189 414 1262 Quis
442 1195 562 1247 erat
609 1190 866 1247 dominus
890 1193 949 1247 in
981 1207 1073 1258 ea,
1101 1195 1151 1247 el
1179 1187 1443 1262 quomodo
1479 1188 1670 1245 audito
1709 1195 1923 1243 nostro·

347 1262 744 1323 rummlventu.
759 1264 948 1319 urbem
960 1263 1584 1329 nrtmmmmunieravit,
1610 1276 1681 1318 ex
1726 1259 1926 1318 vicinis

346 1334 575 1391 urbibus
597 1349 622 1397 ,·
649 1338 824 1402 copiis
847 1333 908 1390 in
938 1350 1006 1391 eu
1024 1335 1282 1393 collectis.

351 1441 541 1509 Huius
573 1446 768 1498 autem
801 1447 919 1498 tam
952 1445 1198 1514 egregiis
1225 1439 1477 1498 civitatis
1506 1438 1785 1496 dominus
1804 1439 1928 1494 erat

280 1530 523 1605 quidam
578 1528 893 1589 Acxiamus
938 1529 1194 1598 nomine,
1242 1531 1476 1589 natione
1518 1529 1770 1595 Tui-cus,
1824 1526 1927 1599 qui

281 1618 356 1679 de
384 1618 607 1678 familia
644 1621 835 1677 fuerat
882 1621 1080 1692 magni
1118 1624 1178 1677 et
1209 1618 1596 1692 potentissimi
1646 1616 1928 1690 principis

280 1707 509 1767 soldani
540 1707 865 1777 Persarum,
903 1708 975 1765 de
1003 1724 1116 1779 quo
1163 1708 1437 1781 superius
1485 1707 1726 1764 lecimus
1758 1721 1932 1763 men-

282 1797 525 1865 tionem,
558 1796 813 1854 Bell'etob
847 1797 1133 1861 videlicet,
1165 1797 1264 1870 qui
1299 1797 1602 1853 universes
1635 1794 1766 1850 illas
1800 1811 1932 1865 pro-

280 1885 501 1942 vincias
544 1901 653 1944 suo
700 1887 980 1942 violenter
1024 1886 1440 1956 subjugaverat
1480 1883 1758 1957 imperio:
1789 1889 1930 1939 tan-

279 1974 414 2032 dem
442 1989 583 2033 vero
609 1974 869 2032 subactis
897 1974 1126 2046 populis
1148 1980 1207 2032 et
1236 1973 1593 2039 nationibus,
1628 1973 1827 2029 volens
1854 1972 1928 2028 ad

279 2062 519 2139 propria
564 2063 775 2132 redire,
824 2065 1130 2137 nepotibus
1159 2063 1285 2121 suis
1315 2080 1382 2121 ac
1411 2063 1768 2132 vernaculis,
1798 2063 1929 2119 uni-

279 2168 476 2213 versas
538 2169 684 2226 quas
731 2152 845 2211 sibi
892 2153 1302 2224 vindicaverat,
1352 2154 1647 2211 distribuit
1698 2154 1932 2226 provin-

281 2242 426 2314 cias,
455 2246 522 2299 ut
539 2247 836 2301 tantorum
868 2242 1284 2302 beneficiorum
1318 2260 1625 2311 memores,
1650 2246 1929 2316 perpetuo

279 2331 391 2389 sibi
422 2331 720 2388 fidelitatis
745 2348 894 2388 nexu
929 2338 1261 2390 tenerentur
1279 2332 1539 2405 obligati.
1573 2335 1634 2390 ln
1667 2349 1783 2404 qua
1812 2331 1928 2388 dis·

283 2419 622 2488 tributionis,
687 2418 1026 2477 Solimanno
1082 2423 1209 2491 ejus
1276 2422 1494 2494 nepoti,
1546 2425 1612 2477 ut
1660 2420 1927 2493 predixi-

284 2522 441 2575 mus,
470 2507 644 2565 Nicea
670 2525 805 2564 cum
854 2509 1258 2579 adjacentibus
1308 2510 1615 2582 provinciis
1651 2509 1932 2567 collocata

281 2602 392 2664 est,
418 2595 665 2655 cuidam
697 2612 828 2654 vero
856 2596 1017 2654 alieri
1048 2599 1176 2670 ejus
1207 2599 1421 2671 nepoti,
1451 2604 1638 2656 liucac
1671 2600 1930 2668 nomine,

285 2686 488 2744 urbem
535 2685 787 2744 contulit
826 2686 1246 2746 Damasceoam
1277 2704 1409 2746 cum
1439 2688 1683 2745 urbibus
1711 2688 1926 2745 suffra-

282 2775 486 2849 ganeis
514 2779 573 2833 et
601 2776 1004 2849 adjacentibus
1037 2777 1393 2850 regionibus,
1419 2794 1671 2851 quorum
1696 2777 1928 2852 utrique

280 2863 632 2922 Soldanatus
661 2870 721 2923 et
750 2881 962 2923 nomen
1002 2867 1251 2923 contulit
1280 2873 1340 2924 et
1362 2867 1708 2941 dignitatem
1732 2887 1749 2935 ;
1785 2867 1930 2925 Soli·

281 2968 527 3023 manno,
555 2954 693 3029 quia
740 2970 875 3013 cum
924 2954 1141 3015 Groecis
1171 2955 1452 3026 limitans,
1482 2957 1713 3030 imperii
1744 2957 1927 3016 Cons-

277 3044 779 3117 tantinopolitani,
813 3051 1112 3119 perpetua,
1133 3050 1191 3104 et
1210 3047 1339 3104 sine
1368 3047 1803 3105 intermissione
1839 3064 1928 3118 pa·

276 3132 536 3191 tiebatur
580 3137 938 3202 certamina;
990 3135 1182 3192 Ducac
1224 3153 1381 3202 vero,
1430 3153 1565 3195 cum
1612 3138 1918 3209 AEgyptiis,
1952 3116 1998 3187 (ἶ

277 3237 529 3296 quorum
580 3223 853 3294 predicto
894 3222 1141 3281 Soldano
1188 3235 1520 3298 suspectum
1569 3231 1694 3283 erat
1734 3227 1921 3282 incre-

275 3315 541 3369 mentum
575 3317 634 3368 et
668 3313 820 3369 vires
849 3313 1267 3381 formidabiles,
1302 3317 1496 3389 jugem
1522 3320 1580 3371 et
1608 3331 1753 3386 pene
1792 3331 1924 3372 con·

275 3400 509 3459 tinuum
540 3400 796 3459 habebat
814 3402 1150 3459 conflictum
1174 3408 1231 3460 et
1252 3419 1521 3475 guerram
1547 3406 1923 3477 pertinacem.

276 3489 521 3549 Cuidam
568 3506 705 3549 vero
751 3507 916 3549 servo
963 3494 1113 3564 eius,
1171 3495 1475 3564 Assungur
1518 3494 1775 3562 nomine,
1824 3484 1930 3563 qul

279 3581 392 3640 tuit
429 3582 715 3657 sanguini
762 3588 926 3656 pater
970 3589 1029 3642 et
1071 3600 1214 3642 aviis
1248 3584 1547 3653 Nor-adini,
1598 3585 1924 3643 ramosissi-

276 3687 434 3731 mam
466 3671 717 3730 contulit
743 3672 1030 3732 civitatem
1068 3674 1358 3747 Alapiam.
1392 3675 1538 3733 Huic
1565 3691 1823 3748 quoque,
1850 3677 1924 3734 de

274 3777 391 3837 qun
433 3776 646 3835 sermo,
695 3767 782 3820 est
819 3763 879 3821 in
910 3766 1202 3836 presenti,
1243 3766 1520 3836 Acxiano,
1562 3765 1767 3823 urbem
1817 3781 1919 3824 ea-

274 3853 408 3910 dem
450 3850 796 3911 liberalitate
826 3854 1110 3912 concessit
1141 3855 1589 3924 Antiochenam,
1619 3870 1750 3912 cum
1788 3856 1923 3913 flni-

273 3941 388 3999 bus
418 3941 683 3998 modicis.
714 3941 859 3999 Nam
891 3959 1080 4016 usque
1109 3943 1441 4001 Laodiciam
1466 3945 1665 4015 Syrio.
1690 3944 1923 4018 calipha

274 4031 579 4103 Egyptius
609 4031 910 4089 universas
940 4027 1278 4104 possidebat
1308 4036 1594 4108 regiones.
1632 4035 1732 4092 llic
1759 4051 1919 4107 ergo,

275 4118 520 4175 audiens
550 4119 704 4191 quod
738 4125 939 4178 tantus
970 4122 1232 4178 fidelium
1264 4124 1593 4196 principum
1623 4125 1924 4182 adveniret

274 4208 586 4274 exercitus,
655 4208 855 4265 missis
914 4210 1321 4282 frequentibus
1386 4212 1630 4283 nuntiis,
1683 4221 1737 4270 et
1792 4213 1920 4269 viva

274 4309 413 4349 voce
437 4298 496 4348 et
531 4292 908 4363 epistolarum
954 4298 1165 4367 otsscio,
1212 4315 1413 4357 omnes
1459 4302 1750 4375 principes
1780 4302 1922 4359 uni-

275 4382 427 4439 versi
466 4382 822 4441 sollicitabat
852 4384 1103 4443 Orientis
1128 4404 1143 4455 ς
1183 4389 1436 4446 maxime
1462 4397 1661 4448 autem
1689 4398 1749 4448 et
1777 4392 1921 4449 cali-

2031 453 2235 518 iocuit,
2286 453 2439 510 lideli
2490 455 2965 523 interpretatione
3013 455 3425 525 impleverunt.
3475 452 3684 511 Acxia·

2031 551 2353 600 uustamen
2369 544 2665 600 intercede
2684 551 3015 601 nostrorum
3038 545 3357 601 adventum
3372 542 3683 614 sollicitus,

2030 643 2247 707 quanta
2282 640 2469 704 potest
2497 633 2825 708 diligentia,
2877 652 2945 691 ex
2994 636 3397 704 adjncentibus
3447 635 3687 707 provin-

2032 726 2138 778 ctts
2166 728 2222 776 et
2253 721 2517 777 tiniiimis
2561 722 2806 778 urbibus
2840 723 2990 779 vires
3028 729 3299 795 corrogat
3326 728 3386 779 et
3411 722 3686 792 induem

2032 816 2090 867 et
2118 811 2482 866 obsidionem
2506 811 2577 866 de
2607 811 2701 868 die
2730 811 2788 867 in
2819 811 2971 868 aliem
3005 812 3368 884 priestolans,
3403 810 3602 868 victus
3625 815 3688 868 et

2033 900 2441 957 alimentorum
2474 900 2935 973 collioeitcopias,
2969 918 3127 958 arma
3157 899 3517 972 congregati
3550 916 3686 957 ma-

2030 992 2237 1046 teriam
2268 991 2339 1046 ad
2372 990 2764 1046 contexendas
2785 990 2924 1046 varii
2955 991 3182 1058 generis
3213 990 3539 1057 machinas,
3563 992 3687 1047 fer·

2035 1094 2186 1144 rum,
2234 1079 2539 1152 chalybem
2570 1086 2628 1135 et
2656 1089 2862 1136 caetera
2904 1097 3033 1152 quie
3081 1081 3139 1136 in
3184 1080 3362 1149 huius
3394 1079 3551 1137 modi
3582 1096 3684 1139 so-

2031 1165 2156 1223 lent
2203 1183 2369 1223 usum
2421 1173 2696 1239 praestare
2741 1170 3149 1235 necessarium,
3182 1169 3522 1226 ardentibus
3551 1175 3684 1227 stu·

2034 1255 2150 1313 diis
2179 1258 2331 1312 cives
2364 1257 2632 1312 hortatur
2651 1256 2924 1315 inducere
2946 1274 2961 1327 ς
2986 1260 3083 1329 qui
3108 1260 3370 1316 certatim
3399 1274 3502 1330 pro
3521 1265 3681 1315 statu

2036 1346 2271 1417 publico
2319 1352 2377 1402 et
2423 1347 2584 1402 urbis
2632 1348 2811 1404 tutela
2861 1346 3120 1417 solliciti,
3168 1353 3388 1420 quanta
3412 1351 3681 1419 possunt,

2033 1434 2319 1492 insistunt
2355 1434 2679 1508 diligentia,
2716 1440 2779 1491 ut
2818 1434 2980 1492 nulla
3009 1437 3096 1494 eis
3124 1436 3274 1493 desit
3303 1452 3519 1505 rerum,
3550 1452 3681 1511 quo

2034 1522 2257 1581 civibus
2279 1523 2732 1583 obsessitsolent
2756 1524 3087 1583 ministrare
3105 1525 3396 1585 solatium.
3419 1525 3686 1585 Circum·

2034 1618 2241 1671 euntes
2269 1613 2468 1686 itaque
2497 1614 2817 1687 regionem,
2861 1615 3202 1673 suburbana
3229 1614 3524 1689 spoliant;
3554 1615 3688 1673 fru-

1963 1732 2011 1800 B
2041 1711 2323 1771 mentum,
2353 1705 2579 1775 vinum,
2608 1704 2829 1774 oleum,
2854 1708 2913 1762 et
2932 1713 3142 1762 cetera
3169 1705 3307 1761 vitis
3327 1703 3681 1774 necessaria,

2040 1807 2242 1865 greges
2273 1808 2504 1866 quoque
2541 1801 2594 1849 et
2623 1800 2888 1850 armenta
2934 1794 3071 1850 inde
3112 1809 3312 1852 secum
3364 1795 3686 1864 trabentes,

2043 1883 2246 1939 urbem
2281 1883 2624 1940 necessariis
2653 1883 2982 1950 cumulant,
3016 1889 3225 1941 contra
3249 1886 3683 1942 advenientium

2040 1973 2542 2046 importunitatem
2578 1975 2832 2032 hostium
2862 2015 2879 2044 ,
2914 1974 3099 2032 multa
3129 1973 3493 2047 providentis.
3516 1984 3574 2034 et
3603 1974 3687 2033 la·

2037 2063 2178 2119 bore
2223 2079 2337 2120 non
2393 2080 2589 2135 parvo,
2640 2081 2705 2121 se
2750 2065 3235 2122 communientes.
3284 2063 3689 2122 Convenerunt

2039 2159 2231 2210 autem
2268 2154 2341 2209 de
2390 2153 2678 2210 universis
2725 2154 3082 2228 regionibus,
3133 2170 3284 2228 quos
3319 2153 3474 2211 idem
3521 2169 3685 2212 eser·

2039 2242 2190 2298 citus
2239 2244 2664 2315 pertransierat,
2715 2243 2885 2301 multi
2938 2242 3164 2302 nobiles
3209 2246 3269 2302 et
3315 2243 3512 2317 magni
3552 2242 3684 2311 viri,

2040 2340 2173 2389 ante
2206 2333 2411 2389 faciem
2446 2338 2779 2391 nostrorum
2832 2334 3137 2408 fugientes,
3175 2332 3274 2405 qui
3313 2333 3386 2391 ob
3417 2332 3528 2390 loci
3561 2348 3685 2391 mu·

2041 2421 2239 2479 nimen
2268 2426 2328 2478 et
2358 2422 2555 2491 robur,
2600 2422 2757 2496 quod
2795 2423 3100 2481 videbatur
3140 2421 3533 2493 insuperabile
3558 2422 3683 2479 sine

2039 2511 2288 2580 alicujus
2334 2513 2654 2578 vocatione,
2705 2510 2832 2568 sola
2873 2528 2977 2585 spe
3006 2512 3334 2569 obtinendis
3371 2511 3583 2570 salutis
3621 2511 3683 2568 in

2039 2603 2304 2656 eamdem
2354 2599 2554 2655 urbem
2603 2599 2987 2657 contulerant.
3041 2601 3201 2661 Unde
3247 2598 3525 2671 ampliato
3566 2616 3684 2656 nu-

2039 2704 2219 2756 mero,
2268 2687 2615 2747 dicebantur
2643 2689 2701 2747 in
2732 2690 2966 2748 civitate
3011 2705 3141 2747 esse
3170 2695 3292 2748 tam
3339 2705 3411 2747 ex
3453 2689 3682 2747 civibus

2036 2794 2215 2853 quam
2244 2795 2314 2836 ex
2341 2782 2710 2852 congregatis
2738 2778 2993 2848 auxiliis,
3012 2780 3277 2852 equitum
3307 2795 3410 2839 sex
3441 2779 3526 2835 vel
3555 2796 3685 2853 sep·

2035 2873 2153 2926 tem
2174 2867 2386 2938 millia3
2408 2869 2666 2942 peditum
2687 2879 2879 2926 autem
2901 2870 2973 2927 ad
2998 2885 3256 2942 pugnam
3279 2870 3680 2942 expeditorum

2033 2959 2236 3030 eopia,
2267 2957 2603 3031 quindecim
2625 2965 2730 3016 aut
2748 2959 2954 3033 viginti
2976 2957 3228 3018 millium
3269 2972 3568 3019 summam
3587 2957 3676 3016 di·

2033 3047 2315 3106 cebantur
2341 3048 2637 3106 excedere.

2660 3155 2895 3214 CAPUT
2931 3155 3053 3214 xil.

2033 3244 2378 3303 Deliberalt'o
2406 3250 2723 3303 nostrorum
2758 3245 3098 3318 principum.
3131 3249 3187 3304 et
3223 3260 3467 3305 eccum
3501 3261 3676 3320 expe·

2544 3318 2824 3374 ditionum
2852 3318 2923 3374 ad
2943 3319 3157 3377 urbem.

2101 3405 2381 3463 videntes
2423 3423 2559 3479 ergo
2592 3408 2771 3464 nostri
2800 3409 3096 3466 civitatem
3131 3408 3189 3465 in
3218 3408 3408 3466 vicino
3446 3409 3677 3466 consti-

2033 3499 2243 3566 tutam,
2266 3500 2578 3569 antequam
2604 3498 2671 3553 ad
2702 3497 2995 3553 civitatem
3015 3501 3374 3564 accederent,
3395 3512 3678 3556 convene·

2029 3590 2168 3642 runt
2199 3585 2269 3642 ad
2302 3586 2573 3654 invicem,
2604 3602 2771 3645 surer
2816 3586 3061 3643 instanti
3109 3586 3260 3644 facto
3296 3585 3672 3644 deliberatio-

2031 3690 2166 3730 nem
2197 3674 2476 3733 habituri.
2507 3676 2685 3733 Erant
2715 3676 2871 3732 enim
2902 3677 2975 3734 de
3008 3676 3372 3748 principibus
3399 3676 3669 3734 nonnulli

2027 3763 2153 3835 qui,
2187 3768 2417 3834 propter
2441 3762 2754 3820 instantem
2788 3764 3062 3833 hiemem,
3085 3763 3245 3822 urbis
3263 3763 3497 3824 differre
3514 3763 3672 3823 ohsi-

2027 3850 2262 3908 dionem
2312 3867 2503 3925 usque
2530 3853 2603 3908 ad
2633 3854 2787 3911 veris
2816 3853 3047 3910 initium
3099 3855 3449 3927 persuadere
3489 3869 3673 3914 cona-

2026 3940 2261 4011 bantur,
2333 3941 2649 4012 allegantes
2693 3942 2834 4016 quod
2890 3943 3164 4001 exereitus
3237 3960 3340 4011 per
3393 3944 3555 4002 urbes
3618 3953 3672 4004 et

2025 4031 2250 4088 castella
2288 4031 2493 4089 diuisus
2520 4038 2662 4101 eret,
2709 4035 2806 4105 qui
2845 4050 2957 4090 non
3001 4036 3168 4107 facile
3201 4041 3336 4094 eale
3381 4038 3523 4095 veris
3552 4035 3672 4093 iai-

2025 4123 2167 4177 tium
2208 4131 2387 4194 posset
2432 4125 2697 4181 wvocori.
2737 4124 3046 4181 Dicebatur
3076 4131 3357 4197 praterea,
3389 4126 3528 4199 quod
3561 4128 3672 4182 im-

2023 4215 2250 4285 perator
2313 4213 2958 4287 constantinopolitanus
3004 4217 3084 4274 eis
3126 4217 3376 4288 infinitas
3427 4219 3671 4275 mitteret

2025 4302 2209 4373 copias
2236 4303 2294 4358 in
2323 4304 2628 4361 subsidium
2650 4323 2669 4372 ς
2697 4310 2749 4361 et
2773 4306 2925 4377 quod
2944 4307 3113 4363 eliam
3133 4305 3199 4363 de
3215 4306 3463 4379 partibus
3487 4310 3672 4364 trans-

2026 4390 2233 4463 alpinis
2280 4409 2466 4452 reeens
2511 4394 2723 4451 iterum
2757 4395 3039 4453 adveniret
3083 4397 3363 4454 exercitus
3383 4413 3404 4454 .·
3433 4412 3674 4469 quorum

274 4470 453 4548 pbam
502 4471 942 4544 Baldacensem,
984 4480 1040 4532 et
1069 4477 1344 4534 eximium
1375 4485 1433 4535 et
1462 4481 1682 4536 cisteris
1727 4480 1917 4536 omni·
1953 4499 1998 4566 D
2028 4490 2577 4555 utrumqueoportere
2595 4488 3003 4552 exspectat-emt
3023 4484 3412 4558 multiplicatis
3429 4486 3671 4553 viribus,

274 4564 387 4623 bus
437 4563 823 4632 potentiorem
871 4565 1181 4624 soldanum
1216 4572 1549 4630 Persarum.
1593 4570 1838 4643 Eratque
1867 4573 1920 4629 ei

273 4654 420 4714 satis
457 4652 624 4711 facile
650 4659 710 4712 et
741 4655 800 4712 in
829 4656 1098 4729 expedito
1145 4660 1495 4730 persuadere
1538 4661 1687 4731 quod
1719 4665 1921 4732 postu-

270 4744 430 4803 labat
454 4762 468 4812 ς
500 4760 637 4802 nam
668 4746 739 4804 de
763 4751 1092 4805 nostrorum
1115 4749 1362 4807 adventu
1385 4758 1555 4806 erant
1580 4749 1761 4806 multo
1789 4757 1923 4810 ante

269 4833 624 4906 promoniti,
655 4835 727 4890 de
755 4852 1009 4909 quorum
1041 4840 1460 4895 numerositate
1490 4844 1547 4897 et
1575 4839 1787 4896 virtute
1822 4840 1922 4896 in-

272 4921 587 4993 superabili
611 4923 1012 4997 solimannus,
1034 4926 1135 5001 qui
1160 4928 1287 5001 ipso
1310 4944 1501 4985 rerum
1521 4928 1919 5000 experimento

271 5016 332 5068 et
378 5008 490 5066 lide
538 5012 730 5070 oculta
754 5025 1151 5088 conspexerat,
1181 5035 1279 5075 eos
1308 5019 1641 5076 reddiderat
1687 5020 1804 5078 fleta
1832 5038 1919 5079 re·

269 5099 485 5158 latione
505 5100 814 5160 doctiores.
836 5104 1021 5164 Instat
1040 5124 1173 5178 ergo
1197 5116 1433 5179 uterque
1455 5111 1641 5167 multa
1677 5126 1913 5182 precum

269 5191 573 5261 instantia,
622 5195 681 5248 et
729 5193 983 5264 prolusis
1025 5212 1190 5266 opem
1240 5204 1543 5270 postulant
1590 5200 1865 5271 lacrymis
1896 5219 1912 5270 ς

265 5279 383 5345 hlc.
418 5285 485 5340 ut
514 5281 731 5339 illatam
777 5282 979 5341 ulcisci
1029 5286 1213 5357 possit
1238 5287 1558 5359 injuriam;
1608 5287 1707 5346 ille
1751 5306 1910 5356 vero,

2026 4572 2255 4643 [acilius
2296 4580 2515 4640 possent
2571 4573 2815 4632 obtinere
2859 4575 3221 4647 propositum.
3265 4576 3502 4634 Inter-im
3548 4590 3672 4632 vero

2025 4676 2127 4733 per
2169 4666 2350 4732 partes
2394 4660 2651 4732 divisum,
2704 4678 2800 4728 ver
2839 4663 2963 4722 loeo
3006 4664 3355 4737 opulentiora
3391 4664 3676 4723 hiemandi

2027 4752 2216 4821 oralia
2265 4750 2616 4820 diripentium
2662 4752 2986 4823 exercitum,
3031 4760 3093 4813 ut
3131 4771 3253 4814 vers
3295 4755 3576 4825 redeunte,
3622 4759 3676 4813 et

2028 4842 2302 4911 reparatis
2347 4842 2575 4913 viribus,
2620 4847 2672 4899 et
2710 4846 2863 4917 equis
2903 4845 3106 4917 pabulo
3133 4846 3475 4916 refocillatis,
3502 4845 3677 4916 fortio

2028 4944 2117 4986 res
2165 4929 2366 4985 iterum
2395 4929 2467 4987 ad
2493 4930 2680 4988 debita
2707 4944 2925 5004 possent
2951 4951 3124 4997 onem
3149 4950 3496 5003 consur-aere.
3527 4933 3677 4992 Aliis

2025 5033 2161 5075 vero
2193 5019 2359 5085 lenire
2388 5022 2691 5079 videbatur
2744 5022 3169 5096 expedientius,
3202 5034 3260 5082 ut
3287 5026 3475 5082 statim
3497 5030 3553 5082 et
3579 5040 3676 5081 su·

2026 5109 2141 5166 bilo
2168 5109 2302 5166 urbs
2325 5110 2602 5169 obsidione
2631 5113 2956 5175 vallaretur.
2995 5131 3065 5172 ne
3093 5114 3239 5171 dalis
3267 5114 3511 5172 induetis
3547 5129 3674 5172 eum

2022 5201 2167 5257 cives
2208 5204 2550 5258 communire
2590 5206 2810 5275 possent
2852 5203 3225 5276 diliqentiuu
3269 5208 3326 5262 el
3371 5205 3553 5262 vocati
3603 5202 3680 5260 ad

2019 5305 2213 5347 eorum
2250 5290 2574 5359 subsidium,
2625 5293 2923 5365 colliaendi
2969 5295 3206 5366 majores
3239 5296 3446 5367 copias,
3493 5295 3674 5360 series

267 5378 334 5427 ut
363 5371 610 5444 patriam
640 5372 712 5431 ab
750 5388 950 5434 eorum
1009 5377 1191 5448 possit
1236 5377 1677 5450 impugnatione
1719 5385 1907 5437 tutam
2021 5378 2278 5437 baberent
2327 5383 2642 5451 ampliores.
2687 5382 2754 5440 ln
2804 5384 2911 5441 hac
2959 5386 3139 5457 igitur
3185 5389 3350 5442 tanta
3375 5383 3671 5440 delibera·

265 5460 531 5531 reddere,
577 5467 637 5519 st
690 5477 894 5520 eorum
950 5480 987 5521 a
1037 5481 1101 5522 se
1148 5469 1488 5539 propulsare
1545 5467 1904 5527 violentiam.

266 5547 615 5606 Promittant
642 5549 825 5622 igitur
852 5551 935 5608 illi
966 5568 1177 5611 manus
1197 5561 1253 5612 et
1270 5553 1601 5615 subsidium
1628 5557 1908 5631 pollicen-

2017 5467 2176 5526 tione
2201 5485 2271 5526 ea
2293 5486 2426 5543 pars
2443 5470 2719 5535 obtinuit.
2748 5487 2879 5544 quo
2897 5472 3056 5545 operi
3097 5474 3364 5549 protinus
3396 5472 3677 5532 insisten-

2015 5557 2182 5626 dum,
2230 5573 2456 5618 moram
2513 5575 2645 5620 esse
2703 5561 3120 5634 periculosam,
3167 5567 3226 5624 st
3275 5561 3673 5636 expeditionis
