3784 6000
174 239 292 306 '195

1257 240 1678 307 GUILLELMI
1722 239 2106 306 TYRENSIS
2145 238 2512 305 Ancum).

3467 232 3579 297 ⁷96

168 380 286 440 late
325 382 594 453 vagantis
639 377 896 436 incendii
941 378 1216 451 furorem,
1267 377 1717 436 declinaverunt.
1765 377 1828 435 Si
1859 379 1915 448 A
1944 377 2200 436 obeundi
2242 374 2466 434 itineris
2511 374 2704 443 initio,
2751 377 2946 432 exorta
2981 371 3177 431 subito
3230 367 3585 428 validissima

176 487 303 544 quat
341 487 474 528 vero
503 469 678 527 vicini
725 469 896 525 odore
935 467 1191 524 incendii
1237 467 1591 541 conflagrare
1638 482 1827 539 coepe-

173 565 325 631 rant,
357 559 511 634 ignis
544 560 825 627 fomitem,
869 557 956 614 vel
986 558 1045 612 in
1095 556 1313 625 isvilla,
1362 558 1450 614 vel
1492 557 1608 614 alio
1654 556 1828 613 modo

174 665 369 708 secum
399 649 715 718 trabentes,
768 647 1046 705 beneficio
1094 648 1356 704 numinis
1395 655 1450 704 et
1503 647 1827 705 vicinarum

176 740 483 811 aspergine
540 754 849 810 aquarum,
908 738 1233 795 remedium
1293 738 1821 810 consequebantur.

176 829 418 886 Fiebant
448 831 744 900 praeterea,
777 826 880 883 sed
910 826 1519 898 diebusinterpolatis,
1540 827 1598 882 in
1622 828 1829 882 urbem

176 916 466 985 assultus,
498 918 555 973 in
590 917 829 989 quibus,
859 916 1181 972 secundum
1215 915 1325 974 hoc
1355 917 1509 987 quod
1543 915 1827 974 bellorum

174 1003 394 1061 dubius
424 1003 572 1060 solet
600 1020 727 1060 esse
758 1012 1022 1073 eventus,
1046 1020 1202 1059 nuno
1225 1004 1433 1074 nostri,
1456 1020 1611 1059 nunc
1636 1005 1830 1061 hostes

168 1092 517 1150 deteriorem
539 1091 831 1149 calculum
865 1092 1278 1165 reportabant;
1329 1091 1690 1164 frequentius
1737 1097 1830 1150 ta-

175 1197 311 1239 men
369 1181 553 1238 nostri
611 1180 915 1254 pugnandi
971 1181 1336 1238 occasionem
1396 1180 1827 1238 ministrabant.

175 1270 321 1328 Nam
350 1270 552 1327 hostes
571 1286 724 1338 raro,
758 1269 871 1326 nisi
892 1269 1172 1337 lacessiti,
1197 1269 1269 1326 ad
1293 1286 1669 1343 congressum
1695 1287 1829 1341 pro·

171 1358 496 1429 vocabant3
549 1374 974 1430 nonnunquam
1031 1361 1226 1415 tamen
1284 1374 1386 1431 per
1433 1357 1828 1416 adulterinam

175 1451 428 1521 portam,
460 1464 588 1521 quoe
616 1451 948 1505 Grecorum
988 1446 1337 1521 respiciebat
1365 1452 1574 1509 castra,
1623 1447 1683 1504 in
1733 1465 1831 1505 eos

175 1536 529 1610 irruptiones
577 1535 804 1594 subitas
856 1534 1144 1593 iaciebant
1191 1535 1491 1609 oppidani,
1533 1537 1832 1594 nescimus

176 1641 292 1697 qua
332 1625 546 1684 fiducia
596 1625 870 1694 adducti;
903 1629 1003 1682 aut
1049 1625 1195 1696 quod
1248 1625 1462 1682 nostris
1494 1641 1595 1684 eos
1633 1627 1834 1684 audie-

1939 470 2309 541 tempestate,
2352 465 2636 523 fretorum
2670 465 2892 536 experti
2923 460 3386 534 insuperabilem
3427 458 3584 515 mali·

1936 557 2101 626 tiam,
2134 555 2446 614 confractis
2476 554 2731 611 navibus
2761 562 2818 610 et
2841 552 3061 611 collisis
3109 552 3181 608 ad
3232 550 3585 617 littora‚om-

1942 663 2046 705 nes
2074 663 2218 719 pene
2249 644 2557 717 passisunt
2588 644 2981 715 naufragium.
3014 641 3105 697 Sic
3134 640 3338 711 itaque
3364 638 3439 694 de
3469 642 3586 694 tan·

1938 740 2001 794 ta
2031 735 2232 798 classe,
2265 752 2389 806 quae
2421 734 2492 790 ad
2525 750 2632 789 nos
2664 732 3060 799 descenderat,
3092 735 3213 787 tam
3245 729 3318 785 de
3359 725 3586 799 majori·

1940 827 2072 896 bus,
2105 841 2276 898 quam
2307 824 2378 880 de
2412 821 2764 890 minoribus,
2814 837 3007 893 paucoe
3056 836 3231 876 naves
3289 821 3584 874 reservata

1940 920 2080 972 sunt
2109 913 2451 980 incolumes,
2505 928 2632 984 quae
2679 911 2751 967 ad
2806 909 3165 968 redeundum
3211 923 3286 964 ex
3342 921 3405 963 se
3450 905 3584 978 ipsis

1940 1007 2270 1077 prestarent
2300 1000 2685 1057 habilitatem.
2721 1000 2939 1057 Infecto
2971 998 3152 1070 Igitur
3177 994 3438 1069 negotio,
3469 1009 3582 1049 om-

1941 1093 2004 1149 ni
2033 1097 2227 1149 tamen
2261 1090 2582 1162 diligentia,
2614 1104 2729 1161 qua
2758 1086 3031 1160 compleri
3063 1084 3338 1155 debebat,
3370 1100 3406 1140 a
3445 1098 3580 1139 nun·

1943 1181 2039 1238 tiis
2069 1179 2291 1237 domini
2322 1177 2695 1249 imperatoris
2723 1177 3012 1249 impensa,
3045 1178 3103 1231 et
3131 1172 3332 1230 debita
3377 1170 3583 1228 solliei-

1941 1269 2147 1326 tudine
2169 1267 2552 1340 procurandis
2582 1266 2832 1338 negotiIs
2881 1263 3162 1332 exhibita,
3207 1263 3460 1319 domum
3497 1276 3582 1317 re-

1942 1360 2142 1428 deunt,
2175 1357 2383 1429 dejecti
2411 1356 2627 1428 animo,
2659 1355 2765 1413 sati
2797 1355 3145 1412 adversitate
3190 1349 3580 1419 consternati;

1943 1452 2218 1507 timentes
2248 1465 2319 1505 ne
2350 1448 2478 1516 sibi,
2526 1451 2734 1520 praeter
2773 1445 3070 1509 meritum,
3121 1440 3450 1516 imperialis
3493 1456 3584 1497 ex·

1943 1539 2210 1597 cellentia
2235 1538 2545 1596 sinistrum
2569 1538 2881 1609 imputaret
2901 1537 3172 1593 eventum
3197 1551 3214 1603 ;
3245 1536 3306 1590 et
3327 1531 3485 1605 quod
3504 1546 3588 1587 ca-

1944 1647 2048 1688 sus
2079 1628 2351 1686 attulerat
2382 1625 2755 1692 inevitabiIIs,
2787 1624 2874 1682 ira
2900 1639 3222 1682 succensus
3253 1636 3464 1680 eorum
3490 1620 3588 1677 do-

174 1722 307 1777 rant
360 1718 701 1776 naturaliter
721 1716 1116 1786 invalidiores,
1141 1719 1399 1791 autquia
1425 1719 1577 1777 l’ame
1594 1719 1821 1792 pericli·
1864 1759 1915 1827 B
1945 1719 2168 1789 minus,
2201 1717 2455 1774 indebite
2485 1732 2689 1773 eorum
2722 1714 3037 1772 ascriberet
3066 1715 3170 1770 aut
3199 1710 3472 1781 malitia,
3501 1712 3593 1768 aut

175 1813 389 1877 tantes,
420 1809 493 1865 ad
524 1808 896 1866 sustinendos
925 1807 1181 1879 impetus
1229 1808 1427 1865 minus
1479 1809 1829 1881 reputabant
1945 1808 2254 1880 neglectui.
2310 1805 2678 1863 Meminimus
2727 1809 2948 1874 tamen,
2996 1805 3131 1877 post
3177 1800 3443 1859 reditum
3498 1814 3595 1856 no-

180 1898 446 1955 idoneos.
485 1898 691 1955 Eorum
726 1903 919 1954 tamen
951 1898 1333 1969 magistratus
1362 1886 1730 1970 Megaducas,
1780 1902 1838 1955 et
1943 1903 2158 1965 strum,
2191 1905 2308 1952 tam
2342 1913 2376 1953 a
2408 1894 2646 1952 domino
2685 1910 2839 1967 rege,
2871 1910 3050 1966 quam
3072 1909 3108 1949 a
3128 1890 3496 1965 quibusdam
3521 1904 3598 1945 re·

181 1987 283 2044 alii
310 1986 552 2045 viriliter
578 1991 636 2043 et
665 1988 808 2044 satis
837 1995 1093 2055 strenue,
1126 1988 1353 2059 quoties
1384 2003 1533 2060 opus
1584 1992 1728 2059 erat,
1773 1988 1833 2044 in
1946 1986 2044 2059 gni
2094 1984 2486 2059 principibus,
2536 1981 2781 2040 sollicite
2829 1986 2887 2038 et
2931 1979 3246 2052 diligenter
3292 1980 3596 2050 quesisse,

182 2075 307 2134 acie
337 2077 730 2133 decertabant.
765 2075 926 2133 Unde
976 2091 1178 2133 eorum
1230 2077 1494 2150 exemplo
1530 2077 1837 2134 inferiores
1947 2090 2196 2146 quaenan
2254 2088 2432 2128 causa
2462 2071 2634 2127 fuerit
2662 2071 2818 2142 quod
2857 2073 3055 2126 tantus
3112 2066 3433 2136 exercitus,
3480 2070 3600 2123 tan·

183 2165 448 2233 animati,
473 2165 817 2238 plerumque
863 2163 1045 2222 etiam
1093 2169 1301 2236 praeter
1330 2164 1593 2235 solitum,
1642 2171 1698 2222 et
1745 2167 1838 2223 in·
1941 2166 2138 2219 torum
2172 2161 2501 2233 principum
2534 2161 2727 2216 studio
2759 2162 3130 2231 procuratus,
3163 2157 3247 2213 ita
3277 2157 3342 2213 in
3391 2172 3595 2229 propo-

187 2254 425 2313 stabant
437 2255 650 2326 acrius,
668 2262 722 2311 et
737 2251 1057 2311 animosius
1071 2254 1442 2311 resistebant.
1461 2256 1839 2329 Augebantur
1944 2251 2059 2308 sito
2091 2249 2381 2308 defecerit.
2413 2250 2560 2306 Nam
2584 2265 2689 2305 nos
2719 2264 2784 2305 eo
2807 2263 2981 2318 anno,
3006 2245 3408 2303 familiaribus
3428 2244 3594 2301 tracti

188 2360 358 2418 porro
391 2344 637 2414 civibus,
670 2348 791 2401 tam
815 2360 914 2417 per
944 2348 1130 2401 terras
1161 2361 1339 2417 quam
1364 2346 1615 2418 navigio,
1653 2346 1837 2402 turbae
1945 2340 2215 2414 negotiis,
2249 2347 2302 2396 et
2331 2339 2550 2396 domini
2582 2335 3008 2411 archiepiscopi
3030 2335 3216 2394 nostri
3232 2335 3592 2392 declinantes

191 2434 498 2503 militares,
538 2438 605 2490 ut
624 2434 754 2505 jam
786 2434 856 2490 de
887 2438 1090 2491 caetero
1123 2435 1362 2506 nostris,
1403 2436 1592 2509 magis
1642 2439 1842 2494 essent
1943 2430 2408 2502 indignationem
2439 2429 2812 2497 immeritam,
2843 2429 2912 2487 ad
2943 2425 3266 2486 Ecclesiam
3295 2443 3410 2484 nos
3457 2441 3590 2483 con·

186 2522 486 2581 formidini
516 2522 614 2593 qui
645 2522 799 2579 infra
828 2523 1042 2579 moenia
1073 2524 1434 2593 tenebantur,
1466 2541 1639 2596 quam
1664 2525 1836 2583 mole-

191 2612 315 2671 stin
347 2610 561 2682 aliquid
596 2612 738 2684 pati,
770 2611 870 2683 qui
901 2611 1245 2668 dicebantur
1272 2614 1520 2671 obsessi.
1572 2613 1837 2672 Murmur

193 2717 326 2774 ergo
347 2701 472 2773 jam
496 2701 765 2773 serpebat
790 2699 850 2755 in
882 2701 1115 2774 populo,
1148 2706 1206 2757 et
1233 2707 1357 2758 erat
1376 2704 1641 2759 omnium
1690 2721 1836 2775 pene

192 2807 309 2849 una
360 2790 666 2859 sententia,
728 2794 956 2847 nostros
997 2807 1231 2863 operam
1287 2791 1573 2848 inutiliter
1627 2809 1835 2851 consu·

181 2896 375 2938 mere:
410 2879 559 2936 irata
589 2878 900 2936 Divinitate
930 2896 992 2937 se
1024 2879 1133 2937 hoc
1156 2897 1302 2954 opus
1335 2883 1616 2952 coepiss03
1649 2883 1835 2941 tutius

173 2986 304 3029 esse
330 2969 518 3029 redire
590 2970 660 3026 ad
719 2971 972 3043 propria,
1024 2987 1204 3043 quam
1262 2972 1320 3028 in
1375 2972 1618 3046 AEgypto
1679 2973 1836 3032 fame

180 3061 501 3132 tabescere,
531 3059 620 3116 vel
668 3059 919 3117 hostium
960 3059 1172 3133 gladiis
1219 3062 1505 3134 deputari.
1543 3063 1830 3121 Mediani·

1946 2520 2271 2578 tuleramus
2330 2520 2691 2590 Romanam3
2753 2520 2968 2577 reversi
3024 2523 3249 2591 autem,
3305 2518 3589 2592 praedictae

1949 2612 2289 2687 quaestionis
2321 2611 2671 2668 solutionem
2702 2611 3248 2683 quaerentes,variis
3269 2609 3586 2667 multorum

1949 2701 2329 2759 relationibus
2373 2701 2443 2758 de
2494 2701 2576 2757 rei
2651 2702 2893 2758 veritate
2922 2700 3310 2774 cupiebamus
3331 2700 3585 2768 edoceri3

1948 2810 2083 2849 nam
2111 2791 2282 2864 longe
2308 2808 2342 2847 a
2371 2806 2475 2863 spe
2515 2794 2715 2848 nostra
2761 2790 3060 2847 dicebatur
3107 2789 3438 2860 accidisse;
3487 2805 3590 2863 qna

1948 2880 2343 2939 sollicitudine
2374 2885 2574 2938 nostra
2603 2896 2709 2937 nos
2739 2880 3026 2949 trahente,
3061 2881 3184 2937 baec
3222 2880 3429 2937 omnia
3464 2878 3590 2936 scri·

1948 2976 2046 3045 pto
2071 2972 2349 3028 mandare
2360 2970 2479 3042 jam
2521 2985 2996 3043 conceperamus.
3020 2969 3362 3027 Invenimus
3382 2968 3592 3028 Grecos

1947 3060 2203 3120 etiamin
2237 3061 2509 3133 praedicto
2541 3060 2794 3134 negotio,
2827 3076 2944 3117 non
2965 3061 3093 3117 sine
3119 3059 3239 3117 lata
3265 3059 3448 3132 culpa
3465 3059 3594 3116 luia-

181 3149 335 3206 tibus
365 3164 500 3222 ergo
531 3149 767 3216 nostris,
811 3152 870 3205 et
914 3149 986 3205 de
1026 3150 1277 3223 satrapis
1319 3151 1637 3207 Turcorum
1686 3169 1831 3208 non·
1862 3130 1907 3198 C
1945 3168 2027 3210 se.
2061 3152 2207 3208 Nam
2239 3166 2376 3208 cum
2409 3150 2721 3223 pecuniam
2743 3150 2814 3207 ad
2838 3150 3114 3208 alendum
3136 3155 3372 3208 tantum
3396 3149 3593 3209 exerci-

186 3237 388 3308 nullis‚
418 3241 476 3295 et
506 3237 757 3294 maxime
787 3239 1040 3311 quodam
1071 3254 1268 3296 eorum
1326 3240 1606 3313 principe,
1645 3240 1836 3297 fideli·

182 3336 268 3385 ter
297 3343 525 3399 operam
561 3328 755 3398 dante,
784 3327 1048 3385 Jevelino
1070 3328 1834 3394 videlicet,consonantibus

180 3417 245 3476 in
283 3418 343 3473 id
404 3417 603 3488 ipsum
649 3416 872 3486 Grecis,
925 3418 1171 3475 occultis
1228 3418 1579 3492 quibusdam
1632 3421 1832 3477 condi·

173 3506 437 3565 tionibus
467 3504 657 3564 Ioedus
686 3506 913 3575 initui-3
949 3522 1079 3564 mox
1123 3522 1266 3565 voce
1305 3507 1595 3579 praeconia
1616 3524 1729 3581 pax
1749 3507 1834 3565 in·

183 3595 423 3653 dicitur.

769 3702 999 3762 CAPUT
1028 3703 1239 3761 XVIII.

180 3793 457 3851 Revocatis
484 3793 961 3865 expeditionibus,
993 3809 1094 3850 rex
1138 3792 1208 3849 ad
1248 3795 1478 3865 propria
1521 3796 1834 3852 revertitur.

253 3865 563 3922 Graecorum
591 3866 783 3922 classis
812 3868 873 3920 in
900 3866 1174 3923 redeundo
1191 3881 1329 3938 pene
1360 3872 1478 3923 tota
1505 3866 1734 3938 deperit,
1756 3868 1834 3924 si-

249 3938 443 3994 nistris
471 3947 600 3993 acta
627 3937 874 4008 flatibus.

259 4043 648 4117 Egrediuntur
675 4058 813 4116 ergo
835 4046 953 4100 tam
983 4043 1055 4100 de
1104 4043 1351 4114 civibus,
1397 4060 1573 4118 quam
1622 4046 1697 4102 de
1741 4044 1837 4103 his

187 4132 294 4205 qui
324 4133 386 4188 in
407 4146 611 4187 eorum
642 4130 977 4188 subsidium
1029 4138 1328 4203 venerant,
1378 4135 1447 4191 ad
1501 4140 1834 4193 nostrorum

183 4227 396 4292 castra,
428 4238 530 4292 pro
559 4221 745 4278 libero
776 4221 1016 4279 arbitrio
1040 4240 1055 4292 ;
1088 4225 1304 4280 nostris
1333 4241 1567 4298 quoque
1591 4225 1839 4282 volenti-

186 4314 300 4370 bus
331 4311 538 4367 urbem
572 4312 830 4381 introire,
862 4313 1005 4371 liber
1026 4315 1302 4372 introitus
1331 4317 1382 4372 ei
1415 4332 1683 4388 egressus
1713 4316 1838 4375 sine

1943 3246 2070 3299 tum
2089 3240 2500 3310 sufficientem,
2515 3256 2574 3297 se
2589 3242 2907 3298 missurum
2927 3240 3271 3298 firmissime
3299 3241 3590 3314 promisis-

1942 3335 2034 3388 set
2063 3329 2340 3387 dominus
2370 3330 2707 3402 imperator,
2757 3330 2820 3387 in
2869 3346 2937 3387 ea
2985 3334 3149 3403 parte
3194 3332 3474 3388 inventus
3514 3335 3592 3387 est

1942 3438 2137 3479 sermo
2188 3423 2317 3494 ejus
2376 3421 2576 3477 minus
2631 3420 2946 3479 soliditatis
2994 3421 3296 3478 habuisse.
3347 3423 3438 3480 Ex
3489 3436 3592 3494 quo

1944 3510 2103 3568 enim
2155 3511 2213 3567 in
2262 3510 2572 3583 AEgyptum
2626 3510 3046 3567 descenderant
3090 3515 3223 3582 ejus
3269 3509 3594 3578 archontes,

1941 3601 2042 3658 ubi
2073 3600 2252 3657 etiarn
2286 3599 2417 3656 aliis
2462 3600 2881 3670 indigentibus,
2913 3600 2985 3657 de
3015 3599 3306 3670 imperiali
3339 3599 3599 3673 magnifl-

1938 3690 2131 3747 centia
2159 3688 2470 3745 subvenire
2502 3688 2860 3759 debuissent,
2892 3693 3191 3762 coeperunt
3230 3687 3352 3763 ipsi
3400 3687 3597 3763 primi·

1939 3780 2040 3835 tus
2071 3778 2334 3850 indigere
2367 3783 2422 3832 et
2453 3780 2720 3834 mutuam
2762 3794 3018 3850 quaerere
3063 3778 3404 3851 pecuniam,
3453 3777 3598 3835 unde

1942 3866 2067 3927 suis
2096 3866 2429 3939 legionibus
2458 3871 2578 3923 tam
2611 3868 2683 3924 ad
2707 3867 2925 3925 victum
2957 3884 3139 3941 quam
3186 3868 3261 3924 ad
3311 3866 3598 3941 stipendia

1941 3957 2311 4032 providerent
2336 3974 2353 4025 ;
2383 3960 2443 4013 et
2463 3972 2633 4014 nemo
2663 3956 2780 4014 illis
2814 3957 3012 4015 dabat.

2573 4063 2809 4121 CAPUT
2837 4063 2981 4121 XIX.

1950 4155 2319 4211 Terraemotus
2347 4152 2624 4209 maximas
2650 4168 2787 4224 pene
2806 4154 3127 4210 universum
3153 4153 3402 4210 concutit
3421 4150 3601 4209 Orien-

2228 4227 2358 4286 tem,
2391 4229 2442 4281 et
2471 4224 2629 4281 urbes
2659 4224 2844 4297 dejicit
2869 4228 3310 4299 antiquissimas.

2019 4315 2234 4370 AEstate
2290 4330 2421 4371 vero
2481 4325 2786 4386 sequente,
2841 4332 2994 4373 anno
3049 4315 3328 4374 videlicet
3383 4314 3600 4376 domini

185 4399 532 4459 difficultate
563 4400 949 4473 patebat.Hic
970 4405 1212 4462 tandem
1236 4410 1577 4462 mutuorum
1599 4408 1729 4462 data
1748 4409 1838 4462 est
1948 4403 2224 4460 Amalrici
2282 4404 2557 4476 septimo,
2620 4420 2823 4462 mense
2884 4405 3083 4479 Junio,
3113 4410 3317 4464 tantus
3369 4411 3600 4480 tamque

187 4490 439 4549 facultas
479 4491 988 4563 commerciorum,
1037 4499 1095 4552 et
1150 4495 1309 4566 quod
1354 4494 1562 4567 cuique
1609 4494 1839 4553 libitum
1869 4475 1917 4542 D
1950 4494 2262 4551 vehemens
2302 4495 2457 4551 circa
2502 4498 2693 4566 partes
2732 4493 3050 4553 orientales
3098 4499 3476 4556 terraemotus
3525 4495 3600 4551 la-

183 4584 309 4639 erat
337 4593 527 4637 emere
559 4577 647 4636 vel
695 4585 1042 4653 permutare,
1094 4584 1248 4641 l'acta
1294 4587 1384 4640 est
1431 4582 1689 4640 licentia.
1741 4584 1835 4641 Sic

183 4686 317 4742 ergo
347 4669 518 4744 quasi
550 4686 652 4742 per
681 4670 943 4728 triduum
979 4673 1162 4730 nostri
1200 4672 1499 4730 communi
1547 4689 1682 4730 cum
1733 4673 1836 4730 ho·

183 4760 376 4819 stibus
404 4760 496 4816 usi
520 4775 716 4817 rerum
746 4761 1038 4821 venalium
1074 4764 1216 4831 l’oro,
1266 4764 1338 4821 ad
1383 4763 1493 4820 iter
1538 4779 1600 4819 se
1647 4763 1837 4820 accin-

180 4855 345 4925 gunt.
379 4849 673 4923 Depositis
703 4849 887 4923 igitur
906 4854 1196 4911 machinis
1224 4857 1282 4910 et
1332 4853 1467 4926 igne
1515 4853 1835 4921 succensis,

178 4942 278 5012 qui
307 4939 567 4998 terrestri
600 4948 880 4998 venerant
916 4942 1146 5011 itinere,
1178 4942 1481 5001 dominum
1513 4959 1709 5017 regem
1741 4959 1837 5000 se·

181 5028 324 5096 cuti,
354 5028 557 5085 eadem
589 5045 706 5101 qua
727 5038 1001 5089 venerant
1030 5032 1121 5089 via
1169 5033 1230 5089 in
1270 5033 1498 5107 Syriam
1544 5037 1836 5090 reverten-

185 5123 273 5185 tes
304 5117 610 5174 maturatis
645 5119 968 5190 gressibus,
998 5139 1079 5179 xit
1109 5121 1239 5181 Kal.
1269 5122 1583 5179 Januarias
1611 5121 1841 5179 Ascalo-

188 5224 323 5268 nam
376 5214 782 5281 pervenerunt.
822 5209 1105 5269 Dominus
1151 5229 1283 5271 vero
1325 5229 1445 5279 rex,
1469 5212 1653 5284 gratia
1694 5212 1840 5268 vici·

187 5315 275 5355 nze
305 5296 655 5365 festivitatis,
674 5300 864 5356 Aecon
887 5317 990 5373 pro
1006 5318 1233 5373 perans,
1252 5302 1310 5358 in
1329 5301 1531 5375 vigilia
1553 5301 1844 5361 Nativita-

191 5387 265 5444 tis
295 5386 634 5456 Dominicae,
668 5389 872 5446 eadem
903 5390 1094 5465 attigit
1123 5391 1438 5449 civitatem.
1487 5391 1596 5461 Qui
1644 5396 1841 5450 autem

188 5475 423 5548 navigio
456 5483 762 5542 venerant.
784 5479 979 5537 omine
1017 5481 1259 5539 sinistro
1305 5485 1364 5538 et
1399 5480 1673 5538 infaustis
1720 5481 1841 5539 avi-

187 5565 317 5624 bus
372 5578 550 5622 naves
597 5569 1039 5644 conscendunt3
1099 5585 1239 5630 nam
1295 5570 1500 5632 statim
1545 5570 1608 5631 in
1651 5571 1843 5648 primo

1947 4589 2081 4641 ctus
2113 4593 2216 4654 cst,
2254 4588 2511 4657 quantus
2542 4584 2851 4658 qualisque
2881 4584 3164 4643 memoria
3213 4586 3409 4644 seeuli
3455 4602 3598 4660 prat·

1945 4673 2130 4730 sentis
2165 4673 2488 4739 bominum,
2522 4690 2829 4747 nunquam
2878 4673 3092 4747 legitur
3139 4675 3451 4734 accidisse.
3502 4676 3595 4731 llic

1946 4762 2202 4818 universi
2233 4761 2545 4819 Orientalis
2574 4767 2795 4820 tractus
2845 4765 3020 4821 urbes
3065 4765 3516 4837 antiquissimas
3541 4769 3596 4821 et

1948 4850 2401 4919 munitissimas,
2433 4852 2700 4910 funditus
2732 4852 2990 4923 diruens,
3013 4853 3372 4912 habitatores
3401 4869 3594 4913 earum

1947 4942 2118 4997 ruina
2149 4939 2472 5009 involvens,
2503 4942 2880 5000 aedificiorum
2909 4959 3049 5000 casu
3089 4943 3388 5011 contrivit,
3419 4948 3485 5002 ut
3529 4942 3596 5001 ad

1950 5029 2223 5102 exiguam
2255 5031 2533 5104 redigeret
2563 5032 2936 5104 paucitatem.
2976 5032 3103 5091 Non
3141 5037 3269 5092 erat
3307 5047 3494 5108 usque
3529 5032 3596 5090 ad

1949 5124 2275 5177 extremum
2303 5126 2464 5175 terras
2495 5118 2658 5177 locus
2687 5137 2861 5193 quem
2896 5120 3203 5179 familiaria
3224 5122 3486 5194 jactura,
3507 5121 3602 5178 do-

1948 5207 2036 5266 lor
2065 5209 2428 5267 domesticus
2459 5225 2576 5267 non
2623 5215 2904 5285 angeret:
2955 5210 3173 5285 ubique
3208 5211 3435 5282 luctus,
3483 5210 3603 5270 nbi-

1951 5313 2063 5372 que
2093 5300 2361 5356 funebria
2399 5301 2817 5358 tractabantur.
2871 5302 3027 5358 Inter
3073 5317 3222 5376 quaa
3265 5306 3328 5359 et
3375 5303 3602 5376 provin·

1952 5390 2173 5448 ciarum
2205 5394 2567 5459 nostrarum,
2595 5393 2775 5466 Syriae
2803 5397 2862 5449 et
2889 5391 3183 5451 Phoenicis
3211 5391 3390 5451 urbes
3428 5407 3599 5466 quam

1953 5479 2262 5551 maximas,
2293 5487 2348 5537 et
2376 5481 2524 5537 serie
2553 5481 2902 5539 saeculorum
2951 5481 3306 5555 antiquitate
3353 5483 3598 5546 nobiles.

1951 5569 2251 5631 solotenus
2279 5569 2507 5644 dejecit.
2539 5572 2610 5630 In
2637 5569 2960 5646 Coelesyria,
2999 5570 3328 5631 multarum
3373 5571 3602 5648 provia-
