3784 6000
215 190 329 253 491

1282 184 1701 248 Gulussam
1746 185 2132 251 ‘rYaENffls
2175 188 2545 255 Ananim).
2591 150 2598 165 ’

3497 206 3623 268 492

215 339 271 387 et
301 342 549 386 munera
584 326 958 399 largiebatur,
994 331 1052 379 ut
1099 339 1165 380 eo
1195 321 1423 379 falleret
1471 321 1857 390 commodius,
1891 323 1943 390 Α
1972 321 2255 380 violenter
2281 330 3622 399 occupantes,suburbanatradsntesincendiis

215 420 545 477 Graecorum
576 417 890 474 observans
948 428 1169 469 morem
1214 412 1287 467 de
1334 411 1549 483 quibus
1598 409 1858 467 dicitur:

772 506 961 560 Timeo
999 503 1214 559 Danaos
1243 506 1296 557 ct
1324 500 1465 557 dona
1496 502 1752 570 serentes,

1141 592 1313 647 Vma.
1346 589 1563 646 AEneid.
1599 591 1651 645 1.
1677 606 1741 656 11,
1772 590 1860 644 49.

216 689 561 760 Suspectum
593 685 747 741 enim
768 683 990 740 babens
1020 681 1285 739 omnium
1318 680 1652 738 Latinorum
1684 694 1862 751 gene·

217 777 415 835 raliter
437 789 792 848 processum,
819 789 922 828 nec
946 787 1145 827 eorum
1172 769 1321 826 vires
1337 766 1728 839 multiplicari,
1754 783 1860 824 neo

214 866 471 926 dilatarit
499 867 868 938 potestatem,
902 861 1237 933 ubicunque
1276 858 1605 915 ministrare
1636 861 1860 930 poterat

213 956 720 1028 impedimentum,
755 949 1102 1022 patiebatur.
1138 948 1357 1005 Harum
1381 948 1561 1019 igitur
1580 947 1855 1003 dominus

214 1046 590 1102 Boamundus
634 1056 845 1096 memor
893 1039 1266 1110 injuriarum,
1315 1054 1350 1094 a
1387 1036 1847 1093 transmontanis

214 1154 481 1195 reversus
511 1135 797 1209 partibus,
820 1133 1224 1189 universorum
1250 1129 1587 1186 Latinorum
1609 1144 1849 1184 eausam

213 1222 863 1299 prosequens,equitum
879 1220 1095 1277 habens
1112 1219 1369 1292 quinque
1386 1217 1859 1290 millia,peditum

212 1329 346 1371 vero
378 1311 762 1386 quadraginta
798 1309 998 1378 millia,
1038 1309 1285 1379 septimo
1323 1307 1464 1363 Idus
1507 1306 1858 1363 Octobrisin

211 1408 426 1461 terram
468 1400 726 1474 praedicti
769 1397 1140 1471 imperatoris
1187 1394 1411 1466 navigio
1463 1394 1768 1467 pervenit;
1801 1399 1858 1451 et

210 1491 524 1549 confractis
562 1504 709 1561 pene
739 1486 1029 1544 universis
1070 1483 1376 1540 maritimis
1428 1482 1670 1539 urbibus
1701 1486 1761 1538 et
1795 1482 1854 1539 in

209 1580 592 1653 direptionem
619 1576 793 1646 datis,
813 1577 1143 1633 universam
1159 1573 1429 1646 Epirum,
1456 1576 1577 1628 tam
1602 1571 1852 1644 prImam

208 1687 385 1744 quam
417 1669 729 1726 secundam
750 1665 1136 1739 depopulatus
1155 1669 1244 1720 est
1270 1687 1284 1731 ;
1308 1663 1678 1733 tamdemque
1708 1663 1847 1719 Dur·

208 1759 473 1818 rachium
497 1758 794 1824 obsidens,
830 1753 982 1826 Epiri
1016 1752 1214 1825 primae
1239 1751 1632 1823 metropolim,
1666 1753 1850 1824 regio-

207 1864 341 1906 nem
381 1848 843 1917 circumquaque
889 1843 1172 1899 incendiis
1211 1847 1268 1897 et
1297 1839 1851 1914 depopulationibus

205 1939 464 2004 tradens,
513 1934 1066 2006 circumjacentibus
1098 1932 1456 2005 regionibus,
1510 1948 1612 2003 pro
1661 1931 1846 1987 libero

203 2028 446 2087 arbitrio
476 2027 771 2096 utebatur,
806 2041 1015 2099 parans
1061 2024 1133 2080 ad
1181 2023 1461 2080 dolandas
1502 2022 1846 2079 LatInorum

202 2118 471 2190 injurias,
503 2120 735 2174 auctore
767 2116 1028 2183 Domino,
1061 2115 1130 2170 ad
1161 2113 1439 2170 ulteriora
1469 2113 1701 2185 imperii
1737 2112 1848 2169 vio-

201 2205 1842 2281 lenterprocedere.AudiensigiturImperatordominum

199 2299 630 2368 Boamundum,
664 2312 796 2353 cum
827 2296 1050 2367 ingenti
1082 2294 1290 2351 militia
1305 2296 1666 2362 Latinorum,
1690 2294 1844 2351 intra

200 2390 346 2471 flues
377 2388 884 2459 suasingressum,
906 2384 1033 2455 ipse
1055 2401 1194 2441 suos
1216 2384 1601 2441 nibilominus
1619 2384 1843 2456 colligit

197 2477 503 2544 exercitus,
536 2477 671 2533 etei
721 2475 1040 2549 procedens
1079 2474 1327 2540 obviam,
1378 2473 1573 2545 copias
1610 2490 1748 2530 suas
1777 2473 1838 2530 in

192 2568 383 2625 vicino
399 2565 705 2623 constituit
730 2581 742 2620 :
764 2563 863 2620 ubi
886 2563 1297 2618 communibus
1313 2562 1836 2620 intervenientibus

195 2656 424 2723 amicis,
457 2655 769 2726 imperator
801 2652 980 2708 t‘oedus
1017 2651 1149 2706 iniit
1175 2665 1305 2706 cum
1339 2666 1426 2715 eo,
1477 2651 1837 2720 interpositis

188 2743 706 2820 juramentis,quod
728 2744 800 2800 de
822 2750 1017 2798 coetero
1048 2741 1254 2798 Christi
1283 2739 1532 2809 fidelibus
1562 2738 1623 2794 in
1651 2739 1837 2796 Orien-

191 2842 300 2893 tem
327 2836 567 2891 transire
598 2834 925 2900 volentibus,
950 2833 1090 2887 bona
1111 2833 1225 2902 tide
1242 2832 1360 2886 sine
1398 2829 1596 2901 fraude
1615 2841 1666 2885 et
1688 2831 1836 2888 malo

189 2924 433 2996 ingenia,
463 2926 760 2981 consilium
805 2924 1224 2978 ministraretis!
1253 2920 1533 2976 auxilium
1549 2937 1573 2985 ;
1611 2936 1710 2976 nec
1745 2937 1833 2977 eo·

187 3033 315 3072 rum
331 3016 443 3071 iter
470 3015 536 3069 ab
566 3016 638 3069 iis
657 3030 788 3085 quos
803 3015 923 3082 ipse
940 3011 1196 3067 cohibere
1223 3016 1419 3083 posset,
1444 3010 1709 3081 impedire
1727 3026 1831 3079 pa-

183 3107 412 3160 teretur.
439 3103 535 3157 His
564 3102 645 3157 ita
696 3100 1018 3171 compactis
1048 3104 1105 3155 et
1139 3099 1270 3154 fidei
1304 3115 1451 3155 nexu
1483 3100 1826 3172 interposito
1859 3070 1904 3138 C

187 3189 1094 3260 confirmatis,dominusquoque
1109 3190 1832 3258 BoamundusJuramento

187 3277 562 3353 corporaliter
588 3274 863 3350 praestito,
896 3275 1214 3331 amicitiam
1254 3280 1311 3331 et
1341 3275 1676 3332 fidelitatem
1701 3291 1834 3346 per-

188 3373 360 3441 petuo
381 3366 835 3424 conservandam
870 3364 1161 3437 promisit.
1197 3364 1335 3421 Inde
1365 3364 1423 3419 in
1446 3364 1711 3437 Apuliam
1740 3380 1833 3421 re-

186 3474 413 3528 versus,
457 3458 707 3513 dimissa
776 3454 1216 3529 peregrinorum
1266 3454 1458 3523 turba,
1509 3472 1637 3528 quae
1686 3455 1832 3511 votis

185 3546 463 3619 obligata,
490 3546 801 3602 tenebatur
819 3546 927 3602 iter
943 3544 1531 3617 Hierosolymitanum
1555 3546 1830 3617 perticere

186 3638 310 3710 ipse
340 3636 518 3704 domi,
553 3635 938 3692 familiaribus
968 3635 1160 3691 adhuc
1198 3635 1484 3691 delendus
1536 3634 1717 3703 curis,
1743 3651 1828 3691 re·

187 3727 405 3784 mansit
435 3726 647 3782 AEstate
700 3742 830 3781 vero
883 3729 1184 3797 sequente,
1238 3723 1578 3796 praeparatis
1609 3724 1728 3793 jam
1762 3740 1831 3780 ex

185 3820 347 3888 parte
394 3816 463 3871 ad
521 3815 629 3871 iter
679 3815 1025 3871 necessariis
1076 3818 1132 3870 et
1179 3818 1525 3886 congregato
1576 3814 1826 3886 navigia,

185 3906 324 3961 dum
355 3906 423 3960 ad
458 3906 567 3959 iter
595 3904 1007 3975 accingeretur,
1040 3905 1223 3975 copiis
1274 3906 1663 3977 undecunque
1689 3921 1829 3961 con-

186 3994 422 4059 vocatis,
443 3993 633 4048 valida
646 4004 946 4065 correptus
969 3993 1331 4066 aegritudine,
1357 3994 1414 4049 in
1443 3995 1562 4050 fata
1583 4010 1824 4051 conces·

184 4082 282 4150 sit,
315 4082 486 4138 unico
518 4080 637 4136 filio
671 4082 1031 4152 principatus
1067 4086 1123 4136 et
1176 4083 1430 4138 nominis
1463 4083 1689 4139 haerede
1727 4100 1823 4139 re-

185 4169 344 4236 licte,
376 4186 444 4224 ex
475 4168 714 4224 domina
737 4170 1074 4224 Constantia
1104 4170 1329 4225 domini
1371 4172 1648 4243 Philippi,
1691 4171 1826 4227 illu-

182 4257 318 4311 stris
347 4257 700 4311 Francorum
733 4256 901 4329 regis,
936 4257 1056 4312 filia
1088 4264 1379 4329 suscepto,
1423 4260 1691 4316 Mortuus
1740 4264 1829 4318 eet

183 4343 361 4401 etiam
392 4344 593 4401 eodem
623 4359 775 4400 anno
806 4345 1085 4402 dominus
1117 4346 1423 4419 Philippus
1470 4351 1823 4406 Francorum

183 4450 282 4492 rex
312 4432 583 4500 illustris,
617 4449 780 4490 socer
808 4435 957 4506 ejus.

813 4542 1046 4600 CAPUT
1074 4542 1197 4599 VII.

176 4654 219 4709 A
250 4653 451 4725 finibus
508 4648 825 4708 orientibus
852 4652 979 4707 item
1028 4652 1268 4723 inqentes
1319 4651 1609 4707 Tarcorem
1656 4650 1823 4721 copiae

244 4729 437 4797 partes
467 4724 763 4780 Edessanas
792 4739 1061 4794 occupare
1099 4726 1407 4790 nituntur,-
1447 4722 1544 4777 sed
1589 4722 1820 4778 Tancre-

250 4797 349 4852 dus
377 4813 493 4853 una
512 4811 637 4854 cum
657 4811 783 4866 ’τρε
810 4799 1073 4852 resistunt
1106 4795 1357 4851 viriliter.

250 4904 474 4959 Accidit
503 4904 676 4959 etiam
709 4919 806 4974 per
831 4905 1066 4960 eosdem
1099 4902 1247 4971 dies,
1279 4903 1418 4958 dum
1451 4901 1643 4959 adhuc
1675 4918 1819 4976 prae-

175 4991 309 5048 dicti
336 4990 581 5058 nobiles,
630 4993 903 5049 dominus
943 4992 1204 5050 videlicet
1261 5009 1456 5050 comes
1500 4991 1819 5048 Balduinus

172 5087 231 5139 et
259 5080 579 5148 Jocelinus,
612 5082 738 5152 ejus
776 5082 1248 5153 consanguineus
1289 5082 1443 5152 apud
1477 5080 1673 5138 hostes
1718 5082 1820 5137 de-

172 5172 498 5226 tinerentur
514 5170 569 5224 in
585 5168 1158 5238 vinculis,occasione
1171 5175 1403 5242 sumpta
1415 5188 1482 5227 ex
1505 5170 1819 5226 eorumab·

170 5260 381 5324 sentia,
414 5256 651 5315 collecta
681 5263 767 5314 est
796 5274 864 5313 ex
885 5256 1162 5314 Orientali
1199 5259 1329 5316 sinu
1372 5260 1698 5315 Turcorum
1728 5257 1818 5314 in-

172 5346 336 5403 ssnita
365 5346 680 5402 multitudo
703 5351 759 5402 et
792 5347 1244 5405 innumerabiles
1273 5347 1455 5420 copiae
1481 5364 1494 5415 ;
1548 5351 1722 5420 atque
1752 5345 1812 5402 in

168 5435 646 5507 Mesopotamiam
660 5437 1095 5506 descendentes,
1110 5438 1158 5494 ci
1168 5455 1264 5494 rca
1279 5441 1467 5509 partes
1488 5438 1814 5495 Edesseuas

168 5530 466 5597 eoeperunt
497 5523 784 5581 hostiliter
821 5527 1170 5600 degrassari,
1225 5527 1492 5601 praesidia
1539 5528 1806 5604 quasdam

1975 410 2210 466 colonos
2240 412 2599 483 captivantes
2629 420 2687 473 et
2713 418 3080 489 agriculture
3110 420 3316 480 dantes
3335 439 3619 497 operam:

1974 497 2052 554 ita
2075 503 2138 555 ut
2166 508 2325 556 extra
2345 502 2634 561 ambitum
2650 505 2886 563 urbium
2911 515 3280 568 muratarum
3307 517 3478 570 tutus
3505 530 3620 571 non

1971 586 2325 660 reperiretur
2353 589 2538 660 locus,
2570 601 2625 650 et
2662 595 2968 655 deficiente
3013 600 3398 673 agricultura,
3431 601 3625 660 victus

1971 675 2211 733 omnino
2242 679 2530 737 deficeret.
2569 683 2850 742 Dominus
2880 692 3077 746 autem
3127 690 3496 754 Tanoredus,
3528 692 3624 749 cui

1972 767 2226 840 regionis
2269 774 2587 831 commissa
2637 781 2762 833 erat
2818 778 3172 850 sollicitudo,
3213 782 3374 840 cirea
3427 788 3624 857 partes

1968 856 2362 915 Antiochense
2404 861 2776 922 detinebatur
2823 870 3365 942 occupatus,cujns
3414 887 3620 929 curam

1970 945 2163 1018 etiam,
2199 952 2263 1003 ut
2294 951 2735 1021 praemissimus,
2775 955 3012 1014 domino
3044 958 3390 1017 Boamundo
3420 961 3621 1019 disce-

1972 1034 2164 1101 dente,
2234 1044 2588 1110 susceperat.
2648 1044 2904 1101 Audiens
2977 1050 3174 1103 tamen
3235 1049 3395 1120 quod
3462 1055 3617 1108 tanta

1969 1124 2219 1181 bostium
2249 1128 2306 1182 in
2349 1128 2609 1200 partibus
2651 1129 2766 1189 illis
2796 1139 2946 1191 esset
2974 1136 3395 1208 importunitas
3414 1146 3618 1198 vocato

1968 1214 2205 1271 domiuo
2236 1217 2766 1292 Hierosolymorum
2816 1239 2949 1297 rege
2989 1230 3047 1282 et
3084 1242 3267 1284 cansa
3298 1230 3617 1289 vocationis

1969 1305 2351 1372 manifestata,
2384 1307 2506 1380 ipse
2536 1325 2769 1383 quoque
2795 1318 3048 1384 quantas
3069 1320 3261 1387 potest
3285 1332 3357 1374 ex
3389 1319 3614 1377 univer·

1966 1395 2046 1450 sis
2077 1395 2321 1452 urbibus
2346 1400 2401 1453 et
2431 1399 2716 1470 praesidiis
2744 1409 3017 1459 convocat
3045 1405 3267 1477 copias.
3288 1406 3395 1463 Cui
3418 1408 3504 1465 sic
3526 1424 3615 1466 ac-

1966 1483 2239 1542 celeranti
2269 1491 2326 1544 et
2356 1505 2458 1561 pro
2489 1491 2719 1561 regione
2749 1491 2998 1550 sollicito
3053 1493 3203 1553 infra
3234 1513 3460 1569 paucos
3485 1499 3611 1557 dies

1964 1590 2062 1631 rex
2079 1576 2283 1646 adsuit,
2309 1578 2646 1652 junctisque
2675 1580 2853 1637 simul
2885 1583 3221 1654 agminibus
3244 1586 3603 1659 Euphratem

1959 1667 2315 1723 transierunt
2349 1685 2361 1723 :
2396 1684 2512 1740 quo
2546 1671 2944 1741 pervenientes
2973 1673 3171 1731 hostes
3202 1677 3524 1749 reperiunt,
3546 1684 3609 1735 ut

1960 1757 2043 1811 eis
2075 1757 2262 1812 fuerat
2290 1759 2643 1826 nuntiatum,
2691 1776 2792 1830 per
2824 1761 3154 1819 universam
3205 1765 3504 1837 regionem
3534 1767 3603 1823 li-

1962 1844 2117 1899 beris
2130 1845 2491 1901 discursibus
2505 1852 2817 1921 evagantes
2836 1865 2850 1917 ;
2868 1849 2990 1924 qui,
3016 1853 3249 1925 cognito
3270 1858 3604 1912 nostrorum

1960 1933 2232 2003 adventu,
2274 1942 2574 2007 coeperunt
2621 1952 2680 1993 se
2732 1938 2806 1995 ad
2860 1940 3103 1997 invicem
3136 1941 3515 2017 recolligere3
3547 1950 3602 2001 et

1958 2022 2118 2081 illam
2153 2040 2320 2096 quam
2354 2026 2519 2098 prius
2568 2025 2918 2100 habuerant,
2965 2030 3355 2089 discurrendo
3408 2034 3599 2092 minus

1955 2113 2198 2185 experiri
2227 2113 2545 2184 licentiam,
2578 2115 2912 2190 Compertas
2941 2117 3147 2175 iterum
3180 2119 3468 2179 babentes
3494 2139 3600 2182 εω-

1955 2201 2085 2273 pius
2116 2206 2447 2259 nostrorum
2478 2205 2645 2275 vires,
2678 2221 2805 2261 cum
2838 2205 2922 2262 eis
2953 2222 3211 2279 pugnare
3252 2209 3595 2279 formidant3

1953 2307 2058 2346 nec
2077 2296 2270 2347 tamen
2286 2291 2356 2347 ad
2373 2293 2608 2364 propria
2628 2293 2816 2349 redire
2831 2295 3265 2368 disposuerant,
3287 2299 3394 2356 sed
3409 2301 3596 2359 scien·

1951 2384 2038 2436 tes
2071 2386 2379 2452 utrumque
2411 2381 2730 2454 principem
2780 2384 2986 2442 liberas
3018 2385 3190 2443 ferias
3230 2403 3350 2445 non
3383 2389 3592 2447 habere

1952 2475 2014 2526 ut
2054 2487 2271 2527 moram
2293 2470 2630 2528 diuturnam
2666 2474 2721 2529 in
2755 2489 2823 2530 ea
2854 2479 3094 2546 possent
3124 2477 3310 2534 tacere
3344 2479 3587 2552 regione,

1949 2559 2031 2616 ita
2061 2560 2160 2616 diu
2195 2560 2529 2618 nitebantur
2558 2579 2656 2620 eos
2687 2563 3042 2635 protrahere,
3077 2569 3141 2622 ut
3177 2566 3353 2625 taedio
3407 2568 3590 2626 affecti

1948 2654 2302 2707 maturarent
2323 2652 2574 2707 reditum
2597 2658 2653 2708 et
2674 2652 2782 2723 ipsi
2806 2653 2879 2710 ad
2897 2659 3205 2712 consuetas
3229 2666 3589 2716 recurrerent

1947 2739 2370 2797 infestationes.
2396 2741 2825 2813 cognoscentes
2848 2744 3021 2816 igitur
3043 2746 3226 2802 nostri
3246 2763 3451 2804 eorum
3468 2765 3587 2820 pro·

1946 2829 2227 2902 positum,
2259 2829 2569 2887 consilium
2603 2832 2809 2889 ineunt
2840 2833 3013 2905 quale
3046 2850 3146 2906 pro
3177 2838 3466 2908 temporis
3491 2854 3586 2894 an·

1944 2920 2139 2990 gustis
2179 2925 2447 2990 poterant
2494 2921 2756 2978 invenire
2803 2924 3202 2992 commodius;
3245 2926 3581 3000 congregari

1943 3008 2097 3065 enim
2132 3011 2490 3082 praecipiunt,
2526 3028 2594 3068 ex
2635 3027 2703 3069 ea
2731 3013 2964 3086 regione
2994 3030 3124 3086 quas
3163 3020 3250 3072 est
3287 3017 3442 3074 circa
3471 3018 3582 3074 Eu·
3675 3065 3678 3092 :

1942 3099 2228 3171 phratem,
2281 3117 2408 3173 quae
2456 3101 2723 3174 frugibus
2776 3101 3177 3174 copiosissime
3225 3106 3579 3177 abundabat,
3675 3099 3678 3106 '

1943 3190 2197 3245 universi
2229 3190 2459 3262 generis
2490 3190 2903 3248 alimentorum
2935 3192 3171 3264 copias;
3204 3197 3286 3261 et,
3343 3194 3578 3251 flumine

1940 3279 2306 3346 transmisse,
2338 3280 2590 3337 oneratis
2620 3278 2805 3351 equis,
2838 3279 3099 3351 camelis,
3131 3280 3322 3340 asinis
3354 3287 3414 3340 et
3443 3284 3578 3340 bur-

1941 3369 2191 3425 donibus
2226 3370 2440 3426 victum
2491 3368 2965 3442 copiosissimum
2998 3374 3055 3426 et
3097 3370 3168 3426 ad
3223 3373 3409 3429 multa
3440 3377 3581 3430 tem-

1941 3475 2079 3530 pora
2110 3458 2501 3515 sufficientem
2533 3458 2778 3514 urbibus
2830 3459 3091 3515 inferunt
3145 3464 3202 3516 et
3259 3463 3574 3534 praesidiis;

1940 3548 2193 3604 maxime
2223 3553 2411 3604 autem
2447 3549 2643 3604 urbem
2672 3547 3024 3604 Edessenam
3059 3564 3243 3621 usque
3272 3553 3341 3607 a·.l
3376 3553 3576 3609 redun-

1940 3636 2175 3693 dantem
2221 3637 2629 3694 sufficientiam
2679 3637 3150 3694 communientes,
3202 3638 3575 3698 Postmodum

1939 3743 2070 3781 vcro
2106 3729 2172 3780 dc
2204 3725 2544 3798 corporibus
2579 3725 2877 3782 civitatum
2923 3730 2980 3781 et
3030 3727 3438 3798 praesidiorum
3463 3745 3569 3786 nou

1940 3814 2184 3870 multam
2201 3819 2469 3886 gerentes
2485 3812 3243 3886 sollicitudinem,quoniam
3258 3816 3571 3875 admodum

1939 3905 2138 3975 armis,
2182 3905 2320 3961 viris
2351 3909 2407 3960 et
2463 3904 2614 3960 victu
2661 3909 2825 3960 erant
2875 3906 3121 3973 munita,
3173 3910 3574 3965 revocantibus

1937 4011 2035 4052 eos
2071 3997 2390 4066 majoribus
2420 4010 2612 4050 rerum
2663 3993 2943 4061 articulis,
2977 3994 3046 4050 ad
3102 3995 3458 4068 Euphratem
3498 4014 3579 4055 re·

1937 4085 2085 4142 versi
2117 4089 2279 4141 sunt.
2313 4084 2416 4141 Ubi
2442 4084 2584 4139 dum
2618 4083 2861 4139 modicis
2884 4088 2942 4140 et
2970 4100 3208 4154 corpore
3237 4093 3292 4142 et
3341 4103 3577 4145 numero

1937 4177 2175 4233 fluvium
2199 4180 2504 4234 transeunt
2534 4175 2835 4245 naviculis,
2878 4175 3162 4247 quosdam
3207 4176 3278 4233 de
3316 4177 3581 4236 inferiore

1937 4284 2111 4323 manu
2138 4269 2237 4339 qui
2257 4267 2445 4323 adhuc
2463 4265 2778 4323 transitum
2797 4265 3574 4339 exspectabant,ulteriorem

1936 4356 2123 4428 ripam
2160 4361 2444 4425 tenentes,
2478 4355 2676 4411 hostes
2708 4358 3043 4411 nostrorum
3078 4354 3318 4427 vestigia
3368 4356 3573 4424 secuti,
3675 4373 3678 4390 ·

1857 4440 1906 4506 D
1939 4447 2208 4515 irruunt;
2241 4451 2386 4503 etex
2415 4447 2497 4502 eis
2528 4446 2814 4518 quosdam
2849 4444 3288 4515 interficientes,
3321 4446 3576 4521 reliquos

1933 4536 2191 4609 captivos
2214 4535 2479 4603 trahunt,
2502 4533 2884 4606 praesentibus
2906 4534 3144 4591 domiuo
3166 4550 3300 4607 rege
3319 4536 3578 4594 domino·

1932 4643 2045 4699 que
2102 4625 2425 4694 Tancredo,
2468 4630 2521 4679 et
2569 4622 2653 4678 eis
2701 4623 3030 4679 subsidium
3080 4623 3412 4683 ministrare
3461 4643 3574 4682 non

1929 4714 2256 4771 valentibus
2281 4730 2295 4782 ;
2325 4713 2518 4769 amnis
2563 4713 2717 4768 enim
2756 4712 2981 4769 medius
3019 4715 3161 4780 erat,
3205 4729 3386 4785 quem
3416 4715 3576 4772 vadis
3675 4751 3678 4760 ·

1931 4805 2179 4861 transire
2232 4820 2343 4860 non
2404 4808 2701 4875 poterant;
2748 4817 2937 4875 neque
2983 4810 3100 4860 erat
3159 4803 3326 4860 facile
3377 4804 3578 4878 paucis

1930 4893 2238 4968 parvisque
2278 4892 2564 4950 naviculis
2607 4898 2838 4950 tautum
2887 4894 3205 4949 exercitum
3255 4898 3572 4966 reportare.

1927 4984 2121 5041 Nostri
2153 4999 2284 5039 vero
2315 4983 2578 5039 dolentes
2608 4982 2927 5040 admodum
2958 4997 3135 5054 super
3163 4982 3283 5039 illis
3307 4983 3574 5057 pauperi-

1927 5075 2058 5141 bus,
2083 5090 2231 5146 quos
2259 5090 2321 5130 se
2342 5072 2728 5146 praescntibus
2751 5070 2934 5128 occidi
2958 5072 3223 5128 viderant
3254 5080 3307 5129 et
3328 5077 3574 5146 exparte

1926 5163 2226 5235 captivari,
2253 5160 2464 5218 reversi
2494 5163 2634 5216 sunt
2662 5160 2732 5217 ad
2769 5159 2998 5230 propria
3023 5178 3037 5228 3
3072 5159 3371 5230 regionem
3395 5159 3569 5217 etiam

1924 5255 2009 5311 eis
2059 5253 2404 5325 Euphratem
2465 5249 2859 5322 praecipientes
2916 5249 3308 5321 magnatibus,
3365 5249 3469 5322 qui
3517 5249 3569 5305 ei

1923 5349 2225 5417 praeerant,
2258 5342 2596 5415 diligentius
2624 5340 2997 5397 communiri.
3022 5339 3200 5396 Erant
3230 5344 3431 5396 autem
3468 5340 3570 5412 qui

1922 5452 2097 5507 supra
2127 5435 2312 5507 ripam
2342 5429 2658 5504 Euphratis
2687 5430 2840 5501 capti
2889 5430 3116 5486 fuerant
3157 5433 3216 5485 et
3247 5428 3570 5497 interfecti,

1923 5542 2206 5600 pauperes
2236 5521 2512 5591 Armenii,
2542 5521 2639 5594 qui
2671 5522 2992 5578 Turdorum
3025 5517 3314 5592 fugientes
3339 5517 3573 5592 impor-
3673 5599 3678 5608 1
