3784 6000
204 259 318 320 801

745 258 952 320 ms'r.
1002 259 1278 322 RERUM
1319 258 1862 324 TRANSMARIN.
1906 294 1984 309 —-
2026 256 2173 320 LlB.
2218 256 2351 321 XX.
2394 256 2851 321 AMALRICUS
2899 256 3078 320 REX.

3492 265 3614 330 8⁰2

202 394 462 453 hostium
497 408 799 461 numeruS,
830 391 892 448 iu
923 392 1135 463 quibus
1165 396 1396 452 nonnisi
1416 395 1640 468 equites
1659 399 1843 465 erant,
1877 396 1932 462 Α
1959 400 2108 461 eant,
2139 399 2200 449 ut
2254 390 2552 464 implorato
2574 390 3001 450 occidentalium
3017 395 3342 469 principum
3361 400 3606 472 aua-itio,

200 485 272 543 ad
307 483 494 541 millia
518 482 929 556 quadraginta.

807 586 1038 643 CAPUT
1064 587 1271 645 XXIII.

196 677 391 735 Eodem
421 692 635 748 quoque
665 692 810 731 anno
840 677 1109 746 plot-iosus
1131 678 1333 733 Christi
1360 683 1600 750 martyr,
1624 678 1849 734 Thomas

270 749 686 805 cantuariensis
742 747 1203 822 archiepiscopus,
1260 751 1319 804 ia
1373 754 1597 823 propria
1652 751 1849 808 occidi·

269 828 367 876 tur
383 820 633 876 ecclesia.

265 927 555 983 Paridem
589 931 927 996 tompus,1v
974 927 1106 983 Kal.
1156 928 1482 998 ianuarias,
1532 929 1591 985 in
1640 929 1847 1002 Anglia

195 1017 350 1089 apud
409 1015 805 1081 Cantuariam‚
853 1016 1107 1072 nobilem
1157 1020 1216 1073 et
1262 1018 1533 1074 eximiam
1582 1018 1843 1090 ejusdem

195 1107 502 1174 provinciae
535 1105 922 1178 metropolim,
959 1105 1246 1162 celebrata
1267 1111 1358 1162 est
1398 1107 1590 1178 passio
1638 1106 1846 1166 beatis·

192 1195 327 1252 simi
359 1202 411 1252 et
444 1194 848 1268 gloriosissimi
869 1195 1681 1267 martyrisThomae,0Jusdem
1705 1195 1847 1251 civi-

192 1284 329 1340 tatis
357 1282 792 1355 archiepiscopi.
828 1283 931 1339 Hic
975 1282 1084 1338 fuit
1122 1283 1354 1340 natione
1398 1284 1843 1351 Loudoniensis,

192 1378 252 1431 et
301 1373 414 1429 sub
454 1375 615 1428 bonae
676 1373 972 1428 memoriae
1025 1373 1357 1430 Theobaldo
1404 1373 1844 1432 cantuariensis

192 1462 447 1518 civitatis
468 1462 751 1529 antistite,
775 1462 990 1517 meruit
1005 1462 1064 1517 in
1077 1462 1554 1519 archidiaconum
1574 1464 1841 1534 eiusdem

191 1550 448 1608 ecclesiae
469 1551 813 1622 promoveri.
837 1550 999 1606 Unde
1019 1551 1089 1607 ab
1117 1551 1366 1608 Henrico
1387 1552 1666 1621 secunde,
1689 1554 1844 1622 eius·

192 1642 326 1698 dem
360 1640 664 1714 provinciae
696 1657 851 1713 rege,
885 1641 941 1697 in
971 1649 1193 1714 partem
1228 1643 1399 1714 regiae
1428 1642 1843 1700 sollicitudinis

1953 487 2127 539 tentet
2155 483 2244 538 his
2273 482 2434 538 malis
2462 482 2754 547 resistam
2783 481 2967 539 aliam
2995 489 3177 541 autem
3213 487 3413 545 salutis
3456 491 3606 546 viam

1952 580 2206 628 asserant
2242 581 2300 627 se
2346 574 2568 627 omnino
2615 570 2866 628 invenire
2904 589 3015 629 non
3059 591 3229 647 posse.
3277 578 3481 636 Visum
3512 583 3606 637 est

1954 661 2276 728 demum,et
2291 660 2348 715 id
2371 661 2443 715 de
2460 662 2757 717 communi
2775 661 3019 718 consilio
3044 662 3366 734 placuit,ut
3388 667 3607 726 electas

1953 749 2228 806 honestas
2285 765 2564 820 personas
2616 750 2682 804 ad
2736 749 3155 820 sollicitandos,
3213 759 3273 810 et
3319 753 3391 812 de
3435 757 3604 829 regni

1952 836 2344 893 anxietabitus
2374 836 2717 902 edocendos,
2749 837 3052 895 dominum
3086 857 3316 913 papam,
3358 847 3416 900 et
3462 843 3603 900 illu-

1952 931 2099 983 stres
2124 925 2392 981 dominos
2423 925 2817 982 Romanorum
2850 926 3288 1001 imperatorem,
3340 930 3599 991 Franco-

1952 1031 2105 1082 rum,
2135 1014 2479 1086 Anglorum,
2512 1013 2719 1069 Siciliae
2750 1019 2810 1070 et
2837 1015 3251 1088 Hispaniarum
3305 1035 3494 1094 reges,
3546 1025 3604 1079 et

1951 1104 2197 1175 inclytos
2226 1105 2406 1161 duces
2432 1109 2490 1159 et
2518 1104 2761 1161 comites
2784 1104 3059 1176 dirigant,
3081 1108 3182 1178 qui
3209 1107 3282 1165 ab
3302 1108 3384 1166 eis
3402 1115 3607 1170 contra

1950 1189 2317 1249 imminentia
2347 1192 2603 1264 pericula
2626 1192 2908 1249 auxilium
2937 1195 3271 1266 implorent.
3306 1198 3604 1256 Decretum

1950 1288 2043 1338 est
2069 1282 2268 1352 etiam,
2300 1292 2357 1337 ut
2388 1282 2626 1338 domino
2647 1298 2884 1355 quoque
2913 1282 3249 1355 imperatori
3272 1287 3606 1344 Constanti·

1951 1371 2309 1444 nopolitano,
2341 1372 2480 1443 quia
2529 1371 2698 1428 nobis
2745 1371 3010 1440 vicinior,
3055 1378 3112 1430 et
3160 1375 3384 1433 caeteris
3428 1376 3605 1450 longe

1948 1460 2301 1534 opulentior,
2337 1460 2571 1516 facilius
2601 1465 2802 1533 optata
2835 1461 3005 1518 nobis
3047 1467 3244 1534 posset
3273 1465 3611 1523 ministrare

1949 1549 2239 1622 suffragia,
2272 1550 2434 1621 regni
2465 1554 2649 1606 status
2680 1566 2896 1622 anceps
2925 1557 2981 1606 et
3011 1551 3379 1624 periculosus
3420 1553 3610 1628 signi·

1948 1639 2171 1695 licetur.
2221 1640 2458 1695 Addunt
2504 1640 2702 1706 etiam,
2754 1642 2817 1695 ut
2865 1640 3002 1696 talis
3050 1643 3122 1697 ad
3170 1658 3303 1699 eum
3353 1659 3601 1714 persona

190 1738 447 1796 vocatus,
479 1730 670 1787 factus
718 1733 804 1785 est
846 1730 975 1801 ejus
1022 1730 1424 1799 cancellarius,
1473 1735 1531 1788 et
1577 1732 1834 1789 universi
1869 1739 1917 1805 B
1950 1728 3610 1801 dirigatur,quaeprudentia,facundiaetauctoritatetantl

190 1820 354 1892 regni
387 1819 579 1876 fidelis
609 1823 666 1875 et
714 1821 988 1891 prudens,
1037 1827 1093 1875 et
1143 1820 1429 1878 maximus
1479 1827 1839 1891 procurator.

185 1909 460 1968 Tandem.
476 1907 934 1980 suffragantibus
949 1908 1195 1974 meritis,
1210 1913 1265 1964 et
1278 1913 1406 1980 post
1420 1909 1842 1981 praedictibeati

189 1998 375 2070 patris
389 1997 630 2064 obitum,
646 1998 714 2052 ad
736 1997 1239 2065 Cantuariensem,
1254 1998 1561 2054 ordinante
1572 1999 1838 2067 Domino,

187 2091 425 2143 vocatus
455 2085 774 2153 ecclesiam,
820 2084 957 2142 dum
1009 2101 1111 2157 pro
1160 2084 1416 2142 ecclesiis
1449 2104 1567 2143 suae
1608 2088 1844 2161 justitia

189 2172 435 2231 viriliter
490 2179 547 2231 et
588 2174 1068 2231 constantissime
1113 2179 1318 2231 contra
1362 2177 1698 2245 tyrannicas
1735 2180 1840 2235 de·

191 2267 377 2320 certat
432 2263 784 2335 impietates,
831 2265 1103 2320 eumdem
1160 2280 1356 2336 regem
1408 2271 1837 2337 persecutorem

195 2352 446 2425 fugiens,
483 2353 753 2409 exsilium
785 2353 1130 2426 compulsus
1159 2359 1251 2411 est
1292 2354 1513 2424 subire,
1572 2357 1726 2428 quod
1778 2358 1837 2417 iu

191 2442 455 2511 Francia,
471 2443 777 2515 septennio
792 2442 1357 2512 continuo,mirabili
1386 2448 1443 2500 et
1472 2445 1842 2516 praedicanda

190 2531 329 2589 tulit
358 2532 658 2604 patientia.
692 2538 741 2589 Δ
768 2549 883 2605 quo
925 2534 1064 2589 dum
1088 2549 1288 2598 pacem
1338 2534 1690 2606 promissam
1738 2554 1836 2593 ex·

189 2625 434 2691 spectat,
490 2620 740 2691 rediens,
772 2622 1084 2692 impiorum
1115 2622 1349 2695 gladiis,
1382 2623 1535 2681 intra
1563 2627 1833 2682 eamdem

189 2708 518 2776 ecclesiam,
550 2710 644 2765 cui
671 2715 901 2767 auctore
939 2711 1186 2767 Domino
1235 2711 1606 2783 praesidebat,
1629 2720 1835 2771 contu·

190 2798 382 2855 meliis
410 2797 672 2865 affectus,
724 2816 826 2871 pro
866 2800 1353 2872 persecutoribus,
1399 2816 1596 2870 orans,
1647 2805 1835 2876 capite

186 2903 391 2955 caesus,
427 2888 659 2959 proprio
690 2888 979 2961 sanguine
1002 2889 1320 2960 laureatus,
1355 2890 1502 2948 felici
1542 2907 1836 2949 commer-

185 2978 296 3046 cio,
331 2977 609 3050 martyrio
639 2983 951 3035 coronatus
984 2984 1108 3047 est;
1143 2996 1243 3049 per
1272 2995 1448 3052 quem
1482 2980 1610 3052 pius
1638 2989 1692 3039 et
1723 2982 1834 3038 mi-

185 3069 434 3125 sericors
469 3071 770 3137 Dominus,
804 3070 860 3124 in
886 3071 1196 3141 saepedicta
1217 3070 1463 3127 ecclesia
1484 3074 1541 3127 et
1565 3072 1833 3129 universa

186 3157 504 3228 provincia,
535 3161 618 3213 tot
647 3163 704 3212 et
734 3163 895 3215 tanta
926 3159 1130 3214 diebus
1164 3175 1309 3232 pene
1331 3158 1582 3231 singulis
1605 3161 1858 3233 operari⁴

187 3246 461 3318 dignatur
492 3246 792 3313 miracula,
827 3251 889 3303 ut
917 3247 1311 3318 apostolorum
1343 3248 1649 3306 videantur
1669 3251 1837 3306 inno·

185 3338 320 3391 vata
349 3338 631 3407 tempora.

783 3442 1016 3500 CAPUT
1044 3444 1249 3501 XXIV.

189 3537 305 3593 Rea:
339 3535 637 3603 assumptis
662 3549 841 3590 seeum
862 3533 1076 3604 aliquot
1104 3534 1170 3589 de
1181 3533 1526 3615 principibus
1546 3533 1682 3602 suis,
1702 3535 1841 3590 Gon-

260 3606 678 3677 stantinopolim
732 3607 1126 3676 proficiscitur.-
1173 3611 1478 3676 imperator
1524 3621 1652 3662 eam
1691 3608 1838 3661 mat·-

264 3678 443 3750 tiplioi
471 3677 675 3733 honore
702 3676 1014 3748 pra-venire
1041 3679 1263 3747 satagit.

263 3783 538 3856 Sequenti
568 3800 743 3852 anno,
775 3783 877 3856 qui
917 3792 1037 3840 erat
1086 3786 1247 3857 regui
1299 3785 1520 3842 domini
1564 3785 1838 3843 Amalrici

190 3874 496 3944 septimus,
529 3874 730 3930 videns
763 3874 1111 3945 saepedictus
1139 3890 1260 3943 rex,
1295 3875 1530 3945 quantis
1555 3874 1840 3932 molestiis

190 3977 437 4033 regnum
472 3962 734 4034 quotidie
766 3962 1138 4033 fatigabatur,
1167 3966 1224 4017 et
1252 3963 1404 4034 quod
1438 3962 1699 4019 hostium
1747 3963 1840 4020 iu-

190 4056 489 4108 cessanter
525 4052 846 4124 augebatur
895 4068 1199 4122 numerus,
1248 4054 1435 4109 virtus
1481 4052 1842 4125 suscipiebat

188 4140 639 4210 incrementum,
667 4142 724 4196 in
757 4142 1111 4197 immensum
1146 4157 1380 4214 quoque
1411 4141 1719 4198 facultates
1747 4157 1842 4197 eo·

187 4246 320 4286 rurn
353 4230 965 4301 multiplicabanturet
981 4230 1190 4286 divitias
1214 4230 1412 4303 ;regni
1433 4230 1616 4287 nostri
1640 4235 1836 4289 autem

188 4320 417 4392 providi
438 4319 728 4392 principes
749 4323 807 4375 et
829 4320 1060 4375 discreti
1080 4320 1204 4390 jam
1231 4320 1467 4392 penitus
1486 4320 1838 4388 defecerant,

187 4412 246 4463 et
277 4409 334 4463 in
366 4425 566 4464 eorum
602 4409 724 4465 loco
773 4408 1004 4465 soboles
1044 4408 1444 4466 succrescebat
1486 4410 1831 4482 perniciosa,

1957 1818 2231 1889 principis
2261 1820 2523 1874 animum
2555 1819 2627 1875 ad
2663 1823 2858 1874 nostra
2877 1819 3024 1875 sciat
3043 1825 3102 1878 et
3125 1821 3604 1890 possitinclinare

1953 1907 2256 1964 desideria.
2290 1909 2560 1980 Dumque
2589 1923 2767 1979 super
2794 1906 2925 1969 hoc,
2945 1909 3079 1980 quis
3105 1909 3178 1965 ad
3201 1915 3421 1966 tantam
3445 1912 3603 1985 lega-

1951 1997 2167 2054 tionem
2198 1998 2557 2071 implendam
2581 1998 2823 2055 idoueus
2844 2002 3018 2064 esset,
3041 1999 3476 2069 deliberaretur,
3500 2017 3601 2058 rex

1950 2086 2151 2143 habito
2181 2103 2312 2143 cum
2345 2088 2546 2158 paucis
2576 2091 2634 2143 et
2664 2086 3050 2143 familiaribus
3079 2087 3343 2157 consilio,
3385 2106 3600 2163 propo·

1953 2180 2131 2237 situm
2162 2177 2366 2249 pandit
2394 2180 2451 2233 et
2475 2193 2668 2233 coram
2699 2176 2975 2233 omnibus
2998 2179 3211 2234 mentis
3227 2177 3443 2236 revelat
3456 2195 3601 2237 con-

1954 2275 2208 2340 ceptum.
2240 2266 2474 2322 dicens:
2507 2265 2663 2321 Istud
2691 2281 2788 2337 per
2816 2267 3098 2322 neminem
3119 2281 3274 2338 posse
3298 2267 3446 2340 fieri,
3492 2270 3607 2325 nisi

1947 2374 2048 2430 per
2073 2372 2238 2421 eum,-
2266 2356 2479 2427 adiecit
2508 2355 2682 2411 etiam
2708 2372 2721 2410 ε
2758 2355 2823 2411 Se
2846 2365 3110 2426 paratum
3137 2370 3251 2412 esse
3286 2372 3385 2428 pro
3442 2361 3605 2429 requi

1946 2447 2361 2503 necessitatibus
2386 2443 2756 2510 sublevandis,
2787 2454 2837 2501 et
2866 2445 3082 2502 labores
3109 2452 3162 2501 et
3192 2444 3452 2517 quaelibet
3470 2448 3603 2503 sub-

1946 2537 2030 2594 ire
2054 2535 2321 2607 pericula.
2349 2534 2417 2589 Hi
2477 2550 2608 2589 cum
2651 2533 2875 2605 stupidi
2923 2538 2980 2589 et
3017 2533 3402 2591 admiratione
3441 2534 3601 2606 pleni

1947 2628 2198 2695 majores
2218 2623 2380 2697 regni
2409 2625 2706 2680 dicerent:
2734 2624 2942 2677 Durum
2969 2625 3050 2679 est
3078 2622 3270 2690 nimis,
3303 2629 3368 2679 ut
3395 2625 3598 2697 absque

1941 2717 2092 2791 repis
2111 2712 2436 2786 praesentia,
2469 2729 2696 2784 reanum
2716 2715 2871 2784 quasi
2899 2711 3208 2768 desolatam
3236 2714 3598 2777 inveniatur:

1947 2803 2240 2876 respondit
2261 2820 2280 2858 :
2312 2804 2478 2874 Reoat
2510 2804 2770 2858 Dominus
2790 2818 3021 2874 requam
3063 2817 3246 2871 suum,
3296 2801 3454 2875 eujus
3488 2803 3597 2860 mi·

1942 2893 2114 2950 nister
2141 2909 2243 2962 eqo
2270 2908 2433 2954 sum:
2464 2892 2610 2964 apud
2634 2907 2720 2947 me
2745 2895 2925 2961 fixum
2953 2895 3034 2948 est
3055 2897 3117 2947 ut
3147 2890 3340 2948 vadam
3360 2897 3602 2957 :nonest

1941 2982 2039 3056 qai
2066 2983 2134 3040 ab
2164 2983 2261 3040 hoe
2285 2983 2567 3055 proposito
2603 2998 2693 3037 me
2736 2981 2909 3054 possit
2953 2996 3226 3040 revocare.
3274 2983 3595 3058 Assumpto

1944 3090 2081 3144 ergo
2110 3073 2348 3129 domino
2379 3071 2670 3129 Willelmo
2700 3072 3030 3128 Acconense
3076 3071 3370 3145 episcopo,
3420 3077 3479 3129 et
3521 3073 3597 3130 de

1947 3163 2108 3235 regni
2169 3162 2562 3233 magnatibus,
2611 3160 2992 3218 Guarmundo
3035 3159 3482 3234 Tyberiadense,
3534 3166 3592 3220 et

1944 3250 2168 3307 Joanne
2223 3251 2294 3307 de
2337 3252 2538 3313 Arsur,
2599 3248 2853 3307 Gerardo
2898 3250 2970 3306 de
3007 3250 3151 3322 Pugi
3213 3250 3592 3321 marescalco,

1949 3341 2175 3396 Roardo
2205 3339 2729 3412 ilierosolymitano
2749 3339 3091 3410 castellano,
3134 3338 3466 3396 Reinnardo
3512 3341 3587 3399 de

1945 3426 2381 3501 Nephins(nam
2400 3428 2734 3501 Philippum
2752 3426 3338 3500 Neapolitanum,qui
3346 3429 3472 3500 jam
3491 3428 3598 3486 mi-

1947 3518 2085 3574 litiae
2113 3517 2339 3589 Templi
2386 3518 2729 3589 deposuerat
2778 3516 3207 3590 magistratum,
3257 3533 3360 3590 per
3407 3521 3593 3576 terras

1948 3607 2356 3680 praemiserat),
2413 3622 2549 3662 cum
2609 3605 2861 3662 maximo
2910 3606 3210 3675 comitatu,
3261 3605 3452 3677 qualis
3499 3622 3596 3664 re-

1947 3698 2105 3769 giam
2132 3696 2369 3753 decebat
2400 3695 2790 3768 majestatem,
2813 3710 2868 3749 νι
2888 3693 3029 3750 idus
3053 3693 3239 3749 Martii
3262 3694 3371 3751 iter
3390 3695 3618 3770 aggre-'

1948 3785 2111 3841 ditur
2139 3784 2198 3840 in
2221 3783 2403 3856 galeis
2432 3784 2652 3840 decem.
2689 3781 2852 3839 Unde
2882 3781 3134 3856 propitio
3167 3782 3432 3853 Domino,
3460 3798 3600 3856 pro-

1949 3890 2120 3947 spera
2151 3889 2293 3931 usus
2327 3872 2713 3946 navigatione,
2762 3873 2958 3928 fauces
3007 3872 3309 3944 abydenas
3349 3876 3406 3929 et
3459 3872 3600 3931 ostia

1948 3963 2253 4035 Bosphori,
2311 3964 2464 4034 quod
2538 3962 2759 4034 vulgari
2830 3960 3216 4032 appellatione
3281 3960 3594 4020 Brachium

1949 4051 2146 4108 Sancti
2174 4052 2382 4124 Georgi
2414 4051 2651 4118 dicitur,
2680 4049 2927 4107 feliciter
2968 4049 3271 4123 ingressus
3317 4055 3428 4109 est.
3476 4051 3598 4108 Au-

1950 4142 2115 4198 diens
2146 4156 2279 4213 ergo
2309 4140 2578 4198 dominus
2608 4139 2946 4211 imperator,
2979 4138 3063 4194 vir
3092 4138 3605 4211 magnificentissi-

1951 4246 2103 4298 mus,
2139 4230 2414 4302 providus
2446 4234 2504 4286 et
2534 4229 2846 4300 discretus,
2869 4233 2927 4285 et
2958 4244 3059 4302 per
3088 4229 3287 4285 omnia
3308 4243 3599 4287 commen·

1950 4318 2185 4386 dabilis,
2219 4319 2371 4392 quod
2405 4323 2605 4375 tantus
2637 4319 2929 4391 princeps,
2959 4322 3016 4374 et
3045 4321 3163 4375 tam
3182 4319 3463 4377 famosiet
3487 4320 3600 4377 Deo

1952 4406 2222 4465 amabilis
2254 4407 2415 4479 regni
2448 4408 2797 4475 moderator,
2831 4406 3143 4478 imperium
3173 4423 3347 4463 suum
3389 4412 3600 4480 proeter

185 4513 315 4568 quae
340 4497 530 4552 locum
561 4502 857 4553 tantorum
898 4499 1153 4555 virorum
1187 4498 1470 4555 inutiliter
1489 4500 1830 4571 occupabat,
1866 4474 1911 4539 D
1940 4497 2178 4555 solitum
2211 4497 2631 4571 ingrederetur,
2683 4495 2942 4569 primum
2990 4495 3365 4552 vehementer
3413 4498 3604 4554 admi·

184 4590 244 4641 et
276 4586 427 4642 hona
456 4590 696 4657 paterna
727 4587 784 4642 in
819 4601 964 4642 usus
1013 4586 1366 4658 dilapidabat
1413 4586 1825 4645 detestabiles:

185 4673 344 4731 unde
400 4690 647 4746 regnum
698 4676 757 4729 in
815 4680 1039 4731 tantam
1096 4677 1404 4732 devenerat
1451 4676 1828 4746 debilitatem,

184 4766 467 4835 quantam
519 4780 866 4836 cognoscere
914 4770 1198 4836 poterant,
1246 4765 1422 4822 etiam
1472 4765 1573 4839 qui
1622 4781 1830 4823 sensus

181 4850 478 4908 habebant
537 4854 729 4909 minus
778 4853 1155 4910 exercitatos:
1207 4857 1488 4911 convocat
1527 4854 1828 4912 universos

182 4939 348 5009 regni
380 4940 692 5014 principes,
724 4941 921 5015 ibique
951 4943 1034 4999 eis
1065 4944 1468 5014 praesentibus,
1517 4943 1679 5016 regni
1727 4959 1828 4999 ne·

180 5029 486 5086 cessitates
507 5032 710 5102 aperit,
745 5032 1048 5102 expetitab
1088 5032 1171 5088 cis
1214 5031 1829 5105 consilium:quomodo

179 5116 268 5173 his
300 5118 485 5186 malis,
518 5136 587 5176 ne
614 5136 846 5188 reanum
874 5120 1144 5191 depereat,
1175 5124 1339 5193 pos-sit
1366 5120 1593 5177 obviari.
1630 5125 1706 5177 At
1744 5119 1828 5177 illi

179 5223 248 5262 ex
273 5214 574 5278 praesente,
634 5210 1052 5267 deliberatione
1102 5211 1319 5279 habita,
1362 5211 1532 5282 quasi
1578 5226 1645 5266 ex
1685 5225 1826 5266 sen-

179 5297 362 5355 tentia
401 5300 758 5357 unanimiter
806 5304 1268 5375 responderunt:
1303 5303 1543 5373 Reqnum
1588 5304 1827 5374 peccatis

176 5391 380 5444 nostris
428 5392 802 5461 uiuentibus,
864 5395 922 5447 in
972 5392 1118 5448 hune
1171 5391 1451 5450 devenisse
1497 5390 1825 5459 articulum,

174 5478 319 5551 quod
348 5494 523 5550 aeque
549 5480 621 5537 ad
649 5482 1081 5555 impuqaandam
1125 5482 1497 5555 adversarios,
1540 5497 1713 5556 neque
1754 5482 1828 5539 ad

170 5569 521 5631 sustinendos
548 5586 740 5631 eorum
777 5574 1009 5650 impetus
1051 5571 1380 5648 sufficiebat.
1424 5573 1565 5651 Opas
1608 5571 1826 5650 usedi-

1942 4603 2101 4656 rans,
2134 4602 2400 4658 quoenam
2431 4586 2580 4643 tanti
2612 4585 2828 4642 laboris
2858 4589 2913 4640 et
2938 4584 3156 4641 insueti
3175 4583 3401 4641 itineris
3422 4600 3600 4643 causa

1941 4686 2137 4749 posset
2164 4693 2332 4746 esse;
2364 4675 2571 4731 deinde
2603 4673 2797 4747 gloriae
2829 4689 2951 4729 suae
2984 4672 3367 4730 considerans
3406 4672 3601 4731 incre·

1940 4772 2226 4836 mentum,
2285 4764 2523 4821 honoris
2571 4761 3047 4834 amplitudinem,
3098 4761 3298 4833 gratias
3344 4759 3597 4820 coelestis

1938 4856 2159 4911 donum
2186 4853 2667 4926 incomparabile,
2702 4852 2856 4925 quod
2902 4850 3016 4906 sibi
3066 4850 3251 4923 gratis
3298 4850 3600 4909 videretur

1938 4943 2193 5000 oblatum
2218 4942 2522 5010 divinitus,
2555 4939 2714 5013 quod
2745 4939 2892 4996 nulli
2921 4938 3415 5012 praedecessorum
3447 4956 3596 4997 suo-

1937 5049 2068 5089 rum
2099 5033 2309 5105 legitur
2337 5031 2644 5098 accidisse,
2678 5027 3110 5099 videlicetquod
3131 5044 3232 5085 rex
3251 5027 3592 5102 Hierosoly-

1938 5138 2191 5191 morum,
2223 5119 2482 5178 locorum
2516 5116 3266 5175 venerabiliumDominicae
3289 5118 3584 5191 passionis

1937 5217 1995 5271 et
2026 5209 2468 5268 resurrectionis
2487 5209 2755 5265 defensor
2801 5215 2857 5262 et
2904 5206 3219 5263 advocatus
3264 5208 3337 5264 ad
3384 5223 3447 5264 se
3494 5224 3592 5266 ve-

1939 5300 2081 5370 niat,
2143 5299 2459 5371 plurimum
2508 5296 2886 5363 exhilaratur,
2936 5299 2992 5351 et
3020 5293 3424 5354 advenientem
3456 5313 3593 5356 eum

1936 5387 2238 5459 multiplici
2298 5386 2552 5460 disponit
2584 5386 2800 5442 honore
2822 5384 3161 5456 praevenire.
3185 5384 3594 5459 Accersitoque
3649 5375 3656 5382 ’

1933 5476 2158 5534 Joanne
2190 5477 2586 5535 Protosevasto
2617 5482 2822 5547 nepote
2842 5488 2973 5543 suo,
3007 5478 3066 5531 et
3095 5473 3251 5531 inter
3288 5474 3440 5533 sacri
3486 5492 3593 5549 pa-

1934 5565 2059 5625 latii
2086 5566 2378 5643 principes
2406 5564 2894 5640 eminentissimo,
2924 5563 3097 5640 cuius
3110 5563 3459 5628 flliamidem
3481 5564 3581 5629 do·
