3784 6000
291 240 406 312 711

1360 231 1781 302 GUlLLELMl
1822 228 2205 297 TYRENSIS
2249 224 2614 294 ARcmssP.

3579 228 3708 295 712

288 384 485 437 autem
518 378 756 436 domino
788 374 1149 449 patriarche,
1180 378 1238 431 et
1266 376 1478 430 sanotae
1514 371 1933 446 Hierosolymo·
1964 374 2018 441 Α
2047 367 2307 440 AEgypto,
2339 382 2474 423 cum
2506 364 2910 436 adjacentibus
2953 364 3286 438 provinciis,
3310 365 3574 440 peccatis
3602 383 3709 425 no-

289 486 421 527 rum
455 469 736 535 Ecclesiae,
771 468 915 523 hanc
962 463 1314 523 Christianis
1349 462 1625 519 omnibus
1655 462 1934 520 odibilem

288 560 617 616 inserebant
643 556 919 628 injuriam
941 571 1109 625 3nam
1141 557 1275 610 ante
1305 556 1519 609 sanctae
1538 551 1934 609 Resurrectio-

188 649 194 656 '
287 648 380 705 nis
438 646 695 706 ecclesiae
745 645 985 716 januas,
1043 642 1102 699 in
1165 641 1352 716 ipsius
1412 645 1814 714 contemptum
1881 645 1937 694 et

286 735 705 793 contumeliam
763 732 1055 801 Ecclesiae,
1090 732 1336 790 aedisscia
1369 734 1670 804 coeperunt
1714 729 1937 802 erigere

287 823 472 882 multo
502 822 944 896 sumptuosiora
973 826 1031 878 et
1051 820 1393 878 sublimiora
1410 819 1934 892 plurimum,quam

284 913 387 970 illa
416 913 587 970 habet
610 911 877 978 ecclesia,
910 928 1038 983 quae
1075 910 1301 966 Domini
1336 909 1642 966 salvatoris
1674 908 1732 964 in
1762 923 1935 965 cruce

285 1003 668 1075 dependentis
719 1001 972 1075 pretioso
1030 1001 1296 1057 dedicata
1352 1004 1439 1056 est
1467 999 1774 1071 sanguine,
1805 1002 1862 1054 et
1881 997 1935 1054 ei

283 1096 412 1166 post
444 1092 634 1148 crucis
658 1091 982 1163 patibulum
1015 1089 1075 1146 in
1116 1106 1178 1145 se
1211 1089 1340 1160 ipsa
1369 1087 1760 1161 gratissimam
1793 1103 1938 1158 prae-

281 1179 429 1237 stitit
457 1179 842 1253 sepulturam.
878 1178 1122 1250 Insuper
1172 1177 1636 1248 quotiescunque
1674 1176 1743 1231 de
1775 1190 1937 1231 more

286 1268 558 1325 dominus
590 1267 940 1339 patriarcha,
975 1271 1039 1321 ut
1066 1267 1136 1322 ad
1158 1265 1440 1338 populum
1471 1266 1828 1337 loqueretur,
1860 1263 1933 1319 ad

282 1356 478 1415 locum
533 1357 594 1413 in
647 1374 763 1429 quo
821 1357 1026 1412 mundi
1066 1356 1328 1412 Salvator
1391 1372 1494 1426 pro
1525 1353 1713 1410 salute
1737 1357 1936 1409 nostra

283 1447 582 1521 pependit,
614 1451 671 1503 et
729 1446 903 1502 totius
951 1446 1108 1501 orbis
1153 1445 1440 1502 celebrata
1494 1448 1581 1500 est
1613 1444 1765 1515 apud
1798 1458 1932 1499 eum

280 1536 515 1607 copiosa
544 1533 887 1607 redemptio,
911 1533 1277 1605 ascendebat,
1313 1533 1426 1606 ipsi
1451 1537 1516 1588 ut
1545 1533 1674 1602 ejus
1706 1531 1934 1588 actibus

277 1628 335 1680 et
362 1623 787 1695 dispensationi
818 1622 931 1679 sibi
951 1622 1180 1679 credita!
1195 1622 1429 1694 aliquod
1461 1626 1801 1693 praestarent
1825 1622 1935 1676 im-

279 1712 704 1785 pedimentum,
738 1711 991 1785 pulsatis
1048 1710 1351 1782 campanis
1401 1716 1483 1767 tot
1514 1711 1615 1783 [et]
1650 1708 1850 1776 tantis,
1875 1712 1933 1767 et
1961 1748 2011 1816 Β

282 1800 451 1874 [tam]
483 1802 828 1869 studiose,et
851 1808 967 1856 tam
983 1799 1080 1856 diu
1115 1798 1688 1872 [contendebant]‚ut
1710 1799 1935 1854 necde-

282 1891 429 1947 mini
461 1891 797 1962 patriarchae
813 1906 1004 1946 sermo
1025 1891 1312 1946 sufficeret
1331 1890 1398 1946 ad
1432 1889 1935 1958 clamandum,nec

281 1977 1104 2051 populuseum,licetmultum
1137 1976 1932 2044 laborantem,audiremere-

282 2068 486 2136 batur3
511 2084 764 2141 eumque
793 2083 964 2139 super
995 2067 1335 2138 hujusmodi
1366 2069 1687 2124 temeritate
1717 2068 1932 2138 saepius

283 2163 735 2230 conquereretur
748 2156 1024 2212 dominus
1038 2156 1367 2228 patriarcha
1382 2158 1450 2212 ad
1467 2157 1641 2227 cives,
1658 2160 1933 2214 eteorum

279 2247 658 2319 presentibus
690 2245 1071 2319 argumentis,
1107 2245 1640 2319 deprehenderetur
1663 2246 1881 2302 malitia
1915 2261 1929 2302 ε

275 2336 544 2392 conventi
596 2354 630 2392 a
707 2335 997 2407 pluribus,
1028 2334 1458 2406 incorrigibiles
1493 2335 1713 2390 inventi
1765 2338 1930 2403 sunt,

276 2425 706 2481 comminantes
735 2425 911 2479 etiam
943 2439 1009 2478 ac
1049 2423 1362 2494 aliquando
1392 2425 1657 2495 graviora
1688 2424 1928 2480 molitu-

275 2528 391 2568 ros.
425 2511 590 2577 Quod
628 2516 685 2567 et
717 2513 932 2567 factum
955 2516 1078 2578 est3
1113 2529 1245 2567 nam
1280 2511 1451 2566 etiam
1488 2528 1674 2583 usque
1704 2514 1770 2568 ad
1803 2528 1928 2568 eam

277 2604 689 2665 temeritatem,
722 2616 869 2657 ausu
895 2599 1178 2656 diabolico
1209 2605 1266 2655 et
1305 2601 1517 2671 spiritu
1551 2601 1763 2656 furoris
1794 2617 1931 2657 con-

271 2703 459 2763 cepto,
484 2694 865 2762 pervenerunt
895 2693 978 2754 ut,
1012 2690 1189 2745 armis
1222 2690 1524 2762 correptis,
1556 2693 1834 2761 tanquam
1868 2690 1927 2746 in

274 2780 518 2837 domum
534 2780 789 2851 alicujus
810 2778 1061 2853 gregarii
1089 2778 1481 2850 irrumperent
1508 2779 1566 2834 in
1602 2781 1926 2851 praedictam

275 2873 387 2926 Deo
446 2867 760 2927 amabilem
827 2867 1155 2935 ecelesiam,
1180 2872 1236 2925 et
1272 2869 1518 2939 sagittas
1550 2872 1833 2940 tanquam
1863 2868 1925 2924 in

273 2958 616 3031 speluncam
670 2955 964 3014 latronum
1013 2954 1416 3029 jacularentur
1491 2956 1728 3026 multas,
1779 2972 1926 3029 quas

272 3050 642 3119 postmodum
704 3046 975 3104 collectas
1033 3052 1090 3103 et
1147 3044 1411 3103 redactas
1443 3047 1502 3102 in
1537 3047 1922 3119 manipulum,

2042 456 2179 513 stris
2228 455 2623 528 exigentibus,
2655 455 2713 510 in
2774 471 2988 513 manus
3043 453 3303 514 hostium
3358 455 3622 514 nominis
3651 460 3711 513 et

2043 548 2180 605 fidei
2209 548 2572 617 Christianae,
2607 547 2936 606 secundum
2987 548 3146 621 quod
3176 549 3432 622 antiquas
3463 548 3712 608 tradunt

2044 636 2320 703 historiae,
2348 635 2635 694 devolutis
2671 654 2685 693 :
2718 637 2872 709 quod
2920 641 3181 710 tempore
3210 637 3425 695 domini
3457 637 3709 695 Heraclii

2045 728 2445 784 Romanorum
2506 727 2898 800 imperatoris,
2953 727 3449 785 invalescentibus
3506 731 3712 785 contra

2042 833 2175 874 eum
2207 817 2431 873 Arabiae
2474 817 2726 888 populis,
2750 822 2971 874 certum
2993 820 3083 874 est
3112 816 3430 887 accidisse;
3462 834 3585 875 non
3611 817 3710 874 de·

2045 907 2282 962 fuerunt
2310 906 2379 961 de
2429 905 2899 963 occidentalibus
2931 907 3127 976 multi,
3160 907 3261 979 qui
3319 907 3446 966 loca
3477 911 3709 973 sancta,

2043 995 2178 1052 licet
2207 995 2269 1050 in
2302 994 2559 1051 hostium
2618 999 2899 1069 potestate
2930 996 3179 1068 redacta,
3222 1002 3324 1053 aut
3354 995 3708 1057 devotionis.

2043 1091 2145 1140 aut
2200 1083 2708 1150 commerciorum,
2741 1089 2840 1142 aut
2898 1085 3210 1157 utriusque
3262 1086 3476 1159 gratia,
3510 1084 3713 1142 visita-

2042 1177 2173 1231 rent
2202 1173 2541 1246 aliquoties,
2583 1176 2746 1231 Inter
2791 1192 2891 1232 eos
2930 1181 3128 1232 autem
3161 1175 3263 1249 qui
3293 1175 3709 1250 negotiationis

2043 1265 2309 1332 obtentu,
2342 1263 2414 1319 de
2462 1264 2927 1322 occidentalibus
2977 1282 3077 1338 per
3125 1265 3222 1322 illa
3280 1265 3522 1335 saecula,
3582 1263 3708 1322 loca

2043 1353 2315 1423 praedicta
2344 1352 2506 1409 adire
2563 1358 2956 1423 tentaverunt,
2993 1356 3226 1411 luerunt
3256 1354 3366 1410 viri
3410 1354 3486 1410 de
3519 1351 3706 1426 ltalia,

2042 1441 2144 1513 qui
2175 1441 2247 1498 ab
2281 1442 2423 1498 urbe
2474 1459 2649 1515 quam
2706 1442 2975 1500 incolunt
3031 1445 3309 1501 dicuntur
3338 1442 3701 1500 Amalfitani.

2042 1531 2142 1588 Est
2172 1539 2365 1588 autem
2414 1532 2661 1589 Amalfia
2707 1534 2911 1591 civitas
2957 1533 3112 1591 inter
3161 1550 3322 1591 mare
3367 1542 3422 1591 et
3469 1536 3701 1590 montes

2048 1620 2545 1680 eminentissimos
2600 1624 2938 1694 constituta,
2970 1624 3043 1681 ab
3073 1623 3303 1681 Oriente
3343 1623 3577 1681 babens
3616 1640 3702 1679 ur·

2042 1710 2171 1767 bem
2210 1711 2638 1768 nobilissimam
2696 1711 3030 1784 Salernum,
3061 1712 3153 1769 vix
3179 1716 3404 1786 septem
3438 1709 3705 1769 milliari-

2043 1800 2158 1856 bus
2189 1801 2417 1857 marino
2440 1802 2509 1857 ab
2541 1817 2608 1857 ea
2647 1802 2968 1858 distantem
3018 1801 3261 1872 itinere;
3303 1800 3376 1858 ab
3405 1801 3703 1857 occidente

2045 1904 2174 1945 vero
2206 1889 2552 1947 Surrentum
2601 1899 2654 1946 et
2694 1888 2993 1963 Neapolim
3024 1889 3462 1963 Vergilianam3
3496 1888 3569 1944 ab
3602 1905 3703 1944 au·

2042 1986 2162 2035 stro
2190 1994 2325 2034 vero
2355 1978 2919 2048 Siciliam,ducentis
2951 1977 3460 2050 milliaribus,plus
3479 1979 3705 2034 minus-

2042 2083 2110 2122 ve
2149 2066 2399 2132 modico,
2451 2073 2754 2136 remotam,
2785 2068 3081 2140 Tyrrheno
3115 2067 3257 2124 mari
3298 2066 3698 2138 interjacente,

2041 2154 2230 2224 Huius
2277 2155 2531 2227 regionis
2583 2154 2955 2227 habitatores,
2988 2163 3050 2211 ut
3098 2155 3498 2228 praediximus,
3532 2153 3694 2226 primi

2042 2259 2267 2299 merces
2299 2245 2655 2315 peregrinas,
2689 2250 2746 2300 et
2775 2261 2921 2318 quas
2951 2244 3157 2301 Oriens
3188 2247 3355 2316 prius
3384 2261 3501 2300 non
3537 2256 3701 2299 nove-

2042 2338 2157 2403 rat,
2182 2334 2253 2388 ad
2298 2335 2813 2405 supranominatas
2862 2340 3024 2406 parte
3081 2333 3228 2391 lueri
3279 2333 3534 2391 faciendi
3567 2349 3701 2406 gra-

2041 2422 2125 2477 tia
2153 2422 2371 2478 inferre
2392 2427 2762 2480 tentaverunt
2790 2440 2804 2492 ;
2827 2424 2981 2480 unde
3001 2424 3320 2496 etoptimas
3336 2421 3699 2479 conditiones

2040 2510 2195 2580 apud
2219 2509 2456 2566 illarum
2516 2512 2772 2582 partium
2829 2512 3131 2584 praesides,
3155 2529 3259 2584 pro
3293 2511 3475 2568 rebus
3505 2526 3696 2567 neces-

2040 2598 2212 2655 sariis
2252 2616 2396 2671 quas
2443 2599 2798 2669 inferebant,
2832 2606 2890 2658 et
2947 2601 3073 2658 sine
3127 2599 3473 2658 difficultate
3502 2618 3698 2659 acces·

2040 2701 2193 2756 sum,
2225 2691 2282 2743 et
2339 2688 2536 2759 populi
2589 2690 2976 2747 nihilominus
3023 2690 3268 2763 gratiam
3301 2690 3694 2748 merebantur.

2037 2773 2379 2833 Possidebat
2434 2777 2552 2834 illis
2600 2778 2807 2835 diebus
2865 2780 3136 2852 princeps
3173 2778 3438 2851 AEyptius
3471 2781 3695 2836 univer·

2037 2878 2135 2918 sas
2178 2864 2506 2922 maritimas
2554 2867 2838 2938 regiones,
2870 2885 2903 2924 a
2932 2867 3158 2924 Gabulo
3193 2868 3452 2937 civitate,
3498 2869 3609 2926 sita
3637 2869 3693 2926 in

2035 2948 2226 3010 littore
2286 2955 2466 3012 maris
2511 2957 2673 3026 juxta
2730 2957 3050 3015 Laodiciam
3112 2957 3310 3031 Syriae,
3380 2974 3574 3032 usque
3636 2959 3693 3015 in

2034 3039 2623 3119 Alexandriam,qua².
2671 3050 2760 3103 est
2825 3046 3146 3103 novissima
3184 3047 3392 3103 civitas
3441 3048 3688 3122 AEgypti.

274 3141 408 3193 ante
439 3136 631 3194 locum
672 3136 965 3204 Calvariae,
999 3134 1096 3191 ubi
1155 3136 1467 3193 crucifixus
1497 3143 1586 3192 est
1614 3137 1920 3208 Dominus,
1954 3122 1997 3190 C
2033 3131 2224 3204 Etper
2280 3135 2552 3205 praesides
2574 3135 2823 3207 singulis
2853 3136 3188 3192 civitatibus
3233 3136 3569 3210 deputatos,
3592 3137 3693 3195 im-

272 3226 414 3283 fune
445 3225 857 3300 dependentes,
888 3232 945 3281 et
976 3226 1213 3297 nosipsi
1247 3226 1520 3297 vidimus,
1552 3227 1724 3284 etalii
1759 3228 1927 3286 vide-

274 3321 409 3372 runt
443 3314 680 3371 infiniti.
714 3314 904 3385 Hujus
961 3318 1155 3370 autem
1204 3316 1351 3371 tanti
1396 3315 1532 3371 mali
1565 3316 1921 3389 primitivam

272 3402 552 3475 originem
575 3406 839 3459 Romana
868 3402 1145 3469 Ecclesia,
1178 3402 1313 3459 licet
1364 3405 1608 3461 fortasse
1638 3407 1922 3473 nesoiens,

270 3509 377 3551 nec
400 3496 584 3549 multo
616 3493 945 3565 ponderans
978 3492 1306 3563 libramine,
1338 3493 1478 3565 quid
1509 3495 1580 3551 ab
1607 3511 1669 3551 ea
1701 3502 1923 3567 petere-

270 3586 386 3652 tur,
418 3580 730 3653 diligenter
786 3581 1298 3637 considerantibus
1354 3582 1588 3639 videtur
1626 3584 1921 3655 intulisse,

272 3688 409 3729 nam
444 3672 635 3728 locum
668 3671 1037 3745 praedictum,
1064 3688 1098 3727 a
1145 3672 1368 3729 domini
1418 3674 1758 3743 patriarchae
1789 3674 1926 3731 Hie·

271 3760 670 3834 rosolymitani
692 3761 1127 3831 jurisdictione,
1151 3761 1243 3817 cui
1285 3762 1384 3819 diu
1408 3766 1465 3818 et
1487 3764 1691 3820 merito
1719 3765 1924 3837 subja-

269 3856 488 3919 cuerat,
522 3848 914 3922 emancipavit
946 3850 1220 3919 indebite,
1254 3856 1318 3906 ut
1373 3868 1479 3907 nec
1514 3853 1582 3907 ad
1614 3853 1822 3924 Deum,
1856 3856 1928 3911 ti-

270 3955 518 4009 morem,
551 3956 656 3996 nec
707 3940 777 3994 ad
829 3937 1118 4005 homines,
1163 3939 1276 3996 nisi
1329 3956 1477 4012 quos
1534 3941 1763 4009 timent,
1815 3943 1926 4000 ha-

269 4028 443 4085 beant
474 4027 871 4084 reverentiam.
905 4026 1020 4083 Nec
1070 4034 1264 4085 tamen
1296 4045 1500 4086 omues
1549 4047 1664 4087 uno
1699 4032 1923 4102 judicio

260 4120 321 4174 et
348 4117 583 4173 sublata
614 4115 984 4172 discretionis
1014 4116 1360 4186 differentia,
1392 4118 1450 4173 in
1484 4118 1774 4188 hanc‚Deo
1793 4122 1924 4177 odi-

262 4205 440 4261 bilem
499 4208 557 4259 et
613 4205 888 4259 vitiorum
940 4212 1186 4259 matrem
1249 4205 1534 4274 omnium,
1571 4207 1922 4265 involvimus

267 4290 624 4361 superbiam,
663 4292 967 4346 credentes
1020 4291 1111 4346 vix
1162 4308 1332 4364 posse
1372 4294 1731 4366 contingere,
1766 4302 1829 4352 ut
1860 4297 1918 4353 in

268 4382 433 4435 tanto
490 4393 727 4449 corpore
784 4394 988 4435 omnes
1035 4380 1235 4435 eodem
1267 4381 1612 4453 gradiantur
1641 4384 1842 4441 itinere
1867 4389 1927 4441 et

267 4469 347 4525 sit
375 4465 538 4524 nulla
568 4467 895 4524 differentia
917 4468 1278 4527 meritorum.
1305 4470 1376 4526 Ut
1405 4480 1622 4541 autem,
1644 4489 1711 4528 ex
1743 4490 1920 4543 quam
1953 4492 2000 4556 D

262 4557 484 4615 modico
532 4557 689 4628 jactu
747 4556 1010 4628 seminiS,
1052 4562 1275 4615 tantum
1336 4558 1500 4616 locus
1557 4568 1920 4620 memoratus

261 4647 502 4721 coeperit
554 4645 1003 4716 incrementum,
1064 4663 1354 4720 quamque
1410 4648 1668 4706 indebite
1720 4657 1922 4710 contra

262 4736 365 4793 Dei
395 4735 1193 4794 ecclesias.Erecalcitraverit
1222 4742 1279 4794 et
1316 4754 1501 4810 usque
1533 4738 1705 4797 hodie
1735 4742 1920 4797 recal-

265 4823 475 4882 citrare
522 4840 638 4881 non
680 4824 931 4892 desinat,
982 4830 1218 4896 sumpto
1263 4827 1692 4901 aliquantulum
1739 4830 1921 4887 altius

265 4914 524 4985 exordio,
583 4913 855 4986 praeseuti
903 4913 1180 4971 duximus
1213 4916 1609 4973 mandandum
1642 4917 1918 4990 historiae,

263 5001 527 5058 veritatis
575 5004 837 5075 regulam
896 5004 1155 5076 omnine,
1187 5014 1422 5063 auctore
1478 5006 1751 5079 Domine,
1800 5025 1919 5065 non

265 5089 793 5164 praetermittentes·

912 5236 1146 5293 CAPUT
1180 5236 1267 5295 tv·

262 5341 606 5400 Describitur
636 5342 784 5399 unde
813 5342 1010 5400 habuit
1038 5351 1249 5472 αονιεμηι
1276 5353 1328 5403 et
1347 5346 1575 5404 initium
1604 5348 1797 5405 domus
1819 5349 1921 5406 Ho-

970 5432 1034 5488 sp
1081 5434 1113 5473 a
1142 5434 1206 5473 ιε.

337 5535 535 5608 Regno
589 5535 1116 5613 Hierosolymorum
1164 5557 1297 5599 cum
1354 5544 1625 5604 universa
1680 5547 1843 5622 Syria
1863 5550 1923 5606 et

2031 3221 2262 3292 perium
2295 3238 2466 3277 suum
2501 3222 2611 3279 late
2665 3224 2947 3281 reddebat
2994 3224 3385 3282 formidabile.
3422 3227 3692 3283 Praedicti

2028 3325 2166 3367 vero
2194 3310 2528 3368 Amalfitani
2553 3317 2670 3369 tam
2704 3314 2855 3386 regis
2881 3329 3057 3386 quam
3085 3313 3415 3387 principum
3445 3330 3690 3373 suorum

2027 3396 2263 3471 plenam
2299 3399 2583 3457 babentes
2614 3404 2883 3472 gratiam,
2916 3402 3041 3459 loca
3068 3404 3362 3474 universa,
3394 3406 3563 3476 quasi
3594 3422 3694 3461 ne-

2027 3488 2350 3559 gotiatores
2382 3493 2439 3546 et
2469 3496 2810 3549 tractatores
2862 3492 3120 3558 utilium,
3153 3496 3436 3563 tanquam
3469 3509 3692 3552 merces

2026 3578 2513 3650 circumferendo,
2586 3582 2943 3640 confidenter
2998 3586 3266 3655 poterant
3327 3584 3683 3653 circumire;

2029 3668 2186 3723 unde
2215 3673 2275 3724 et
2321 3669 2706 3727 traditionum
2768 3679 3142 3742 paternarum
3167 3688 3282 3729 non
3315 3671 3692 3731 immemores

2026 3761 2086 3812 et
2117 3757 2249 3814 fidei
2297 3758 2661 3828 Christianae,
2697 3760 2822 3817 loca
2854 3770 3075 3830 sancta,
3121 3761 3355 3835 quoties
3396 3769 3693 3838 opportu-

2030 3846 2187 3902 nitas
2207 3846 2481 3916 dabatur,
2535 3849 2885 3921 visitabant3
2915 3868 3031 3907 non
3088 3852 3368 3909 habentes
3403 3856 3600 3909 autem
3631 3853 3693 3911 iu

2029 3935 2227 3991 eadem
2248 3937 2389 3993 urbe
2427 3938 2710 3995 familiare
2752 3940 3137 4011 domicilium,
3161 3940 3261 3997 ubi
3293 3957 3519 3998 moram
3553 3957 3696 4016 pos-

2028 4029 2162 4079 sent
2218 4025 2404 4083 facere
2466 4026 3104 4099 aliquantulum,sicut
3137 4029 3197 4084 in
3248 4029 3498 4086 urbibus
3525 4029 3698 4087 babe-

2031 4109 2175 4170 bant
2206 4114 2547 4183 maritimis,
2578 4116 2946 4188 congregatis
2988 4116 3060 4173 de
3109 4132 3217 4173 suo
3249 4117 3490 4189 populo,
3522 4123 3697 4191 quot-

2031 4205 2173 4272 quot
2229 4201 2302 4258 ad
2334 4219 2484 4274 opus
2507 4210 2850 4276 conceptum
2883 4209 3152 4276 poterant
3179 4221 3520 4274 convocare,
3543 4206 3696 4262 cali-

2029 4289 2208 4361 pham
2266 4293 2600 4366 AEgyptium
2656 4294 2895 4363 adeunt,
2927 4301 2983 4351 et
3029 4294 3263 4352 oblenta
3317 4294 3694 4353 familiarium

2030 4382 2161 4452 ejus
2190 4385 2397 4453 gratia,
2430 4383 2773 4454 petitionem
2822 4401 2988 4442 suam
3029 4386 3243 4459 scripto
3275 4386 3601 4458 porrigunt,
3635 4391 3691 4445 et

2030 4472 2181 4527 votis
2220 4486 2473 4530 consone
2503 4473 2794 4544 recipiunt
2823 4474 3225 4546 impetratum.

2747 4620 2982 4678 CAPUT
3012 4621 3080 4677 V.

2031 4742 2302 4813 Quomodo
2361 4745 2651 4817 AEyyptius
2673 4746 2917 4827 calipha
2943 4748 3019 4802 ad
3045 4747 3360 4832 petitionem
3393 4746 3694 4819 Amalphi'-

2099 4822 2378 4884 tonorum,
2411 4820 2586 4873 Iocum
2630 4816 2711 4874 eis
2754 4817 3035 4890 designari
3066 4820 3347 4891 praecipit,
3378 4818 3694 4876 noima-le·-

2098 4886 2243 4943 siam
2268 4886 2565 4959 aedificent.

2100 5011 2386 5069 Scribitur
2413 5028 2549 5086 ergo
2596 5012 3125 5087 Hierosolymorum
3155 5014 3414 5086 praeeidi,
3445 5018 3513 5072 ut
3541 5017 3695 5074 vires

2027 5099 2416 5171 Amalfitanis,
2444 5102 2669 5173 amicis,
2695 5107 2752 5159 et
2778 5102 3014 5160 utilium
3057 5101 3580 5171 introductoribus,
3603 5105 3694 5162 lo·

2029 5207 2133 5247 cus
2163 5190 2582 5264 Hierosolymis
2631 5193 2802 5264 juxta
2858 5208 3060 5250 eorum
3103 5191 3485 5263 desiderium,
3529 5194 3590 5250 in
3623 5211 3694 5252 ea

2030 5284 2192 5352 parte
2213 5296 2386 5351 quam
2419 5279 2732 5337 Christiani
2782 5279 3070 5346 habitant,
3104 5281 3177 5337 ad
3223 5283 3690 5340 construendum

2028 5368 2110 5424 ibi
2139 5369 2523 5440 domicilium,
2556 5370 2728 5444 quale
2755 5370 3065 5440 voluerint,
3099 5369 3440 5443 designetur
3459 5371 3691 5443 amplis·

2031 5460 2238 5515 simus.
2275 5460 2411 5516 Erat
2465 5464 2665 5517 autem
2725 5460 2949 5527 civitas,
2981 5461 3134 5517 sicut
3187 5463 3246 5515 et
3282 5458 3456 5516 bodie
3485 5464 3598 5529 est,
3624 5462 3686 5519 in

2030 5551 2282 5621 quatuor
2339 5554 2535 5622 partes
2591 5565 2739 5623 pene
2783 5549 2971 5608 divisa
3024 5546 3440 5624 aqualitermx
3468 5548 3687 5622 quibus
