3784 6000
14 197 203 304 '3¹³
1026 189 1391 250 Er1s‘roLAE
1424 189 1510 246 Er
1551 185 1995 248 Pfflvnscm.
2034 223 2105 239 -
2139 193 2256 254 AN.
2299 196 2554 254 usi-ss.
3337 196 3480 256 {su

14 321 363 384 fluerunt
384 318 718 393 patrocinio
754 316 1192 376 collocandam.
1227 315 1400 385 Quod
1427 314 1567 371 inde
1603 313 1720 371 cla·
1749 317 1797 372 Α
1825 322 2020 388 prata.
2046 320 2411 389 molendina,
2430 321 2966 389 curtilia‚combas,
3007 320 3293 379 domoset
3315 338 3484 396 quas·

14 411 185 472 tius
208 418 310 469 tua
330 409 618 467 serenitas
642 412 835 479 potest
863 421 1216 478 agnoscere,
1245 404 1414 478 quod
1443 419 1715 460 summos
1826 420 2066 479 cunque
2096 409 2152 466 in
2183 410 2329 467 locis
2358 410 2774 483 adjacentibus
2796 410 2953 466 dicto
2985 416 3179 468 castro
3207 411 3479 483 posside·

14 509 231 562 ,πω
263 499 426 559 illius
456 504 516 555 et
548 497 905 568 magnificos
934 496 1279 552 defensores
1307 492 1714 551 venerabilem
1825 495 1939 563 tis,
1926 513 1938 524 ·
1971 498 2264 570 quidquid
2293 500 2473 556 etiam
2507 500 2669 572 apud
2700 502 2909 566 Quem,
2942 501 3107 573 apud
3133 501 3478 574 Jemappes,

14 589 312 650 finirem
358 593 632 646 nostrum
679 586 1009 643 Heraclium
1042 584 1466 658 patriarcham,
1493 587 1549 640 et
1576 582 1719 639 dile-
1826 585 1989 655 apud
2004 586 2208 659 Genly
2229 593 2410 660 atque
2431 588 2594 661 apud
2623 589 2870 657 Elouges
2892 589 3478 656 haberenoscimini;

14 685 225 744 atum
243 678 431 736 filium
449 685 720 734 nostrum
744 675 1096 748 magistrum
1113 673 1430 746 Hospitalis
1456 673 1532 728 ad
1552 676 1715 728 tuam
1826 672 2194 733 frumentum
2223 694 2466 751 quoque
2486 683 2544 734 et
2563 694 2841 745 avenam,
2871 694 3003 750 quae
3032 679 3111 734 ab
3141 679 3393 734 ecclesia
3417 679 3474 736 S.

14 751 473 832 ''xcellentiam
493 765 888 830 destinarunt,
913 770 974 821 ut
1000 780 1073 821 ex
1094 765 1367 837 ipsorum
1401 760 1717 834 prinsentia
1830 761 2225 821 waldetrudis
2251 766 2546 823 debentur
2574 766 2940 838 presbyteris
2966 767 3269 823 canonicis
3299 765 3481 823 eccle-

14 843 444 918 ¹bonsiderata
480 855 769 926 dignitate
825 853 1224 926 perpenderes
1270 855 1502 924 quanta
1547 849 1720 906 fuerit
1829 849 1931 907 siae
1974 857 2183 910 vestrae
2220 855 2598 927 specialiter·
2631 871 2878 911 censum
2923 856 3169 927 insuper
3211 872 3394 928 quem
3422 855 3486 911 in

14 945 434 1008 necessitatis
453 944 757 1015 angustia,
780 958 891 1014 pro
905 959 1029 1015 qua
1048 957 1259 999 eorum
1279 940 1574 997 sustinent
1595 945 1723 996 tan·
1830 939 1926 996 die
1952 939 2148 999 Coenoe
2178 944 2408 1000 Domini
2441 944 2805 1016 parochialis
2839 945 3145 1017 presbyter
3168 951 3361 1002 vester
3388 960 3490 1015 ge-

1830 1043 1968 1085 rens
1987 1046 2196 1088 curam
2225 1034 2591 1098 animarum,
2623 1035 2937 1090 annuatim
2967 1035 3133 1090 vobis
3159 1034 3388 1091 solvere
3406 1038 3486 1090 te-

1830 1125 2024 1187 netur,
2071 1122 2295 1178 scilicet
2334 1122 2683 1195 quindecim
2715 1123 2972 1180 fertones
3006 1126 3258 1194 argenti,
3285 1138 3488 1181 servos

1831 1212 1887 1264 et
1903 1209 2151 1265 ancillas
2170 1211 2248 1266 ad
2274 1212 2589 1268 ecclesiam
2617 1216 2875 1269 vestram
2908 1214 3304 1285 pertinentes3
3338 1212 3488 1271 anti·

14 1031 168 1122 Ιᾱίιι
195 1050 399 1093 carere
443 1032 743 1106 praesidio,
784 1039 844 1090 ut
888 1048 992 1104 per
1020 1033 1184 1104 ipsos
1213 1029 1444 1087 facilius
1474 1028 1552 1085 ad
1584 1033 1723 1084 vota

15 1117 182 1184 ¹-un
202 1131 367 1182 tuam
389 1123 772 1180 devotionem
794 1120 1098 1177 inclinent.
1116 1120 1290 1177 Viros
1309 1118 1489 1188 igitur
1513 1117 1722 1192 proefa·

15 1203 181 1285 ὼε,
202 1219 497 1286 tanquam
520 1209 755 1283 abipso
778 1210 1031 1266 Domino
1053 1208 1154 1264 tibi
1185 1207 1535 1272 destinatos,
1561 1205 1723 1262 beni-

21 1317 184 1380 ·ne
208 1302 522 1374 suscipias,
549 1299 821 1357 etdeb1ta
833 1298 1116 1355 charitate
1132 1300 1472 1369 pertractes,
1487 1311 1720 1351 eorum·
1830 1313 1985 1370 quas
2013 1299 2192 1354 eliam
2219 1304 2275 1355 et
2302 1299 2688 1356 rationabiles
2728 1301 3196 1357 consuetudines
3219 1301 3486 1359 ecclesioe

25 1395 186 1472 'que
240 1388 745 1466 postulationibus
811 1393 975 1444 tanto
1044 1386 1277 1443 facilius
1345 1384 1717 1460 acquiescas,
1827 1392 2039 1443 vestrae
2063 1387 2908 1455 hactenusobservatas,ratas
2924 1389 3142 1446 habem
3154 1409 3242 1456 us,
3265 1407 3491 1465 easque

23 1487 297 1560 quanto
325 1478 627 1552 gravitatis
649 1483 708 1534 et
735 1477 1063 1533 honestatis
1085 1476 1301 1532 intuitu
1326 1474 1495 1532 favor
1522 1480 1611 1531 est
1635 1475 1721 1531 eis
1830 1476 2210 1532 decernimus
2269 1477 2688 1535 inviolabiliter
2742 1478 3071 1534 observari.
3128 1480 3491 1537 auctoritate

45 1577 122 1632 et
151 1573 343 1643 gratia
360 1566 719 1626 exhibenda.
745 1567 898 1624 Sane
922 1566 1146 1622 recolat
1176 1564 1492 1637 prudentia
1524 1568 1643 1630 tua,
1667 1568 1722 1619 et
1830 1580 2075 1638 quoque
2102 1565 2431 1639 apostolica
2460 1566 2746 1623 duximus
2763 1568 3145 1623 statuendum
3169 1584 3243 1624 ne
3268 1570 3406 1641 quis
3433 1569 3493 1624 in

55 1655 322 1720 'sollicita
338 1673 545 1718 secum
563 1656 945 1713 meditatione
961 1654 1246 1723 revolvat,
1263 1653 1721 1725 promissionem
1759 1687 1802 1743 Β
1831 1669 1941 1709 vos
1967 1653 2053 1709 vel
2086 1654 2364 1711 ecclesias
2397 1662 2625 1712 vestras
2655 1655 3319 1725 excommunicationis,
3366 1674 3498 1714 sus-

57 1747 235 1808 illam
265 1746 480 1821 quade
507 1744 916 1818 impendendo
944 1759 1103 1817 soepe
1135 1743 1305 1799 dictas
1329 1749 1499 1798 terrie
1522 1743 1720 1814 praesi-

49 1837 176 1897 dio
195 1843 366 1894 tuam
386 1834 801 1892 celsitudinem
822 1831 1135 1904 obligasti:
1167 1837 1220 1888 et
1243 1833 1325 1887 ita
1349 1830 1409 1886 in
1427 1831 1540 1887 hac
1557 1834 1724 1903 parte

55 1929 124 1986 te
154 1931 400 1983 cautum
431 1928 488 1980 et
516 1922 851 1979 studiosum
880 1920 1188 1987 exhibeas,
1213 1926 1275 1975 ut
1299 1925 1353 1976 te
1385 1920 1446 1975 in
1473 1924 1725 1975 tremen-

55 2015 149 2076 do
171 2014 399 2088 judicio
427 2018 528 2068 tua
556 2011 920 2067 conscientia
948 2026 1068 2066 non
1092 2015 1352 2076 accuset,
1381 2014 1435 2065 et
1466 2008 1599 2080 ejus
1622 2007 1727 2081 qui

55 2117 193 2164 non
222 2101 444 2160 fallitur
466 2099 713 2156 districti
759 2098 984 2155 Judicis
1024 2098 1409 2170 interrogatio
1443 2113 1563 2153 non
1588 2112 1729 2153 con-

57 2191 332 2254 demnet.

619 2359 810 2415 ANNO
849 2357 1178 2413 1¹81-1185.

697 2542 960 2599 CLxxxu
1006 2541 1114 2597 bis.

150 2634 542 2706 Privileqium
562 2648 674 2704 pro
690 2631 935 2689 ecclesia
958 2629 1019 2688 S.
1042 2629 1328 2687 Germani
1346 2629 1664 2688 Montensi.

368 2722 638 2798 [Ulmum
668 2724 824 2794 Opp.
856 2719 1132 2792 diplom„
1163 2720 1232 2785 ll,
1269 2717 1450 2790 ¹187]

155 2816 354 2871 Lucius
381 2815 719 2885 episcopus,
758 2825 966 2865 servus
996 2824 1305 2865 servorum
1342 2806 1463 2872 Dei,
1506 2806 1742 2864 dilectis

75 2904 218 2964 filiis
247 2906 508 2968 Nicouo,
541 2900 861 2973 praeposito
884 2898 1148 2955 ecclesias
1179 2899 1237 2955 S.
1266 2896 1563 2963 Germani,
1591 2896 1745 2969 ejus-

1833 1742 2165 1814 pensionis,
2194 1744 2285 1800 vel
2316 1745 2610 1800 interdicti
2638 1746 2995 1801 sententiam
3028 1746 3261 1819 absque
3300 1748 3496 1804 mani-

1833 1830 1982 1888 festa
2010 1836 2069 1888 et
2095 1832 2448 1889 rationabili
2460 1849 2645 1890 causa
2675 1833 3032 1905 promulget.

1909 1922 2064 1978 Sane
2090 1922 2393 1978 novalium
2412 1928 2746 1979 vestrorum
2773 1938 2912 1995 quae
2928 1923 3185 1996 propriis
3215 1923 3498 1981 manibus

1835 2014 1942 2066 aut
1969 2010 2312 2082 sumptibus
2340 2009 2551 2077 colitis,
2597 2011 2717 2067 sive
2746 2011 2822 2068 de
2848 2013 3224 2069 nutrimentis
3271 2013 3502 2070 anima·

1835 2098 1983 2156 lium
2003 2105 2356 2162 vestrorum,
2376 2101 2577 2156 nullus
2596 2116 2632 2157 a
2656 2100 2827 2157 vobis
2849 2100 3122 2158 decimas
3144 2102 3385 2175 exigere
3407 2102 3503 2159 vel

1839 2192 2194 2261 extorquere
2223 2194 2573 2260 praesumat.
2590 2190 2782 2246 Liceat
2803 2204 3048 2262 quoque
3059 2190 3234 2247 vobis
3255 2190 3502 2248 clericos

1840 2281 1902 2335 et
1924 2278 2108 2335 laicos
2132 2294 2164 2334 e
2190 2277 2410 2335 saeculo
2427 2277 2720 2349 fugientes
2749 2277 2971 2336 liberos
2994 2285 3048 2336 et
3077 2280 3389 2336 absolutos
3422 2279 3503 2336 ad

1841 2368 2293 2424 conversionem
2324 2369 2607 2440 recipere,
2628 2373 2685 2424 et
2711 2384 2817 2425 eos
2865 2368 2993 2424 sine
3033 2369 3504 2427 contradictione

1841 2457 2115 2513 retinere.
2166 2456 2557 2513 prohibemus
2601 2458 2846 2529 insuper
2873 2473 2950 2513 ne
2982 2457 3084 2514 ulli
3126 2457 3377 2516 fratrum
3407 2473 3506 2515 ve-

1845 2550 2109 2602 strorum
2136 2552 2269 2617 post
2294 2545 2516 2602 factam
2562 2546 2623 2601 in
2649 2547 2862 2602 eodem
2904 2547 3038 2604 loco
3065 2547 3503 2619 professionem

1845 2634 1940 2691 fas
1982 2633 2055 2690 sit
2085 2633 2161 2690 de
2212 2635 2425 2691 eodem
2470 2635 2586 2690 nisi
2615 2636 2865 2709 majoris
2911 2636 3215 2707 religionis
3258 2636 3507 2693 obtentu

1847 2722 2156 2780 discedere
2180 2739 2195 2791 ;
2222 2723 2626 2780 discedentem
2652 2739 2795 2781 vero
2823 2724 3055 2798 absque
3087 2725 3508 2782 communium

1847 2812 2180 2869 litterarum
2227 2813 2525 2879 cautione,
2558 2813 2755 2869 nullus
2785 2813 3006 2869 audeat
3038 2815 3312 2870 retinere.
3359 2815 3509 2871 Cum

1851 2910 2057 2957 autem
2087 2900 2364 2971 generale
2387 2900 2765 2958 interdictum
2797 2909 2962 2958 terroe
2981 2901 3177 2971 fuerit,
3206 2902 3381 2958 liceat
3407 2916 3512 2958 vo-

74 3010 203 3068 que
221 2991 526 3058 fratribus,
542 2993 668 3046 tam
682 2986 1082 3061 proesentibus
1100 3003 1287 3059 quam
1312 2983 1747 3052 futuris,cano'-
1852 2990 1969 3056 bis,
1990 2990 2208 3047 clausis
2219 2990 2443 3065 januis,
2472 3006 2593 3048 non
2621 2990 2870 3064 pulsatis
2894 2991 3230 3064 campanis,
3252 2990 3511 3049 exclusis

81 3082 220 3149 nice
248 3079 642 3149 instituendis,
675 3079 737 3133 in
765 3081 1144 3149 perpetuum.

161 3172 275 3228 Pisa
318 3168 640 3241 postulatio
694 3163 1019 3222 voluntatis
1055 3163 1269 3220 effectu
1314 3162 1496 3220 debet
1539 3179 1746 3236 prose-

90 3265 314 3337 quente
342 3258 650 3331 compleri,
673 3262 730 3313 et
761 3260 824 3311 ut
849 3253 1187 3310 devotionis
1213 3252 1520 3309 sinceritas
1542 3253 1751 3310 lauda·

96 3352 292 3409 biliter
321 3349 626 3415 enitescat,
658 3352 715 3403 et
740 3345 961 3402 utilitas
996 3342 1301 3416 postulata
1330 3344 1485 3399 vires
1511 3342 1748 3399 indubi-

100 3444 292 3499 tanter
316 3442 612 3496 assumat.
640 3435 991 3509 Eapropter,
1021 3432 1216 3489 dilecti
1246 3433 1305 3488 in
1338 3431 1594 3489 Domino
1623 3431 1748 3502 filii,

100 3528 310 3587 vestris
326 3527 500 3600 justis
524 3522 1030 3600 postulationibus
1073 3521 1398 3578 clementer
1427 3521 1753 3577 annuimus

90 3624 150 3677 et
173 3617 483 3691 praefatam
515 3613 825 3671 ecclesiam
853 3614 909 3670 S.
943 3611 1220 3668 Germani
1245 3610 1320 3665 de
1339 3610 1656 3677 Montibus,
1689 3610 1751 3666 in

87 3724 215 3782 qua
243 3706 447 3762 divino
479 3702 800 3774 mancipati
829 3701 972 3757 estis
1004 3698 1314 3772 obsequio,
1351 3700 1465 3755 sub
1494 3700 1557 3754 B.
1605 3699 1752 3756 Petri

90 3803 150 3856 et
177 3800 385 3853 nostra
406 3793 774 3866 protectione
796 3789 1184 3862 suscipimus,
1207 3792 1265 3844 et
1291 3789 1594 3860 praesentis
1616 3788 1751 3844 scri·

91 3886 178 3961 pti
199 3883 505 3957 privilegio
517 3880 966 3938 communimus
987 3897 1004 3950 ;
1038 3882 1367 3935 statuentes
1381 3884 1755 3951 utquascun·

15 4036 20 4041 ,
92 3990 216 4050 que
232 3972 1064 4047 possessiones,quaecunque
1077 3968 1238 4024 bona
1258 3966 1471 4023 eadem
1502 3967 1753 4024 ecclesia

90 4063 607 4137 inpraesentiarum
651 4060 810 4132 juste
857 4062 914 4113 et
942 4057 1230 4114 canonice
1271 4056 1536 4128 possidet
1561 4062 1664 4113 aut
1692 4056 1754 4112 in

17 4162 22 4171 “
91 4154 363 4212 futurum
390 4149 772 4206 concessione
803 4146 1180 4217 pontificum,
1208 4144 1522 4215 largitione
1545 4160 1755 4218 regum

15 4218 22 4259 ⁸
93 4239 190 4299 vel
229 4239 590 4313 principum,
634 4237 935 4294 oblatione
977 4234 1268 4301 fidelium,
1295 4250 1404 4290 seu
1428 4233 1558 4290 aliis
1577 4234 1757 4307 justis

98 4347 215 4388 mo
205 4329 319 4391 lis,
367 4330 690 4401 praestante
736 4325 1006 4391 Domino,
1040 4325 1254 4397 poterit
1278 4323 1552 4396 adipisci,
1581 4321 1757 4379 firma

97 4419 275 4478 vobis
309 4416 635 4488 vestrisque
662 4413 1182 4470 successoribuset
1203 4412 1758 4484 illibatapermane-
1789 4400 1834 4456 D

100 4507 319 4566 ant.1n
351 4504 575 4579 quibus
599 4504 727 4559 hoec
756 4501 1015 4575 propriis
1045 4501 1331 4557 duximus
1364 4501 1759 4574 exprimenda

99 4596 444 4656 vocabulis:
476 4594 679 4651 locum
707 4592 905 4665 ipsum
931 4593 986 4647 in
1013 4608 1133 4664 quo
1152 4591 1398 4664 praefata
1423 4591 1677 4649 ecclesia
1697 4592 1755 4648 S.

101 4680 1760 4753 Germanisitaestcumappendiciissuis;altariaomnia

100 4775 488 4834 ecclesiarum
508 4772 699 4845 ipsius
730 4770 932 4836 castri,
959 4769 1063 4842 qui
1096 4768 1319 4825 dicitur
1346 4768 1538 4841 Casiri
1565 4769 1755 4836 locus,

99 4867 326 4931 locum,
357 4864 536 4920 etiam
566 4859 881 4917 ecclesiam
901 4860 958 4916 S.
988 4858 1760 4925 waldetrudiswacclesiam

105 4954 305 5013 Sancti
335 4953 504 5017 Petri,
521 4950 621 5024 jus
663 4949 906 5006 alterius
945 4947 1211 5005 ecclesias
1250 4949 1307 5003 in
1337 4948 1522 5020 portis
1557 4946 1759 5005 Sancti

106 5043 252 5099 Petri
270 5061 285 5111 ;
317 5040 609 5113 capellam
625 5040 681 5096 S.
701 5037 988 5109 Andreae3
1013 5036 1307 5110 capellam
1320 5036 1554 5093 comitis
1575 5052 1762 5108 supra

105 5136 384 5208 portam;
415 5128 709 5203 capellam
749 5126 954 5184 Sancti
996 5126 1218 5183 Nicolai
1254 5125 1318 5182 in
1339 5124 1757 5192 Bertoimonte,

105 5219 399 5291 capellam
432 5218 832 5275 infirmorum.

182 5311 246 5365 Et
269 5308 518 5365 liberam
535 5322 779 5380 quoque
804 5311 985 5379 atque
999 5304 1353 5362 canonicam
1376 5304 1764 5378 presbytero-

107 5414 248 5459 rum
272 5396 724 5464 institutionem,
757 5411 897 5453 cum
926 5394 1206 5452 altarium
1248 5394 1660 5451 oblationibus
1708 5401 1763 5452 et

109 5483 602 5553 obventionibus,
624 5498 762 5558 quoe
789 5484 1004 5543 vestris
1029 5482 1238 5543 usibus
1264 5488 1404 5542 sunt
1434 5482 1759 5558 deprimo,

1855 3080 2388 3137 excommunicatis
2407 3085 2465 3136 et
2483 3080 2829 3147 interdictis,
2852 3096 3181 3155 suppressa
3200 3096 3345 3138 voce
3365 3080 3516 3138 divi·

1855 3185 1938 3226 na
1964 3169 2165 3226 officia
2189 3168 2511 3226 celebrare.

1930 3258 2278 3315 Inhibemus
2307 3259 2487 3315 etiam
2518 3263 2583 3314 ut
2611 3258 2764 3316 intra
2805 3259 3064 3317 claustra
3110 3258 3383 3318 locorum
3410 3274 3517 3317 sen

1859 3349 2250 3420 grangiarum
2299 3353 2653 3414 vestrarum,
2712 3348 3005 3421 capellam
3066 3350 3153 3406 vel
3187 3350 3516 3406 oratorium

1860 3436 2093 3508 absque
2132 3435 2460 3492 dioecesani
2496 3442 2552 3491 et
2591 3443 2783 3492 vestro
2822 3453 3075 3493 assensu
3111 3437 3310 3494 nullus
3350 3453 3517 3495 cons-

1862 3531 2055 3582 truere
2079 3524 2155 3580 de
2169 3539 2326 3580 novo
2338 3524 2883 3597 praestimat,salvis
2905 3525 3225 3597 privilegiis
3237 3525 3520 3598 apostoli-

1859 3629 1947 3671 σε’,
1976 3613 2157 3669 sedis.

1935 3703 1997 3759 In
2025 3701 2465 3774 parochialibus
2481 3717 2619 3758 vero
2635 3703 2900 3759 ecclesiis
2918 3718 3069 3776 quas
3089 3702 3322 3760 habetis
3344 3702 3521 3760 liceat

1862 3793 2034 3850 vobis
2047 3792 2388 3848 sacerdotes
2418 3791 2631 3861 eligere
2645 3798 2700 3848 et
2712 3792 2747 3846 d
2758 3793 3055 3849 ioecesano
3076 3793 3358 3866 episcopo
3373 3808 3525 3865 proe-

1863 3879 2361 3953 sentare,quibus
2387 3880 2434 3936 si
2459 3880 2657 3936 idonei
2690 3880 2922 3948 fuerint,
2953 3882 3278 3956 episcopus
3308 3896 3521 3940 curam

1864 3972 2208 4028 animarum
2237 3970 2589 4035 committat,
2618 3976 2675 4025 et
2703 3971 2755 4024 ei
2791 3971 2865 4025 de
2890 3971 3319 4042 spiritualibus,
3347 3970 3523 4028 vobis

1864 4074 2009 4117 vero
2032 4059 2108 4115 de
2134 4058 2564 4130 temporalibus
2589 4059 2952 4131 respondere
2983 4059 3264 4116 debeant.

1938 4146 2321 4219 sepulturam
2373 4160 2655 4219 praeterea
2706 4148 2896 4220 ipsius
2945 4147 3060 4204 loci
3091 4148 3340 4207 liberam
3397 4164 3523 4207 esse

1865 4237 2169 4295 decernim
2180 4252 2269 4303 us,
2291 4240 2350 4291 et
2377 4250 2583 4291 eorum
2611 4236 2909 4293 devotioni
2936 4242 2992 4293 et
3011 4242 3285 4295 extremae
3305 4238 3521 4296 volun-

1866 4327 1990 4394 tati,
2018 4326 2206 4398 quise
2237 4324 2350 4380 illic
2377 4324 2611 4397 sepeliri
2635 4325 3116 4391 deliberaverint.
3153 4327 3265 4384 nisi
3286 4343 3526 4387 excom-

1866 4415 2152 4473 municati
2185 4413 2272 4469 vel
2298 4414 2591 4470 interdicti
2622 4417 2757 4485 siut,
2794 4415 2994 4471 nullus
3024 4416 3303 4486 obsistat,
3354 4417 3522 4475 salva

1866 4511 2068 4562 tamen
2090 4502 2322 4578 justitia
2349 4502 2584 4559 illarum
2615 4504 3006 4562 ecclesiarum
3053 4520 3089 4560 a
3117 4506 3339 4576 quibus
3367 4522 3525 4564 mor·

1865 4599 2109 4651 tuorum
2138 4607 2394 4664 corpora
2419 4599 2830 4649 assumuntur.

1941 4683 2478 4753 Decernimusergo
2492 4688 2556 4737 ut
2577 4681 2721 4737 nulli
2744 4683 2992 4739 omnino
3013 4682 3328 4739 hominum
3355 4682 3530 4742 liceat

1867 4771 2179 4846 praefatam
2222 4770 2535 4827 ecclesiam
2593 4776 2809 4827 temere
2864 4771 3211 4844 perturbare
3261 4778 3365 4829 aut
3392 4774 3444 4847 ej
3456 4790 3527 4830 us

1868 4860 2283 4935 possessiones
2299 4858 2528 4915 auferre
2551 4859 2641 4915 vel
2672 4858 2906 4916 ablatas
2932 4860 3204 4927 retinere,
3234 4862 3530 4932 minuere,

1869 4965 1975 5006 seu
2004 4947 2372 5019 quibuslibet
2416 4948 2838 5005 vexationibus
2867 4948 3139 5020 fatigare,
3170 4950 3277 5007 sed
3321 4948 3531 5010 omnia

1868 5039 2563 5109 integraconserventur,
2578 5053 2809 5109 eorum,
2830 5054 2937 5111 pro
2958 5054 3218 5111 quorum
3233 5040 3530 5111 guberna-

1869 5129 2029 5185 tione
2075 5142 2145 5184 ac
2175 5127 2602 5184 sustentatione
2643 5141 2931 5184 concessa
2976 5133 3135 5195 sunt,
3164 5130 3373 5186 usibus
3401 5145 3529 5187 om-

1868 5216 2136 5274 nimodis
2148 5215 3009 5290 profutura,salvaapostolicoe
3021 5218 3179 5273 sedis
3192 5218 3532 5293 etepiscopi

1869 5305 2193 5364 dioecesani
2208 5305 2498 5362 canonica
2508 5304 2760 5378 justitia.
2775 5305 2967 5379 Siqua
2983 5306 3164 5377 igitur
3178 5307 3240 5364 in
3262 5307 3529 5366 futurum

1869 5396 2272 5454 ecclesiastica
2281 5393 2658 5452 stecularisve
2670 5410 2922 5467 persona
2937 5396 3091 5453 hanc
3104 5403 3307 5455 nostrae
3319 5397 3535 5456 consti-

1870 5484 2114 5544 tutionis
2131 5483 2422 5559 paginam
2443 5484 2657 5554 sciens,
2690 5491 2899 5544 contra
2927 5500 3064 5545 eam
3083 5492 3301 5546 temere
3328 5486 3533 5551 venire
