3784 6000
218 214 335 281 ¹⁰3

1209 212 1547 277 ARNULFI
1594 210 2104 276 LEXOVIENSIS
2149 212 2503 275 Eplscom

3506 211 3625 275 104-

214 360 604 429 opportunus.
628 351 930 426 Siquidem
951 352 1025 408 de
1045 349 1289 421 antiqua
1317 348 1709 407 familiaritate
1729 348 1860 421 plu·
1888 353 1943 423 Α
1974 348 2298 422 longiorem
2319 362 2544 405 moram
2567 345 2780 403 babere
2798 344 3087 418 disposui,
3109 349 3287 418 atque
3304 349 3362 403 et
3382 346 3621 403 difficile

214 444 367 502 rima
392 459 601 503 sumus
622 443 871 501 invicem
898 439 1184 499 charitate
1212 438 1536 511 conjuncti,
1569 442 1860 497 mutuam-

214 549 328 607 que
349 532 602 608 gratiam
618 540 783 589 vetus
796 530 1004 588 notitia
1015 529 1491 600 alternaoperum
1502 528 1859 585 exhibitione

214 624 493 681 firmavit.
523 623 726 694 ltaque
755 624 919 677 extra
948 621 1248 687 terminos,
1280 619 1437 676 intra
1464 634 1612 691 quos
1640 635 1856 676 secun-

212 713 352 770 dnm
373 712 632 769 ordinem
658 714 935 780 vestrum,
960 708 1226 766 arctioris
1246 707 1607 765 abstinentie
1627 706 1858 765 decreta

210 805 543 869 servantur,
573 800 816 857 domum
846 797 993 856 mihi
1040 799 1337 855 moderato
1382 801 1626 869 sumptu
1672 796 1855 853 statui

206 889 682 959 construendam,
712 888 882 960 cujus
910 886 1106 946 sobria
1135 886 1476 945 necessariis
1504 885 1712 944 usibus
1734 901 1858 943 am-

208 978 434 1052 plitudo
450 978 726 1045 sufficiat,
748 993 1085 1035 mensuram
1102 981 1294 1034 tamen
1317 975 1603 1049 regularis
1627 974 1853 1032 tedificii

211 1084 327 1127 non
348 1068 615 1126 excedat.
637 1067 790 1125 Sane
800 1066 1021 1125 exclusi
1039 1065 1286 1133 erimus,
1308 1068 1639 1124 commeatu
1659 1070 1853 1123 tamen

207 1156 481 1215 familiari
501 1165 618 1214 tam
641 1156 880 1230 provide
900 1172 1078 1229 quam
1107 1156 1419 1214 clementer
1445 1153 1694 1222 indulto,
1725 1157 1793 1211 ut
1817 1171 1853 1211 a

208 1246 676 1320 transgressione
706 1245 985 1318 regularis
1026 1244 1406 1304 observantias
1449 1243 1726 1302 severitas
1755 1259 1849 1299 ar-

206 1338 356 1403 ceat,
383 1338 445 1393 et
471 1338 671 1393 tamen
699 1336 772 1393 ab
801 1334 1059 1393 Ecclesia
1089 1334 1421 1407 sanctisque
1460 1333 1706 1390 fratrum
1727 1331 1849 1390 col-

202 1424 423 1499 loquiis
446 1424 849 1482 misericordia
876 1441 994 1483 non
1023 1423 1309 1482 excludat.
1342 1422 1514 1481 Porro
1553 1438 1653 1496 per
1689 1425 1847 1480 exte·

204 1518 356 1577 riora
385 1516 585 1575 nullus
616 1523 944 1575 reservatus
972 1517 1275 1591 ingressus
1322 1524 1432 1583 est,
1462 1531 1577 1589 quo
1624 1513 1849 1572 scilicet

200 1607 431 1666 inutilis
460 1606 797 1679 frequentis
830 1606 1071 1664 tollatur
1117 1606 1369 1679 occasio,
1416 1609 1475 1663 et
1524 1602 1671 1662 nibil
1728 1603 1843 1660 nisi

1968 441 2029 495 et
2059 437 2238 495 nimis
2268 440 2679 510 sumptuosum
2710 438 2865 493 esset
2891 435 2974 492 ibi
3005 435 3350 494 necessariae
3397 435 3618 493 instru-

1969 526 2180 585 ctionis
2210 527 2439 600 copiam
2468 525 2758 585 exhibere.

2682 616 2897 675 LXXV.

1964 724 2040 763 An
2077 723 2368 765 nicoeam«
2405 724 2726 767 notescimus
2773 724 2846 764 ns
2890 721 3249 763 nonasrsruo
3291 721 3614 762 suasuro.

2039 799 2281 855 Litteras
2300 799 2670 856 discretionis
2691 803 2892 856 vestris
2916 814 3031 855 non
3055 796 3184 854 sine
3203 812 3414 868 magna
3435 796 3617 852 adrni-

1965 887 2190 944 ratione
2212 887 2451 961 perlegi,
2475 889 2963 962 prudentiamque
2984 885 3267 960 principie
3289 890 3346 943 et
3374 884 3609 958 religio-

1965 993 2100 1035 nem
2127 980 2382 1035 vestram
2412 978 2697 1052 impudici
2744 977 3128 1035 adolescentis
3175 975 3399 1033 fallacia
3444 975 3606 1032 dolui

1963 1065 2443 1124 circumventam.
2465 1067 2544 1123 De
2564 1082 2631 1124 eo
2651 1070 2849 1124 autem
2875 1066 3031 1138 quod
3054 1064 3393 1139 scripsistis,
3407 1065 3602 1137 ipsum

1961 1171 2063 1214 vos
2094 1171 2198 1229 pro
2228 1155 2648 1213 intercessione
2669 1172 2797 1213 mea
2824 1154 2884 1211 in
2906 1154 3242 1213 ulteriorem
3265 1153 3509 1226 gratiam
3527 1170 3606 1208 re-

1959 1244 2204 1317 cepisse,
2220 1246 2496 1318 meqneid
2512 1263 2547 1301 a
2557 1244 2722 1302 vobis
2734 1244 3046 1303 extorsisse
3059 1243 3270 1302 litteris
3282 1244 3570 1316 frequenti
3583 1273 3603 1284 ·

1960 1334 2092 1404 bns,
2115 1333 2319 1392 sciatis
2342 1351 2436 1393 me
2458 1351 2761 1408 nunqnam
2778 1350 2881 1409 pro
2901 1334 3145 1391 eovobis
3159 1332 3603 1390 antaliilitteras

1956 1423 2302 1491 destinasse,
2329 1440 2437 1481 nec
2467 1423 2619 1481 ullas
2641 1440 2842 1497 preces
2887 1424 3164 1496 cuiquam
3214 1440 3317 1496 pro
3366 1436 3434 1479 eo
3481 1421 3600 1478 ullo

1959 1529 2217 1586 unquam
2244 1519 2506 1588 tempore
2535 1514 2881 1588 porrexisse.
2914 1513 3213 1586 Siquidem
3245 1513 3387 1569 mihi
3438 1509 3601 1567 nulla

1953 1604 2297 1675 cognatione
2325 1604 2672 1675 conjunctus
2701 1607 2811 1672 est,
2842 1602 3024 1660 nullis
3054 1607 3331 1675 acceptus
3353 1600 3596 1671 meritis,

199 1711 305 1769 per
330 1711 699 1755 communem
723 1700 952 1769 portam
974 1697 1083 1752 sub
1101 1695 1288 1753 oculis
1316 1700 1375 1752 et
1398 1694 1586 1752 sancti
1606 1692 1839 1750 solertia
1952 1691 2117 1749 nulla
2147 1692 2539 1750 familiaritate
2570 1693 2897 1761 devinctus,
2930 1694 3046 1750 imo
3076 1691 3373 1750 rarissime
3396 1695 3596 1749 nostro

190 1783 465 1858 janitoris
487 1786 744 1842 accedat.
768 1783 901 1842 Scio
923 1781 1239 1857 plurimam
1259 1799 1361 1841 eos
1379 1783 1453 1840 de
1472 1788 1671 1841 nostra
1682 1799 1841 1841 com·

198 1873 526 1932 moratione
550 1874 888 1947 concepisse
933 1871 1217 1944 lotitiam,
1262 1878 1435 1946 atque
1480 1873 1566 1930 eis
1614 1873 1839 1931 utinam

198 1962 338 2022 inde
356 1963 698 2033 proveniunt
724 1964 1030 2021 commoda
1058 1979 1186 2036 qun
1215 1967 1600 2035 presumunt,
1632 1967 1696 2020 ut
1714 1961 1839 2021 sci-

195 2051 327 2111 llcet
357 2052 577 2126 dignus
605 2052 684 2110 sit
711 2051 1141 2126 exspectatione
1161 2056 1498 2127 proventus,
1528 2060 1582 2111 et
1622 2053 1841 2125 aliquid

197 2143 366 2200 bonas
391 2141 652 2214 opinioni
681 2157 884 2200 eornm
915 2142 988 2199 de
1011 2142 1236 2215 Judieio
1254 2146 1472 2200 nostro
1498 2141 1845 2216 praeelectio-

196 2230 289 2287 nis
316 2231 576 2288 accedat.
609 2231 758 2298 Quia
786 2244 920 2288 vero
953 2229 1146 2291 locum
1192 2230 1361 2287 illum
1409 2231 1680 2289 novimus
1709 2246 1844 2303 spe·

194 2318 405 2376 elalius
433 2319 506 2375 ad
539 2325 797 2375 vestram
815 2318 1270 2376 sollicitudinem
1291 2320 1597 2392 pertinere,
1629 2336 1844 2393 propo-

196 2408 377 2464 situm
401 2411 669 2463 nostrum
691 2406 855 2464 vobis
878 2406 1259 2465 indicandum
1276 2408 1556 2475 diximus,
1570 2412 1842 2481 rogantes

200 2497 336 2551 utet
356 2497 561 2551 vestra!
584 2494 855 2551 charitati
879 2495 1258 2568 complaceat,
1281 2501 1602 2570 sanctoque
1623 2501 1844 2555 vestra-

196 2598 332 2640 rum
352 2598 590 2656 precum
603 2583 886 2657 suffragio
903 2586 1646 2655 muniamur‚etauctoritas
1659 2591 1846 2645 vestre

196 2679 330 2730 vota
346 2675 684 2729 sanctorum
709 2673 954 2731 fratrum
980 2675 1283 2746 exhilaret,
1311 2683 1366 2733 et
1385 2676 1666 2750 rescripto
1694 2693 1848 2751 quo-

197 2759 344 2818 libet
368 2764 472 2818 aut
503 2762 776 2820 mandato
807 2763 1134 2821 confirmet.

894 2852 1149 2910 Lxxm.

328 2956 403 2997 ΑΙ)
441 2956 743 2998 arcannm!
780 2955 1186 3000 moravium!
1223 2960 1717 3005 Amutumcotwu.

1872 1741 1923 1808 B

1956 1797 2023 1839 se
2051 1782 2388 1855 conspectui
2425 1784 2730 1855 praesumit
2774 1783 3001 1852 offerre,
3054 1782 3335 1856 quoniam
3380 1778 3595 1838 celebri

1945 1887 2241 1943 respersus
2260 1871 2526 1942 infamia,
2546 1873 2723 1929 etiam
2755 1872 2815 1928 in
2858 1872 3158 1945 publicum
3210 1871 3442 1944 prodire
3487 1888 3592 1929 no·

1943 1967 2110 2018 cents
2146 1960 2503 2019 conscientia
2547 1961 2910 2018 reformidat.
2960 1962 3073 2034 Ego
3123 1966 3317 2019 autem
3366 1958 3593 2017 litteras

1943 2049 2175 2106 comitis
2213 2048 2286 2106 ab
2320 2051 2528 2122 eoJam
2558 2051 2844 2108 secundas
2865 2051 3087 2124 accepi,
3108 2067 3255 2124 quas
3277 2051 3594 2109 tenerrima

1943 2137 2194 2197 dictasse
2232 2140 2533 2197 videbatur
2581 2140 2827 2212 affectio,
2877 2141 3015 2214 quia
3070 2140 3217 2198 nibil
3260 2141 3590 2198 litterarum

1944 2229 2315 2286 continentia
2337 2229 2541 2302 defuit,
2557 2231 2705 2302 quod
2732 2229 2817 2288 vel
2831 2246 2993 2288 amor
3012 2229 3299 2303 imperare
3317 2229 3590 2301 voluerit,

1943 2318 2033 2375 vel
2066 2319 2294 2376 curiosa
2324 2319 2628 2392 diligentia
2674 2320 2931 2394 potuerit
2959 2320 3240 2378 invenire.
3283 2324 3459 2379 Porro
3497 2321 3588 2377 lit·

1948 2410 2079 2464 teras
2108 2406 2219 2464 illas
2250 2408 2468 2482 stylum
2515 2413 2718 2466 νοείτω
2777 2410 2995 2483 peritias
3053 2411 3410 2483 redolebant,
3459 2413 3594 2483 api-

1946 2513 2160 2570 cesque
2188 2497 2282 2554 bis
2313 2515 2459 2572 qnos
2490 2498 2708 2556 noviter
2739 2516 2773 2556 a
2802 2510 2996 2558 vestra
3034 2501 3344 2558 sanctitate
3392 2501 3591 2573 recipi.

1945 2586 2308 2644 identitatem
2339 2603 2552 2644 manus
2579 2589 2721 2646 mibi
2751 2589 2928 2648 certis
2955 2590 3191 2647 indiciis
3239 2591 3474 2664 penitus
3502 2608 3593 2648 ex·

1948 2681 2309 2747 presserunt.
2342 2678 2528 2751 Super
2555 2695 2623 2735 eo
2654 2684 2848 2736 autem
2881 2680 3034 2752 quod
3058 2679 3315 2753 sigillum
3366 2681 3596 2738 comitis

1948 2762 2147 2834 ipsum
2178 2763 2421 2822 falsasse
2451 2765 2669 2836 dicitis,
2689 2776 3068 2841 mutuamque
3088 2768 3343 2825 falsitate
3377 2769 3593 2826 littera-

1949 2868 2085 2909 rum
2107 2853 2344 2910 nomine
2363 2855 2590 2912 comitis
2612 2855 2914 2928 pecuniam
2938 2856 3256 2928 accepisse,
3277 2857 3326 2913 si
3367 2857 3595 2914 meritis

1949 2942 2080 3015 eius
2110 2958 2225 3000 non
2274 2943 2483 3000 ducitis
2531 2944 2987 3020 indulgendum,
3035 2947 3238 3005 ordine
3278 2947 3593 3018 judiciario

270 3029 512 3089 Librum
533 3033 604 3089 de
623 3032 1033 3091 ecclesiasticis
1053 3035 1265 3092 officiis
1286 3052 1353 3093 eo
1382 3036 1661 3094 libentius
1682 3036 1846 3095 vobis
1949 3035 2236 3104 oportebit
2265 3050 2510 3108 arguere
2533 3035 2880 3094 diffitentem
2913 3037 3048 3109 (44),
3091 3042 3149 3094 et
3201 3038 3470 3096 fortassis
3517 3039 3592 3095 ad

194 3120 396 3179 censui
429 3123 971 3192 transmittendum,
1003 3124 1144 3197 quia
1162 3124 1367 3182 vellem
1390 3143 1487 3183 vos
1507 3131 1841 3200 exemptum
1872 3105 1926 3172 C
1952 3126 2350 3195 peragendum
2376 3141 2538 3182 reum
2563 3126 2970 3199 probationum
2998 3126 3162 3185 vobis
3179 3128 3345 3201 copia
3366 3129 3589 3185 deerit:

194 3209 596 3279 sacularibus,
626 3212 844 3270 divinis
873 3213 1084 3272 officiis
1114 3220 1237 3273 toto
1266 3217 1462 3274 studio
1495 3217 1835 3289 mancipari.

194 3299 360 3365 Quod
380 3299 431 3356 si
456 3315 559 3359 vos
578 3301 652 3358 ad
684 3301 786 3360 illa
813 3304 1168 3378 quandoque
1202 3307 1539 3376 necessitas,
1565 3312 1668 3363 aut
1706 3323 1837 3378 pro·

192 3390 424 3457 ventus,
452 3394 555 3446 ant
584 3393 843 3463 superior
871 3394 1060 3466 gratia
1088 3394 1393 3467 pertrabit,
1414 3395 1641 3453 ordinis
1661 3394 1837 3451 vestri

189 3492 426 3550 semper
456 3477 665 3538 habete
688 3482 1065 3552 memoriam;
1090 3499 1195 3540 nec
1208 3484 1293 3541 eis
1312 3482 1833 3553 vosimmisceatis,

188 3581 442 3639 quornm
465 3570 762 3627 exsecutio
784 3571 1350 3643 professionivestrae
1388 3589 1504 3630 non
1545 3574 1833 3645 congruit,

186 3659 290 3718 sed
316 3660 404 3718 eis
431 3660 746 3718 dimittatis
775 3677 880 3734 per
907 3678 1053 3735 quos
1090 3680 1160 3720 ea
1203 3663 1518 3737 specialius
1563 3663 1835 3720 convenit

183 3749 464 3823 expediri.
495 3748 674 3808 Porro
704 3750 973 3823 quisdam
1004 3757 1147 3810 sunt
1175 3753 1393 3826 quibus
1424 3757 1681 3810 vestram
1729 3769 1832 3811 vos

182 3843 411 3912 oportet
430 3841 675 3899 omnino
694 3855 907 3913 negare
928 3844 1319 3915 presentiam,
1344 3843 1442 3900 nbi
1463 3841 1684 3900 scilicet
1703 3857 1830 3900 cor·

182 3928 405 3999 poralis
437 3945 605 4002 patna
625 3929 713 3988 vel
722 3932 1019 4003 judicium
1037 3932 1347 4007 sanguinis
1372 3932 1546 3989 fuerit
1565 3932 1830 4005 irrogan-

180 4015 348 4086 dum,
380 4015 517 4088 qnia
547 4018 868 4075 forensium
901 4017 1099 4092 legum
1130 4019 1408 4076 severitas
1436 4018 1496 4075 in
1535 4019 1831 4091 plerisque

180 4105 625 4162 mansuetudini
659 4106 1052 4164 miserationis
1078 4108 1479 4165 ecclesiasticis
1521 4124 1637 4166 non
1685 4124 1831 4165 con·-

178 4194 404 4252 cordat.

882 4283 1121 4342 LXXIV.

364 4387 439 4428 ΑΙ)
478 4388 728 4430 noeros
764 4390 1074 4432 assumunt
1110 4391 1184 4433 8⁰1·
1215 4390 1637 4432 'rnnonwmum

1941 3216 2001 3268 et
2046 3213 2097 3268 si
2144 3212 2216 3268 ad
2260 3214 2501 3270 testium
2551 3215 2976 3287 depositionem
3025 3232 3198 3274 cansa
3242 3218 3591 3289 pervenerit,

1945 3301 2175 3359 tristem
2210 3302 2479 3360 fortassis
2526 3304 2584 3360 in
2626 3306 2754 3378 ipsa
2800 3305 3229 3363 examinatione
3276 3307 3593 3364 sortientur

1939 3390 2249 3448 defectum.
2291 3392 2423 3462 Sed,
2471 3394 2579 3451 etsi
2638 3396 2886 3452 tenuerit
2932 3398 3105 3467 actio,
3138 3396 3325 3468 ipsam
3383 3395 3587 3469 procul

1937 3480 2115 3537 dubio
2155 3482 2352 3555 inopia
2398 3484 2677 3542 debitoris
2726 3484 2921 3554 elidet,
2957 3485 3068 3543 nisi
3120 3491 3314 3544 vestra
3360 3487 3592 3543 bonitas

1937 3568 1998 3626 in
2031 3569 2140 3627 hoc
2166 3585 2310 3628 casu
2339 3572 2529 3629 solida
2555 3574 2691 3630 velit
2721 3575 2770 3632 ei
2805 3575 3204 3633 munificentia
3252 3575 3588 3645 subvenire,

1938 3658 2278 3731 meritisque
2334 3660 2465 3731 ejus
2522 3660 2581 3717 in
2630 3664 3063 3735 opportunitate
3112 3680 3218 3721 sua
3258 3664 3590 3737 compassio

1935 3751 2128 3803 vestra
2155 3748 2385 3805 debitas
2405 3751 2727 3822 gratiarum
2751 3751 2960 3810 referat
2990 3753 3266 3811 actiones.
3302 3754 3586 3811 Inhuma-

1937 3852 2079 3892 num
2109 3838 2287 3894 etiam
2318 3838 2464 3895 forte
2504 3846 2876 3912 reputaretur
2919 3861 2953 3898 a
3002 3841 3291 3915 pluribus,
3341 3843 3393 3900 si
3441 3844 3583 3901 ado·

1934 3924 2251 3984 lescentem
2282 3926 2608 4000 ingenuum
2642 3929 2966 3990 liberalitas
2993 3937 3189 3990 vestra
3236 3932 3500 3990 traheret
3526 3934 3585 3990 in

1932 4014 2268 4084 discrimen,
2298 4016 2347 4073 si
2380 4017 2481 4075 uni
2529 4019 2742 4077 saltem
2783 4019 2996 4080 delicto
3049 4026 3182 4095 post
3231 4026 3317 4079 tot
3375 4022 3589 4079 collata

1933 4102 2215 4161 beneficia
2245 4121 2506 4178 personis
2532 4107 2590 4164 id
2620 4109 2806 4167 etatis
2827 4117 3020 4167 vestra
3040 4110 3441 4169 benevolentia
3466 4128 3585 4170 non

1933 4193 2218 4266 ignoscat.
2248 4195 2310 4253 Si
2327 4201 2526 4256 umen
2547 4198 2821 4270 iniuriam
2848 4200 3000 4258 banc
3038 4201 3260 4259 acriore
3303 4200 3584 4259 instantia

1931 4287 2202 4360 persequi
2231 4285 2566 4359 destinatis,
2598 4303 2703 4362 ego
2736 4306 2969 4348 servum
3012 4290 3270 4348 alienum
3310 4291 3583 4362 ,iudicare

1932 4391 2050 4432 non
2078 4375 2283 4448 debeo,
2332 4378 2566 4435 domino
2620 4396 2727 4437 suo
2783 4384 2895 4439 stet
2939 4384 3040 4438 aut
3088 4382 3257 4439 cadat
3290 4398 3304 4437 ε
3337 4397 3442 4438 nec
3473 4397 3582 4452 ego

248 4463 419 4520 Later
449 4463 824 4534 presentium
851 4467 1015 4522 Roal.
1045 4465 1268 4522 litteras
1297 4464 1442 4522 mibi
1480 4468 1682 4522 vestras
1719 4479 1826 4521 su·
1853 4450 1903 4517 D
1931 4480 2067 4522 eum
2098 4465 2350 4524 carceris
2395 4469 2691 4541 ergastulo
2739 4469 3027 4539 claudere,
3071 4470 3161 4528 vel
3209 4471 3413 4527 ferreis
3457 4470 3581 4528 vel-

176 4550 480 4610 blimltatis
510 4553 728 4622 attulit,
759 4570 906 4627 quas
928 4571 1036 4627 ego
1060 4556 1352 4629 inspectas
1374 4554 1712 4628 diligentius
1750 4554 1824 4611 de

174 4639 432 4698 falsitate
452 4645 759 4714 suspectas
778 4642 979 4713 nabui,
1001 4646 1142 4718 quia
1160 4646 1222 4702 in
1244 4648 1407 4719 parte
1429 4643 1825 4702 solescismum

173 4729 410 4802 habere,
450 4731 513 4788 in
572 4737 737 4805 parte
789 4737 996 4792 contra
1040 4734 1521 4793 consuetudinem
1568 4737 1825 4791 vestram

172 4817 395 4892 aliquid
428 4823 738 4896 precipere
786 4823 1158 4882 videbantur.
1189 4826 1391 4897 Ipsum
1447 4823 1646 4897 itaque
1686 4839 1825 4882 cum

171 4907 395 4965 eisdem
416 4909 625 4969 litteris
649 4913 721 4970 ad
743 4929 843 4971 vos
863 4915 1070 4973 censui
1113 4913 1554 4984 remittendum,
1576 4929 1650 4973 ne
1669 4915 1825 4972 clrca

172 4999 606 5056 exsecutionem
629 5002 892 5059 mandati
912 5004 1091 5061 vestri
1116 5003 1487 5077 negligentia
1514 5004 1601 5061 vel
1634 5007 1823 5061 teme-

174 5085 374 5144 ritatis
399 5089 564 5160 argui
597 5090 840 5161 possim,
872 5093 972 5149 sed
1004 5093 1146 5166 qnid
1198 5092 1320 5150 fleri
1365 5093 1552 5150 velitis
1590 5094 1822 5165 planius

176 5191 270 5234 me
289 5181 349 5233 et
366 5176 601 5250 plenius
622 5179 948 5239 instruatis.
973 5182 1123 5241 Utile
1148 5187 1340 5241 autem
1380 5186 1534 5241 esset
1577 5183 1716 5239 huic
1745 5182 1818 5239 ad

170 5265 353 5323 alium
368 5265 631 5340 jndicem
656 5268 828 5340 mitti,
852 5272 1004 5343 apud
1029 5287 1205 5345 quem
1227 5271 1299 5331 de
1320 5273 1589 5346 proximo
1617 5276 1818 5344 posset

166 5355 535 5415 commodius
588 5360 861 5432 experiri,
902 5362 1042 5435 quia
1096 5379 1204 5438 ego
1242 5366 1479 5437 propter
1531 5362 1815 5434 quasdam

166 5445 523 5505 neeman-ias
542 5462 756 5507 causas
775 5450 834 5507 in
860 5449 1001 5511 loeis
1023 5453 1435 5515 remotioribus
1463 5451 1559 5511 bis
1604 5452 1817 5513 diebus

230 5533 351 5609 (Η)
378 5536 471 5611 B„
502 5540 862 5612 diffidentem.

1931 4551 2044 4611 lem
2067 4562 2288 4612 arctare
2315 4557 2718 4629 compedibus,
2743 4575 2931 4632 neque
2951 4559 3178 4616 bonitas
3208 4563 3399 4617 vestra
3433 4559 3584 4617 velle

1935 4642 2109 4700 debet
2140 4661 2243 4717 pro
2275 4648 2393 4702 tam
2428 4646 2655 4704 modica
2704 4664 2939 4706 summa
2995 4649 3192 4721 ipsum
3240 4648 3583 4707 durioribus

1931 4731 2184 4791 vinculis
2204 4733 2448 4807 alligari.
2480 4739 2681 4795 Vester
2704 4741 2813 4807 est,
2845 4737 2983 4809 quia
3010 4755 3112 4796 vos
3139 4754 3276 4796 eum
3315 4743 3580 4795 vestrum

1933 4822 2235 4881 beneflciis
2252 4828 2312 4881 et
2351 4825 2616 4884 doctrina
2669 4827 2912 4896 fecistis,
2960 4827 3301 4901 dominique
3341 4827 3580 4886 comitis

1931 4913 2253 4971 canonicus
2299 4919 2409 4988 est,
2441 4919 2504 4973 ut
2561 4916 2894 4989 scripsistis,
2929 4917 3175 4990 ideoque
3231 4916 3388 4990 apud
3439 4933 3578 4975 eum

1931 5004 2363 5062 conveniendus
2393 5010 2502 5076 est,
2534 5015 2589 5064 et
2620 5008 2811 5064 forum
2848 5006 2990 5064 illud
3030 5009 3123 5065 cui
3173 5007 3461 5064 obnoxius
3489 5013 3581 5065 est

1929 5096 2158 5150 tenetur
2169 5096 2846 5169 agnoscere,Judicisque
2865 5097 2960 5155 sui
2987 5096 3296 5154 sententiis
3316 5097 3574 5154 obedire.

1928 5183 2042 5240 Sed
2074 5191 2129 5239 et
2158 5184 2442 5257 accipitur
2460 5201 2634 5258 quem
2665 5192 2876 5258 quarto
2906 5191 3218 5255 mutatum,
3246 5187 3401 5242 sicut
3431 5186 3580 5243 scri-

1928 5272 2091 5342 bitis,
2123 5278 2315 5331 vestra
2345 5291 2444 5348 per
2491 5291 2627 5333 eum
2688 5275 2835 5333 mihi
2890 5276 3333 5350 magnificentia
3389 5277 3577 5346 misit,

1926 5367 2208 5435 tanquam
2239 5360 2362 5420 alas
2391 5363 2631 5436 habens,
2684 5364 2923 5422 forsitan
2954 5365 3223 5434 avolavit,
3246 5369 3349 5424 aut
3375 5366 3576 5439 ipsum

1926 5448 2121 5510 adbuc
2147 5453 2220 5512 ad
2241 5453 2649 5529 longinquiora
2678 5459 2941 5529 tempora
2981 5457 3399 5516 reservandum
3433 5471 3578 5514 cen-
