3784 6000
224 233 338 293 551

1294 225 1713 291 GUlLLELMI
1755 224 2138 289 TYRENSIS
2178 228 2542 291 ARcHtEP.

222 363 360 420 licet
389 363 447 418 in
496 362 623 434 ipso
666 361 807 417 mari
857 361 971 417 sita
1026 360 1103 416 sit
1160 363 1216 414 et
1275 359 1332 413 in
1384 361 1622 416 modum
1665 357 1870 415 insutae
1901 365 1955 432 Α
1985 357 2143 415 lebre
2162 363 2217 416 et
2239 362 2548 434 multiplici
2577 362 2771 419 fenore
2792 361 3019 419 lucrum
3040 366 3318 421 accrescit
3341 365 3635 424 institori-

227 457 342 511 tota
374 453 650 510 fluctibus
679 452 1000 518 ambiatur3
1045 450 1220 507 habet
1251 457 1446 506 tamen
1498 467 1601 521 pro
1649 450 1872 506 foribus

228 542 598 599 latifundium
628 558 727 613 per
755 541 954 596 omnia
982 539 1466 609 commendabile,
1489 545 1544 595 et
1567 539 1865 611 planitiem

226 631 334 687 sibi
365 632 702 688 continuam
734 630 929 686 divitis
960 630 1138 697 glebas
1179 636 1234 685 et
1262 629 1443 700 opimi
1489 628 1618 696 soli,
1654 627 1867 682 multas

221 719 444 774 civibus
468 718 806 774 ministrans
819 717 1259 773 commoditates
1277 734 1292 779 ς
1315 733 1463 789 quae,
1482 716 1618 772 licet
1636 715 1868 770 modica

222 807 505 879 videatur,
539 813 803 879 respectu
842 809 1086 864 aliarum
1112 807 1434 879 regionum,
1487 805 1863 876 exiguitatem

223 912 393 952 suum
417 896 599 952 multa
623 896 1159 965 redimitnbertate;
1182 900 1237 952 et
1254 895 1704 966 intinitajugera
1723 895 1867 947 mul-

219 985 402 1057 tiplici
435 986 793 1042 fecunditate
813 989 1173 1056 compensat.
1211 985 1325 1040 Nec
1344 990 1538 1039 tamen
1561 983 1741 1040 tantis
1765 998 1865 1037 ar-

218 1075 753 1148 ctaturangustiis;
787 1076 1151 1148 protenditur
1174 1074 1327 1131 enim
1361 1074 1416 1129 in
1450 1077 1710 1129 austrum
1735 1088 1860 1126 ver-

219 1182 321 1222 sus
351 1165 797 1231 Ptolemaidem,
832 1180 1016 1236 usque
1047 1166 1115 1220 ad
1150 1180 1282 1220 eum
1315 1163 1509 1219 locum
1539 1161 1641 1235 qui
1692 1162 1862 1218 hodie

217 1253 389 1327 vulgo
413 1254 628 1311 dicitur
658 1253 995 1309 Districtum
1041 1250 1472 1317 Scandarionis,
1509 1249 1860 1306 milliaribus

217 1352 464 1415 quatuor
495 1347 594 1399 aut
624 1342 917 1414 quinque;
949 1360 980 1399 e
1012 1342 1321 1412 regionein
1384 1334 1881 1411 septentrionem,⁴

214 1448 417 1490 versus
448 1433 747 1503 Sareptam
780 1437 836 1487 et
855 1432 1126 1487 Sidonem
1150 1431 1364 1485 iterum
1400 1428 1720 1502 porrigitur
1751 1433 1857 1484 tot-

214 1522 369 1579 idem
402 1519 791 1589 milliaribus;
836 1520 893 1576 in
912 1520 1277 1576 latitudinem
1309 1535 1465 1585 vcro,
1516 1519 1612 1573 ubi
1673 1517 1854 1573 mini-

216 1627 400 1678 mum,
431 1611 498 1665 ad
532 1610 678 1677 duo;
714 1608 809 1665 ubi
838 1609 1184 1682 plurimum,
1219 1609 1285 1662 ad
1321 1607 1433 1663 tria
1463 1606 1682 1662 habens
1727 1606 1851 1661 mil·

213 1700 400 1758 liaris.
436 1699 495 1755 ln
530 1700 636 1754 bac
657 1700 857 1754 eadem
888 1699 1078 1753 tontes
1107 1705 1240 1752 sunt
1273 1696 1535 1769 plurimi,
1566 1695 1667 1767 qui
1725 1711 1851 1766 per-

210 1789 441 1862 spicuas
481 1792 539 1844 et
567 1789 833 1845 salubres
864 1790 1374 1858 emanantaquas;
1409 1790 1466 1840 et
1496 1788 1663 1856 grata
1703 1792 1847 1839 tem-

209 1879 368 1950 perie
397 1881 600 1934 contra
629 1876 1044 1932 immoderatos
1070 1883 1234 1931 oestus
1284 1878 1561 1946 praestant
1608 1872 1844 1934 refrige-

207 1967 380 2024 rium.
414 1966 567 2023 later
618 1982 764 2036 quos
795 1964 1340 2036 praestantissimuS,
1373 1969 1431 2018 et
1470 1964 1638 2018 i'amoe
1661 1961 1847 2017 titulis

206 2054 641 2122 celeberrimus,
674 2056 745 2109 de
775 2070 890 2125 quo
921 2055 1098 2109 etiam
1130 2061 1187 2108 et
1209 2051 1484 2109 Salomon
1510 2051 1565 2106 in
1598 2050 1848 2106 Canticis

204 2145 485 2203 cecinisse
516 2145 767 2201 dicitur:
798 2149 944 2201 Fons
1001 2144 1306 2212 hortorum,
1335 2149 1538 2212 puteus
1575 2157 1847 2211 aquarum

201 2234 524 2300 viventium,
575 2248 699 2304 quae
754 2236 936 2303 fluunt
965 2234 1176 2304 impetu
1203 2232 1269 2287 de
1320 2231 1521 2286 Libano
1551 2229 1728 2300 (Cant.
1766 2247 1840 2296 tv,

204 2325 313 2396 15).
348 2324 453 2382 Hic
482 2322 616 2380 lieet
654 2323 712 2378 in
775 2321 1086 2378 humiliore
1136 2321 1314 2376 totius
1367 2319 1622 2391 regionis
1685 2322 1841 2388 parte

203 2414 549 2470 fluentorum
566 2426 806 2467 suorum
820 2409 1034 2465 habeat
1057 2408 1432 2481 originem,et
1446 2422 1561 2464 non
1586 2424 1653 2463 ex
1671 2423 1838 2463 mon-

200 2501 377 2568 tibus,
395 2501 543 2556 sicut
560 2499 657 2553 alii
692 2498 1033 2569 plerumque
1060 2500 1268 2562 fontes,
1289 2499 1387 2553 sed
1405 2514 1471 2553 ex
1489 2497 1627 2568 ipsis
1642 2496 1837 2567 abyssi

198 2588 506 2646 cataractis
539 2586 822 2644 scaturire
852 2587 1115 2641 videatur
1138 2603 1150 2652 ;
1177 2590 1368 2641 tamen
1409 2601 1547 2641 cura
1573 2593 1625 2641 et
1659 2601 1833 2640 manu

194 2677 414 2737 artifice
443 2677 502 2733 in
534 2690 775 2746 superas
805 2675 993 2730 elatus
1025 2691 1222 2740 auras,
1259 2678 1430 2729 totam
1474 2674 1839 2743 circumqua-

192 2785 305 2841 que
334 2768 630 2840 regionem
662 2764 962 2820 at'ssuenter
992 2763 1212 2835 irrigat,
1239 2766 1295 2817 et
1326 2780 1442 2818 suae
1485 2761 1836 2818 visitationis

192 2857 475 2916 beneficio
504 2857 573 2913 ad
600 2872 735 2912 usus
763 2855 1117 2927 multiplices
1141 2855 1329 2910 reddit
1353 2854 1679 2909 secundam.
1710 2853 1836 2909 Ere·

193 2953 321 3006 otus
353 2951 444 3006 est
473 2961 630 3020 erge,
678 2949 734 3002 et
764 2945 823 2999 in
865 2944 1115 3002 sublime
1145 2944 1432 2999 deductus
1465 2943 1611 2999 miro
1662 2957 1833 3014 opere

191 3038 442 3111 lapideo,
475 3037 606 3094 ferri
637 3035 905 3092 duritiem
929 3034 1210 3101 imitante,
1238 3035 1309 3090 ad
1335 3033 1705 3090 altitudinem
1730 3049 1830 3089 cu-

195 3129 448 3185 bitorum
488 3129 720 3192 decem;
755 3130 810 3181 et
860 3124 959 3197 qui
989 3124 1048 3179 in
1083 3126 1200 3179 imo
1232 3124 1346 3179 situ
1381 3123 1658 3192 naturali,
1711 3139 1822 3178 non

197 3217 449 3275 multum
476 3219 697 3287 poterat
718 3228 845 3269 esse
866 3212 1046 3280 utilis,
1076 3212 1319 3268 artificio
1341 3217 1542 3269 contra
1565 3217 1831 3267 naturam

189 3306 486 3362 obtinente
504 3306 691 3359 factus
715 3301 1039 3369 sublimior,
1068 3302 1353 3356 universae
1385 3302 1600 3372 regioni
1625 3316 1686 3355 se
1707 3316 1833 3372 gra-

190 3404 312 3451 tum
337 3396 592 3467 prsestat,
611 3396 667 3447 et
688 3392 760 3448 ad
784 3399 1094 3463 proventus
1117 3390 1463 3446 fructuarios
1495 3405 1679 3461 aquas
1701 3406 1830 3460 por-

190 3485 328 3558 rigit
348 3483 673 3541 affluenter.
697 3480 1117 3538 Accedentibus
1134 3483 1190 3536 et
1212 3477 1347 3536 sacti
1372 3479 1717 3535 miraculum
1739 3495 1830 3535 vo·

190 3571 698 3639 lentibusintueri,
720 3570 898 3628 turris
913 3567 1165 3626 exterius
1194 3567 1424 3624 videtur
1453 3568 1826 3635 eminentior,

194 3679 300 3723 neo
328 3661 504 3720 fontis
533 3661 787 3733 aliquam
818 3659 1127 3731 praetendit
1158 3658 1409 3730 el'llgiem
1436 3673 1449 3713 :
1473 3657 1568 3712 ubi
1597 3673 1729 3712 vero
1752 3656 1825 3712 ad

190 3756 316 3827 ejus
336 3756 676 3826 perventum
698 3754 788 3807 est
801 3749 1116 3821 fastigium,
1137 3747 1509 3805 collectarum
1533 3747 1827 3802 estvidere

189 3843 351 3917 quasi
367 3846 670 3899 cumulum
685 3854 991 3910 aquarum,
1008 3854 1134 3909 quse
1151 3837 1285 3893 inde
1311 3853 1413 3908 per
1443 3837 1825 3909 aquaeductus

188 3933 452 4006 ejusdem
487 3929 837 3996 altitudinis,
873 3928 972 3985 sed
996 3936 1054 3983 et
1073 3928 1233 3983 miris
1254 3926 1578 3996 soliditatiS‚
1607 3928 1676 3983 ad
1709 3926 1822 3983 eir-

185 4022 610 4092 cumjacentem
635 4034 698 4075 se
736 4017 1097 4073 transferunt
1127 4016 1442 4088 regionem.
1497 4014 1824 4087 Praeparata

185 4118 318 4168 sunt
349 4108 737 4166 nihilominus
782 4107 852 4162 ad
886 4106 1014 4175 ejus
1043 4121 1344 4162 summum
1378 4103 1691 4161 ascendere
1720 4120 1823 4161 cu-

182 4199 500 4273 pientibus,
532 4194 868 4253 ascensoria
900 4209 1001 4265 per
1019 4194 1233 4266 gradus
1281 4193 1481 4251 eadem
1526 4195 1820 4251 soliditate

183 4288 434 4360 lapidea,
466 4287 682 4359 quibus
712 4282 888 4341 etiam
919 4284 1141 4354 equites
1162 4282 1289 4339 sine
1312 4283 1655 4342 difficultate
1685 4301 1818 4358 pos-

181 4376 301 4434 sint
328 4375 402 4432 ad
434 4376 562 4447 ejus
592 4373 827 4447 provehi
860 4373 1181 4444 superiora.
1226 4376 1572 4430 Procuratur
1619 4378 1816 4432 autem

1984 447 2113 504 bus,
2136 449 2250 506 Nec
2271 449 2460 508 solum
2483 451 2575 508 his
2602 452 3140 521 commoditatibus,
3171 470 3374 511 verum
3407 459 3470 511 et
3508 471 3636 512 mu—

1982 538 2199 594 nitione
2222 538 2661 612 incomparabili
2691 541 2930 612 praedita
2951 546 3073 597 erat
3104 541 3333 610 civitae,
3375 543 3538 601 sicut
3575 546 3632 601 in

1980 629 2365 697 sequentibus
2387 631 2638 686 dicetur:
2665 629 2820 686 unde
2841 630 2913 685 ob
2937 629 2992 685 id
3043 632 3196 702 quod
3228 632 3637 690 munitissima

1978 721 2123 786 erat,
2151 719 3636 795 tantisquecommoditatibusabundans,AEgyptio·

1979 819 2107 859 rum
2134 806 2403 879 principi,
2427 809 2688 863 omnium
2717 809 2831 864 sere
2881 808 3309 879 potentissimO,
3352 810 3458 882 qui
3504 827 3632 868 om-

1977 909 2110 947 nem
2134 896 2429 965 regionem
2451 913 2485 951 a
2526 895 2796 951 Laodicia
2843 896 3019 970 Syrioe
3063 899 3331 969 usquein
3362 903 3631 955 arentem

1979 980 2216 1051 Libyam
2241 982 2421 1039 libero
2446 985 2776 1055 possidebat
2799 984 2878 1040 im
2889 985 3065 1057 perio,
3098 990 3265 1059 grata
3288 992 3416 1043 erat
3462 990 3523 1044 et
3544 1006 3636 1045 ac·

1974 1079 2160 1141 cepta,
2183 1076 2239 1127 et
2268 1090 2396 1128 cam
2422 1073 2586 1145 qnasi
2612 1090 2920 1147 regnorum
2947 1090 3180 1130 suorum
3206 1075 3388 1133 robur
3420 1079 3482 1133 et
3515 1078 3623 1133 do-

1975 1159 2257 1216 micilium
2300 1179 2469 1218 suum
2497 1166 2796 1233 reputans,
2835 1164 3008 1231 victu,
3039 1163 3216 1220 armis
3256 1169 3314 1221 et
3352 1165 3497 1223 viris
3528 1184 3626 1223 ar·

1973 1248 2393 1319 mipotentibus
2412 1252 2720 1323 diligenter
2743 1254 3192 1323 communierat,
3215 1254 3514 1312 arbitrans
3547 1274 3625 1315 re·

1972 1336 2402 1410 liquicorporis
2445 1341 2500 1395 in
2544 1346 2669 1397 tuto
2693 1344 2886 1413 partes
2934 1343 3278 1409 consistere,
3312 1344 3363 1400 ei
3413 1346 3625 1419 eapitis

1968 1426 2214 1483 salutem
2245 1428 2576 1485 inviolatam
2603 1435 2799 1500 posset
2820 1446 3181 1488 conservare.

2608 1518 2841 1576 CAPUT
2872 1519 2965 1575 tv,

2094 1606 2243 1674 Quod
2270 1609 2475 1678 saepius
2492 1611 2689 1680 priscis
2711 1610 3044 1680 temporibus
3072 1609 3281 1667 obsessa
3309 1613 3509 1682 suerit.

2039 1694 2215 1765 Igitur
2248 1713 2314 1752 xv
2337 1696 2458 1751 Kal.
2487 1696 2698 1766 Martii,
2724 1703 2788 1753 ut
2811 1699 3215 1769 praediximus,
3238 1705 3491 1773 uterque
3515 1719 3616 1758 no·

1959 1787 2079 1839 stet·
2107 1785 2395 1840 exercitus
2430 1787 2499 1841 ad
2535 1787 2866 1859 praedictam
2903 1787 3184 1858 applicuit
3215 1786 3617 1857 civitatem,et

1955 1889 2081 1932 eam
2103 1881 2384 1947 quantum
2408 1876 2616 1946 potuit,
2640 1875 2946 1932 obsidione
2971 1876 3224 1933 vallavit.
3247 1876 3376 1934 Sita
3409 1883 3609 1936 autem

1956 1976 2043 2023 cst
2077 1969 2193 2023 haec
2218 1967 2419 2022 eadem
2455 1965 2681 2029 civitas,
2709 1965 2880 2036 juxta
2900 1964 3143 2021 verbum
3186 1965 3516 2039 prophetae,
3551 1970 3610 2023 in

1956 2058 2113 2114 corde
2143 2059 2310 2112 maris
2339 2055 2555 2128 (Ezecli.
2583 2070 2757 2123 xxvii,
2790 2052 2865 2127 3),
2900 2055 2977 2110 ita
3010 2057 3074 2110 ut
3115 2053 3313 2128 pelago
3345 2056 3614 2129 undique

1956 2145 2266 2213 ambiatur,
2294 2145 2405 2200 nisi
2428 2144 2484 2199 in
2514 2143 2736 2199 modico
2768 2142 2977 2216 spatio.
3003 2147 3290 2214 quantum
3314 2160 3490 2201 arcus
3514 2162 3610 2202 sa·

1953 2236 2154 2307 gittam
2189 2234 2434 2306 jaculari
2487 2231 2689 2305 possit.
2720 2232 2984 2287 Tradunt
3015 2233 3299 2299 senioreti,
3339 2249 3471 2290 eam
3499 2234 3612 2291 ali-

1951 2325 2187 2395 quando
2211 2322 2490 2391 insulam,
2514 2325 2626 2377 eta
2648 2320 3255 2378 solidaterraomnino
3268 2328 3608 2394 separatam

1951 2413 2169 2481 tuisse;
2204 2413 2304 2469 sed
2346 2410 2620 2468 obsidens
2668 2425 2793 2465 eam
2848 2409 3164 2482 aliquando
3221 2414 3604 2484 Assyriorum

1951 2502 2388 2575 potentissimus
2405 2501 2673 2572 princeps
2694 2498 3250 2566 Nabuchodonosor,
3268 2499 3455 2556 voluit
3471 2517 3601 2558 eam

1949 2592 2070 2647 solo
2094 2591 2453 2657 continuare,
2479 2589 2577 2645 sed
2604 2603 2746 2658 opus
2769 2605 2882 2644 non
2907 2588 3380 2645 consummavit:
3420 2589 3600 2662 hujus

1946 2697 2178 2752 quoque
2208 2678 2532 2736 obsidionis
2553 2676 2816 2732 Ezechiel
2839 2676 3122 2748 propbeta
3148 2678 3494 2735 memoriam
3520 2680 3598 2735 fa-

1944 2771 2042 2830 cit,
2093 2771 2291 2825 dicens
2318 2786 2330 2822 ε
2367 2769 2497 2824 Ecce
2526 2784 2621 2836 eqo
2652 2766 2917 2822 adducam
2974 2766 3045 2821 ad
3072 2765 3274 2838 Tyrum
3306 2766 3597 2825 Nabucho-

1943 2859 2194 2927 donosor,
2218 2875 2399 2927 reyem
2428 2858 2724 2930 Babylonis
2755 2856 2820 2911 ab
2844 2856 3128 2927 Aquilone,
3170 2873 3351 2928 reqem
3382 2874 3596 2930 requrn,

1942 2966 2067 3006 cum
2095 2952 2245 3022 equis
2275 2957 2324 3006 et
2351 2948 2608 3005 curribus
2635 2953 2688 3003 et
2720 2946 3022 3018 equitibus,
3045 2953 3098 3003 et
3122 2953 3262 3005 coetu
3279 2950 3592 3023 populoque

1940 3055 2192 3109 maqno:
2222 3038 2366 3109 silias
2397 3047 2516 3093 tuas
2555 3053 2671 3109 quae
2690 3044 2816 3092 sunt
2851 3037 2908 3092 in
2939 3053 3089 3108 ayro,
3135 3037 3317 3108 qladio
3375 3040 3596 3110 interli-

1939 3128 2063 3194 ciet,
2093 3136 2145 3183 et
2173 3126 2530 3182 circumdabit
2563 3131 2613 3181 te
2658 3124 3078 3193 munitionibus,
3110 3132 3164 3181 et
3219 3128 3592 3198 comportabit

1943 3219 1999 3270 in
2031 3231 2189 3288 pyro,
2208 3221 2255 3271 et
2277 3214 2477 3271 levabit
2493 3223 2682 3270 contra
2700 3221 2752 3270 te
2765 3216 3017 3287 clypeum
3037 3220 3086 3270 et
3100 3215 3349 3272 lanceam
3365 3217 3588 3288 (Ezecli.

1941 3322 2095 3371 xxvi,
2119 3306 2198 3378 7),
2220 3313 2275 3361 et
2292 3308 2517 3361 caetera.
2543 3303 2729 3373 Hujus
2745 3302 3063 3360 obsidionis
3084 3302 3143 3359 in
3184 3305 3413 3362 decimo
3433 3304 3587 3364 libro

1941 3393 2364 3466 Anquititatum
2380 3393 2586 3464 loseph
2598 3410 2664 3448 us
2690 3392 3025 3449 memoriam
3049 3393 3204 3461 tacit,
3228 3394 3457 3451 dicens:
3479 3396 3588 3452 Sed

1936 3483 2111 3539 etiam
2142 3483 2343 3541 Diocles
2374 3485 2432 3537 in
2459 3482 2694 3539 secundo
2736 3481 3088 3539 Coloniarum
3146 3483 3286 3540 libro
3325 3485 3583 3542 meminit

1937 3573 2102 3646 hujus
2123 3576 2282 3645 repis.
2317 3576 2378 3629 Et
2406 3572 2769 3629 Philostratus
2791 3574 2851 3628 in
2883 3572 3086 3629 Indicis
3125 3579 3177 3629 et
3226 3572 3586 3632 Phoenicibus

1937 3664 2185 3718 historiis
2213 3663 2383 3719 dicit:
2414 3662 2554 3730 Quia
2575 3677 2675 3718 rex
2705 3664 2808 3717 iste
2828 3660 3036 3717 obsedit
3058 3662 3259 3732 Tyrum
3278 3667 3446 3719 annis
3479 3667 3582 3719 tri·

1939 3752 2056 3818 bus,
2095 3759 2145 3807 et
2169 3751 2440 3806 mensibus
2480 3752 2679 3818 decem,
2712 3767 2836 3806 cum
2857 3748 2967 3807 illo
2990 3754 3226 3822 tempore
3254 3752 3314 3806 in
3337 3752 3476 3824 Tyro
3491 3768 3582 3810 re-

1949 3840 2159 3913 qnabat
2185 3840 2520 3897 Joalabalus.
2563 3840 2696 3895 Post
2725 3855 2856 3895 eum
2888 3855 3019 3896 vero
3048 3839 3375 3897 Alexander
3395 3840 3584 3899 Mace-

1933 3932 2027 3998 do,
2058 3930 2416 3986 continuavit
2439 3944 2565 3985 eam
2599 3930 2745 3996 solo,
2777 3934 2833 3985 et
2855 3928 3250 3986 continuatam
3290 3930 3578 3988 violenter

1931 4019 2257 4090 occupavit.
2280 4017 2462 4089 Cujus
2483 4016 2805 4073 obsidionis
2827 4016 2978 4073 idem
3001 4016 3291 4089 iosephus
3313 4018 3373 4073 in
3400 4021 3583 4076 unde-

1932 4108 2072 4164 cimo
2100 4109 2245 4164 libro
2294 4107 2723 4179 Antiquitatum
2757 4106 3098 4163 memoriam
3147 4105 3305 4175 facit,
3337 4107 3576 4165 dicens:

1935 4196 2248 4254 Alexander
2277 4200 2459 4252 aulem
2492 4196 2563 4252 ad
2592 4196 2814 4268 Syriam
2843 4198 3084 4263 veniens,
3122 4196 3447 4253 Damascum
3493 4213 3581 4255 ce·

1925 4286 2030 4357 pit,
2061 4295 2113 4342 et
2134 4287 2427 4357 subjuqata
2456 4283 2685 4354 Sidone,
2719 4286 2916 4356 Tyrum
2946 4284 3244 4340 obsidebat.
3278 4285 3351 4341 Et
3377 4285 3576 4344 infra:

1928 4380 2276 4448 Quapropter
2303 4376 2362 4430 in
2394 4374 2672 4430 obsidione
2701 4375 2969 4430 intentius
2997 4389 3370 4445 perseverans,
3401 4390 3578 4448 expu-

179 4465 470 4537 adjaesnti
505 4464 724 4537 regioni
748 4479 815 4520 ex
836 4463 960 4535 ejus
984 4462 1259 4520 beneflcio
1283 4463 1547 4520 miranda
1566 4480 1817 4521 commo·
1850 4476 1896 4542 1)
1925 4467 2114 4539 enavit
2138 4483 2160 4530 ,·
2188 4479 2421 4538 cumque
2466 4480 2588 4521 eam
2643 4465 2888 4535 cepisset,
2921 4462 2990 4519 ad
3035 4463 3319 4520 civitatem
3371 4463 3578 4522 Gazam

175 4556 372 4624 ditas;
404 4555 483 4613 ita
506 4560 572 4612 ut
605 4569 721 4610 non
753 4553 945 4612 solum
969 4554 1192 4622 hortos,
1223 4556 1279 4609 et
1299 4552 1477 4626 lignis
1509 4553 1817 4611 fructiferis
1924 4557 2202 4628 pervenit.
2242 4554 2311 4609 Et
2351 4553 2497 4608 inl'ra
2526 4568 2539 4607 ε
2570 4552 2795 4623 Septem
2826 4556 3009 4608 autem
3037 4553 3312 4610 mensibus
3341 4554 3401 4608 in
3430 4554 3576 4610 obsi-

173 4647 372 4715 insita,
402 4649 461 4702 et
481 4642 815 4701 amoenitate
846 4643 1140 4715 praecipua
1159 4642 1383 4698 nutriat
1404 4640 1698 4712 pomaria;
1720 4658 1813 4699 ve-

172 4754 304 4796 rum
335 4740 393 4793 et
422 4734 788 4802 canamellas,
808 4732 963 4790 unde
985 4731 1401 4805 pretiosissima
1424 4731 1630 4787 usibus
1652 4735 1708 4787 et
1728 4748 1815 4788 sa-

171 4826 277 4886 luti
309 4825 646 4882 mortalium
681 4823 1011 4880 necessaria
1061 4819 1336 4885 maxime,
1384 4819 1690 4875 coniicitur
1716 4837 1812 4878 za-

169 4915 382 4983 chara3
417 4915 570 4971 unde
605 4929 707 4986 per
735 4913 1034 4968 institores
1062 4910 1132 4965 ad
1164 4908 1407 4966 ultimas
1430 4909 1587 4966 orbis
1619 4914 1811 4982 partes

169 5004 525 5075 deportatur.
549 5002 660 5059 Sed
684 5005 741 5057 et
781 5000 903 5057 vitri
928 5016 1111 5072 genus
1132 4997 1653 5068 elegantissimum,
1672 5004 1730 5058 et
1751 5001 1807 5056 in

167 5092 369 5150 eodem
401 5106 594 5146 rerum
629 5105 839 5162 genere
870 5088 1046 5145 facile
1081 5087 1350 5144 obtinens
1400 5088 1803 5161 principatum,

167 5184 238 5238 de
266 5196 442 5238 arena
473 5196 601 5254 quae
624 5180 680 5235 in
710 5179 911 5235 eadem
934 5178 1177 5251 planitie
1208 5176 1526 5249 colligitur,
1565 5178 1808 5235 mirabi-

166 5270 296 5327 liter
315 5271 642 5336 conflcitur,
659 5268 811 5340 qnod
834 5267 969 5324 inde
990 5266 1064 5324 ad
1086 5271 1341 5323 remotas
1360 5267 1534 5322 etiam
1551 5267 1804 5323 delatum

168 5360 513 5430 provincias,
553 5363 749 5431 aptam
777 5356 934 5413 vasis
976 5355 1367 5427 mirabilibus,
1405 5361 1463 5413 et
1502 5358 1805 5429 perspicua

165 5448 498 5506 sinceritate
521 5448 827 5521 praecipuis
851 5447 1149 5506 materiam
1172 5448 1420 5519 proebet3
1446 5449 1593 5504 unde
1614 5452 1671 5504 et
1699 5465 1804 5507 no-

166 5551 302 5595 men
329 5535 491 5592 urbis
513 5536 683 5608 longe
706 5537 777 5593 ad
799 5540 1025 5593 exteras
1044 5535 1310 5592 nationes
1330 5535 1651 5609 porrigitur
1707 5554 1804 5597 ee-

1925 4645 2094 4703 dione
2122 4646 2437 4711 transactis,
2468 4650 2524 4699 et
2556 4643 2765 4700 duobus
2799 4644 2859 4698 in
2890 4644 3060 4710 Gaza,
3090 4643 3379 4700 sanabala
3432 4660 3576 4700 mor-

1925 4743 2053 4792 tuus
2076 4742 2176 4793 est.
2213 4734 2532 4791 Obsederat
2550 4743 2732 4790 autem
2752 4737 2808 4791 et
2827 4750 2953 4791 eam
2979 4734 3142 4806 prius
3171 4733 3572 4802 Salmanasar‚

1922 4830 1981 4882 et
2009 4825 2298 4881 invaserat
2329 4824 2637 4879 Phoenicen
2691 4824 3045 4880 universam.
3103 4823 3183 4880 De
3213 4823 3323 4879 hoo
3370 4827 3567 4880 autem

1922 4913 2263 4971 memoriam
2287 4912 2427 4968 facit
2449 4912 2740 4984 Josepbus
2769 4912 2830 4968 in
2862 4930 3017 4969 nono
3046 4913 3192 4969 libro
3235 4911 3568 4983 Antiquita-

1920 5009 2046 5061 tum
2080 5002 2281 5059 dicens
2309 5019 2322 5057 :
2357 5004 2638 5072 Pupnavit
2659 5001 2810 5057 enim
2826 5002 3082 5059 adversus
3104 5001 3324 5075 Tyrum,
3358 5017 3488 5058 cum
3507 5001 3568 5059 in

1917 5110 1982 5151 ea
2010 5096 2266 5164 reynaret
2297 5093 2565 5158 Elisaeus,·
2597 5091 2660 5147 de
2688 5092 2886 5166 quibus
2940 5095 3169 5147 testatur
3222 5098 3278 5148 et
3324 5093 3566 5148 Menan-

1917 5186 2034 5250 der,
2066 5183 2162 5256 qui
2192 5189 2497 5254 temporum
2523 5184 2672 5252 facta
2691 5183 3034 5252 conscripsit,
3056 5186 3103 5237 et
3133 5182 3424 5253 Tyriorum
3462 5197 3568 5236 an-

1914 5276 2223 5347 tiquitatem
2256 5271 2316 5328 in
2338 5273 2580 5329 Graecam
2606 5271 2854 5344 linquam
2872 5279 3206 5338 convertens,
3221 5271 3388 5326 sicait
3410 5287 3429 5325 .·
3451 5270 3567 5326 Eli—

1918 5378 2055 5420 soeus
2087 5364 2329 5427 nomine,
2359 5363 2612 5432 reynavie
2645 5362 2811 5416 annis
2841 5362 3078 5430 triqinta
3098 5375 3196 5415 sex
3225 5374 3244 5413 .·
3273 5359 3367 5415 hic
3416 5375 3565 5416 rece-

1913 5452 2164 5509 dentibus
2196 5451 2435 5507 Cuthaeis
2465 5453 2730 5521 naviyans
2777 5449 2999 5507 reduxit
3027 5465 3137 5515 eos,
3195 5455 3390 5505 contra
3429 5464 3566 5521 quos

1918 5542 2096 5598 denuo
2128 5541 2492 5597 Salmanasar
2521 5540 2869 5614 Assyriorum
2896 5555 2997 5598 rex
3032 5543 3339 5612 insurgens,
3423 5553 3560 5598 cun·
