3784 6000
30 40 65 75 ἲ·
92 40 99 47 “

30 82 57 117 4.

26 136 77 243 ξ’·
125 166 242 241 ⁶37
767 178 972 242 ms'r.
1022 178 1306 244 RERUM
1346 176 1876 243 retinentium.
1925 213 2003 228 -
2044 180 2192 244 Lm.
2234 182 2365 242 xv.
2414 182 2668 244 rucco
2715 185 2893 246 anx.
3416 190 3532 250 eas

20 362 37 375 .
125 316 281 372 veris
312 314 576 385 initium,
610 314 801 372 hieme
831 320 1183 385 transcursa,
1217 315 1289 372 ad
1318 315 1512 373 locum
1562 316 1774 372 unani·
1803 318 1859 385 A
1890 315 2042 372 ultra
2071 322 2328 372 montem
2360 316 2677 382 Olivetl,ad
2705 317 2997 377 Orientem
3021 320 3194 393 situs,
3221 321 3281 378 ni
3310 323 3529 380 declivo

22 386 33 403 '-
125 408 306 464 miter
337 407 711 473 conveniunt,
743 414 799 462 et
846 410 1061 464 vocatis
1120 408 1467 474 artificibus,
1528 407 1781 463 simulet

120 496 348 570 populo
380 497 650 553 universo
686 496 1010 553 necessaria
1055 496 1442 562 ministrante,
1493 497 1779 552 aedificant

119 587 338 643 solidis
365 584 768 641 fundamentis
796 594 852 641 et
878 585 1176 658 lapidibus
1199 584 1440 657 quadris
1470 586 1775 658 oppidum,

118 690 260 733 cum
294 674 560 731 turribus
591 678 848 747 quatuor
885 690 1154 747 congruat
1213 673 1559 731 altitudinis.
1616 673 1777 730 Unde

119 764 407 837 usquein
440 766 647 821 urbem
694 762 951 820 hostium
1007 765 1152 821 liber
1198 771 1351 820 esset
1411 768 1774 836 prospectae,

117 853 400 911 hostibus
432 853 756 926 praedatum
787 853 943 909 exire
964 853 1290 909 volentibus
1321 853 1487 909 valde
1523 853 1776 908 invisum

122 948 183 1000 et
216 942 624 1009 formidabile;
658 956 990 1014 nomenque
1012 942 1062 998 ei
1092 943 1319 1015 vulgari
1350 945 1616 999 indicunt
1663 958 1775 1013 ap-

116 1030 465 1103 pellatione,
489 1029 743 1086 Blancha
776 1032 1021 1102 guarda,
1052 1033 1205 1102 quod
1239 1030 1441 1086 Latine
1471 1031 1687 1085 dicitur
1717 1031 1776 1085 al

116 1120 189 1177 ba
213 1121 471 1192 specula.
503 1118 769 1176 Castrum
824 1136 958 1193 ergo
1018 1121 1334 1190 perfectum
1385 1123 1442 1176 et
1499 1120 1774 1174 omnibus

114 1209 244 1265 suis
267 1210 542 1282 partibus
562 1207 916 1278 absolutum,
940 1210 1210 1265 dominus
1241 1225 1340 1264 rex
1361 1208 1420 1264 in
1455 1225 1621 1264 suam
1641 1225 1773 1263 sus-

114 1298 273 1371 eepit
307 1298 661 1366 custodiam,
694 1301 751 1353 et
783 1302 903 1353 tam
934 1299 1085 1354 victu
1135 1314 1311 1369 quam
1370 1299 1550 1353 armis
1606 1297 1774 1354 suiss-

116 1389 343 1446 cienter
363 1388 680 1455 munitum,
711 1386 851 1443 viris
874 1387 1265 1460 prodentibus
1294 1391 1350 1443 et
1389 1389 1468 1443 rei
1505 1386 1772 1441 militaris

116 1477 481 1534 habentibus
509 1476 947 1548 experientiam,
979 1492 1227 1548 quorum
1261 1484 1398 1532 nota
1426 1480 1517 1531 est
1547 1476 1687 1531 sides
1715 1478 1774 1529 et

115 1566 360 1638 probata
418 1565 644 1622 devotio
700 1566 1054 1622 servandum
1133 1565 1442 1622 commisit.
1498 1564 1607 1629 Qui
1665 1565 1772 1618 fre-

1885 406 2012 474 eJus
2041 406 2275 460 montis.
2311 406 2447 461 Erat
2466 412 2659 462 autem
2688 406 2842 464 idem
2866 406 3028 466 loeus
3059 411 3313 467 eccleeioe
3342 414 3528 470 Domi-

1886 495 1999 548 nici
2023 494 2282 565 Sepulcri
2304 496 2576 566 proprius
2603 513 2618 563 ;
2645 513 2746 567 pro
2778 514 2891 568 quo
2924 500 3165 557 domina
3186 504 3388 572 regina
3411 507 3527 559 tra-

1884 584 2029 639 dens
2060 585 2353 640 canonicis
2386 587 2583 640 urbem
2616 587 3026 657 prophetarum
3082 590 3400 660 Thecuam‚
3438 592 3529 647 lo-

1884 688 2019 728 cum
2051 673 2111 728 in
2141 673 2429 745 proprium
2465 677 2698 746 recepit.
2725 675 3129 747 Ubiquoniam
3164 681 3331 749 quasi
3357 679 3413 734 in
3438 697 3530 737 so-

1883 760 2132 817 IItudine
2152 767 2277 818 erat
2305 767 2361 818 et
2378 762 2637 819 hostium
2670 771 2866 835 patere
2890 772 3111 837 poterat
3132 767 3380 839 insidiis,
3405 774 3528 824 tur-

1883 850 1995 906 rim
2019 851 2477 907 munitissimam
2502 853 2806 923 quadriset
2834 854 3031 926 politis
3057 854 3372 927 lapidibuS,
3406 857 3529 914 offl-

1881 940 2027 995 cinis
2057 941 2387 995 distinctam
2411 943 2768 1013 necessariiS,
2795 944 2996 999 multis
3020 946 3356 1017 sumptibus
3383 948 3527 1002 oedi·

1881 1030 2043 1086 ficari
2076 1030 2355 1102 praecipit,
2385 1035 2450 1085 ut
2510 1032 2619 1087 Deo
2674 1033 2881 1087 dicatis
2939 1035 3264 1104 virginibus
3324 1040 3527 1092 contra

1880 1120 2100 1175 subitos
2127 1120 2400 1176 incursus
2429 1137 2541 1175 non
2573 1121 2802 1177 deesset
2825 1122 3081 1192 proesidii
3113 1123 3527 1194 inexpugnabi-

1880 1207 1954 1265 lis
1974 1209 2264 1265 solatium.
2282 1209 2638 1281 Turriigitur
2656 1216 3013 1280 constructa,
3034 1211 3153 1267 loco
3176 1213 3247 1268 ad
3271 1211 3523 1283 aliquem

1880 1299 2117 1355 modum
2150 1299 2223 1354 ad
2253 1297 2472 1354 cultum
2505 1298 2801 1371 religionis
2832 1306 3171 1372 praeparato,
3206 1302 3526 1358 sanctimo-

1882 1388 2064 1443 niales
2093 1387 2318 1442 induxit
2348 1387 2609 1458 feminas,
2647 1392 2889 1444 matrem
2922 1390 3005 1445 eis
3036 1391 3397 1446 constituens
3421 1405 3526 1446 an·

1879 1493 2082 1532 nesam
2115 1478 2432 1548 quamdam
2460 1477 2596 1532 etin
2625 1476 2900 1549 religione
2932 1480 3261 1550 probatam,
3284 1496 3526 1536 venera-

1880 1566 2055 1622 bilem
2094 1568 2917 1634 matronam,multaEcclesiae
2948 1569 3254 1626 conferens
3289 1571 3522 1642 praedia,

116 1666 368 1726 quanter
388 1670 493 1728 per
519 1670 602 1722 se,
637 1654 1001 1727 frequentius
1031 1655 1323 1724 adjunctis
1383 1654 1498 1710 sibi
1553 1670 1622 1709 ex
1647 1652 1777 1708 aliis
1805 1653 1853 1719 Β
1883 1657 1962 1711 ita
1987 1661 2050 1712 ut
2075 1656 2132 1710 in
2165 1656 2330 1712 bonis
2359 1657 2803 1728 temporalibus,
2838 1657 2981 1713 nulli
3008 1658 3521 1716 monasteriorum.

116 1742 462 1816 municipiis
492 1744 561 1798 ad
598 1759 741 1798 usus
799 1743 1023 1799 similes
1080 1743 1396 1810 aedificatis,
1459 1741 1765 1804 militibus.

114 1832 562 1904 egredientibus
603 1831 866 1889 hostibus
914 1833 1318 1899 occurrebant,
1378 1847 1580 1888 eorum
1639 1846 1768 1887 eva-

116 1932 363 1978 cuantes
395 1920 737 1990 molimina;
771 1939 1190 1992 nonnunquam
1223 1938 1353 1977 vero
1389 1921 1502 1992 ipsi
1537 1921 1765 1976 Ascalo-

116 2013 274 2068 nitas
303 2013 680 2080 lacessentes,
712 2017 911 2083 gravia
943 2014 1270 2067 inferebant
1307 2012 1392 2066 eie
1423 2010 1769 2066 discrimina

115 2108 175 2158 et
204 2105 278 2158 de
307 2102 392 2158 eis
419 2101 633 2172 saepius
661 2102 1124 2173 triumphabant.
1158 2101 1352 2169 Porr0,
1385 2101 1485 2171 qui
1517 2101 1767 2156 circum-

121 2191 283 2248 circa
304 2191 688 2261 possidebant
711 2192 1027 2263 regionem,
1054 2192 1317 2261 praedicto
1339 2189 1545 2246 contisi
1576 2189 1766 2245 muni·

119 2281 284 2336 mine
311 2287 372 2335 et
390 2280 682 2336 vicinitate
703 2290 1052 2344 castrorum,
1076 2280 1419 2335 suburbana
1447 2278 1574 2334 loca
1595 2279 1769 2333 aedifi-

120 2371 405 2423 caverunt
463 2366 925 2438 quamplurima,
974 2367 1251 2422 habentes
1301 2367 1358 2421 in
1388 2368 1471 2421 eis
1514 2364 1767 2420 familias

118 2455 338 2513 multas
364 2461 424 2512 et
453 2472 723 2528 agrorum
756 2457 1043 2525 cultores;
1081 2459 1149 2510 de
1180 2472 1424 2527 quorum
1475 2455 1767 2510 inhabita-

116 2545 285 2600 tione
312 2544 467 2600 faeta
494 2555 575 2600 est
610 2546 763 2614 regio
794 2550 916 2601 tota
945 2545 1222 2613 securior,
1254 2549 1312 2599 et
1357 2542 1767 2599 alimentorum

117 2634 318 2690 multa
347 2633 486 2691 locis
508 2634 774 2690 finitimis
797 2636 1043 2690 accessit
1071 2635 1258 2706 copia.
1282 2636 1437 2689 Inter
1456 2632 1578 2688 haec
1600 2639 1772 2688 Asca-

114 2722 325 2779 lonitas
358 2721 616 2780 videntes
650 2725 854 2779 urbem
890 2740 1202 2796 pergyrum
1230 2722 1516 2795 praesidiis
1542 2722 1771 2792 inexpu-

118 2812 462 2884 gnabilibus
480 2811 772 2881 vallatam,
805 2820 1105 2884 cceperunt
1143 2814 1214 2869 de
1254 2816 1406 2868 statu
1464 2829 1570 2867 suo
1602 2811 1768 2868 solito

115 2901 375 2972 amplius
403 2901 693 2972 diffidere,
728 2906 786 2957 et
821 2904 1148 2974 principem
1182 2903 1404 2974 AEgypti
1435 2901 1768 2974 potentissi-

117 3007 306 3059 mum,
339 2990 433 3046 cui
464 2990 608 3047 nibil
639 2991 893 3065 amplius
923 2991 1139 3048 residui
1170 2992 1242 3048 de
1283 2991 1545 3048 universa
1576 2990 1769 3062 regio·
1798 3013 1842 3080 C

117 3097 191 3136 ne
226 3081 441 3135 factum
473 3084 619 3150 erat,
649 3082 957 3137 dominum
981 3098 1174 3150 suurn,
1199 3082 1421 3137 nuntiis
1453 3080 1769 3152 frequenti-

115 3170 231 3226 bns
262 3186 660 3238 commonere,
695 3177 758 3227 ut
781 3189 882 3243 pro
916 3173 1077 3238 urbe,
1110 3188 1235 3243 quae
1263 3171 1492 3244 imperii
1547 3171 1643 3227 sul
1671 3187 1767 3227 ro-

112 3259 227 3315 bur
256 3267 408 3315 erat*
431 3265 655 3330 gereret
685 3260 1167 3318 sollicitudinem.

716 3369 946 3425 CAPUT
976 3369 1170 3426 XXVI.

114 3457 326 3525 Reqina
355 3458 417 3513 in
457 3457 570 3514 loco
626 3461 717 3513 cui
758 3459 1042 3514 Bethania
1100 3475 1322 3526 nomen,
1370 3460 1770 3515 monasterium

185 3529 453 3596 aedificat,
495 3540 547 3584 et
573 3531 919 3601 amplissimo
947 3532 1090 3587 ditat
1133 3533 1498 3601 patrimonio,
1529 3546 1769 3586 sororem

196 3601 279 3655 ibi
305 3601 642 3671 praeficiem.

193 3706 424 3763 Interea
456 3724 556 3778 per
585 3708 816 3765 Domini
857 3710 1430 3781 superabundantem
1491 3708 1764 3781 gratiam,

120 3811 302 3868 regno
332 3796 404 3851 ad
438 3794 698 3868 aliquam
733 3798 1215 3868 tranquillitatem
1251 3800 1502 3868 redacto,
1561 3814 1769 3856 conce-

119 3887 207 3958 pit
221 3888 466 3942 domina
481 3885 830 3954 Milisendis,
852 3892 955 3960 piae
980 3890 1394 3945 recordationis
1432 3893 1649 3961 regina,
1670 3908 1768 3962 pro

118 3975 375 4032 remedio
406 3978 614 4032 animat
644 3994 763 4033 euae
794 3982 851 4033 et
881 3984 1186 4049 parentum
1219 3994 1483 4048 suorum,
1526 3996 1630 4050 pro
1677 3997 1768 4036 sa·

118 4063 242 4119 lute
263 4080 498 4136 quoque
529 4065 721 4121 mariti
753 4073 809 4122 et
836 4067 1179 4131 liberorum,
1211 4068 1256 4123 si
1280 4066 1771 4125 locuminveniret

106 4152 282 4222 juxta
313 4170 413 4209 cor
442 4171 644 4222 suum,
679 4155 1095 4211 monasterium
1128 4173 1426 4212 sacrarum
1471 4157 1765 4231 virginum

117 4240 392 4297 fundare.
420 4243 555 4298 Erat
584 4253 776 4299 autem
812 4245 863 4300 ei
893 4261 1075 4311 soror,
1107 4245 1258 4301 inter
1287 4256 1519 4302 caeteras
1543 4248 1767 4317 junior,

117 4330 280 4387 Iveta
308 4332 561 4394 nomine.
595 4349 724 4404 quae
742 4332 800 4388 in
826 4335 1175 4390 monasterio
1196 4338 1416 4390 Sanctae
1445 4335 1625 4391 Annae
1652 4353 1772 4392 ma·

120 4420 233 4475 tris
263 4425 478 4475 sanctie
511 4417 614 4476 Dei
658 4422 982 4492 genitricis,
1036 4423 1209 4478 vitam
1271 4423 1768 4481 sanctimonialem

117 4512 249 4564 erat
279 4509 556 4578 professa.
607 4511 797 4580 Huius
845 4513 1019 4566 etiam
1077 4512 1293 4568 intuitu
1352 4515 1670 4584 plurimum
1703 4514 1775 4570 ad

130 4596 479 4668 praedictum
510 4599 869 4671 propositum
905 4602 1143 4657 domina
1179 4603 1517 4657 movebatur
1539 4602 1776 4673 regina;

127 4683 447 4755 indignum
474 4688 631 4742 enim
656 4688 956 4743 videbatur
978 4690 1028 4744 ei
1064 4698 1120 4744 ut
1153 4694 1306 4761 regis
1329 4689 1466 4759 filia,
1492 4698 1774 4763 tanquam

128 4787 251 4826 una
272 4788 340 4828 ex
365 4774 743 4845 popularibus
767 4777 824 4831 in
858 4777 1117 4833 claustro
1148 4777 1321 4834 alicui
1367 4782 1629 4835 subesset
1654 4797 1776 4836 ma-

116 4861 218 4916 tri.
253 4861 798 4936 Transeursaigitur
817 4872 1011 4922 mente
1028 4868 1299 4924 universa
1314 4870 1574 4941 regione,
1604 4878 1658 4926 et
1683 4870 1776 4926 di-

117 4948 370 5020 ligenter
397 4952 762 5025 investigato,
796 4954 1072 5028 quisnam
1096 4956 1461 5015 inveniretur
1481 4959 1668 5030 aptior
1701 4960 1773 5016 ad

117 5037 493 5097 fundandum
527 5044 1128 5102 monasteriomlocus
1159 5063 1172 5101 ε
1206 5048 1442 5102 tandem
1471 5052 1604 5118 post
1625 5049 1775 5103 mul-

127 5130 247 5183 tam
280 5128 782 5201 deliberationem,
836 5134 1057 5206 placuit
1114 5135 1414 5204 Bethania,
1473 5135 1776 5193 castellum

121 5215 323 5273 Marioe
356 5226 413 5275 et
440 5222 701 5289 Marthae,
724 5230 781 5280 et
806 5225 1001 5280 Lazari
1027 5228 1219 5281 fratris
1242 5241 1466 5292 earum,
1489 5243 1660 5299 quem
1686 5227 1773 5281 di·

137 5303 500 5373 lexitJesus.
554 5312 832 5368 familiare
876 5314 1103 5370 Domini
1165 5315 1549 5370 diversorium
1579 5321 1637 5370 et
1665 5316 1773 5370 do-

143 5394 433 5454 micilium
465 5398 796 5457 SalvatorIS.
813 5405 866 5459 Is
885 5404 1255 5461 autemlocus
1273 5407 1343 5460 ab
1364 5402 1780 5476 Hierosolymis

116 5480 306 5542 distat
333 5487 544 5546 stadiis
559 5489 918 5562 quindecim,
935 5493 1100 5563 Juxta
1119 5492 1362 5551 verbum
1375 5491 1778 5567 Evangeliztae,

1879 1747 2136 1802 virorum
2171 1749 2271 1800 aut
2303 1744 2612 1801 mulierum
2644 1745 2885 1801 inferior
2913 1747 3257 1814 haberetur;
3292 1747 3433 1816 imo,
3457 1751 3523 1803 ut

1877 1836 2110 1901 dicitur,
2145 1835 2274 1905 plus
2309 1833 2554 1888 aliarum
2586 1834 2842 1904 qualibet
2858 1835 3238 1891 ecelesiarum
3258 1836 3521 1891 abunda-

1876 1929 1981 1981 ret.
2017 1927 2170 1979 Inter
2192 1928 2426 1979 coeteras
2450 1922 2604 1978 euim
2627 1924 3048 1993 possessiones,
3074 1940 3222 1994 quas
3247 1922 3520 1994 praedicto

1874 2013 2186 2071 venerabili
2219 2013 2341 2069 loco
2373 2013 2715 2077 contulerat,
2747 2012 2941 2068 locum
2972 2013 3445 2080 famosissimum,
3469 2021 3523 2070 el

1875 2101 3216 2160 omniumcommoditanumabundantiasimul
3245 2101 3520 2157 refertum

1877 2193 1937 2249 in
1968 2193 2397 2264 campestribus
2427 2191 2700 2247 Iordanis
2720 2192 2926 2259 situm,
2952 2189 3205 2257 Jerich0,
3240 2207 3372 2246 cum
3396 2189 3521 2246 suis

1878 2282 2245 2355 pertinentiis
2263 2280 2572 2336 liberaliter
2594 2279 2939 2351 assignavit.
2972 2279 3229 2334 Contulit
3248 2278 3424 2334 etiam
3442 2281 3522 2334 ei-

1878 2372 2009 2427 dem
2046 2369 2388 2425 monasterio
2402 2385 2569 2424 sacra
2581 2367 2902 2435 ustensilia,
2925 2383 2994 2423 ex
3015 2384 3155 2422 auro
3178 2372 3236 2422 et
3252 2368 3518 2438 gemmis,

1877 2467 1936 2516 et
1961 2465 2215 2529 argento,
2250 2460 2317 2514 ad
2356 2459 2601 2513 multam
2635 2456 3041 2528 quantitatem,
3074 2455 3329 2511 simulet
3359 2456 3520 2511 bolo-

1877 2552 2064 2606 seriea
2095 2550 2164 2604 ad
2181 2549 2446 2604 decorem
2463 2549 2671 2602 domus
2686 2545 2782 2601 Dei
2819 2547 2949 2613 ;eed
2972 2546 3518 2601 etiudumentatam

1878 2637 2259 2695 sacerdotalia
2288 2654 2462 2708 quam
2498 2636 2741 2703 levitica,
2775 2641 2832 2690 et
2869 2636 3063 2691 omnis
3092 2637 3326 2707 generis
3350 2637 3520 2706 prout

1878 2727 2189 2800 disciplina
2218 2726 2485 2798 exigebat
2513 2724 2923 2782 ecclesiastica.
2956 2724 3244 2781 Deluneta
3282 2737 3519 2795 quoque

1878 2820 1981 2875 illa
1995 2818 2302 2874 venerabili
2319 2821 2603 2882 matrona,
2630 2831 2802 2886 quam
2824 2814 3012 2869 eidem
3031 2812 3519 2884 praei'eceratloco‚

1878 2908 1952 2964 ad
1973 2907 2353 2963 intentionem
2377 2905 2628 2967 rediens,
2648 2919 2907 2959 sororem
2924 2919 3111 2966 suam.
3135 2903 3205 2958 de
3226 2916 3518 2958 consensu

1880 2996 2105 3056 domini
2122 2994 2459 3069 patriarchae
2476 2998 2535 3051 et
2551 3010 2810 3050 sororum
2828 2991 3364 3049 sanctimonialium
3384 3007 3521 3047 con-

1879 3085 2350 3149 niventia,eidem
2367 3084 2624 3156 praefecit
2642 3082 2994 3139 monasterio
3017 3101 3031 3151 ;
3059 3098 3191 3137 cum
3211 3097 3328 3152 qua
3340 3080 3519 3137 etiam

1875 3177 2089 3249 adJecit
2123 3175 2289 3249 plura
2312 3174 2369 3229 in
2397 3172 2692 3243 calicibus,
2736 3172 2900 3227 libris
2930 3175 2987 3227 et
3044 3170 3261 3227 caeteris
3295 3186 3417 3242 quie
3447 3169 3519 3225 ad

1874 3267 2297 3324 ecclesiasticos
2321 3259 3370 3335 respiciuntususornamenta,locum
3404 3275 3519 3316 non

1874 3372 2136 3417 cessans,
2168 3353 2422 3425 quandiu
2465 3352 2628 3417 vixit,
2662 3351 2877 3406 intuitu
2911 3350 3120 3405 animae
3180 3365 3296 3403 suae
3337 3353 3395 3404 et
3422 3362 3521 3404 so-

1876 3446 2046 3516 roris,
2068 3460 2243 3515 quam
2277 3442 2445 3498 unice
2464 3439 2762 3510 diligebat,
2793 3438 2975 3508 gratia
3004 3438 3303 3509 ampliare.

2478 3545 2715 3602 CAPUT
2735 3543 2953 3600 XXVII.

1876 3643 1991 3697 Rex
2020 3643 2076 3695 in
2108 3635 2512 3708 campestribus
2563 3632 2959 3689 Acmonensibus
3017 3632 3256 3699 leporem
3277 3630 3520 3711 auitam,

1946 3712 2011 3766 de
2030 3726 2164 3779 equo
2192 3713 2310 3763 ruit
2355 3721 2595 3778 praeoeps
2624 3706 2936 3768 :moritur-,-
2968 3703 3359 3773 Hierosolymis
3380 3706 3532 3756 mter

1946 3797 2070 3838 suos
2100 3781 2515 3852 praedecessores
2544 3777 2827 3847 sepelitur.

1944 3892 2173 3948 Accidit
2204 3895 2398 3946 autem
2431 3882 2955 3955 illisdiebus,quod
2971 3880 3525 3948 cumdominusrex,

1877 3995 2141 4036 unacum
2176 3976 2416 4033 domina
2448 3976 2647 4046 regina
2677 3977 3013 4028 transcurso
3036 3975 3343 4038 autumno,
3364 3969 3424 4023 in
3449 3967 3528 4024 ci-

1875 4069 2391 4125 vitateAcconense
2411 4080 2635 4120 moram
2668 4063 2904 4127 faceret,
2924 4060 3108 4117 voluit
3137 4060 3359 4132 regina,
3383 4056 3530 4114 sub-

1877 4159 2111 4216 levandi
2142 4157 2323 4231 gratia
2357 4152 2595 4218 lastidii,
2620 4156 2785 4208 extra
2807 4151 3009 4206 urbem
3030 4150 3096 4204 ad
3114 4147 3238 4205 loca
3259 4148 3526 4219 quiedam

1877 4249 2242 4312 suburbana,
2292 4245 2552 4302 fontibus
2603 4241 2841 4310 irrigua,
2905 4255 3084 4295 causa
3151 4237 3528 4293 recreationis

1877 4339 2032 4395 exire
2066 4352 2218 4409 :quo
2252 4332 2522 4390 dominus
2554 4347 2672 4399 rex,
2708 4333 2772 4385 ut
2820 4328 3095 4385 solatium
3154 4328 3363 4397 reginae
3412 4342 3527 4381 non

1880 4430 2130 4491 deesset,
2167 4422 2566 4495 adjecitetiam
2598 4421 2746 4491 ipse,
2769 4435 2904 4475 cum
2929 4417 3097 4473 solito
3121 4417 3397 4472 comitatu
3421 4429 3526 4485 pro

1877 4517 2085 4573 ficisci.
2119 4517 2387 4585 Dumque
2419 4512 2569 4567 inter
2600 4510 2857 4566 eundum
2894 4511 3068 4573 esset,
3120 4506 3327 4561 accidit
3383 4518 3525 4558 casu

1875 4609 2056 4676 utqui
2099 4602 2334 4675 agmina
2366 4604 2424 4656 et
2451 4598 2800 4653 comitatum
2834 4595 3116 4665 praeibant
3149 4591 3334 4663 pueri,
3365 4588 3526 4661 lepo-

1876 4712 2001 4752 rem
2032 4694 2091 4749 in
2125 4691 2304 4749 sulcis
2332 4691 2620 4760 jacentem
2653 4686 2957 4751 exitarent,
2991 4698 3166 4754 quem
3200 4681 3520 4752 fugientem

1876 4785 2094 4843 clamor
2126 4785 2475 4853 prosecutus
2504 4785 2590 4832 est
2609 4778 3034 4831 universorum.
3060 4772 3177 4826 Rex
3196 4774 3416 4834 autem,
3439 4785 3526 4823 ar-

1875 4883 2034 4946 repta
2063 4872 2284 4934 lancea,
2317 4875 2379 4923 ut
2401 4866 2673 4922 eumdem
2706 4864 2961 4934 leporem
2992 4861 3400 4927 insectaretur,
3432 4857 3522 4914 si-

1875 4963 2064 5021 nistro
2093 4963 2258 5016 actus
2287 4972 2448 5023 casu,
2480 4969 2697 5026 equum
2720 4952 2789 5008 ad
2820 4950 3137 5021 illascoepit
3165 4963 3367 5019 urgere
3388 4963 3520 5019 par·

1876 5057 1989 5119 tes,
2020 5059 2076 5108 et
2100 5046 2292 5106 cursui
2326 5041 2953 5101 vehementerinstare.
3011 5039 3269 5094 Tandem
3319 5037 3519 5091 incon-

1878 5141 2030 5200 sulte
2063 5139 2340 5195 festinans
2362 5151 2550 5205 equus
2581 5134 2641 5188 in
2669 5146 2927 5204 praeecps
2956 5128 3152 5199 agitur
3175 5144 3188 5194 ;
3214 5140 3518 5181 corruens·

1879 5249 1992 5305 que
2025 5233 2082 5286 in
2115 5240 2344 5294 terram,
2375 5240 2570 5296 regem
2601 5223 2760 5278 dedit
2784 5218 3158 5291 praecipitem,
3182 5217 3520 5286 jacentique

1882 5338 1993 5393 prae
2034 5316 2454 5375 caususdolore
2485 5312 2751 5377 attonito,
2786 5308 2927 5365 solla
2959 5312 3134 5378 eaput
3162 5304 3417 5361 obtrivit.
3442 5304 3521 5360 ita

1881 5414 1946 5466 ut
1976 5408 2275 5465 cerebrum
2301 5409 2416 5460 tam
2449 5419 2551 5475 per
2576 5416 2766 5468 aures,
2792 5413 2966 5470 quam
2998 5412 3101 5467 per
3156 5408 3326 5449 nares
3344 5392 3515 5448 etiam

1879 5498 2260 5557 emitteretur.
2290 5493 2374 5553 Ad
2396 5493 2554 5550 hunc
2584 5504 2808 5558 casum,
2833 5487 3135 5545 universus
3157 5481 3258 5555 qui
3278 5479 3520 5554 praeibat
