3784 6000
272 174 417 237 1⁴⁰8

278 407 375 464 Ad
392 408 803 466 Batoniensem
822 413 1175 485 episcopum,
1206 420 1257 471 ee
1279 414 1551 473 abbatem
1567 415 1934 473 Fordemem.

277 510 345 521 —
372 479 754 538 Commendat
785 497 1018 541 causam
1049 485 1479 544 monachorum
1499 487 1574 545 de
1597 488 1901 544 Fontibus.

352 571 459 625 Pro
495 586 680 626 causa
706 571 957 630 fratrum
987 581 1336 632 nostrorum
1356 576 1431 633 de
1453 576 1759 644 Fontibus,
1801 593 1939 650 qum

278 657 582 715 adomino
610 673 772 731 papa
800 667 1011 718 vestroe
1052 663 1440 722 committitur
1491 666 1716 737 pietati,
1768 666 1942 724 vobis

276 745 522 820 quidem
551 746 629 803 de
656 749 959 821 superfluo
989 752 1312 809 scribimus
1337 770 1358 821 ;
1406 769 1545 810 oum
1592 754 1935 820 credamus,

276 836 420 893 satis
462 851 765 911 superque
793 839 1004 896 vestris
1029 841 1373 913 pectoribus
1391 843 1662 910 insitum,
1696 849 1757 900 ut
1783 844 1941 916 judi-

273 925 418 980 eetis
446 923 509 980 in
533 925 762 996 justitia
791 944 1111 1001 pauperes,
1167 937 1224 986 et
1253 931 1521 1002 arguatis
1566 933 1626 989 in
1659 934 1940 1007 aequitate

276 1028 388 1086 pro
410 1016 943 1073 mansuetisterroe.
964 1018 1161 1076 Causa
1174 1035 1420 1093 quoque
1436 1021 1588 1094 ipsa,
1619 1021 1771 1078 sicut
1787 1022 1941 1078 bene

276 1101 658 1169 confidimus,
684 1103 1013 1162 itatovetur
1034 1106 1509 1183 beneflciojuris,
1545 1114 1753 1167 utnon
1788 1110 1939 1168 mul-

277 1193 405 1246 tum
430 1190 648 1250 debeat
673 1192 870 1250 officio
893 1195 1243 1266 judicantis.
1293 1198 1530 1268 Verum,
1572 1198 1718 1273 quia
1745 1200 1830 1255 sic
1855 1198 1942 1256 eis

281 1279 476 1336 visum
503 1282 824 1348 est,visum
848 1290 1016 1341 estet
1046 1286 1234 1351 nobis,
1271 1292 1607 1345 utvestram
1640 1288 1943 1346 humiliter

277 1368 1098 1444 excellentiamimploremus
1129 1392 1144 1441 ;
1172 1379 1472 1449 quatenus
1508 1377 1684 1434 intret
1710 1377 1772 1434 in
1802 1393 1944 1434 con-

265 1463 492 1540 spectu
523 1464 722 1516 vestro
753 1463 1011 1532 gemitus
1037 1461 1397 1521 afflictorum
1424 1481 1439 1532 ;
1464 1481 1574 1523 nec
1600 1466 1940 1539 patiamini,

279 1553 344 1604 ut
399 1546 554 1603 illius
580 1563 883 1618 pauperes
931 1549 1168 1624 legibus
1204 1559 1529 1611 onerentur
1559 1554 1804 1629 iniquis,
1836 1555 1942 1629 qui

1353 182 1684 245 memet
1716 182 2208 246 parmenas
2243 186 2676 249 ANTIOCHENI

3525 185 3716 247 sim

1966 310 2014 364 A
2046 310 2223 368 vobis
2245 313 2555 384 negotium
2579 315 2754 387 juxta
2769 331 2938 374 mera
2957 330 3159 374 causo
3185 313 3399 371 merita
3425 310 3712 369 diffinire.

2047 399 2218 456 Scitis
2244 402 2425 468 enim,
2458 420 2645 476 quam
2658 405 3064 478 periculosum
3086 402 3404 461 sitdeierre
3438 414 3717 472 persono

2045 488 2096 546 si
2114 490 2333 549 exinde
2360 493 2667 565 contingat
2688 494 2915 567 aliquid
2939 492 3212 567 deperire
3224 491 3501 565 iustitia.

2806 620 2887 676 xl
2896 621 2957 676 Χ.

2046 733 2144 790 Ad
2190 735 2584 794 Albanemaem
2621 743 2675 795 et
2700 737 3125 796 Praenestinum
3157 736 3343 809 episc.
3386 766 3463 776 —
3495 734 3709 806 noque,

2282 808 2347 863 ut
2383 822 2585 866 eorum
2609 808 3020 879 malefactores
3045 811 3461 866 coerceantur.

2120 923 2235 980 Cur
2257 937 2360 980 eos
2386 923 2693 996 disjungat
2729 923 2820 980 vel
2860 939 3017 996 apex
3062 940 3215 980 unus
3243 923 3304 980 in
3330 921 3580 990 litteris,
3618 920 3720 992 qni

2052 1028 2172 1069 uno
2190 1013 2527 1084 ,iunguntur
2562 1013 2732 1086 apice
2755 1013 3098 1084 dignitatis:
3129 1011 3223 1069 vel
3256 1027 3365 1068 cur
3390 1009 3719 1067 diversitas

2047 1102 2422 1176 quoeraturin
2452 1102 2754 1169 chartulis,
2771 1101 2873 1158 ubi
2898 1101 3155 1173 simplex
3174 1101 3328 1174 viget
3349 1101 3560 1156 unitas
3585 1099 3721 1155 cba-

2047 1192 2237 1249 ritatis
2260 1189 2290 1247 ‘1
2317 1190 2560 1248 Duobus
2611 1206 2756 1263 ergo
2797 1190 2973 1247 vobis
3020 1190 3365 1255 scribimus,
3417 1193 3718 1262 tanquam

2050 1281 2154 1338 uni
2176 1299 2191 1349 ;
2217 1280 2362 1354 quia
2384 1283 2531 1338 dum
2545 1282 2605 1337 in
2632 1296 2754 1337 uno
2770 1279 3415 1354 quolibetsuscipimus
3430 1277 3716 1343 alterum,

2050 1369 2414 1441 singularem
2426 1368 2709 1427 affectum
2725 1369 2978 1426 colimus
2992 1369 3049 1425 in
3068 1367 3405 1440 pluralitate
3422 1366 3713 1423 duorum.

2049 1459 2420 1517 Domesticus
2449 1457 2620 1515 vobis
2645 1463 2735 1514 est
2762 1458 3031 1515 Ecclesiae
3044 1461 3263 1514 nostrae
3288 1462 3515 1523 status,
3531 1470 3572 1512 a
3594 1454 3718 1528 qui·

2050 1548 2168 1605 bus
2202 1563 2325 1605 non
2355 1549 2766 1622 peregrinatur
2790 1546 3058 1605 affectus.
3082 1546 3282 1602 Posita
3304 1553 3415 1613 est,
3440 1551 3509 1601 ut
3537 1542 3713 1608 scitis,

280 1634 565 1692 huauoem
595 1635 970 1696 diffinitionis
984 1639 1215 1711 judicia
1246 1646 1467 1700 statera
1497 1645 1941 1716 ponderaturus
1978 1636 2107 1694 B.in
2119 1644 2203 1694 ter
2225 1641 2430 1708 gentes
2455 1635 2864 1705 indomitas,et
2887 1635 3115 1693 Gallica
3129 1633 3486 1691 l'ortiutdine
3516 1637 3714 1690 contu·

281 1729 368 1780 est
395 1722 714 1799 oequitatis.
750 1727 973 1798 Veniet,
995 1729 1189 1786 veniet
1218 1729 1348 1786 dies
1384 1731 1508 1801 illa,
1539 1732 1831 1806 quidquid
1857 1735 1944 1790 in-

282 1811 452 1870 terim
482 1812 706 1870 Christi
735 1829 1035 1889 pauperes
1074 1817 1398 1890 patiantur,
1421 1822 1672 1894 quando
1699 1822 1947 1879 stabunt

284 1900 341 1958 in
376 1916 598 1972 magua
616 1906 952 1963 constantia
979 1906 1275 1964 adversus
1295 1924 1418 1976 eos,
1436 1910 1616 1984 quise
1643 1913 1945 1986 augustia·

281 1993 493 2046 verunt
521 1995 578 2048 et
603 1992 708 2065 qui
729 1993 1097 2053 abstulerunt
1122 1995 1363 2055 labores
1403 1996 1634 2055 eorum.
1678 1999 1945 2058 Perhibe-

283 2094 421 2136 mus
445 2083 648 2137 autem
679 2087 738 2139 et
771 2098 880 2139 nos
921 2084 1329 2143 testimonium
1373 2088 1623 2155 veritati,
1661 2090 1828 2162 quod
1859 2090 1948 2147 vir

280 2166 642 2224 venerabilis
656 2171 719 2225 D.
739 2170 1253 2245 Philippus‚cujus
1271 2173 1454 2232 verbo
1488 2174 1774 2233 dominus
1802 2178 1950 2242 Ebo-

281 2256 550 2312 racensis
579 2257 811 2316 videtur
852 2260 1045 2328 inniti,
1099 2268 1387 2335 tanquam
1417 2263 1514 2321 ille
1539 2270 1794 2337 exparte
1808 2281 1948 2324 con-

283 2347 501 2400 ventus
524 2350 583 2403 et
608 2363 809 2405 causoe
847 2350 1424 2409 abrenuntiaveritet
1447 2354 1723 2426 querelae,
1742 2362 1948 2413 contra

284 2433 536 2491 omniuo
565 2436 773 2494 asserit
805 2443 861 2496 et
916 2445 1183 2510 testatur,
1242 2441 1356 2497 hoc
1387 2440 1581 2499 solum
1633 2459 1695 2500 se
1720 2444 1947 2502 dixisse

285 2536 790 2592 commemorans,
820 2528 1101 2599 expedire
1133 2529 1326 2600 magis
1356 2531 1439 2586 eis
1473 2531 1946 2591 misericordiam

286 2609 378 2666 sui
403 2616 460 2667 et
490 2616 721 2683 patroni
752 2620 810 2672 et
848 2617 1139 2689 pontificis
1168 2627 1534 2689 exspectare,
1563 2636 1750 2693 quam
1803 2639 1943 2679 cum

289 2714 361 2755 eo
391 2700 507 2757 sub
535 2701 734 2760 dubim
757 2704 874 2760 litis
905 2710 1096 2762 marte
1124 2707 1503 2764 contendere.
1532 2709 1824 2776 Quocirca
1850 2727 1945 2768 ro·

2054 1742 2287 1794 maces;
2319 1742 2457 1800 quoe
2493 1726 2642 1783 dum
2672 1742 2783 1782 sua
2825 1740 2931 1799 per
2959 1723 3494 1796 intemperantiam
3523 1721 3714 1794 prodi·

2054 1822 2221 1889 gunt,
2253 1815 2449 1874 aliena
2472 1831 2579 1889 per
2590 1815 2930 1872 violentiam
2952 1813 3245 1886 diripiunt
3268 1818 3325 1870 et
3349 1812 3712 1884 predantur.

2057 1905 2315 1980 ldeoque
2345 1905 2645 1962 mediante
2700 1902 3100 1961 sollicitudine
3129 1908 3328 1959 vestra
3355 1899 3712 1974 rescriptum

2055 1995 2232 2052 nobis
2278 1993 2539 2067 petimus
2590 1993 2749 2050 sedis
2803 1991 3149 2066 apostolicae
3208 1990 3527 2063 prorogari
3555 2005 3570 2044 :
3600 2003 3713 2061 quo

2026 2084 2490 2163 ‚achiepiscopis
2518 2088 2572 2140 et
2626 2081 2923 2156 episcopis
2963 2086 3131 2138 terrae
3163 2086 3389 2139 nostrae
3417 2077 3714 2150 generalis

2057 2173 2328 2248 mandati
2353 2177 2649 2230 statuatur
2673 2171 3193 2237 auctoritas‚utde
3225 2166 3713 2225 malefactoribus
3783 2168 3784 2234 ζ

2029 2264 2273 2340 ‘nostris
2300 2263 2543 2335 plenam
2577 2262 2752 2320 nobis
2771 2261 3061 2333 justitiam
3104 2258 3348 2323 iaciant,
3379 2273 3493 2315 nec
3525 2257 3588 2313 in
3612 2271 3710 2313 eos

2055 2353 2261 2428 aliqua
2270 2351 2660 2426 postmodum
2674 2349 2971 2407 absolutio
2992 2347 3264 2421 prodeat,
3278 2348 3327 2402 si
3349 2347 3539 2418 digna
3554 2347 3713 2402 satis·

2056 2443 2236 2499 tactio
2257 2457 2379 2498 non
2412 2439 2728 2512 praecedat.
2759 2441 3052 2496 Cessenta
3080 2436 3232 2493 sacri
3258 2435 3713 2509 participatione

2058 2532 2322 2604 mysterii
2373 2530 2541 2596 villae,
2595 2527 2845 2600 oppida,
2895 2526 3189 2594 civitates,
3229 2523 3511 2597 quandiu
3542 2524 3626 2580 ibi
3652 2523 3711 2580 B.

2053 2621 2304 2691 Remigii
2320 2619 2525 2691 praeda
2538 2617 2892 2683 constitet-iu
2909 2624 2971 2671 ut
2994 2615 3307 2688 proveniat
3322 2612 3498 2669 nobis
3513 2627 3710 2669 rerum

2052 2710 2415 2766 indemnitas
2429 2712 2793 2771 amotarum,
2811 2705 2961 2761 dum
2972 2704 3083 2760 illis
3098 2701 3472 2760 interdicitur
3489 2702 3712 2757 solem-

286 2808 504 2866 gamus
528 2808 634 2848 vos
664 2793 1124 2851 etobsecramus
1149 2796 1208 2852 in
1223 2796 1449 2854 Christo
1472 2796 1633 2865 Jesu,
1670 2805 1732 2857 ut
1755 2816 1942 2873 quem
2050 2799 2206 2856 nitas
2236 2798 2600 2855 divinorum.
2631 2798 2758 2853 lloec
2786 2795 3020 2851 interim
3046 2809 3156 2866 per
3178 2808 3306 2859 vos,
3362 2795 3421 2848 et
3460 2789 3713 2865 quidem

290 2882 624 2938 admodum
646 2882 956 2955 accepistis
986 2884 1283 2941 adomino
1302 2888 1807 2962 papa,quomodo
1829 2906 1938 2946 vos
2049 2902 2276 2959 magna
2325 2886 2711 2960 deposcimus
2742 2901 2757 2952 ς
2782 2885 2841 2940 in
2868 2882 3088 2956 quibus
3137 2881 3186 2936 si
3253 2879 3423 2937 nobis
3466 2878 3712 2935 dilectio

288 2975 552 3044 oporteat
577 2970 908 3044 ambulare,
941 2975 996 3029 et
1026 2972 1085 3029 in
1117 2989 1313 3032 causae
1337 2975 1773 3034 examinatione
1805 2994 1938 3052 pro·
1978 2964 2020 3024 C
2045 2984 2246 3037 vestra
2277 2973 2672 3054 responderit,
2685 2973 2806 3040 fiet,
2844 2976 2910 3030 ut
2927 2987 3067 3031 cum
3095 2969 3441 3045 oportuerit,
3464 2966 3703 3042 maiora

290 3059 520 3125 cedere,
552 3057 635 3116 ita
658 3061 882 3131 Pati-ee,
907 3076 1085 3132 agere
1131 3062 1440 3131 studeatis,
1462 3070 1517 3121 et
1543 3067 1935 3126 commissum
2044 3083 2386 3143 poscamus.

1649 3417 1792 3460 Almo
1822 3417 2014 3461 nomm
2051 3417 2352 3463 tcmxvn

1345 3569 2466 3954 AlMElilcl

1085 4044 1966 4167 PATRIARCHAE
1994 4035 2829 4274 ΕᾀἼὲΞιΝΤΙΟΟΗἙΝΙ

1624 4322 2367 4461 'rnmucl

1313 4505 1865 4568 TEMPLAmoRuu
1905 4508 2131 4570 MAGNI
2188 4509 2686 4571 PRAECEPTORIS

1643 4640 2383 4768 EPISTOLAE

1122 5014 1164 5069 l·
1977 5024 2024 5080 D
2050 5019 2302 5093 epistola
2346 5035 2385 5080 a
2408 5017 2762 5091 patriarcha
2789 5016 3121 5076 Antiochia
3148 5013 3278 5086 reci
3319 5013 3716 5072 Francorum

293 5117 587 5190 atmerici
605 5117 1336 5189 patriareuaeaneiocnem·
1363 5123 1444 5180 aa
1467 5124 1833 5185 Lucanicum
1856 5142 1942 5185 re·
2480 5089 2795 5157 Ludwfffl·
2833 5092 2915 5147 *ἴα
2938 5104 3001 5147 ⁸⁶
3028 5088 3273 5147 '‘⁰⁶⁰²‘'-

365 5204 497 5262 aem
530 5188 927 5248 Francorum.
972 5192 1266 5250 —Retuta
1304 5193 1628 5253 Ture-orum
1654 5197 1715 5253 in
1748 5196 1948 5255 Chris·
2123 5201 2431 5256 Amzmcus
2491 5198 2589 5255 Dei
2641 5197 2833 5269 gratia
2877 5201 3098 5254 sanctae
3152 5191 3312 5251 sedis
3358 5191 3713 5265 apostolica

366 5261 557 5319 12'0'108
581 5262 857 5330 viceor-ta,
888 5262 1074 5334 imin-⁸
1102 5265 1382 5337 implffl‘m
1410 5268 1732 5327 “uxilium-
2052 5287 2375 5346 Antiochiae
2406 5287 2745 5360 patriarcba
2771 5288 3069 5351 Lunovico,
3085 5283 3209 5355 regi
3249 5283 3630 5340 Francorum
3649 5279 3714 5337 il·

531 5368 829 5441 (Manum,
862 5369 1140 5443 Ampliss.
1170 5373 1434 5438 collect..
1465 5376 1505 5440 1.
1533 5375 1695 5449 870.)
2052 5378 2246 5446 lustri,
2269 5376 2526 5434 salutem
2565 5382 2621 5433 et
2642 5373 3106 5448 patriarchalem
3126 5370 3644 5430 benedictionem.

372 5454 536 5514 Anno
560 5456 638 5517 ab
681 5458 985 5517 lucernae.
1029 5461 1262 5540 Dominoi
1313 5465 1456 5524 flu
1477 5527 1484 5534 ,
1502 5465 1684 5527 missa
1708 5472 1798 5526 eu
1820 5466 1949 5526 bac
2097 5468 2320 5541 ‚Regio
2348 5465 2648 5539 maiestati
2673 5464 2926 5525 decebat
2949 5479 3065 5528 ¹¹0⁸
3121 5474 3363 5537 mim*
3385 5459 3532 5522 ¹⁸⁸⁸
3563 5459 3719 5550 μ’
