3784 6000
244 226 358 289 107

1326 215 1670 278 ARNULFI
1717 213 2229 278 LEXOVIENSIS
2274 214 2628 278 EPISCOPI

3526 221 3646 282 108

239 360 636 421 universitatis
672 361 878 415 vestrae
929 354 1278 411 conventum
1327 347 1603 422 prosequi
1654 347 1886 404 distulit
1916 360 1963 421 Α
1996 349 2385 420 omuiJudicio
2401 349 3391 421 spoliatum,etideorestitutiouem
3413 369 3645 427 posses-

234 451 505 524 injurias,
535 464 775 523 sperans
801 445 1054 519 protecto
1086 440 1133 496 si
1168 439 1310 513 quid
1343 453 1647 511 perperam
1679 440 1877 495 actum

233 544 344 608 est,
376 540 503 596 sine
547 536 907 607 subterfugio
937 528 1402 597 reformandum,
1438 527 1539 582 ubi
1583 543 1691 584 nec
1711 541 1878 583 excu-

231 632 379 687 satio
408 629 708 685 veritatem
750 623 1015 697 impedit,
1053 636 1158 677 nec
1190 618 1484 692 cupiditas
1515 619 1876 689 equitatem.

1984 435 2169 494 sionis
2199 454 2333 494 cum
2367 454 2576 510 magna
2605 454 2639 494 a
2669 437 3130 496 nobisinstautia
3163 441 3522 514 postulabat.
3559 446 3637 501 Ad

1983 526 2384 599 probationem
2399 543 2531 583 vero
2550 528 2936 598 possessionis
2948 545 3124 600 quam
3143 531 3643 605 petebatquatuor

1982 615 2252 686 deposuit
2282 617 2630 683 sacerdotes,
2663 632 2913 688 quorum
2938 618 3353 690 unusinutilis,
3371 628 3482 679 tres
3505 624 3635 680 reli-

229 717 349 790 Ego
378 732 534 786 vero,
563 714 717 787 quod
750 712 819 769 ad
850 708 1171 767 Ecclesiam
1197 721 1387 763 meam
1424 705 1691 776 pertinet,
1713 702 1876 760 nulla
1981 703 2077 775 qui
2110 705 2256 760 satis
2286 705 2674 762 concordesiu
2696 706 3126 764 examinatione
3139 709 3353 781 reperti
3367 716 3532 770 sunt.
3558 714 3633 768 At

229 803 598 861 dissimulare
629 801 792 858 valeo
823 799 1069 864 ratione,
1101 796 1376 868 quoniam
1400 810 1553 850 unus
1573 808 1775 850 eorum
1801 793 1872 848 de

227 908 480 965 quorum
497 891 855 949 revocatione
874 890 1182 945 tractatur.
1195 887 1333 943 Aru.
1349 883 1638 952 videlicet,
1651 881 1871 937 librum

227 983 537 1054 quemdam
569 980 686 1053 (47)
715 995 888 1052 quem
919 975 1188 1034 Ecclesia
1214 990 1335 1030 suae
1380 970 1870 1045 parochianorum

225 1072 459 1129 collatio
506 1071 710 1130 devota
755 1068 1102 1135 contulerat,
1150 1064 1396 1124 consilio
1421 1068 1480 1121 et
1548 1061 1871 1120 ministerio

223 1159 450 1216 abbatie
479 1162 549 1218 de
577 1159 726 1215 Pinu
767 1157 993 1232 pignori
1036 1172 1140 1228 pro
1184 1171 1244 1211 ιν
1277 1153 1444 1210 libris
1485 1151 1870 1224 andegaven·

221 1249 389 1306 sibus
419 1249 710 1320 obligavit,
743 1247 1013 1322 quamvis
1045 1262 1151 1318 ego
1181 1245 1289 1302 sub
1322 1243 1689 1301 anathemate
1728 1258 1867 1314 pro-

220 1337 545 1396 hibuissem
595 1355 668 1396 ne
720 1338 779 1394 id
840 1339 1036 1410 ipsum
1084 1335 1317 1400 faceret,
1369 1348 1474 1388 nec
1524 1330 1638 1403 (48)
1689 1330 1866 1403 quid-

217 1444 396 1501 quam
426 1430 500 1486 de
530 1428 703 1487 rebus
734 1427 1001 1485 Ecclesiae
1032 1425 1157 1483 sine
1188 1422 1552 1481 couscientia
1571 1438 1702 1478 mea
1724 1436 1867 1493 prae·

213 1523 475 1574 sumeret
504 1523 822 1591 asportare.
856 1514 1141 1582 Quoniam
1189 1510 1326 1587 ergo
1353 1512 1568 1586 sepius
1603 1525 1866 1568 commo·

215 1606 375 1663 nitus
385 1615 441 1664 et
452 1608 788 1679 requisitus,
806 1606 1022 1663 librum
1037 1602 1304 1661 montosis
1321 1620 1439 1660 suae
1456 1619 1571 1659 non
1585 1599 1860 1668 restituit,

1979 792 2313 851 Matthoeum
2346 794 2538 866 ipsum
2568 795 2885 868 aliquando
2916 798 3250 868 possedisse
3270 802 3637 861 constantis-

1975 883 2121 939 sime
2152 883 2507 955 pernegavit,
2528 882 2846 958 ipsumque
2874 900 3066 941 coram
3097 886 3376 960 delegatis
3396 890 3634 947 asubli-

1978 972 2178 1028 mitate
2227 976 2421 1029 vestra
2451 972 2774 1045 iudicibus,
2804 974 3041 1032 domino
3071 975 3290 1034 scilicet
3317 977 3635 1038 Rothoma-

1974 1061 2136 1133 gensi
2158 1061 2290 1136 (49),
2313 1063 2410 1134 qui
2454 1066 2596 1119 tunc
2627 1062 2960 1121 Ebroiceusi
2991 1066 3246 1123 ecclesiae
3278 1077 3540 1140 praeerat,
3571 1076 3635 1128 et

1972 1150 2211 1207 domino
2244 1151 2443 1223 Egidio
2477 1168 2632 1209 nunc
2654 1153 3007 1222 Ebroicensi,
3029 1155 3132 1227 qui
3157 1161 3300 1213 tunc
3319 1157 3379 1214 in
3406 1157 3633 1216 Rotho-

1974 1240 2238 1312 megensi
2260 1240 2517 1298 Ecclesia
2558 1242 2953 1300 archidiaconi
3009 1246 3358 1317 fuugebatur
3405 1247 3621 1319 ofticio,

1971 1346 2148 1403 super
2178 1331 2379 1387 eadem
2409 1332 2656 1389 ecclesia
2684 1333 3065 1404 quoestionem
3110 1335 3363 1392 movisse
3393 1337 3544 1394 dixit
3571 1344 3629 1395 et

1970 1420 2287 1477 novissime
2317 1421 2500 1477 eidem
2521 1422 2828 1493 quaestioni
2854 1439 3049 1480 coram
3067 1423 3152 1481 eis
3173 1425 3626 1484 abrenuntiasse

1969 1507 2219 1580 publice,
2236 1512 2292 1565 et
2306 1509 2570 1564 eamdem
2594 1509 2896 1566 ecclesiam
2913 1509 3234 1580 abjurasse,
3250 1519 3305 1568 et
3318 1528 3390 1568 xt.
3400 1511 3622 1571 solidos

1968 1614 2071 1670 pro
2092 1600 2637 1670 recompensatione
2657 1615 3040 1671 expensarum
3065 1617 3208 1672 quas
3230 1602 3442 1658 fecerat
3462 1619 3626 1662 acce-

210 1711 343 1753 eum
401 1696 990 1764 excommunicatum,
1039 1698 1099 1751 et
1147 1694 1220 1750 ab
1270 1691 1433 1750 omni
1482 1688 1859 1749 sacerdotalis
1890 1717 1938 1784 B
1970 1687 2146 1758 pisse.
2178 1689 2363 1762 Super
2381 1705 2496 1761 quo
2526 1689 2888 1746 sacerdotem
2912 1689 3619 1762 etacolythumetlaicum

210 1783 386 1841 officii
418 1785 746 1843 ministerio
777 1799 1154 1856 suspensum,
1204 1784 1389 1839 donec
1438 1781 1510 1837 de
1552 1776 1860 1851 sacrilegio
1971 1778 2281 1848 quemdam
2313 1779 2619 1852 proposuit
2645 1780 2715 1836 ad
2750 1780 3141 1852 probandum,
3180 1780 3367 1852 quiet
3406 1781 3520 1854 ipsi
3549 1782 3612 1840 in

209 1873 578 1945 satisfecerit,
611 1874 884 1932 noveritis
912 1874 1257 1946 emigrasse.

920 1995 1141 2054 Lxxx.

489 2105 564 2145 An
594 2104 896 2146 samareum
926 2101 1310 2145 riscmsussu
1337 2101 1618 2143 anunm.

272 2196 577 2255 Credimus
627 2198 1001 2269 prudentiam
1059 2198 1310 2252 vestram
1361 2193 1515 2250 fideli
1572 2191 1852 2249 memoria

198 2286 450 2344 retinere
460 2303 694 2344 causam
710 2304 838 2358 quse
865 2287 1018 2343 inter
1029 2301 1130 2342 vos
1143 2287 1202 2342 et
1219 2284 1461 2341 latorem
1474 2282 1848 2356 praesentium

201 2390 515 2445 pauperem
546 2376 902 2442 vertebatur,
927 2372 1243 2446 apostolica
1265 2372 1435 2429 nobis
1475 2371 1615 2429 olim
1654 2377 1849 2427 aucto-

199 2462 372 2518 ritate
401 2463 801 2522 commissam.
834 2462 953 2520 Nos
977 2479 1112 2519 vero
1142 2461 1202 2517 in
1236 2462 1365 2529 boo,
1395 2462 1549 2518 sicut
1591 2461 1652 2516 in
1692 2459 1844 2530 aliis,

200 2551 425 2609 dilectis
454 2552 622 2610 nobis
635 2553 837 2626 gratiae
849 2556 1054 2608 vestrm
1065 2550 1412 2622 obsequium
1428 2550 1669 2623 pronius
1683 2549 1846 2606 exhi·

194 2643 616 2715 beutes,lpsum
634 2641 704 2697 de
719 2656 933 2715 magna
943 2639 1486 2696 summavobiscum
1499 2655 1604 2712 pro
1620 2638 1844 2695 modico

197 2736 524 2808 transigere
552 2729 816 2788 fecimus.
849 2730 917 2786 Et
936 2733 1002 2785 ut
1031 2728 1324 2785 modicum
1354 2727 1499 2784 illud
1548 2727 1753 2784 utilius
1779 2727 1840 2784 in

201 2826 398 2882 futuro
423 2821 768 2896 perciperet,
790 2819 863 2876 ad
893 2821 1141 2875 vestram
1159 2833 1261 2889 per
1272 2817 1472 2874 omnia
1491 2817 1841 2873 descendere

195 2912 574 2970 voluntatem.
596 2910 726 2980 Ipse
754 2923 885 2965 vero
895 2907 1059 2979 jamd
1071 2906 1255 2962 udum
1279 2905 1717 2962 miserabilibus
1730 2922 1838 2962 nos

197 3000 466 3060 lamentis
487 2998 745 3067 infestat,
758 3012 1025 3055 asserens
1037 2996 1193 3068 quod
1212 2995 1490 3067 placitum
1505 2995 1840 3052 transactio·

193 3090 287 3148 uis
305 3095 503 3148 vestra
531 3088 583 3145 ei
616 3086 1054 3158 magnificentia
1084 3084 1414 3152 subtrahat,
1435 3099 1540 3140 nec
1557 3084 1834 3140 sanctita·
1868 3090 1912 3156 C

190 3184 310 3236 tem
339 3185 593 3236 vestram
623 3177 683 3233 in
711 3174 910 3247 aliquo
941 3173 1519 3231 moveatvelmiseria
1538 3172 1835 3245 pauperis,

188 3268 279 3325 vel
329 3267 538 3325 veritas
569 3264 877 3337 pactionis.
909 3263 1071 3329 Quod
1105 3263 1154 3319 si
1187 3262 1327 3334 quid
1352 3262 1668 3334 aliquando
1690 3263 1837 3321 forte

189 3356 449 3414 solutum
478 3359 588 3419 est,
623 3356 755 3426 post
784 3346 999 3408 multas
1051 3352 1423 3423 fatigationes
1469 3356 1527 3407 et
1575 3357 1836 3424 tempora

188 3460 446 3519 semper,
476 3443 564 3500 vel
592 3444 784 3513 specie
796 3440 970 3497 vilius
986 3441 1113 3509 fuit,
1130 3440 1217 3496 vel
1237 3440 1491 3498 deterius
1512 3440 1790 3513 qualitate
1816 3457 1830 3498 :

187 3551 386 3609 super,
417 3550 536 3607 quo
563 3548 843 3607 rogamus
869 3548 993 3601 vos,
1023 3537 1080 3588 et
1108 3530 1337 3588 obnixis
1360 3531 1631 3602 precibus
1662 3532 1832 3589 obse-

187 3641 441 3694 cramus,
473 3629 765 3698 quatenus
799 3626 861 3678 in
907 3621 1016 3678 hoo
1064 3620 1269 3677 honori
1324 3636 1451 3689 suo,
1497 3624 1556 3677 et
1592 3621 1835 3692 justitia!

187 3714 460 3788 pauperis
473 3718 532 3771 et
545 3711 832 3771 molestiae
861 3713 1076 3768 ucstrae
1098 3709 1282 3779 gratia
1301 3717 1490 3766 vestra
1510 3711 1831 3783 provideat,

186 3805 354 3878 eique
383 3803 538 3876 quod
569 3803 681 3861 sub
711 3804 877 3858 tanta
902 3798 1322 3858 venerabilium
1342 3815 1724 3871 personarum
1738 3817 1834 3857 ce·

185 3893 452 3951 lebritate
484 3892 840 3965 promissum
872 3895 981 3961 est,
1011 3906 1126 3947 nou
1172 3890 1361 3946 solum
1415 3888 1684 3961 fideliter,
1733 3890 1831 3947 sed

186 3982 365 4039 etiam
396 3981 717 4037 liberaliter
736 3980 912 4037 tribui
937 3980 1186 4050 faciatis,
1212 3995 1283 4036 ue
1305 3978 1634 4036 fortebomo
1649 3995 1832 4051 vagus

187 4074 247 4126 et
275 4069 538 4141 pertinax
564 4070 635 4125 ad
666 4068 1000 4125 subsidium
1032 4069 1357 4141 majestatis
1382 4069 1711 4141 apostolicis
1739 4087 1831 4128 re-

185 4175 418 4216 currere
446 4158 849 4230 compellatur,
880 4172 1254 4214 communem
1286 4159 1357 4214 de
1389 4159 1558 4215 nobis
1592 4164 1652 4217 et
1671 4160 1834 4217 vobis

185 4247 607 4319 querimoniam
628 4249 889 4318 portans,
906 4245 1129 4302 scilicet
1148 4246 1307 4318 quod
1332 4248 1668 4304 mandatum
1700 4251 1830 4321 ejus

183 4352 217 4391 a
250 4334 422 4391 nobis
455 4334 651 4390 minus
681 4334 928 4390 fideliter
958 4333 1342 4406 adimpletum
1373 4336 1474 4401 sit,
1506 4339 1562 4391 et
1590 4353 1625 4392 a
1668 4338 1829 4394 vobis

183 4422 328 4481 fides
355 4422 766 4481 transactionis
797 4423 992 4480 minus
1022 4424 1299 4480 veraciter
1326 4424 1648 4482 observata.

881 4532 1131 4588 Lxxxl.

498 4639 571 4678 An
603 4638 863 4680 nominum
894 4638 1087 4679 rapam
1108 4638 1508 4680 antunnacu-

250 4734 496 4788 Causam
513 4746 639 4804 ques
668 4732 820 4787 inter
839 4728 1189 4785 willelmum
1215 4731 1573 4788 sacerdotem
1595 4737 1653 4789 et
1684 4734 1826 4792 Mat-

178 4818 399 4876 thaeum
420 4821 698 4878 clericum
732 4821 1088 4885 vertebatur,
1120 4834 1297 4891 super
1326 4820 1587 4877 Ecclesia
1615 4822 1688 4878 de
1715 4825 1820 4878 Go-

176 4907 438 4978 darvilla,
461 4912 737 4980 majestas
766 4914 957 4969 vestra
988 4908 1255 4983 parvitati
1286 4914 1511 4966 nostras·
1537 4911 1823 4984 delegavit

175 4998 300 5053 sine
332 4998 739 5069 appellationis
769 4999 1066 5056 obstaculo
1097 5000 1374 5056 canonice
1417 4997 1818 5072 decidendam,

172 5084 424 5160 Utraque
454 5085 652 5158 itaque
663 5089 897 5160 partein
923 5094 1126 5145 nostra
1148 5089 1455 5161 praesentia
1472 5090 1816 5159 constituta,

172 5176 474 5250 proposuit
504 5175 662 5232 Will.
696 5192 759 5233 se
809 5178 1142 5250 praedictam
1195 5180 1511 5237 Ecclesiam
1553 5180 1815 5253 legitime

1968 1866 2396 1924 examinatione
2425 1868 2740 1926 concordes
2771 1867 2984 1925 investi
3012 1873 3166 1939 sunt,
3199 1869 3373 1941 idque
3402 1871 3613 1941 prodi-

1968 1954 2075 2012 ctis
2100 1955 2402 2028 judicibus
2422 1960 2479 2014 et
2507 1958 2615 2016 toti
2645 1958 2909 2015 Ecclesia
2932 1957 3386 2031 Rothomagensi
3426 1961 3610 2018 notis·

1965 2045 2203 2115 simum,
2236 2046 2377 2119 quia
2405 2046 2514 2103 boc
2543 2063 2739 2105 coram
2765 2050 2884 2105 tota
2900 2046 3019 2103 fere
3032 2047 3409 2105 universitate
3423 2050 3613 2107 fuerat

1962 2132 2336 2192 celebratum.
2369 2135 2515 2199 Quia
2543 2151 2677 2207 ergo
2705 2135 3081 2208 prejudicare
3115 2135 3419 2193 videbatur
3446 2137 3612 2209 adju·

1963 2224 2203 2282 rationis
2234 2226 2514 2295 exceptio,
2548 2240 2737 2298 neque
2776 2225 2947 2283 nobis
2975 2226 3118 2281 satis
3163 2228 3381 2282 certem
3428 2225 3610 2283 fldem

1960 2328 2160 2371 eorum
2196 2314 2295 2386 qui
2330 2316 2594 2386 producti
2615 2317 2782 2370 erant
2801 2314 3128 2372 testificatio
3152 2314 3607 2384 faciebat‚duxi·

1960 2419 2094 2460 mus
2126 2404 2535 2473 differendum,
2567 2406 2750 2463 donec
2779 2406 3148 2479 pet-judices,
3182 2405 3395 2476 quibus
3425 2422 3612 2467 causa

1957 2492 2220 2565 delegata
2247 2493 2428 2550 fuisse
2464 2494 2791 2563 dicebatur,
2831 2499 2888 2550 et
2932 2493 3291 2551 venerabiles
3331 2511 3611 2566 personas

1956 2596 2088 2652 quai
2144 2582 2561 2641 asserebantur
2600 2582 2986 2641 nibilominus
3040 2583 3302 2641 adfuisse
3337 2585 3608 2643 veritatis

1955 2671 2125 2728 nobis
2149 2679 2349 2743 posset
2377 2674 2743 2732 innotescere
2762 2673 3085 2748 plenitudo.
3112 2676 3290 2732 Porro
3320 2690 3459 2732 cum
3491 2675 3608 2748 ipsi

1955 2775 2186 2818 mecum
2214 2764 2285 2819 ad
2319 2764 2539 2820 domini
2572 2763 2991 2837 archiepiscopi
3010 2763 3380 2837 praesentiam
3399 2780 3612 2822 conve-

1953 2850 2200 2913 nissent.
2229 2855 2288 2908 et
2313 2868 2419 2924 ego
2446 2853 2597 2909 abeo
2614 2853 2870 2909 veritatis
2883 2852 3282 2911 testimouium
3296 2852 3606 2926 diligenter

1950 2939 2263 3013 exigerem,
2277 2941 2600 2998 willelmus
2613 2958 2728 2998 uon
2742 2950 3067 3015 exspectato
3099 2943 3433 2999 testimonio
3446 2943 3604 3015 ejus,

1951 3028 2023 3085 ad
2057 3028 2303 3100 primam
2336 3030 2698 3088 Dominicam
2740 3032 3026 3089 adventus
3065 3031 3296 3089 Domini
3344 3040 3600 3090 vestram

1951 3118 2312 3176 audientiam
2336 3120 2667 3193 appellavit.
2700 3121 2820 3193 Ego
2851 3137 2982 3178 vero
3012 3122 3153 3194 quia
3183 3121 3391 3178 nolens
3431 3137 3603 3194 agere

1950 3208 2080 3279 cogi
2111 3224 2224 3265 nou
2261 3213 2505 3280 poterat,
2541 3215 2598 3266 et
2618 3210 2690 3266 ad
2713 3226 2912 3283 preces
2931 3213 3059 3281 ejus
3078 3210 3382 3282 ipsiusque
3404 3210 3600 3268 favore

1946 3296 2249 3354 videbatur
2279 3298 2574 3355 sublatum
2629 3298 3040 3371 appellationis
3079 3297 3468 3368 obstaculum,
3520 3299 3596 3356 ad

1947 3383 2243 3443 laesionem
2278 3388 2406 3459 ejus
2436 3391 2769 3460 retorquere
2797 3404 2911 3444 non
2934 3388 3131 3457 debui,
3155 3388 3255 3444 sed
3279 3386 3393 3446 alio
3443 3387 3600 3444 sicut

1946 3475 2129 3532 fuerat
2154 3476 2213 3531 in
2246 3477 2617 3549 possessione
2644 3476 2915 3547 demisso,
2952 3477 3181 3533 litteras
3215 3477 3452 3550 utrique
3499 3492 3596 3533 re·

1945 3565 2190 3636 quisitas
2213 3566 2446 3637 tradidi,
2481 3582 2580 3638 per
2611 3582 2757 3638 quas
2788 3582 2990 3623 eorum
3020 3583 3144 3638 quae
3163 3567 3313 3640 apud
3338 3580 3446 3622 nos
3468 3569 3601 3624 acta

1944 3657 2082 3709 sunt
2111 3654 2320 3711 veritas
2376 3664 2583 3712 vestrm
2639 3655 2822 3727 possit
2868 3657 3235 3713 innotescere
3279 3654 3598 3726 mejestati.

2627 3781 2904 3838 LXXXII.

2207 3905 2282 3945 An
2312 3857 2630 3945 nxnarcuu'
2649 3904 3034 3946 fiscannum«
3060 3904 3338 3945 ΑΒΒΑτιι.

2012 4015 2197 4073 Amici
2232 4016 2412 4073 nostri
2445 4016 2547 4088 qui
2576 4015 2781 4074 diebus
2811 4015 2938 4073 istis
2966 4014 3385 4088 Jerosolymam
3399 4015 3593 4089 profe·

1942 4106 2016 4161 cti
2041 4108 2203 4173 sunt,
2233 4121 2302 4162 ex
2328 4104 2523 4177 equite
2544 4120 2635 4160 me
2657 4104 2904 4178 peditem
2937 4104 3331 4161 reddiderunt.
3363 4103 3596 4177 thuia

1942 4194 2247 4268 indignum
2279 4200 2367 4252 est
2395 4194 2694 4251 hominem
2717 4193 3008 4265 opinionis
3055 4208 3197 4249 mem
3229 4209 3333 4266 per
3372 4209 3592 4252 manus

1943 4284 2253 4341 humilium
2277 4284 2335 4340 in
2357 4285 2611 4356 equitem
2645 4282 2966 4351 reformari,
2996 4283 3057 4339 in
3082 4286 3336 4339 vestram
3358 4282 3417 4338 id
3446 4282 3591 4339 duxi

1939 4372 2183 4444 gloriam
2216 4373 2654 4440 conferendum,
2678 4389 2852 4445 quem
2893 4389 3007 4429 uon
3057 4372 3247 4429 solum
3285 4372 3584 4444 equestris

1860 4461 1910 4526 D
1939 4462 2165 4518 ordinis
2186 4463 2458 4534 dignitas,
2492 4463 2594 4518 sed
2608 4463 2782 4519 etiam
2799 4462 2941 4534 regii
2963 4461 3271 4534 sanguinis
3287 4461 3594 4519 excellen-

1938 4552 2018 4608 tia
2033 4551 2389 4608 sublimavit.
2406 4552 2521 4608 Hoc
2535 4552 2709 4607 etiam
2732 4567 2800 4608 eo
2818 4550 3360 4608 studiosiusvestris
3380 4551 3590 4608 censui

1938 4641 2166 4697 meritis
2198 4642 2635 4709 reservandum,
2672 4641 2920 4714 quiaeos
2939 4640 3155 4714 quibus
3167 4639 3378 4697 tribuit
3396 4645 3590 4698 vestra

1934 4731 2126 4787 reddit
2147 4731 2431 4788 industria
2454 4732 2762 4797 cautiores,
2779 4747 2913 4787 cum
2932 4730 3014 4787 ita
3028 4729 3168 4786 viris
3191 4730 3589 4802 prudentibus

1933 4822 2184 4878 amicam
2218 4820 2641 4893 parcimoniam
2673 4821 2729 4876 iu
2763 4820 2887 4891 ipsa
2909 4818 3195 4893 largiendi
3224 4818 3585 4878 liberalitate

1933 4910 2195 4977 servetis,
2230 4918 2289 4966 ut
2318 4914 2374 4966 et
2404 4910 2626 4966 amicus
2657 4925 2889 4981 semper
2917 4908 3067 4980 apud
3100 4924 3201 4965 vos
3217 4908 3586 4980 possitinve-

1933 4997 2058 5055 nire
2086 5000 2242 5070 quod
2292 4999 2537 5071 placeat,
2585 5006 2638 5055 et
2685 4997 2846 5054 vobis
2892 5005 3214 5070 opportuna
3265 5013 3381 5054 nou
3430 4998 3587 5057 desit

1930 5090 2172 5147 materia
2200 5089 2507 5162 largiendi.
2540 5089 2681 5146 Inde
2709 5089 2963 5158 estquod
2994 5089 3146 5160 apud
3174 5087 3287 5159 (50)
3325 5103 3420 5145 vos
3463 5087 3583 5145 uti-

1929 5181 2058 5237 liter
2086 5185 2144 5237 et
2180 5180 2441 5237 doctrina
2462 5180 2743 5252 quaeritur
2762 5183 2818 5235 et
2830 5182 3163 5250 proventus,
3181 5181 3243 5233 ut
3260 5181 3320 5234 et
3335 5176 3583 5235 ditiores

169 5265 512 5337 possedisse,
544 5271 600 5323 et
631 5267 1010 5339 postmodum
1032 5283 1094 5324 se
1111 5284 1212 5341 per
1231 5269 1572 5327 violentiam
1595 5271 1815 5342 absque
1926 5271 2093 5344 copia
2117 5270 2313 5338 faciat,
2343 5278 2397 5328 et
2431 5268 3061 5343 prudentiadoctiores.
3083 5267 3175 5323 Sic
3191 5265 3350 5323 enim
3374 5271 3578 5324 vestra

238 5462 295 5604 {⁴
388 5464 801 5536 B.,quondam.

268 5532 336 5589 ⁴8
389 5534 478 5604 B.,
506 5538 612 5595 vel.

1994 5474 2113 5623 εεεε
2135 5476 2524 5624 aaa..
