3784 6000
1313 223 1748 289 GUILLELMI
1789 224 2174 291 TYRENSIS
2214 226 2582 290 ARGEIEP.

3509 226 3630 291 2⁵6

217 363 498 438 maiorem
514 362 873 423 habentesin
893 362 1122 420 viarum
1142 360 1503 430 difficultate,
1516 366 1574 420 et
1587 363 1852 435 veprium
1882 366 1943 436 Α
1972 363 2096 421 tore
2151 363 2390 436 precise
2435 365 2765 434 negaretur,
2816 360 2884 418 ad
2927 362 3156 419 nostrae
3210 358 3631 434 expeditiones,

219 457 542 525 armatura,
572 468 753 526 quam
772 452 834 510 in
855 450 1105 524 propriis
1124 451 1346 508 viribus
1375 450 1682 509 resistendi
1704 451 1865 508 fidu—

217 544 394 603 ciam.
436 543 652 600 Eodem
683 542 854 600 modo
877 545 938 597 et
963 541 1203 614 Epirum
1251 540 1526 614 primam,
1546 557 1723 613 quiea
1753 543 1862 599 Du·

216 632 417 692 rachio
465 632 638 690 habet
691 630 950 699 initium,
1001 634 1059 688 et
1106 645 1294 703 usque
1341 631 1412 688 ad
1472 635 1731 689 montem
1757 633 1864 705 qul

215 721 665 796 cognominatur
692 719 1063 792 Bagularius,
1097 719 1302 777 itinere
1344 720 1568 777 dierum
1608 726 1864 794 quatuor

212 810 600 885 protenditur,
621 826 726 884 per
755 826 931 882 quam
965 825 1171 867 omnes
1192 809 1289 866 elii
1321 811 1632 868 transitum
1655 810 1862 868 hahue-

207 902 349 956 runt
367 898 685 971 principes,
720 899 1012 957 desertam
1057 907 1112 956 et
1159 898 1591 957 habitatoribus
1616 916 1859 959 vacuam

207 987 582 1062 relinquunt3
617 992 683 1046 ut
710 988 983 1046 accedere
1008 988 1360 1060 volentibus,
1375 1006 1611 1047 nemora
1631 990 1859 1047 deserta

207 1082 266 1136 et
293 1078 473 1148 invia,
504 1082 562 1135 et
614 1077 911 1136 alimentis
967 1079 1248 1148 carentia,
1289 1077 1703 1152 repagulorum
1735 1081 1857 1137 vice

207 1166 508 1240 praebeant
535 1166 1044 1239 impedimentum.
1079 1167 1418 1227 Praedictam
1448 1184 1584 1242 ergo
1618 1169 1852 1226 Daciam

207 1255 723 1322 mediterraneam,
754 1272 881 1329 quas
907 1257 1022 1314 alio
1051 1256 1290 1314 nomine
1307 1257 1488 1315 Mesia
1509 1257 1858 1327 dicitur,do·

206 1342 407 1401 minus
431 1344 548 1399 dux
576 1359 706 1401 cum
722 1344 847 1402 suis
867 1361 1215 1419 percurrens
1234 1345 1585 1420 legionibus,
1608 1351 1666 1404 et
1684 1364 1856 1405 exsu-

205 1432 428 1507 peratis
448 1431 725 1491 claustris
755 1450 886 1508 quo
913 1434 1087 1507 vulgo
1099 1435 1379 1493 dicuntur
1409 1436 1602 1494 Sancti
1629 1436 1849 1503 Basilii,

206 1520 280 1581 ad
308 1520 438 1579 loca
458 1520 720 1594 planiora
739 1527 797 1580 et
824 1521 1231 1582 alimentorum
1248 1524 1478 1596 copiam
1500 1524 1850 1583 ministran-

205 1607 307 1677 tia,
340 1607 719 1678 descendens,
749 1608 1199 1683 Philippopolim
1223 1613 1495 1684 usquead
1517 1612 1770 1670 nobilem
1791 1618 1850 1671 et

204 1695 672 1768 copiosissimam
733 1708 938 1756 urbem
981 1699 1260 1773 pervenit.
1291 1700 1398 1758 Ubi
1441 1701 1669 1773 cognito
1691 1703 1844 1775 quod

1970 467 2095 524 quie
2107 451 2234 524 Jam
2247 451 2501 509 Adriano
2506 451 2684 525 polim
2698 449 3178 523 pertransierant,
3192 449 3275 507 ihi
3296 448 3630 508 residentes

1968 541 2029 597 in
2086 540 2342 615 pascuis,
2391 539 2604 598 reversi
2651 546 2811 598 sunt.
2855 539 3132 612 Postqam
3190 554 3349 607 vero,
3409 538 3628 597 eisdem

1969 631 2351 690 referentibus
2380 631 2631 702 nuntiis,
2652 631 2772 689 dux
2791 632 2848 687 et
2877 629 2975 687 alii
3004 628 3320 703 prinsipes,
3338 629 3499 703 quod
3520 645 3624 688 ne·

1969 737 2265 797 quaquam
2297 721 2604 794 praedictos
2635 717 2864 778 nobiles
2881 718 3057 777 vellet
3086 718 3405 792 imperator
3425 717 3623 777 absol-

1964 826 2119 881 vere,
2144 814 2566 884 cognoverunt,
2583 811 2654 867 de
2682 807 2987 867 communi
3008 807 3251 867 consilio
3281 808 3617 867 universam

1964 899 2129 958 illam
2155 901 2454 974 regionem
2485 899 2817 973 legionibus
2866 899 2997 956 suis
3034 905 3330 970 exponunt
3358 897 3435 954 ad
3467 914 3615 972 prai-

1964 991 2117 1047 dam.
2143 991 2406 1063 Cumque
2462 1005 2560 1062 per
2598 992 2728 1046 octo
2776 988 2901 1045 dies
2952 987 3033 1044 ibi
3081 1002 3306 1045 moram
3339 987 3617 1046 fecissent

1963 1078 2612 1147 continuam,universa
2628 1077 2970 1150 depopulati
2986 1079 3147 1134 sunt.
3175 1077 3339 1144 Quod
3364 1076 3613 1135 audiens

1961 1169 2298 1242 imperator,
2327 1170 2566 1226 nuntios
2603 1169 2671 1225 ad
2712 1168 2987 1225 eumdem
3019 1168 3223 1224 ducem
3262 1166 3485 1240 dirigit,
3517 1184 3611 1224 ro-

1959 1274 2103 1333 gans
2134 1262 2199 1314 ut
2221 1275 2254 1315 a
2273 1258 2467 1330 praeda
2498 1257 2741 1314 desistat
2777 1258 2904 1330 ejus
2946 1258 3254 1325 exercitus,
3286 1260 3345 1313 et
3385 1255 3613 1314 nobiles

1960 1362 2108 1419 quoe
2150 1344 2477 1415 repetierat,
2507 1342 2746 1415 recipiat
2791 1342 3113 1416 expeditos.
3134 1340 3239 1400 Cui
3296 1340 3474 1399 verbo
3494 1341 3612 1399 dux

1958 1433 2205 1491 libenter
2243 1433 2646 1507 acquiescens,
2678 1432 2872 1504 praeda
2912 1431 3036 1488 suis
3082 1429 3359 1502 inhibita,
3390 1432 3613 1504 pacatis

1956 1521 2303 1595 legionibuS,
2358 1521 2928 1594 Constantinopolim
2983 1520 3294 1592 pervenit:
3329 1519 3433 1576 uhi
3474 1524 3611 1576 ante

1957 1612 2179 1680 urbem,
2221 1611 2282 1670 iu
2314 1628 2490 1669 manu
2521 1611 2758 1668 robusta
2786 1613 2846 1667 et
2895 1609 3127 1681 copioso
3156 1608 3438 1678 exercitu,
3472 1609 3604 1666 fixis

1952 1701 2222 1759 tentoriis
2233 1705 2680 1759 castrametatus
2700 1706 2808 1757 est.
2832 1700 3214 1757 occurrentes
3233 1705 3431 1756 autem
3455 1714 3610 1771 pro-

199 1783 476 1843 dominus
504 1786 671 1858 Hugo
691 1786 952 1858 Magnus,
976 1789 1199 1847 domini
1219 1788 1471 1863 Philippi
1491 1789 1844 1849 Francorum
1956 1789 2094 1847 dicti
2126 1789 2352 1847 nobiles
2382 1789 2511 1858 viri,
2552 1788 2826 1846 dominus
2850 1785 3117 1844 videlicet
3143 1786 3308 1858 Hugo
3331 1786 3603 1861 Magnus,

197 1872 347 1946 regis
376 1873 544 1942 fater,
566 1890 702 1933 cum
733 1877 1083 1950 quibusdam
1113 1878 1247 1936 aliis
1277 1877 1597 1947 nobilibus,
1628 1880 1701 1936 ab
1734 1880 1854 1937 im-

205 1965 467 2036 peratore
488 1963 896 2023 detinerentur
923 1967 983 2023 in
1006 1967 1270 2037 vinculis,
1303 1967 1503 2026 missis
1537 1970 1645 2026 sub
1689 1968 1851 2027 omni

201 2050 497 2110 celeritate
532 2053 777 2124 nuntiis,
820 2055 1025 2114 litteris
1071 2060 1128 2114 et
1171 2059 1304 2115 viva
1352 2073 1488 2116 voce
1542 2063 1761 2130 monet,
1790 2063 1852 2116 et

196 2146 363 2214 rogat
382 2141 1052 2219 diligentius,quatenus
1069 2146 1375 2219 praedictos
1397 2147 1848 2220 viros,ejusdem

198 2229 688 2302 peregrinationis
719 2238 915 2291 votum
941 2234 1253 2308 habentes,
1285 2239 1343 2293 et
1375 2236 1502 2294 sine
1523 2238 1698 2309 culpa
1722 2237 1851 2295 vin-

199 2317 351 2374 culis
396 2320 782 2393 mancipatos,
818 2324 1046 2381 solutos
1082 2323 1241 2382 abire
1281 2325 1600 2396 permittat.
1633 2325 1849 2383 Praedi-

203 2409 336 2463 ctus
354 2408 510 2464 enim
542 2409 628 2466 vir
659 2407 931 2481 illustris,
961 2413 1134 2484 quasi
1181 2413 1410 2487 primus
1439 2413 1704 2472 omnium
1737 2416 1849 2474 iter

202 2508 534 2567 aggressus,
566 2501 1218 2584 transcursissftipibuffi
1248 2501 1310 2558 in
1341 2501 1568 2561 ltaliam
1607 2506 1848 2563 descen-

205 2581 393 2654 deret,
422 2585 634 2644 stinde
655 2586 716 2643 in
755 2584 1025 2661 Apuliam
1074 2592 1438 2664 perveniens,
1471 2609 1604 2650 eum
1636 2595 1844 2666 exiguo

195 2672 474 2731 comitam
507 2690 668 2735 mere
697 2679 1016 2743 transiens.
1039 2682 1193 2753 apud
1225 2681 1582 2739 Durachium
1614 2683 1846 2741 substi-

100 2814 111 2823 .
190 2765 362 2831 teret,
384 2777 484 2820 eos
509 2766 608 2837 qui
629 2767 1143 2840 subsequebantur
1179 2775 1556 2844 exspectans:
1597 2789 1715 2830 non
1741 2790 1844 2832 ve-

193 2849 338 2909 ritus
358 2854 512 2924 quod
548 2856 604 2912 in
634 2872 813 2930 regno
844 2858 1196 2929 Graecorum,
1229 2861 1327 2934 qui
1358 2861 1684 2920 Christiana
1700 2879 1842 2936 pro-

191 2940 447 3003 fessione
493 2946 714 3005 censeri
755 2948 1120 3020 dicebantur,
1152 2951 1269 3009 sibi
1335 2951 1576 3024 suisque
1613 2952 1840 3028 aliquid

1954 1877 2141 1948 Drogo
2179 1879 2251 1936 de
2270 1877 2491 1948 Neella,
2516 1876 2845 1938 Willelmus
2873 1875 3309 1948 carpentarius,
3341 1873 3604 1934 Claram-

1953 1966 2164 2024 baldus
2201 1968 2274 2024 de
2302 1965 2666 2034 vendoliolo,
2693 1970 2857 2023 extra
2906 1964 3112 2022 urbem
3129 1964 3189 2022 in
3211 1971 3405 2023 castra
3432 1963 3603 2023 ducis

1952 2072 2014 2114 se
2043 2056 2437 2128 contulerunt,
2467 2056 2682 2129 gratias
2702 2071 2807 2129 pro
2837 2071 2944 2114 sua
2962 2052 3307 2112 liberatione
3320 2052 3601 2122 soluturi;

1952 2163 2101 2218 quos
2130 2161 2266 2205 cum
2300 2145 2487 2204 multa
2527 2145 2811 2203 charitate
2837 2147 2897 2203 et
2935 2143 3129 2203 debita
3159 2141 3603 2202 honorificentia

1953 2243 2260 2308 susceptos
2276 2236 2529 2309 benigne
2556 2235 2763 2293 habuit
2786 2249 2985 2292 secum
3010 2232 3373 2306 aliquandiu,
3395 2248 3599 2293 eorum

1953 2324 2261 2396 molestiis,
2288 2341 2437 2398 quas
2458 2324 2824 2398 pertulerant
2860 2327 3067 2397 praeter
3096 2321 3323 2396 merita,
3348 2322 3602 2381 fraterne

1949 2415 2339 2488 compatiens.

2587 2522 2823 2581 CAPUT
2859 2521 2957 2578 v1.

1947 2633 2256 2703 Imperator
2281 2630 2353 2687 ad
2384 2646 2439 2688 se
2481 2631 2675 2688 ducem
2720 2631 2947 2699 invitat,
2969 2629 3072 2686 ille
3108 2630 3293 2687 renuit
3328 2628 3567 2687 introire
3578 2645 3600 2696 ,·

2016 2719 2210 2776 9roves
2235 2706 2498 2760 oriuntur
2531 2705 2683 2760 inter
2700 2718 2787 2760 eos
2817 2701 3138 2760 inimicitia?
3167 2719 3186 2757 .·
3231 2705 3408 2758 raude
3433 2703 3600 2773 impe·

2013 2774 2427 2920 gagg-*wis
2454 2777 2731 2834 exercitus
2777 2775 3117 2846 transfertur
3147 2790 3183 2831 a
3275 2772 3462 2829 locum
3492 2789 3597 2830 an·

2014 2955 2244 3013 Interea
2272 2954 2361 3012 vir
2422 2957 2660 3014 mutuos
2692 2953 3079 3013 dissolverant
3101 2951 3407 3027 amplexus
3437 2957 3496 3012 et
3511 2951 3594 3012 al-

193 3030 420 3090 slnlstri
450 3044 782 3095 occurreret
805 3055 820 3108 ;
845 3039 944 3096 ubi
966 3058 1000 3096 a
1029 3042 1277 3115 preside
1322 3041 1574 3115 regionis
1594 3042 1836 3117 [vinctus
1946 3042 2131 3101 ternis
2168 3049 2335 3102 erant
2380 3043 2948 3103 confabulationibus
2994 3042 3258 3116 recreati,
3287 3058 3423 3101 cnm
3456 3059 3592 3102 ecce

192 3128 247 3176 et
292 3126 620 3196 catenatus,
669 3127 1010 3200 imperatori
1042 3131 1369 3189 traderetur
1428 3149 1529 3204 pro
1595 3132 1835 3191 arbitrio
1864 3095 1911 3164 C
1946 3132 2316 3208 Imperatoris
2363 3135 2581 3193 adsunt
2628 3134 2848 3202 nuntii,
2870 3137 3173 3192 monentes
3204 3139 3267 3192 ut
3294 3134 3367 3193 ad
3395 3134 3591 3193 domi—

196 3213 556 3284 tractandus,
606 3216 919 3275 translatus
968 3226 1075 3277 est.
1119 3220 1210 3279 Sic
1255 3237 1393 3295 ergo
1422 3237 1556 3279 eum
1588 3223 1744 3295 apud
1774 3239 1837 3280 se

194 3301 472 3374 tanquam
505 3306 860 3378 praedonem,
889 3316 988 3366 aut
1008 3309 1307 3369 homicidii
1334 3328 1496 3369 reum
1525 3311 1838 3383 imperator

190 3387 493 3449 detinebat
520 3395 578 3452 in
608 3411 862 3468 carcere,
883 3398 1214 3471 principum
1238 3401 1338 3474 qui
1361 3399 1642 3474 subsequi
1672 3401 1832 3459 dice·

191 3478 410 3537 bantur
433 3494 773 3557 exspectans
801 3486 1143 3555 adventum,
1165 3495 1457 3562 quatenus
1481 3490 1532 3547 si
1562 3507 1834 3562 prospere

185 3570 554 3640 accederent,
585 3590 790 3632 eorum
830 3578 1019 3648 gratia
1065 3594 1197 3637 eum
1237 3580 1476 3638 solvisse
1505 3580 1832 3650 videretur,

182 3656 280 3716 'in
303 3664 524 3731 autem,
555 3665 852 3736 perpetuis
881 3682 1014 3724 eum
1037 3667 1420 3741 compedibus
1450 3670 1831 3743 manciparet.

848 3792 1078 3852 CAPUT
1112 3793 1184 3852 V.

185 3872 312 3932 Dux
339 3875 545 3947 levam
572 3878 644 3936 ad
668 3878 1046 3953 imperatorem
1073 3883 1294 3956 diripit,
1321 3888 1384 3941 ut
1414 3890 1462 3942 H
1542 3901 1701 3943 onem
1721 3888 1834 3944 Ma-

252 3961 446 4027 nnum,
477 3949 691 4007 elalius
720 3953 931 4010 nobiles
948 3957 1144 4025 solvat,
1166 3973 1296 4029 quos
1312 3957 1503 4015 detine
1539 3965 1597 4014 ot
1624 3961 1685 4015 in
1705 3962 1831 4016 vin-

250 4018 394 4074 culn
421 4035 442 4103 ς
472 4023 734 4079 universa
784 4027 934 4094 ναοῖο
953 4028 1152 4097 praeda
1181 4030 1504 4102 exponitur,
1536 4037 1588 4086 et
1609 4032 1832 4089 tandem

259 4094 437 4146 nostri
465 4093 1001 4167 Constantinopolim
1017 4104 1367 4170 perveniunt.

253 4197 503 4295 emerat
557 4205 753 4257 autem
785 4217 887 4273 per
914 4202 1070 4260 idem
1101 4210 1337 4279 tempus
1366 4208 1697 4266 Graecorum
1727 4211 1833 4266 im.

182 4296 345 4355 perio
399 4284 488 4339 vir
543 4300 798 4360 nequam
854 4293 913 4345 et
968 4292 1274 4366 subdolus,
1307 4294 1544 4354 Alexius
1574 4298 1830 4370 nomine,

1946 3240 2090 3282 num
2119 3225 2532 3298 imperatorem
2554 3242 2685 3282 cuin
2707 3228 2909 3298 paucis
2932 3224 3047 3282 dux
3064 3222 3307 3282 introire
3324 3224 3585 3282 festinet.

1944 3313 2071 3372 Dux
2125 3331 2284 3383 vero,
2315 3314 2511 3373 habito
2568 3314 2813 3373 consilio
2869 3314 3010 3371 illuc
3028 3313 3111 3371 ire
3130 3313 3394 3383 distulit;
3427 3314 3586 3372 unde

1942 3406 2404 3481 indignationem
2435 3406 2751 3479 plurimam
2768 3406 3104 3479 concipiens
3124 3404 3461 3478 imperator,
3494 3405 3587 3463 fo·

1943 3514 2074 3555 rum
2105 3513 2299 3555 rerum
2324 3496 2619 3554 venalium
2640 3495 2970 3568 legionibus
2997 3511 3123 3569 quoe
3143 3511 3272 3553 cum
3303 3495 3452 3552 duce
3480 3495 3587 3551 ad-

1940 3592 2218 3645 venerant
2240 3585 2556 3644 interdixit.
2580 3585 2754 3643 Porro
2785 3587 3077 3657 principes
3107 3583 3305 3659 populi
3323 3584 3589 3643 videntes

1939 3674 2325 3744 indigentiam
2348 3678 2403 3731 et
2441 3673 2847 3731 alimentorum
2887 3674 3197 3744 defectum,
3246 3690 3488 3731 rursum
3510 3674 3587 3730 de

1940 3763 2239 3823 communi
2271 3761 2513 3821 consilio
2544 3778 2648 3835 per
2665 3762 3184 3836 suburbanalonge
3199 3761 3428 3835 lateque
3446 3778 3587 3821 cum

1940 3854 2278 3928 ingentibus
2305 3860 2659 3910 armatorum
2691 3853 2871 3925 copiis
2907 3853 3325 3922 discurrentes,
3371 3868 3584 3927 greges

1940 3949 1999 4003 et
2040 3948 2304 4001 armenta
2353 3943 2614 4015 undique
2653 3944 3038 4014 contrabunt;
3066 3949 3126 4001 et
3172 3942 3586 4001 alimentorum

1941 4034 2340 4093 omnimodam
2381 4033 2442 4091 in
2473 4039 2667 4091 castra
2696 4035 2954 4092 referunt
2980 4033 3341 4106 opulentiam
3366 4058 3382 4103 ς
3412 4034 3583 4091 itaut

1945 4142 2130 4199 usque
2149 4124 2219 4181 ad
2235 4125 2561 4182 satietatem
2587 4124 2843 4181 minores
2864 4124 3042 4180 etiam
3072 4123 3462 4181 abundarent.
3480 4124 3584 4179 Vi-

1938 4214 2085 4271 deus
2113 4227 2249 4284 ergo
2280 4212 2592 4283 imperator
2622 4213 2913 4282 regionem
2937 4211 3266 4269 universam
3287 4212 3500 4284 praedoe
3523 4216 3584 4270 et

1938 4300 2223 4359 incendiis
2244 4301 2593 4373 expositam,
2624 4300 2840 4357 timens
2869 4315 2942 4358 ne
2970 4299 3228 4357 deterius
3265 4301 3441 4358 etiam
3477 4299 3582 4357 ali-

178 4370 491 4444 agnomine
521 4374 716 4433 dictus
742 4376 1028 4437 Connino.
1061 4382 1170 4448 Qui
1202 4399 1336 4439 cum
1366 4391 1522 4442 esset
1552 4387 1611 4443 in
1631 4386 1826 4461 impe-
1854 4395 1905 4464 1)
1936 4390 2073 4465 quid
2112 4388 2494 4461 contingeret,
2512 4388 2717 4446 iterato
2737 4390 3155 4447 commercium
3175 4389 3406 4446 restitui
3426 4404 3577 4461 prn-

174 4458 305 4517 riali
335 4458 546 4533 palatio
570 4479 606 4521 a
624 4464 881 4536 domino,
924 4466 1271 4542 Nicephoro,
1299 4482 1679 4544 cognomento
1709 4475 1816 4534 Bo·
1923 4480 2094 4553 oepit.
2128 4481 2393 4551 Cumque
2410 4477 2742 4537 Nativitatis
2762 4478 3071 4535 Dominicis
3091 4479 3215 4537 dies
3236 4477 3576 4537 immineret

173 4548 428 4620 toniatb,
458 4551 559 4624 qui
587 4557 730 4612 tunc
759 4554 821 4612 in
850 4559 1094 4629 sceptris
1132 4575 1313 4633 agens
1353 4561 1812 4636 principabatur,

173 4639 499 4716 plurimum
532 4642 849 4704 honoratus
873 4667 890 4716 ς
918 4649 979 4704 et
1007 4650 1475 4723 megadomestici
1505 4652 1819 4725 dignitate,

170 4746 349 4805 quem
375 4748 486 4792 nos
516 4735 800 4809 malorem
828 4738 1225 4798 senescalcum
1254 4740 1546 4814 appellare
1575 4758 1817 4802 consue·

172 4823 388 4891 vimus,
419 4825 760 4899 fungeretur
778 4829 995 4900 officio,
1012 4830 1085 4887 ab
1115 4830 1467 4903 imperatore
1494 4834 1815 4908 secundus,

175 4918 379 4969 contra
402 4913 714 4975 dominum
746 4922 803 4975 et
848 4918 1277 4980 benefactorem
1316 4939 1491 4980 suum
1522 4924 1814 4985 malitiose

171 5000 572 5075 recalcitrans,
603 5007 810 5079 quinto
841 5010 930 5067 vel
958 5015 1120 5069 sexto
1152 5028 1328 5085 anno,
1358 5021 1670 5088 antequam
1699 5032 1812 5088 po-

168 5087 351 5162 pulus
379 5097 576 5149 noster
602 5094 920 5168 accederet,
954 5098 1197 5172 depulso
1226 5100 1466 5160 domino
1495 5102 1809 5177 imperium

171 5177 499 5251 invaserat3
538 5186 596 5239 et
615 5182 877 5241 detinere
906 5190 1295 5257 presumebat
1330 5191 1612 5251 violenter
1640 5209 1811 5253 occu-

166 5272 392 5341 patum.
427 5269 593 5329 Missi
622 5288 762 5348 ergo
792 5274 1206 5337 dominiducis
1235 5279 1405 5356 legati
1445 5283 1518 5341 ad
1558 5282 1807 5356 impera-

167 5363 348 5415 torem
378 5363 736 5434 accedentes,
768 5365 1111 5438 praedictum
1141 5369 1413 5430 mobilem
1456 5372 1645 5431 virum
1671 5390 1806 5433 cum

162 5450 339 5508 sociis
365 5454 511 5522 suis,
543 5455 695 5513 sicut
713 5456 800 5514 eis
820 5459 1373 5535 fueratinJunctnm,
1388 5464 1808 5525 instantissime

159 5539 464 5613 postulant
498 5542 739 5604 absolvi.
770 5545 936 5615 Quod
965 5565 1101 5612 cum
1126 5550 1213 5612 eis
1231 5553 1304 5613 ab
1323 5554 1529 5616 eodem
1547 5556 1805 5631 impera·

1923 4568 2223 4636 solemnis,
2270 4568 2651 4625 decreverunt
2685 4570 2844 4637 apud
2900 4584 2983 4638 se,
3016 4568 3311 4642 religionis
3330 4568 3573 4637 intuitu,

1933 4676 2037 4735 per
2084 4658 2221 4715 illos
2266 4656 2391 4713 dies
2449 4660 2701 4728 quatuor
2763 4659 2948 4716 nostri
2980 4658 3277 4732 principes
3304 4657 3381 4716 ab
3410 4658 3574 4715 omni

1930 4748 2126 4822 praeda
2152 4754 2202 4803 et
2231 4745 2486 4817 qualibet
2515 4746 2733 4819 injuria
2763 4762 2975 4807 manus
3020 4747 3312 4806 cohibere.
3346 4747 3575 4815 Quibus

1922 4836 1984 4894 in
2011 4836 2168 4895 omni
2198 4834 2393 4908 quiete
2412 4842 2469 4894 et
2494 4837 2918 4910 tranquillitate
2947 4838 3216 4911 peractis,
3239 4837 3430 4896 adfuit
3458 4837 3573 4894 im-

1924 4924 2211 5000 peratoris
2224 4924 2495 4997 nuntius,
2511 4941 2754 4985 monens
2764 4928 2955 4986 verbis
2987 4928 3270 5002 pacificis,
3291 4930 3349 4985 et
3369 4930 3568 4985 tamen

1922 5016 1984 5073 in
2014 5014 2169 5085 dolo,
2201 5019 2267 5073 ut
2294 5019 2471 5089 ponte
2498 5016 2766 5089 transito,
2796 5017 2896 5090 qui
2934 5026 3022 5076 est
3059 5019 3229 5091 juxta
3254 5015 3565 5091 palatium.

1922 5104 2078 5181 quod
2110 5104 2441 5178 appellatur
2467 5104 2847 5179 Bisquernas,
2868 5106 3130 5181 legiones
3148 5123 3289 5165 suas
3317 5106 3570 5163 transfe-

1918 5202 2069 5261 rant,
2094 5194 2155 5251 in
2185 5194 2419 5268 palatiis
2467 5211 2592 5269 quoe
2623 5213 2804 5270 super
2844 5196 3044 5255 littora
3081 5197 3367 5270 Bosphori
3395 5199 3569 5254 erant

1916 5284 2173 5360 plurima
2190 5284 2561 5359 hospitaturi.
2577 5286 2980 5345 Potuitautem
3001 5286 3170 5347 facile
3187 5286 3562 5361 pereundam

1916 5391 2055 5436 nam
2079 5374 2358 5434 instantis
2390 5374 2647 5434 maxima
2673 5380 2799 5434 erat
2817 5375 3231 5451 importunitas
3259 5374 3474 5434 hiemis
3504 5380 3564 5434 et

1915 5464 2247 5539 pluviarum
2266 5465 2640 5539 intemperies
2662 5465 2947 5539 inaudita,
2966 5468 3054 5527 lta
3079 5470 3368 5525 uteorum
3392 5466 3565 5539 papi-

1915 5554 2103 5617 liones
2112 5554 2208 5616 vix
2226 5558 2468 5631 possent
2485 5555 2757 5618 cohibere
2773 5555 3107 5619 stillicidia:
3131 5558 3288 5618 unde
3305 5560 3365 5615 et
3377 5557 3564 5616 vietus
