3784 6000
120 208 253 271 463

1056 207 1261 273 HIST.
1311 209 1592 272 RERUM
1633 208 2171 273 TRANSMARIN.
2216 243 2294 256 --
2334 209 2488 273 LIB.
2537 210 2637 272 1x.

3425 217 3547 283 uu

120 344 375 410 verant;
405 344 463 399 et
493 355 682 414 usque
712 340 785 397 ad
816 340 1068 399 Orientis
1094 341 1368 401 ulteriora
1401 344 1618 401 sactum
1651 344 1780 415 hoc,
1813 346 1863 413 Α
1901 342 2310 415 exploratores,
2343 343 2562 417 quibus
2611 343 2814 401 merito
2861 344 3004 404 fides
3043 352 3164 405 erat
3194 350 3548 424 adhibenda,

122 437 255 489 tam
286 430 578 502 mirabile,
610 430 1045 505 divulgabatur.

752 540 975 598 CAPUT
1013 543 1173 598 xxl.

129 629 485 688 Boamundus
554 630 1019 687 Antiochenorum
1072 633 1330 704 princeps
1397 631 1544 705 apud
1600 633 1789 690 urbem

648 702 995 759 meleteniam
1028 704 1269 774 capitur.

202 797 355 849 Dum
383 792 505 848 haec
532 790 612 847 ita
642 790 699 847 in
734 809 911 864 regno
947 791 1478 866 Hierosolymorum
1511 798 1785 867 aguntur,

127 880 339 939 accidit
389 881 544 953 quod
593 880 834 952 quidam
900 881 1128 938 Grbriel
1174 881 1430 953 nomine,
1479 884 1788 940 Armenius

126 971 395 1041 natione,
436 969 539 1043 qui
586 969 713 1026 urbi
764 969 1102 1039 Meletenire,
1133 976 1295 1028 trans
1343 972 1692 1045 Euphratem
1725 973 1784 1029 in

124 1060 554 1134 Mesopotamia
601 1060 714 1116 sita
757 1066 1020 1131 praeerat,
1071 1061 1377 1117 Persarum
1432 1063 1647 1120 timens
1696 1063 1787 1119 in-

125 1165 377 1207 cursum
409 1153 467 1206 et
494 1165 695 1205 eorum
727 1165 840 1205 non
890 1149 1087 1205 valens
1118 1151 1411 1206 sustinere
1461 1150 1781 1220 molestias,

124 1241 359 1314 legatos
406 1239 564 1296 misit
594 1239 666 1296 ad
700 1238 1001 1296 dominum
1031 1240 1438 1296 Boamundum
1469 1242 1786 1298 Antioche-

124 1347 343 1388 nornm
394 1328 741 1403 principem,
793 1328 1044 1387 invitens
1089 1336 1151 1387 ut
1193 1332 1264 1387 ad
1314 1347 1376 1387 se
1423 1331 1619 1389 venire
1668 1348 1786 1389 non

123 1421 382 1490 differat,
411 1419 751 1492 praedictam
781 1420 985 1476 urbem
1018 1421 1373 1493 quibusdam
1422 1421 1786 1495 interpositis

122 1509 586 1576 conditionibus,
619 1507 774 1565 illico
823 1513 1182 1581 recepturus.
1217 1510 1375 1575 Quod
1425 1512 1670 1569 audiens
1700 1511 1786 1568 vir

120 1598 480 1672 magnificus
527 1598 806 1654 dominus
851 1599 1250 1667 Boamundus,
1282 1605 1634 1657 vocationem
1677 1600 1783 1657 viri

118 1690 381 1762 impigre
408 1693 664 1755 secutus,
718 1698 1020 1761 assumpto
1079 1688 1192 1744 sibi
1249 1689 1418 1746 soiito
1476 1692 1778 1769 comitatu,

1816 1733 1866 1799 B

1899 433 2237 491 nuntiatum
2266 439 2376 502 est,
2406 435 2563 506 quod
2594 434 2654 490 in
2687 434 2954 507 partibus
2985 439 3213 495 Arabiae
3235 444 3395 498 trans
3424 445 3550 498 Jor-

1901 522 2136 589 danem,
2168 523 2226 579 in
2259 522 2497 594 regione
2521 523 3010 594 Ammonitarum,
3041 526 3281 599 quidam
3330 530 3549 586 Arabes

1901 610 2197 668 incautius
2229 629 2290 669 se
2320 612 2638 669 haberent:
2673 613 2845 682 unde,
2878 614 2926 670 si
2976 630 3151 688 super
3179 632 3274 674 eos
3316 623 3555 691 repente

1900 705 2239 772 irrueretur,
2265 700 2521 774 ingentia
2553 705 2787 774 possent
2808 700 2970 759 lucra
3003 706 3300 776 reportari.
3327 707 3553 773 Quibus

1896 791 1979 846 vir
2032 791 2278 848 illustris
2324 807 2657 863 persuasu5‚
2712 793 3038 849 convocatis
3098 796 3381 853 secretius
3428 800 3549 854 tam

1897 879 2158 951 equitum
2204 897 2379 952 quam
2423 881 2681 953 peditum
2724 882 2925 954 copiis,
2949 882 3154 954 quales
3195 900 3431 956 regnum
3460 903 3552 945 ree

1899 984 2037 1025 cens
2074 969 2405 1025 ministrare
2436 974 2679 1042 poterat,
2705 971 2949 1027 transito
2995 972 3270 1044 Jordane,
3297 975 3549 1033 bostium

1898 1059 2045 1115 fines
2071 1059 2371 1131 ingressus
2402 1066 2492 1115 est
2515 1074 2528 1114 :
2555 1059 2652 1115 ubi
2681 1059 2923 1116 feliciter
2952 1068 3355 1119 consommato
3386 1080 3547 1136 nego·

1897 1148 1999 1215 tio,
2022 1148 2160 1204 dnm
2186 1165 2317 1205 cum
2336 1148 2553 1220 ingenti
2577 1149 2765 1220 praeda
2782 1165 3022 1222 gregum
3048 1154 3105 1206 et
3126 1156 3546 1221 armentorum,

1898 1245 1950 1294 et
1979 1237 2228 1295 infinitis
2263 1236 2569 1310 mancipiis
2605 1242 3005 1304 reverteretur,
3038 1240 3254 1297 nobilis
3284 1240 3548 1313 quidam,

1897 1332 1954 1384 et
1985 1328 2045 1384 in
2077 1328 2291 1401 populo
2324 1345 2429 1385 suo
2457 1327 2768 1399 praeclarus
2801 1330 3092 1402 princeps,
3126 1333 3196 1387 de
3225 1336 3394 1404 gente
3416 1338 3555 1389 Ara-

1895 1419 2059 1488 bum,
2086 1419 2432 1490 industrius‚
2457 1425 2512 1477 et
2544 1420 2867 1492 disciplinae
2898 1421 3166 1479 militaris
3193 1424 3550 1481 ferventissi-

1896 1525 2027 1566 mus
2062 1514 2309 1577 amator,
2340 1510 2652 1581 impetrata
2700 1526 2837 1581 pace
2877 1526 2978 1582 per
3026 1512 3443 1584 internuntios,
3475 1515 3547 1571 ad

1892 1613 2023 1655 eum
2060 1616 2193 1655 cum
2221 1600 2461 1656 honesto
2483 1598 2768 1656 nobilium
2792 1599 3057 1669 ejusdem
3089 1601 3281 1674 gentis
3304 1601 3550 1659 accessit

1897 1687 2199 1744 comitatu.
2250 1688 2529 1744 Audierat
2570 1689 2725 1744 enim
2781 1688 3093 1746 multorum
3147 1690 3443 1760 relatione,
3476 1693 3548 1750 de

118 1781 380 1836 transito
427 1778 738 1848 Euphrate,
768 1778 1241 1849 Mesopotamiam
1281 1779 1605 1852 ingressus,
1639 1798 1782 1851 pene
1896 1774 2096 1848 populi
2144 1776 2321 1847 huius
2366 1776 2588 1832 viribus
2626 1780 2683 1832 et
2731 1776 2934 1848 gloria,
2971 1777 3068 1849 qui
3117 1777 3190 1834 ab
3238 1777 3553 1838 Occidente

112 1870 248 1942 jam
294 1869 368 1925 ad
413 1869 615 1924 urbem
667 1867 999 1940 proedictam
1052 1874 1437 1938 pervernerat,
1472 1887 1604 1926 cum
1650 1887 1782 1928 ecce

119 1963 449 2015 Tur-corum
499 1957 780 2030 quiddam
823 1958 1266 2030 potentissimus
1314 1963 1569 2031 satrapa,
1603 1958 1777 2015 Dani-

1892 1865 2273 1933 descendens,
2308 1883 2409 1937 per
2439 1870 2526 1922 tot
2557 1869 2840 1922 terrarum
2894 1866 3084 1938 spatia
3116 1871 3173 1923 st
3200 1871 3423 1925 tantam
3458 1868 3547 1927 la·

1888 1955 2093 2012 barum
2117 1955 2576 2023 multitudinem,
2600 1955 2938 2012 universnm
2962 1955 3074 2014 sibi
3095 1954 3390 2014 Orientem
3416 1960 3550 2016 sub-

119 2063 299 2104 sman
333 2047 590 2116 nomine,
629 2049 755 2116 ejus
783 2047 1033 2103 adventu
1065 2048 1436 2120 praecognito,
1468 2064 1537 2104 ex
1567 2049 1783 2121 impro-
1881 2045 2137 2116 jecerat3
2171 2050 2227 2101 et
2258 2045 2544 2117 praecipue
2595 2045 2665 2100 de
2704 2044 2871 2101 ducis
2922 2045 3131 2102 virtute
3177 2046 3460 2120 singulari
3490 2053 3549 2106 et

122 2136 256 2193 viso
287 2135 346 2193 in
378 2137 506 2208 ejus
552 2135 899 2193 comitatum
934 2135 1139 2206 irruit;
1173 2141 1231 2193 et
1275 2138 1541 2194 incautos
1584 2137 1779 2210 oppri-

124 2241 325 2293 mens,
369 2226 656 2297 quosdam
701 2223 765 2280 in
814 2241 912 2280 ore
969 2224 1149 2297 gladii
1199 2225 1468 2296 peremit3
1520 2227 1779 2299 reliquos

123 2330 263 2372 vero
282 2314 721 2370 multitudinem
743 2312 1004 2370 hostium
1037 2315 1183 2371 ferre
1206 2332 1317 2372 non
1351 2315 1777 2383 valentes,ade·

118 2404 207 2478 git
236 2402 299 2459 in
331 2403 550 2473 lugam.
588 2403 714 2475 lpse
746 2419 874 2459 vero
908 2403 1181 2460 dominus
1211 2404 1610 2475 Boamundus,
1644 2422 1775 2477 pec-

120 2491 275 2549 catis
303 2492 694 2565 exigentibus,
728 2497 927 2564 captus
963 2497 1054 2549 est
1080 2493 1148 2548 ab
1181 2491 1447 2550 hostibus
1479 2498 1536 2550 et
1578 2511 1778 2552 eorum

119 2581 375 2639 vinculis
398 2583 787 2654 mancipatus.
813 2582 933 2647 Quo
965 2598 1236 2639 successu
1261 2583 1471 2652 elatus,
1492 2584 1562 2640 de
1586 2584 1777 2641 multi-

120 2669 334 2729 tudine
364 2671 675 2737 exercitus,
708 2688 878 2743 quem
912 2687 1113 2729 secum
1160 2672 1428 2728 trahebat
1453 2673 1776 2745 copiosum,

117 2778 516 2837 presumens,
561 2763 825 2818 eamdem
876 2763 1080 2818 urbem
1130 2763 1434 2820 obsidione
1481 2763 1674 2831 vallat,
1719 2767 1778 2821 in

119 2851 393 2925 proximo
413 2867 660 2924 sperans
689 2868 816 2908 eam
841 2868 902 2908 se
932 2852 1297 2909 habiturum.
1322 2855 1396 2909 At
1421 2870 1552 2911 vero
1584 2855 1683 2927 qui
1708 2856 1778 2912 de

116 2941 402 3015 praedicto
448 2949 749 2998 evaserant
795 2941 1072 3016 periculo,
1119 2943 1399 2999 Edessam
1443 2945 1781 3014 pervenien-

118 3037 230 3094 tes.
264 3032 466 3090 comiti
496 3048 566 3088 ex
594 3033 797 3088 ordine
829 3032 1091 3101 pandunt
1133 3048 1360 3100 casum,
1393 3034 1489 3106 qui
1543 3035 1778 3091 domino

1888 2136 2234 2191 strenuitate
2270 2134 2558 2207 praecipua
2590 2152 2604 2192 τ
2640 2134 2816 2203 unde,
2849 2134 3042 2192 studio
3092 2135 3540 2205 ferventissimo,

1887 2242 2022 2282 cum
2054 2225 2251 2283 videre
2280 2224 2583 2299 gestiebat.
2619 2225 2912 2281 Accedens
2960 2224 3160 2299 igitur,
3192 2230 3250 2283 et
3291 2226 3549 2283 exhibita

1889 2316 2230 2383 reverentia,
2261 2331 2392 2372 cum
2446 2314 2657 2370 debitas
2712 2313 3075 2371 salutationis
3124 2313 3323 2384 affatu,
3357 2316 3548 2374 multa

1889 2421 2123 2475 precum
2174 2405 2380 2463 ducem
2417 2405 2638 2477 rogavit
2681 2405 2979 2472 instantia,
3013 2409 3078 2461 ut
3122 2405 3178 2462 in
3232 2410 3547 2481 conspectu

1890 2495 2045 2565 ejus,
2078 2496 2270 2566 gladio
2299 2512 2428 2565 suo,
2462 2495 2751 2551 camelum
2804 2494 3149 2565 maximum,
3189 2510 3363 2567 quem
3394 2512 3549 2570 prae-

1888 2588 2110 2641 sentem
2144 2585 2216 2641 ad
2238 2602 2370 2642 eum
2405 2602 2580 2641 usum
2605 2584 2970 2653 exhibuerat,
2998 2584 3164 2640 ferire
3187 2584 3543 2657 dignaretur,

1890 2679 2036 2731 utet
2082 2675 2208 2748 ipse
2260 2678 2457 2747 posset
2504 2674 2739 2730 virtutis
2777 2674 2907 2745 ejus
2955 2673 3087 2729 aliis
3134 2672 3537 2732 testimonium

1888 2763 2213 2836 perhibere.
2248 2763 2351 2820 Cui
2382 2765 2519 2830 dux,
2544 2763 2819 2835 quoniam
2853 2763 2923 2819 ad
2958 2764 3271 2820 videndum
3304 2781 3441 2821 eum
3471 2764 3545 2821 de

1887 2859 2112 2912 remoto
2159 2858 2415 2922 venerat,
2467 2854 2791 2926 acquievit,
2844 2858 2922 2923 et,
2965 2854 3267 2928 evaginato
3323 2855 3547 2927 gladio,

1889 2944 2096 3003 carneli
2149 2945 2456 3018 praesentis
2487 2948 2665 3017 caput
2711 2943 3037 3017 amputavit
3062 2944 3143 3000 ita
3192 2943 3378 3013 facile,
3409 2950 3548 3003 tan-

1887 3052 2067 3107 quam
2100 3034 2147 3089 si
2181 3051 2300 3090 rem
2335 3033 2598 3106 fragilem
2626 3034 2831 3104 jussus
2854 3039 3007 3090 esset
3039 3034 3387 3107 praecidere3
3421 3052 3539 3107 quo

121 3120 380 3195 principi
409 3128 468 3178 et
492 3121 578 3178 eis
609 3121 915 3180 acciderat.
949 3123 1107 3188 Quod
1142 3121 1472 3196 intelligens
1501 3124 1590 3180 vir
1629 3130 1773 3180 stre·
1807 3115 1852 3179 C
1891 3124 2034 3192 viso,
2067 3122 2370 3193 obstupuit
2416 3123 2600 3178 Arabs
2631 3121 2862 3178 virtutis
2910 3122 3408 3193 immensitatem;
3446 3125 3548 3182 sed

123 3226 305 3280 nune,
328 3209 567 3267 domino
598 3208 841 3283 principi
867 3215 1147 3283 tanquam
1180 3211 1341 3267 fratri
1366 3214 1591 3270 uterino
1621 3230 1781 3270 com·

125 3299 365 3373 patiens
384 3305 441 3357 et
472 3298 796 3372 periculoso
821 3301 897 3355 rei
931 3306 1134 3357 eventu
1161 3311 1487 3359 commotus
1510 3303 1781 3373 interius,

129 3392 419 3450 militares
449 3408 580 3450 curn
613 3390 772 3447 omni
804 3392 1100 3450 celeritate
1129 3399 1408 3451 convocat
1452 3393 1647 3468 copias
1681 3412 1694 3452 :
1728 3399 1785 3453 et

128 3482 392 3556 sumptis
420 3483 492 3539 ad
525 3481 630 3538 iter
661 3482 1026 3551 necessariis,
1056 3484 1125 3539 ad
1177 3489 1369 3555 partes
1411 3483 1575 3542 velox
1622 3501 1785 3542 acce·

133 3574 300 3631 lerat-
349 3573 572 3630 Distare
621 3577 815 3630 autem
870 3574 1083 3631 dicitur
1132 3576 1406 3647 praedicla
1466 3575 1664 3632 civitas
1715 3577 1787 3632 ab

132 3664 378 3730 Edessa,
408 3664 612 3720 itinere
644 3663 868 3721 dierum
900 3666 1078 3721 trium
1107 3682 1120 3734 ;
1149 3666 1301 3737 quod
1354 3666 1546 3721 subito
1584 3671 1640 3722 et
1670 3682 1791 3722 ma-

138 3757 269 3811 ture
313 3752 650 3823 conficiens,
689 3753 810 3825 jam
863 3754 1162 3827 proximus
1208 3754 1338 3811 urbi
1385 3757 1634 3825 aderat;
1687 3756 1791 3814 sed

136 3842 393 3902 audiens
441 3842 754 3916 praedictus
810 3842 1126 3900 Danisman
1177 3846 1406 3901 comitis
1455 3846 1792 3913 adventum,

137 3932 448 3991 obsidione
478 3930 692 3993 soluta,
725 3949 925 3989 secum
962 3933 1256 3989 deducens
1305 3934 1608 3990 dominum
1643 3935 1792 3991 Boa-

138 4021 459 4092 mundum,
491 4038 661 4094 quem
695 4021 930 4078 tenebat
977 4022 1036 4077 in
1070 4022 1340 4091 vinculis,
1375 4025 1431 4079 in
1486 4027 1675 4095 partes
1709 4029 1813 4080 re·'

137 4110 242 4185 gni
270 4111 391 4179 sui,
422 4110 686 4183 prelium
734 4110 1052 4175 declinans,
1086 4113 1323 4167 secessit
1369 4111 1693 4169 ulteriores.
1727 4111 1801 4167 At

137 4217 275 4260 vero
318 4216 521 4259 eomes
587 4202 827 4259 audiens
878 4204 1027 4273 quod
1096 4203 1408 4273 praedictus
1461 4200 1797 4271 Danisman,

136 4292 267 4363 ejns
306 4291 638 4349 formidans
686 4293 1025 4359 adventurn,
1059 4292 1129 4347 ab
1180 4292 1485 4349 obsidione
1518 4292 1802 4349 discesse-

137 4390 248 4449 rat,
282 4381 609 4440 inseetatus
638 4387 727 4439 est
758 4398 859 4453 per
890 4381 1148 4437 triduum
1197 4381 1512 4453 fugientem
1549 4397 1563 4437 ε
1599 4382 1806 4439 videns

1892 3216 1950 3271 in
1984 3219 2179 3271 mente
2210 3231 2338 3282 sua,
2374 3212 2626 3270 multum
2675 3213 2737 3270 id
2766 3214 3093 3270 ascribebat
3135 3216 3295 3273 ensis
3326 3217 3547 3273 acumi-

1893 3303 1974 3361 ni.
2003 3304 2166 3362 Unde
2199 3304 2510 3375 impetrata
2558 3302 2811 3372 licentia,
2835 3309 2899 3360 ut
2929 3303 3313 3361 confidentius
3344 3305 3545 3379 loque·

1892 3402 2069 3464 retur,
2103 3392 2368 3466 quaesivit
2414 3398 2609 3449 utrum
2660 3411 2792 3450 cum
2837 3394 3078 3451 alterins
3109 3393 3305 3468 gladio
3353 3393 3548 3452 simile

1895 3483 2036 3556 quid
2068 3488 2265 3556 posset
2294 3483 2568 3555 operari?
2596 3483 2723 3539 Dux
2752 3500 2883 3539 vero
2915 3483 3246 3552 subridens,
3281 3484 3546 3556 ejusdem

1898 3572 2110 3630 nobilis
2141 3572 2247 3628 viri
2289 3571 2397 3630 sibi
2451 3571 2574 3627 dari
2605 3573 2876 3645 praecepit
2915 3571 3216 3645 gladium;
3253 3590 3368 3645 quo
3401 3589 3564 3630 arre-

1902 3666 2001 3736 pto
2032 3662 2189 3720 aliud
2223 3662 2335 3718 sibi
2375 3661 2637 3732 ejusdem
2682 3661 2911 3734 generis
2942 3659 3158 3716 animal
3201 3661 3382 3732 jussit
3411 3678 3564 3734 prae-

1902 3752 2119 3811 sentari
2153 3768 2167 3807 ε
2202 3767 2317 3823 quo
2358 3765 2657 3822 percusse,
2711 3754 2886 3822 caput
2932 3750 3058 3821 ejus
3104 3766 3221 3806 uno
3273 3750 3389 3806 ictu
3440 3750 3568 3808 sine

1905 3839 2252 3897 difficultate
2286 3838 2567 3912 praeetdit.
2601 3839 2704 3895 Hic
2733 3856 2862 3896 vero
2895 3839 3150 3912 primum
3193 3855 3346 3913 saepe
3377 3840 3569 3897 dictus

1907 3930 1995 3985 vir
2018 3928 2233 3985 nobilis
2255 3928 2529 3985 admirari
2553 3928 2748 4000 coepit,
2773 3944 2901 3985 cum
2928 3932 3165 3999 stupore
3195 3927 3522 3986 vehementi
3553 3946 3571 3998 ,-

1917 4024 1973 4075 et
2002 4019 2154 4074 ictus
2187 4016 2611 4074 vehementiam
2646 4034 2757 4074 non
2792 4034 2856 4073 ex
2892 4016 3024 4073 ferri
3058 4017 3201 4087 acie,
3237 4018 3338 4074 sed
3371 4034 3440 4075 ex
3470 4033 3571 4075 ro·

1914 4108 2052 4165 bore
2084 4105 2192 4161 viri
2224 4105 2497 4178 cognovit
2526 4106 2857 4178 procedere.
2892 4107 3175 4179 Quodque
3207 4107 3278 4161 de
3321 4106 3423 4163 viri
3457 4105 3568 4163 vir-

1915 4202 2037 4253 tute
2084 4197 2368 4265 audierat,
2399 4212 2599 4253 verum
2632 4212 2760 4252 esse
2809 4196 3092 4269 comperit
3125 4214 3138 4253 :
3176 4197 3333 4253 unde
3358 4195 3574 4253 oblatis

1918 4286 2262 4342 muneribus
2292 4285 2352 4340 in
2386 4301 2549 4353 aure,
2574 4288 2835 4357 argento,
2859 4290 2914 4341 et
2941 4284 3129 4357 equis,
3155 4283 3379 4341 domini
3411 4284 3577 4342 ducis

1917 4376 2028 4432 sibi
2079 4374 2408 4432 conciliavit
2454 4375 2744 4448 gratiam3
2793 4378 2848 4430 et
2897 4391 3162 4432 reversus
3208 4374 3279 4431 ad
3320 4374 3576 4448 propria,

138 4470 300 4542 quod
338 4485 455 4528 non
484 4471 811 4543 proficeret,
845 4469 1216 4527 Meleteniam
1267 4487 1532 4528 reversus
1563 4477 1669 4538 est,
1706 4472 1804 4542 ubi
1838 4484 1880 4549 D
1918 4466 2169 4534 virtutis,
2206 4481 2385 4538 quam
2435 4464 2494 4520 in
2532 4464 2677 4520 duce
2730 4459 2973 4533 viderat,
3007 4481 3193 4538 praeco
3245 4463 3435 4520 factus
3464 4470 3571 4528 est,

140 4576 183 4616 a
214 4559 488 4632 predicto
516 4559 778 4617 Gabriele
812 4560 1139 4632 magnifice,
1172 4576 1306 4618 cum
1358 4560 1577 4631 ingenti
1619 4558 1808 4633 gloria
1916 4556 1987 4613 ad
2019 4572 2403 4628 quoscunque
2424 4554 2794 4627 loquebatur.
2819 4553 2945 4609 Dux
2976 4571 3108 4611 vero
3139 4569 3271 4611 cnm
3295 4552 3486 4624 praeda
3515 4556 3573 4609 et

136 4653 478 4722 susceptus,
514 4654 793 4707 tractatus
822 4649 1062 4723 optime,
1095 4650 1387 4708 civitatem
1421 4650 1643 4706 eisdem
1672 4665 1808 4706 con·

136 4738 489 4808 ditionibus,
543 4740 756 4812 quibus
806 4740 1044 4795 domino
1100 4739 1440 4796 Boamundo
1492 4738 1806 4810 pradictus

134 4828 373 4887 Gabriel
421 4829 712 4886 obtulerat
761 4829 1110 4899 habendam,
1153 4830 1391 4903 recepit.
1443 4828 1660 4901 Hisque
1704 4843 1805 4901 pe-

144 4919 346 4990 ractis,
376 4918 451 4976 ad
485 4918 722 4992 propria
754 4935 1023 4975 reversus
1053 4923 1163 4975 est.

742 5008 977 5065 CAPUT
1016 5007 1204 5064 XXII.

134 5099 374 5155 Factam
398 5098 561 5156 ducis
603 5099 830 5172 diqnum
869 5098 1137 5155 memoria
1166 5101 1225 5153 in
1270 5096 1491 5167 reqione
1528 5096 1799 5154 Arabum.

213 5190 447 5246 interea
465 5188 604 5246 dnm
629 5190 716 5245 vir
737 5187 985 5261 insignis
1009 5188 1284 5244 dominus
1313 5187 1453 5257 dux,
1475 5190 1531 5243 et
1560 5186 1675 5252 sui,
1698 5186 1799 5258 qui

140 5293 279 5334 cum
308 5294 400 5348 eo,
432 5278 564 5336 aliis
614 5278 1075 5349 discedentibus,
1109 5286 1167 5334 ut
1205 5294 1449 5348 regnum
1493 5291 1798 5333 conserva·

133 5371 294 5436 rent,
326 5368 744 5443 Hierosolymis
795 5372 1220 5437 remanserant,
1255 5371 1417 5424 tanta
1459 5365 1799 5422 laborarent

130 5457 363 5531 inopia,
396 5461 560 5516 tanta
587 5458 943 5529 affligeretur
991 5459 1350 5530 paupertate,
1386 5459 1668 5529 quautam
1701 5454 1798 5513 vix

130 5546 361 5624 aliqui·
411 5547 579 5608 verbo
630 5549 816 5625 possit
853 5546 1196 5622 exprimere,
1229 5546 1441 5603 accidit
1488 5544 1644 5621 quod
1695 5561 1795 5620 per

1920 4646 2209 4702 manubiis
2239 4643 2697 4716 Hierosolymam
2725 4660 2991 4699 reversus
3017 4648 3123 4699 est.

2503 4732 2737 4789 CAPUT
2775 4732 2983 4788 xxm.

2335 4823 2526 4880 Obitus
2554 4821 2731 4889 ducis,
2763 4830 2812 4878 et
2840 4821 3152 4890 sepultura.

1987 4913 2197 4972 Eodem
2232 4929 2451 4981 mense,
2474 4910 2631 4968 Julio
2664 4910 2954 4976 videlicet,
2981 4910 3131 4966 idem
3164 4908 3438 4967 dominus
3467 4912 3573 4968 Go-

1911 5003 2187 5071 delriduS,
2223 5002 2382 5075 regni
2425 5000 2957 5073 Hierosolymorum
2994 4998 3259 5072 egregius
3303 5000 3573 5057 modera-

1913 5096 2023 5161 tor,
2084 5091 2276 5149 valida
2332 5096 2388 5148 et
2444 5090 2756 5147 incurabili
2829 5094 3132 5163 correptus
3202 5089 3565 5163 aegritudinc.

1909 5187 2187 5256 aegrotare
2234 5181 2409 5253 coepit
2438 5181 2510 5238 ad
2566 5184 2835 5237 mortem.
2866 5180 3125 5237 Tandem
3179 5178 3569 5237 invalescente

1910 5274 2080 5330 mobo
2130 5287 2235 5329 nec
2291 5271 2637 5327 exaudiente
2689 5269 2969 5340 remedia,
3020 5273 3318 5341 assumpto
3357 5267 3568 5328 salutis

1908 5367 2116 5419 nostrae
2165 5360 2630 5431 viatico,devote
2684 5360 2991 5430 poenitens,
3023 5362 3081 5415 et
3131 5373 3304 5413 verus
3352 5355 3568 5414 Christi

1906 5452 2223 5518 confessor,
2249 5451 2402 5506 viam
2434 5447 2712 5506 universis
2744 5449 2937 5505 carnis
2957 5448 3265 5522 ingressus
3294 5449 3407 5515 est,
3429 5461 3561 5505 cen-

1904 5540 2132 5616 tuplum
2168 5545 2509 5615 accepturus
2538 5542 2593 5597 et
2621 5555 2752 5597 cum
2803 5539 2991 5597 beatis
3021 5537 3327 5613 spiritibus
3375 5536 3557 5599 vitam
