3784 6000
128 212 257 275 ⁴82

1068 210 1269 271 ms'r.
1322 210 1599 275 RERUM
1642 204 2181 272 TRANSMARIN.
2228 242 2306 255 —
2349 208 2493 273 Lm.
2541 212 2618 271 X.

3421 219 3541 283 ⁴82

127 342 323 413 dictae,
355 344 413 401 et
441 339 577 399 fidei
606 354 754 398 nexu
803 340 1227 410 corroboratas,
1261 342 1556 415 utrinque,
1588 343 1780 414 scripti
1813 350 1863 419 Α
1895 340 2032 399 ham
2064 356 2408 414 responsum
2439 343 2715 413 accepita
2747 343 2993 401 Domino
3023 348 3110 413 ut,
3135 348 3440 419 egrediens
3468 350 3541 407 de

128 430 437 502 beneficio,
461 435 749 502 perpetuis
780 430 1072 488 memoriae
1104 433 1541 490 mandaverunt.
1566 432 1660 490 Sic
1682 433 1784 505 igi·

124 525 227 577 tur
251 520 346 579 die
364 519 600 593 prefixa
625 519 711 576 illi
744 536 847 593 per
876 536 1053 589 mars,
1078 522 1354 579 dominus
1384 537 1487 579 rex
1516 538 1642 579 cum
1660 524 1782 580 suis

121 629 227 687 per
251 619 471 671 terram
497 612 702 669 urbem
753 611 1112 685 praedictam,
1137 613 1344 672 locatis
1373 615 1432 670 in
1455 631 1663 688 gyrum
1692 632 1781 674 ca·

120 702 282 771 stris,
313 701 623 759 obsidione
662 700 917 770 vallant3
951 702 1247 775 civibusqe
1287 702 1525 761 introitu
1575 711 1781 778 negato

125 797 181 849 et
209 791 397 861 exitu,
429 789 726 848 molestias
774 790 1031 847 inferunt
1060 791 1261 864 quales
1293 797 1658 864 quantasque
1687 810 1780 852 so-

125 883 250 939 lent
274 881 541 939 obsessis
571 879 837 953 irrogari.
869 880 1152 938 Machinis
1199 881 1372 938 etiam
1404 882 1784 955 circomposi-

122 972 213 1041 tis,
248 969 459 1044 quales
489 968 678 1027 solent
706 978 1043 1043 argutorum
1075 969 1381 1027 hominum
1416 973 1663 1043 reperire
1691 972 1780 1029 in·

121 1060 316 1133 genia,
350 1061 410 1116 in
445 1059 701 1117 bostium
747 1059 977 1131 erigunt
1022 1057 1357 1131 perniciem,
1389 1065 1577 1118 turres
1607 1079 1675 1119 ex
1701 1063 1783 1120 eis

123 1148 492 1223 flagellantes
525 1152 581 1204 et
610 1147 861 1215 moenia;
895 1152 953 1204 et
995 1148 1239 1204 aediticia
1286 1150 1462 1206 etiam
1507 1151 1783 1209 interiora

125 1253 480 1311 magnorum
499 1236 803 1293 molarium
821 1236 1159 1293 immissione
1173 1238 1628 1310 confringentes.
1648 1240 1781 1297 Proe·

124 1333 280 1385 terea
311 1325 534 1384 crebris
555 1325 1063 1399 congressionibus
1087 1330 1206 1382 tam
1230 1344 1262 1382 a
1282 1325 1469 1385 classe
1491 1345 1591 1400 per
1619 1346 1781 1389 oram

127 1417 510 1485 maritimam,
541 1433 717 1491 quam
768 1432 833 1475 ex
883 1418 1143 1487 opposita
1195 1423 1356 1490 parte
1406 1435 1506 1491 per
1553 1421 1779 1493 regium

129 1504 451 1564 exercitum
478 1504 753 1575 latigatis,
776 1505 1049 1578 plurimis
1079 1522 1147 1562 ex
1175 1507 1398 1564 civibus
1429 1508 1659 1566 casibus
1689 1527 1783 1568 va-

127 1596 223 1652 riis
241 1595 633 1667 interemptis,
647 1594 1047 1651 obsidentium
1068 1595 1429 1664 instantiam,
1445 1602 1503 1653 et
1523 1598 1782 1670 frequen·

124 1691 210 1740 tes
239 1683 520 1755 impetus,
544 1683 759 1739 durum
790 1682 1088 1740 videbatur
1120 1691 1366 1756 portare.
1393 1687 1649 1759 Cumque
1680 1705 1783 1761 per

124 1772 253 1830 dies
270 1771 475 1844 viginti
495 1773 820 1842 continuos,
846 1777 961 1828 tam
986 1773 1166 1830 nostri
1191 1776 1584 1846 oppugnando
1607 1792 1782 1848 quam

123 1860 212 1917 illi
242 1878 276 1916 a
304 1876 369 1917 se
411 1859 746 1932 repellendo
792 1861 1057 1932 injuriaS,
1088 1862 1491 1931 desudassent,
1524 1866 1783 1938 interpo-

124 1949 259 2006 sitis
307 1948 766 2017 conditionibus,
799 1950 952 2022 quod
1003 1950 1101 2022 qui
1127 1951 1318 2023 eqredi
1359 1961 1630 2025 optarent,
1662 1973 1783 2013 cum

124 2039 394 2094 uxoribus
421 2041 476 2094 et
504 2038 712 2104 tiberis,
743 2041 797 2094 et
840 2054 1026 2095 eorum
1056 2040 1364 2111 mobilibus,
1392 2043 1462 2097 ad
1507 2061 1644 2116 quos
1676 2045 1782 2100 vel·

124 2126 245 2183 lent
292 2133 482 2199 partes
537 2126 776 2183 liberum
819 2127 1081 2185 haberent
1127 2132 1331 2184 exitum
1354 2148 1375 2194 ;
1421 2135 1516 2203 qui
1563 2148 1687 2189 vero
1727 2137 1786 2189 in

123 2217 375 2275 domibus
421 2221 533 2275 suis
561 2233 805 2285 manere,
836 2224 887 2275 et
930 2220 1116 2275 natale
1161 2221 1334 2277 solum
1375 2221 1646 2291 clipei-ene
1674 2240 1786 2281 non

122 2306 393 2373 deserere,
426 2308 556 2364 data
584 2308 825 2378 singulis
853 2311 1017 2364 annis
1061 2310 1289 2364 domino
1320 2313 1441 2381 rem·
1472 2316 1616 2369 certa
1645 2329 1789 2385 prae-

123 2396 558 2465 statione,bonis
577 2397 980 2454 conditionibus
1001 2405 1332 2461 uterentur.-
1362 2402 1475 2471 regi
1499 2401 1781 2460 civitatem

124 2485 530 2543 tradiderunt:
557 2502 675 2558 qua
703 2486 958 2556 obtenta,
981 2487 1557 2560 Jauuensibusjuxta
1586 2492 1785 2563 singu·

124 2572 315 2631 lorum
354 2574 583 2642 merita,
610 2575 1000 2647 possessionis
1029 2580 1086 2631 et
1118 2576 1413 2633 domicilia
1436 2577 1780 2651 assignavit.

123 2663 229 2719 Hic
259 2664 519 2735 primum
559 2680 664 2736 per
694 2680 852 2721 mare
899 2664 1310 2722 accedentibus
1342 2667 1530 2739 patuit
1580 2683 1785 2724 secura

120 2751 551 2824 tranquillitas,
583 2757 641 2809 et
669 2761 833 2825 portu
867 2754 1259 2811 commodiore
1309 2763 1557 2830 recepte,
1590 2761 1646 2813 et
1692 2758 1783 2813 lit-

123 2846 247 2901 tore
273 2843 353 2900 ab
382 2841 652 2901 hostibus
678 2844 1109 2916 aliquantulum
1139 2847 1426 2918 expedito.

721 2951 955 3010 CAPUT
994 2954 1195 3011 xxix.

132 3043 311 3100 Carra
359 3042 762 3111 Mesopotamtae
807 3061 841 3099 a
892 3044 1181 3112 Tancredo,
1231 3044 1503 3103 Balduino
1553 3050 1605 3102 et
1656 3046 1787 3101 aliis

1897 435 2053 487 terra
2082 447 2191 487 sua
2219 436 2277 489 et
2305 432 2375 488 de
2406 430 2749 504 cognatione
2779 448 2906 502 sua,
2938 433 3169 493 Domini
3196 441 3547 510 sequeretur

1893 520 2333 591 promissiones.
2367 520 2645 594 Idemque
2674 527 2764 579 est
2791 521 2977 593 locus,
3011 524 3070 581 in
3104 542 3219 598 quo
3248 531 3307 584 et
3334 526 3544 585 Roma-

1893 623 2102 664 norum
2135 610 2381 667 dictator
2408 609 2671 680 Crassus,
2706 627 2912 668 aurum
2939 614 3094 685 quod
3118 615 3362 684 sitierat,
3395 620 3540 674 Par·

1889 696 2010 755 this
2033 699 2499 771 propinantibus,
2519 700 2679 756 bibit.
2703 702 2827 767 Quo
2846 717 2976 759 cum
3003 705 3544 778 pervenissent,sic·

1893 787 1978 843 uti
2011 789 2083 844 ab
2132 788 2298 846 initio
2349 798 2788 863 proposuerant,
2823 793 3025 850 urbem
3074 793 3360 852 claudunt
3397 794 3552 853 obsi·

1892 877 2099 945 dione;
2134 895 2238 935 nec
2270 880 2521 936 multum
2554 886 2679 937 erat
2719 881 3114 938 necessarium
3151 883 3351 941 urbem
3383 883 3551 942 aliter

1892 966 2254 1037 impugnare,
2283 985 2458 1039 quam
2493 969 2790 1042 ingressus
2822 971 3128 1044 exitusque
3159 973 3382 1031 civibus
3413 990 3549 1048 pro-

1891 1054 2112 1125 hibere,
2135 1058 2429 1114 modicum
2453 1060 2628 1121 enim.
2652 1064 2709 1115 et
2732 1076 2876 1132 pene
2899 1061 3042 1116 nibil
3067 1062 3228 1119 intus
3254 1064 3550 1121 habebant

1892 1143 2324 1202 alimentorum.
2357 1146 2543 1203 Causa
2572 1152 2764 1205 autem
2797 1149 2974 1220 hujus
3004 1156 3127 1207 erat
3157 1150 3363 1224 inopiae
3397 1168 3411 1207 t
3445 1152 3548 1210 do-

1891 1235 2089 1291 minus
2112 1235 2433 1293 Balduinus
2458 1238 2626 1308 longe
2646 1242 2779 1295 ante
2811 1238 3056 1295 multam
3082 1241 3257 1297 dabat
3280 1257 3538 1313 operam,

1890 1324 2179 1393 quomodo
2232 1323 2428 1397 inopia
2467 1323 2627 1381 illius
2674 1324 2781 1381 loci
2827 1326 3211 1399 fatigarentur
3257 1328 3434 1398 cives,
3487 1337 3547 1386 ut

1892 1411 2046 1469 fame
2076 1412 2390 1485 aliquando
2421 1413 2732 1482 molestati,
2768 1415 2965 1472 urbem
2997 1416 3047 1472 ei
3083 1417 3392 1475 traderent.
3426 1416 3547 1475 Mo·

1891 1499 2005 1558 dus
2034 1507 2247 1569 autem,
2281 1520 2396 1575 quo
2427 1504 2787 1576 propositum
2819 1505 3044 1562 effectui
3078 1506 3415 1580 mancipare
3449 1523 3549 1564 sa-

1891 1591 2143 1663 tagebat,
2177 1592 2270 1649 hic
2318 1592 2369 1648 ei
2398 1595 2559 1650 visus
2605 1600 2730 1650 erat
2773 1595 3036 1651 idoneus.
3073 1595 3227 1653 Inter
3271 1596 3541 1654 Edessam

1895 1695 2086 1750 porro,
2114 1685 2170 1736 et
2201 1682 2536 1753 proedictam
2569 1681 2727 1738 illam
2762 1682 3077 1752 civitatem,
3108 1701 3231 1755 quaa
3278 1685 3373 1741 vix
3402 1701 3550 1756 qua-

1895 1769 2209 1825 tuordecim
2237 1787 2268 1825 a
2299 1787 2360 1827 se
2391 1772 2605 1828 distant
2637 1772 3009 1840 milliaribus,
3045 1774 3257 1831 fluvius
3298 1774 3539 1847 quidam

1892 1858 2170 1915 discurrit
2193 1859 2441 1928 medius,
2466 1860 2566 1932 qui
2598 1878 2706 1917 sua
2728 1860 3086 1933 irrigatione,
3111 1862 3416 1920 canalibus
3448 1864 3547 1920 de-

1892 1947 2133 2016 rivatus,
2156 1948 2742 2020 circumadjacentem
2769 1949 3062 2020 planitiem
3088 1951 3322 2008 uberem
3347 1950 3548 2009 redde·

1895 2035 1988 2093 bat
2019 2041 2074 2093 et
2105 2037 2367 2111 frugibus
2401 2038 2727 2094 fecundam.
2760 2041 2805 2094 A
2839 2038 3048 2111 priscis
3092 2048 3285 2096 autem
3321 2044 3551 2115 tempo-

1895 2128 2056 2186 ribus
2078 2128 2265 2185 solum
2292 2131 2622 2201 praedictum
2645 2131 2796 2187 hanc
2820 2130 3104 2188 babuerat
3127 2131 3549 2201 limitationem,

1892 2223 1959 2274 ut
1980 2220 2132 2291 quod
2167 2219 2313 2276 citra
2335 2219 2574 2277 fluvium
2598 2225 2741 2288 erat,
2763 2220 3077 2277 Edessanis
3117 2222 3244 2278 sine
3289 2222 3554 2280 molestia

1893 2309 2157 2376 ccderet;
2192 2309 2347 2381 quod
2397 2325 2524 2365 vero
2553 2313 2715 2366 trans
2760 2309 3024 2378 fluvium,
3058 2311 3364 2369 Carrenses
3414 2328 3546 2384 pro·

1896 2398 2088 2471 prium
2122 2398 2507 2470 possiderent.
2535 2400 2745 2457 Videns
2774 2406 2971 2457 autem
2995 2400 3269 2458 dominus
3297 2400 3543 2457 Baldui-

1895 2505 2008 2545 nus
2040 2489 2192 2560 quod
2241 2488 2497 2545 hostium
2546 2489 2762 2545 civitati
2807 2489 3047 2547 omnino
3094 2489 3350 2546 exterius
3396 2488 3549 2546 nihil

1893 2577 2307 2633 alimentorum
2340 2579 2655 2647 accederet,
2679 2578 2779 2635 sed
2813 2579 2882 2633 de
2912 2577 3185 2636 locisillis
3215 2577 3545 2636 communi·

1895 2667 2005 2723 bus
2036 2682 2262 2722 omnem
2297 2667 2409 2724 sibi
2441 2667 2658 2723 victum
2707 2672 3135 2739 propagarent3
3171 2668 3376 2723 maluit
3422 2668 3547 2741 ipse

1893 2755 2002 2811 hac
2033 2756 2443 2813 commoditate
2492 2756 2846 2824 defraudari,
2877 2773 3053 2828 quam
3086 2762 3153 2812 ut
3197 2756 3412 2826 hostes,
3446 2754 3552 2830 qui

1896 2862 2009 2901 non
2043 2846 2186 2901 satis
2217 2846 2523 2902 commode
2551 2843 2788 2901 aliunde
2822 2849 3109 2917 poterant,
3143 2845 3216 2901 de
3245 2844 3389 2903 locis
3420 2860 3549 2903 me-

1896 2935 2009 2992 diis
2059 2934 2366 2992 alerentur.
2420 2935 2849 3008 Frequentibus
2889 2935 3070 3008 igitur
3118 2935 3551 3008 irruptionibus

1895 3027 1994 3083 diu
2018 3031 2150 3082 ante
2173 3025 2547 3096 prohibuerat
2567 3026 2623 3080 in
2647 3025 2787 3081 locis
2809 3025 2933 3082 suis
2954 3025 3370 3098 agriculturam
3390 3041 3550 3084 exer-

200 3113 569 3171 obsideretur.
594 3117 746 3172 Cives
774 3118 924 3187 tame
951 3117 1242 3188 compulsi,
1265 3118 1330 3173 de
1360 3117 1625 3174 tradenda
1649 3120 1787 3175 urbe
1814 3097 1858 3165 C
1898 3116 2035 3176 ceri,
2069 3130 2312 3187 sperans
2343 3115 2497 3186 quod
2530 3113 2602 3170 de
2634 3113 2868 3185 regione
2898 3118 3060 3170 trans
3095 3113 3469 3186 Euphratem,
3493 3118 3553 3172 et

188 3186 487 3243 consitium
516 3188 645 3243 ineu
654 3197 730 3244 nt.

188 3294 407 3350 Eodem
437 3310 616 3365 anno,
648 3294 922 3351 dominus
956 3296 1352 3366 Boamundus,
1386 3312 1520 3353 cum
1554 3295 1783 3353 univer·

121 3385 199 3440 sis
217 3383 490 3455 eiusdem
518 3385 821 3455 provinciae
848 3385 1239 3456 magnatibus,
1260 3385 1530 3443 dominus
1551 3402 1784 3458 quoque

127 3475 487 3543 Tancredus,
512 3476 789 3533 dominus
820 3476 992 3532 etiam
1026 3476 1412 3533 nihilominus
1444 3477 1783 3543 BalduinuS,

122 3567 559 3623 Edessanorum
609 3585 824 3637 comes,
874 3584 988 3625 una
1034 3586 1166 3625 cum
1215 3570 1453 3626 domino
1494 3570 1784 3626 Joscelino

124 3654 390 3726 ejusdem
442 3658 899 3731 consanguinee,
945 3659 1350 3715 convenientes
1396 3660 1463 3714 ad
1516 3659 1785 3728 invicem,

125 3743 238 3801 tide
256 3745 451 3801 media
471 3762 595 3800 com
606 3746 1049 3819 promisserunt,
1064 3748 1217 3819 quod
1237 3746 1589 3818 Euphratem
1608 3752 1787 3805 trans·

124 3838 360 3901 euntes,
392 3832 609 3891 Carran
642 3834 863 3904 urbem,
898 3837 1124 3894 Edessae
1168 3837 1441 3905 vicinam,
1473 3838 1545 3893 ab
1575 3837 1791 3894 int'ide-

131 3921 285 3979 libus
318 3921 638 3990 dstentam,
661 3923 1012 3982 obsiderent.
1037 3925 1212 3981 Juxta
1233 3926 1385 3997 quod
1419 3930 1788 3998 conceptum,

128 4015 443 4069 evocantes
467 4012 727 4068 certatim
759 4029 826 4069 ex
857 4014 977 4071 suis
1020 4016 1354 4086 regionibus
1386 4014 1670 4071 militares
1692 4029 1787 4070 co-

131 4099 253 4170 pias
275 4107 334 4156 et
364 4099 587 4157 auxilia
606 4103 994 4177 undecunque
1015 4110 1418 4176 conrogantes,
1440 4104 1536 4160 die
1561 4103 1791 4176 praetixa

132 4189 475 4261 Euphraten
497 4195 887 4262 transeuntes,
906 4195 1052 4265 apud
1078 4195 1358 4250 Edessam
1387 4198 1784 4261 pervenerunt.

1891 3206 1964 3260 de
1991 3221 2057 3261 ea
2089 3220 2215 3276 quae
2247 3205 2398 3261 inter
2427 3203 2705 3260 Edessam
2728 3207 2787 3260 et
2814 3205 3083 3260 eumdem
3117 3204 3358 3261 fluvium
3381 3204 3549 3276 jace-

1891 3294 1989 3349 bat
2010 3294 2220 3360 media,
2241 3292 2632 3349 alimentorum
2646 3297 2840 3365 posset
2856 3294 2976 3349 suis
2992 3292 3210 3349 civibus
3232 3293 3557 3350 ministrare

1892 3382 2306 3439 sufficientiam
2323 3400 2339 3449 ς
2358 3386 2665 3439 Carrenses
2682 3386 2900 3448 autem,
2913 3398 2979 3438 ca
2992 3382 3290 3439 subtracta
3300 3398 3420 3439 com
3433 3397 3552 3438 mo·

1892 3471 2095 3539 ditate,
2129 3487 2303 3543 quam
2350 3472 2420 3527 de
2462 3472 2756 3543 praedictis
2807 3471 2949 3526 locis
2997 3472 3410 3528 communibus
3440 3472 3532 3526 da·

1893 3560 2032 3617 bere
2061 3566 2505 3627 consueverant,
2536 3561 2604 3616 ad
2648 3558 3069 3617 intolerabilem
3120 3560 3546 3632 compelleren-

1895 3651 1989 3705 tur
2019 3650 2295 3721 inopiam,
2329 3649 2478 3705 sicut
2508 3664 2643 3704 vere
2692 3646 2770 3704 rei
2804 3646 2996 3703 exitus
3029 3647 3401 3703 manifestum
3436 3645 3544 3703 ha-

1898 3739 2037 3807 bat3
2070 3740 2384 3809 idquejam
2408 3736 2577 3793 annis
2608 3740 2742 3793 ante
2765 3735 3036 3808 pluribus
3060 3735 3418 3792 inhibuerat.
3441 3734 3557 3791 Ob·

1898 3829 2154 3884 sidentes
2184 3828 2361 3899 igitur
2392 3827 2727 3898 praedictam
2776 3826 3003 3890 urbem,
3029 3828 3095 3880 ut
3142 3824 3557 3897 praemisimus,

1900 3918 2079 3975 multa
2099 3917 2288 3972 victus
2310 3915 2506 3987 inopia
2538 3931 2660 3971 eam
2689 3914 3032 3968 invenerunt
3059 3911 3440 3969 laborantem.
3468 3911 3561 3970 Gi.

1896 4023 1994 4064 ves
2010 4014 2201 4063 tamen
2226 4009 2556 4062 nostrorum
2574 4005 2823 4060 adventu
2848 4000 3020 4075 longe
3033 4007 3168 4058 ante
3181 4003 3532 4076 praecognito
3549 4044 3565 4071 ,

1900 4112 2002 4169 per
2031 4094 2272 4151 nuntios
2301 4098 2357 4149 et
2385 4091 2612 4149 litteras
2647 4088 2942 4163 principes
2992 4090 3246 4146 Orientis
3277 4089 3564 4148 sollicita-

1899 4195 2118 4252 verant,
2142 4183 2537 4252 signiticantes
2559 4182 2732 4253 quod,
2757 4179 2874 4236 nisi
2906 4184 3136 4236 mature
3158 4179 3556 4247 subvenirent,

128 4275 531 4336 interfuerunt
558 4287 748 4338 autem
775 4284 962 4338 eidem
997 4284 1261 4339 infaustis
1301 4283 1652 4355 expeditioni
1681 4282 1794 4341 viri
1903 4273 2089 4348 parati
2113 4280 2275 4329 eran!
2304 4271 2569 4327 desscere.
2595 4270 2869 4325 Vidsssstflss
2903 4272 3100 4325 &utem
3135 4269 3287 4338 quod
3313 4268 3398 4325 0¹³
3427 4267 3565 4326 {¹1⁶0

131 4367 498 4427 venerabiles
527 4375 586 4427 ει
616 4371 881 4428 Ecclesia,
926 4371 1197 4442 praeclam
1229 4373 1479 4440 lumina,
1514 4374 1792 4430 dominus
1904 4363 2134 4420 nullum
2160 4361 2604 4418 ministrabatur
2627 4357 2986 4426 subsidium,
3009 4361 3067 4414 et
3098 4357 3268 4414 famis
3292 4358 3568 4432 angustia

19 4493 25 4504 .
128 4457 489 4528 nerum-dus,
538 4458 1036 4517 Antiochenorum
1088 4462 1421 4533 patriarcha
1454 4480 1468 4532 3
1519 4462 1794 4518 dominus
1827 4423 1873 4487 D
1905 4452 2154 4526 singulis
2185 4452 2395 4508 diebus
2426 4466 2524 4506 eos
2556 4447 2811 4522 amplius
2855 4448 3199 4516 molestaret,
3234 4446 3569 4504 communi-

134 4547 534 4617 Daimbertus,
567 4549 1097 4623 Hierosolymorum
1147 4550 1495 4622 patriarcha,
1526 4552 1629 4623 qui
1660 4559 1798 4607 tuno
1905 4548 2032 4600 cato
2062 4540 2328 4613 consilio,
2353 4540 2546 4613 potius
2577 4538 2804 4611 eligunt
2836 4536 3038 4594 urbem
3068 4536 3359 4607 resignare
3388 4550 3565 4607 quam

132 4652 349 4709 vagus,
372 4636 534 4693 exsul
561 4642 617 4694 et
645 4639 927 4713 profugus
957 4640 1109 4713 epud
1142 4639 1505 4697 Antiochiam
1537 4640 1802 4697 demora-
1904 4634 2059 4691 intus
2108 4636 2260 4690 fame
2304 4632 2599 4688 tabescere
2628 4639 2680 4686 et
2732 4644 2849 4703 prae
2881 4627 3291 4684 alimentorum
3337 4625 3566 4682 det'eotu

139 4724 351 4793 batur3
385 4725 659 4785 dominus
692 4745 920 4802 quoque
960 4728 1328 4797 Benedictus,
1362 4729 1797 4786 Edessanorum
1905 4723 2215 4797 liquefieri.

133 4814 641 4888 archiepiscopus.
671 4819 737 4873 Hi
770 4835 974 4876 omnes
1021 4819 1173 4890 apud
1208 4819 1542 4891 proedictam
1594 4819 1800 4874 urbem

136 4904 504 4976 congregati,
527 4908 888 4980 propositum
920 4908 1150 4965 effectui
1172 4908 1503 4980 mancipare
1528 4912 1802 4981 satagen-

136 4997 226 5048 tes
257 5007 399 5048 cum
426 4994 548 5051 suis
596 4994 921 5069 legionibus
953 5000 1024 5053 ad
1064 4996 1258 5054 locum
1304 4997 1646 5069 perveniunt
1690 4997 1802 5053 de·—

134 5082 442 5138 stinatum.
465 5082 566 5141 nst
587 5091 787 5143 autem
818 5087 1055 5155 Carran,
1080 5090 1145 5142 ut
1174 5092 1416 5154 veteres,
1442 5086 1685 5142 tradunt
1720 5083 1804 5141 bi·

134 5171 352 5243 storiae,
384 5171 437 5228 is
464 5171 649 5247 locus,
678 5176 751 5232 ad
780 5191 957 5248 quem
1004 5177 1210 5245 Thare,
1243 5175 1431 5232 fllium
1474 5172 1798 5234 Abrabam.
1979 5152 2215 5209 ⁶¹⁸²⁰⁸“⁸·
3418 5246 3428 5259 ,

132 5263 194 5315 et
224 5274 297 5315 ex
328 5260 447 5318 tilio
476 5262 667 5321 Haran
708 5273 975 5336 nepotem
1010 5263 1128 5331 Lot,
1161 5264 1231 5320 de
1281 5263 1359 5320 Ur
1387 5262 1798 5319 Chaldaeurum
1981 5265 2266 5317 Exeuntes
2286 5274 2439 5329 erge,
2468 5256 2705 5312 tradunt
2725 5270 2788 5311 se
2812 5253 2867 5311 in
2898 5268 3112 5310 manus
3143 5249 3561 5320 obsidentium,

132 5347 373 5421 fugiens
399 5358 455 5408 et
480 5353 539 5409 in
572 5361 783 5411 terram
815 5354 1087 5412 Chanaan
1131 5370 1467 5427 properans,
1494 5351 1714 5416 eduxit.
1745 5355 1806 5409 st
1911 5349 2037 5407 sine
2066 5348 2394 5406 conditione
2423 5344 2639 5418 aliqua.
2672 5342 2807 5412 Sed,
2840 5341 3179 5399 stimulante
3209 5335 3448 5404 invidia,
3477 5333 3567 5391 el-

132 5437 884 5512 habitavitibi,secundum
906 5446 1061 5519 quod
1084 5445 1142 5501 in
1164 5443 1309 5500 libro
1331 5443 1618 5500 Geneseos
1638 5441 1796 5515 (cap.
1911 5439 2043 5497 fusa
2068 5444 2158 5495 est
2187 5434 2478 5494 contentio
2511 5435 2663 5491 inter
2694 5432 2989 5506 principes
3015 5447 3030 5500 3
3059 5434 3118 5487 et
3147 5430 3286 5485 dum
3321 5428 3568 5483 conten-

136 5532 219 5604 ιι)
238 5530 597 5606 continetur,
621 5534 718 5592 ubi
747 5537 806 5594 et
824 5533 976 5593 idem
1000 5543 1266 5592 mortuus
1287 5536 1395 5603 est,
1431 5532 1528 5589 ubi
1552 5536 1611 5590 et
1628 5533 1807 5592 Abra·
1910 5529 2057 5586 dunt
2084 5528 2153 5585 ad
2185 5527 2430 5586 invicem
2477 5523 2753 5582 dominus
2785 5523 3052 5596 princeps
3101 5515 3482 5578 Boamundus
3509 5516 3573 5572 et

2508 4826 2735 4884 CAPUT
2773 4824 2938 4882 XXX.

1907 4937 2088 4993 Nostri
2134 4936 2500 5004 disceptantes
2549 4937 2616 4991 de
2662 4932 2895 5002 imperio
2942 4928 3117 4995 urbis,
3135 4944 3216 5010 ‚ea
3261 4925 3566 5011 excidunt:

1975 5008 2120 5065 cives
2157 5006 2402 5063 subsidia
2449 5007 2728 5075 recipiunt
2750 5023 2768 5070 ,·
2790 5007 3076 5075 puonutur
3124 5002 3202 5055 tbi
3230 5015 3563 5071 quominusg

1876 5069 1896 5081 ”
1977 5080 2276 5136 vincuntur
2317 5080 2513 5147 nostri,
2546 5076 2714 5149 fitque
2758 5089 2918 5130 casus
2960 5074 3163 5129 nostris
3209 5072 3369 5128 valde
3407 5073 3565 5142 peri-
