<?xml version="1.0" encoding="UTF-8"?>
<!DOCTYPE html PUBLIC "-//W3C//DTD XHTML 1.0 Transitional//EN"
    "http://www.w3.org/TR/xhtml1/DTD/xhtml1-transitional.dtd">
<html xmlns="http://www.w3.org/1999/xhtml" xml:lang="en" lang="en">
 <head>
  <title>
</title>
<meta http-equiv="Content-Type" content="text/html;charset=utf-8" />
  <meta name='ocr-system' content='tesseract 3.04.00' />
  <meta name='ocr-capabilities' content='ocr_page ocr_carea ocr_par ocr_line ocrx_word'/>
</head>
<body>
  <div class='ocr_page' id='page_1' title='image "./patrologiaecurs32goog_0665.png"; bbox 0 0 3784 6000; ppageno 0'>
   <div class='ocr_carea' id='block_1_1' title="bbox 91 160 228 218">
    <p class='ocr_par' dir='ltr' id='par_1_1' title="bbox 91 160 228 218">
     <span class='ocr_line' id='line_1_1' title="bbox 91 160 228 218; baseline 0 -2"><span class='ocrx_word' id='word_1_1' title='bbox 91 160 228 218; x_wconf 78' lang='lat'>¹321</span> 
     </span>
    </p>
   </div>
   <div class='ocr_carea' id='block_1_2' title="bbox 97 284 1739 461">
    <p class='ocr_par' dir='ltr' id='par_1_2' title="bbox 97 284 1715 461">
     <span class='ocr_line' id='line_1_2' title="bbox 801 284 1026 341; baseline -0.015 0"><span class='ocrx_word' id='word_1_2' title='bbox 801 284 1026 341; x_wconf 78' lang='lat' dir='ltr'><strong>cxcui.</strong></span> 
     </span>
     <span class='ocr_line' id='line_1_3' title="bbox 97 386 1739 461; baseline -0.002 -14"><span class='ocrx_word' id='word_1_3' title='bbox 97 386 475 461; x_wconf 74' lang='lat' dir='ltr'><em>castellanos</em></span> <span class='ocrx_word' id='word_1_4' title='bbox 491 387 720 459; x_wconf 80' lang='lat' dir='ltr'><strong>Veneto]</strong></span> <span class='ocrx_word' id='word_1_5' title='bbox 734 390 788 444; x_wconf 84' lang='lat' dir='ltr'><strong>et</strong></span> <span class='ocrx_word' id='word_1_6' title='bbox 802 388 1150 445; x_wconf 79' lang='lat' dir='ltr'><strong>Torcellono</strong></span> <span class='ocrx_word' id='word_1_7' title='bbox 1174 388 1450 458; x_wconf 74' lang='lat' dir='ltr'><strong>episcopis</strong></span> <span class='ocrx_word' id='word_1_8' title='bbox 1464 389 1739 456; x_wconf 80' lang='lat' dir='ltr'><strong>mandat,</strong></span> 
     </span>
    </p>
   </div>
   <div class='ocr_carea' id='block_1_3' title="bbox 981 154 2224 219">
    <p class='ocr_par' dir='ltr' id='par_1_3' title="bbox 981 154 2224 219">
     <span class='ocr_line' id='line_1_4' title="bbox 981 154 2224 219; baseline 0.003 -5"><span class='ocrx_word' id='word_1_9' title='bbox 981 154 1344 215; x_wconf 79' lang='lat' dir='ltr'><strong>EPISTOLAE</strong></span> <span class='ocrx_word' id='word_1_10' title='bbox 1382 159 1469 217; x_wconf 88' lang='grc' dir='ltr'><strong>ΕΤ</strong></span> <span class='ocrx_word' id='word_1_11' title='bbox 1507 158 1955 219; x_wconf 66' lang='lat' dir='ltr'><strong>Pntvthmm.</strong></span> <span class='ocrx_word' id='word_1_12' title='bbox 2001 188 2072 204; x_wconf 90' lang='lat'><strong>·-</strong></span> <span class='ocrx_word' id='word_1_13' title='bbox 2106 160 2224 218; x_wconf 75' lang='lat' dir='ltr'><strong>AN.</strong></span> 
     </span>
    </p>
   </div>
   <div class='ocr_carea' id='block_1_4' title="bbox 2266 151 3517 217">
    <p class='ocr_par' dir='ltr' id='par_1_4' title="bbox 2266 151 3517 217">
     <span class='ocr_line' id='line_1_5' title="bbox 2266 151 3517 217; baseline -0.002 -1"><span class='ocrx_word' id='word_1_14' title='bbox 2266 156 2607 217; x_wconf 72' lang='lat'><strong>1184-1185.</strong></span> <span class='ocrx_word' id='word_1_15' title='bbox 3365 151 3517 215; x_wconf 71' lang='lat'><strong>132¹</strong></span> 
     </span>
    </p>
   </div>
   <div class='ocr_carea' id='block_1_5' title="bbox 1769 276 3510 445">
    <p class='ocr_par' dir='ltr' id='par_1_5' title="bbox 1769 276 3508 445">
     <span class='ocr_line' id='line_1_6' title="bbox 1769 276 3508 343; baseline -0.001 -3"><span class='ocrx_word' id='word_1_16' title='bbox 1769 291 1814 340; x_wconf 75' lang='grc' dir='ltr'><strong>Α</strong></span> <span class='ocrx_word' id='word_1_17' title='bbox 1919 287 2063 342; x_wconf 83' lang='lat' dir='ltr'><strong>cum</strong></span> <span class='ocrx_word' id='word_1_18' title='bbox 2089 284 2341 343; x_wconf 84' lang='lat' dir='ltr'><strong>ecclesia</strong></span> <span class='ocrx_word' id='word_1_19' title='bbox 2377 283 2531 340; x_wconf 82' lang='lat' dir='ltr'><strong>Beati</strong></span> <span class='ocrx_word' id='word_1_20' title='bbox 2556 276 2785 340; x_wconf 70' lang='lat' dir='ltr'><strong>uartini</strong></span> <span class='ocrx_word' id='word_1_21' title='bbox 2806 279 3170 339; x_wconf 71' lang='lat' dir='ltr'>Turonensis</span> <span class='ocrx_word' id='word_1_22' title='bbox 3219 281 3508 339; x_wconf 73' lang='lat' dir='ltr'><strong>Romanas</strong></span> 
     </span>
     <span class='ocr_line' id='line_1_7' title="bbox 1848 370 3510 445; baseline -0.002 -15"><span class='ocrx_word' id='word_1_23' title='bbox 1848 375 1923 430; x_wconf 88' lang='lat' dir='ltr'><strong>sit</strong></span> <span class='ocrx_word' id='word_1_24' title='bbox 1951 375 2217 431; x_wconf 80' lang='lat' dir='ltr'><strong>Ecclesioe</strong></span> <span class='ocrx_word' id='word_1_25' title='bbox 2233 374 2353 430; x_wconf 83' lang='lat' dir='ltr'><strong>filie</strong></span> <span class='ocrx_word' id='word_1_26' title='bbox 2386 372 2681 445; x_wconf 85' lang='lat' dir='ltr'><strong>specialis,</strong></span> <span class='ocrx_word' id='word_1_27' title='bbox 2713 386 2833 426; x_wconf 87' lang='lat' dir='ltr'><strong>non</strong></span> <span class='ocrx_word' id='word_1_28' title='bbox 2855 385 3177 443; x_wconf 88' lang='lat' dir='ltr'><strong>possumus</strong></span> <span class='ocrx_word' id='word_1_29' title='bbox 3206 370 3265 426; x_wconf 90' lang='lat' dir='ltr'><strong>in</strong></span> <span class='ocrx_word' id='word_1_30' title='bbox 3301 384 3510 441; x_wconf 81' lang='lat' dir='ltr'><strong>grava·</strong></span> 
     </span>
    </p>
   </div>
   <div class='ocr_carea' id='block_1_6' title="bbox 169 458 3507 534">
    <p class='ocr_par' dir='ltr' id='par_1_6' title="bbox 169 458 3507 534">
     <span class='ocr_line' id='line_1_8' title="bbox 169 458 3507 534; baseline 0 -18"><span class='ocrx_word' id='word_1_31' title='bbox 169 468 234 516; x_wconf 81' lang='lat' dir='ltr'><strong>ut</strong></span> <span class='ocrx_word' id='word_1_32' title='bbox 262 461 549 534; x_wconf 82' lang='lat' dir='ltr'><strong>quosdam</strong></span> <span class='ocrx_word' id='word_1_33' title='bbox 578 459 833 516; x_wconf 60' lang='lat' dir='ltr'><strong>eeclesiae</strong></span> <span class='ocrx_word' id='word_1_34' title='bbox 860 459 922 515; x_wconf 91' lang='lat' dir='ltr'><strong>S.</strong></span> <span class='ocrx_word' id='word_1_35' title='bbox 957 459 1296 516; x_wconf 63' lang='lat' dir='ltr'><strong>Salvator-is</strong></span> <span class='ocrx_word' id='word_1_36' title='bbox 1340 461 1741 530; x_wconf 69' lang='lat' dir='ltr'><strong>parochianos</strong></span> <span class='ocrx_word' id='word_1_37' title='bbox 1849 463 2117 520; x_wconf 80' lang='lat' dir='ltr'>minibus</span> <span class='ocrx_word' id='word_1_38' title='bbox 2146 463 2277 533; x_wconf 86' lang='lat' dir='ltr'><strong>ejus</strong></span> <span class='ocrx_word' id='word_1_39' title='bbox 2325 467 2441 518; x_wconf 88' lang='lat' dir='ltr'><strong>tota</strong></span> <span class='ocrx_word' id='word_1_40' title='bbox 2482 461 2596 517; x_wconf 88' lang='lat' dir='ltr'><strong>sibi</strong></span> <span class='ocrx_word' id='word_1_41' title='bbox 2633 458 2946 516; x_wconf 81' lang='lat' dir='ltr'><strong>affectione</strong></span> <span class='ocrx_word' id='word_1_42' title='bbox 2976 474 3099 515; x_wconf 89' lang='lat' dir='ltr'><strong>non</strong></span> <span class='ocrx_word' id='word_1_43' title='bbox 3143 459 3405 532; x_wconf 89' lang='lat' dir='ltr'><strong>compati</strong></span> <span class='ocrx_word' id='word_1_44' title='bbox 3449 463 3507 517; x_wconf 89' lang='lat' dir='ltr'><strong>et</strong></span> 
     </span>
    </p>
   </div>
   <div class='ocr_carea' id='block_1_7' title="bbox 169 531 1145 601">
    <p class='ocr_par' dir='ltr' id='par_1_7' title="bbox 169 531 1145 601">
     <span class='ocr_line' id='line_1_9' title="bbox 169 531 1145 601; baseline -0.003 -12"><span class='ocrx_word' id='word_1_45' title='bbox 169 533 251 590; x_wconf 80' lang='lat' dir='ltr'><strong>ad</strong></span> <span class='ocrx_word' id='word_1_46' title='bbox 278 532 588 588; x_wconf 75' lang='lat' dir='ltr'><strong>solvendas</strong></span> <span class='ocrx_word' id='word_1_47' title='bbox 610 531 868 587; x_wconf 81' lang='lat' dir='ltr'><strong>decimas</strong></span> <span class='ocrx_word' id='word_1_48' title='bbox 906 537 1145 601; x_wconf 70' lang='lat' dir='ltr'><strong>coquat.</strong></span> 
     </span>
    </p>
   </div>
   <div class='ocr_carea' id='block_1_8' title="bbox 100 637 1753 1499">
    <p class='ocr_par' dir='ltr' id='par_1_8' title="bbox 243 637 1605 801">
     <span class='ocr_line' id='line_1_10' title="bbox 608 637 1229 709; baseline 0 -18"><span class='ocrx_word' id='word_1_49' title='bbox 608 638 894 708; x_wconf 67' lang='lat' dir='ltr'><strong>(vet-onai,</strong></span> <span class='ocrx_word' id='word_1_50' title='bbox 928 638 1086 709; x_wconf 87' lang='lat' dir='ltr'><strong>Sept.</strong></span> <span class='ocrx_word' id='word_1_51' title='bbox 1118 639 1200 692; x_wconf 77' lang='lat'><strong>¹7.</strong></span> <span class='ocrx_word' id='word_1_52' title='bbox 1209 637 1229 708; x_wconf 91' lang='lat'>)</span> 
     </span>
     <span class='ocr_line' id='line_1_11' title="bbox 243 724 1605 801; baseline -0.001 -17"><span class='ocrx_word' id='word_1_53' title='bbox 243 727 548 801; x_wconf 58' lang='lat' dir='ltr'><strong>[Cosssmn</strong></span> <span class='ocrx_word' id='word_1_54' title='bbox 590 726 820 783; x_wconf 82' lang='lat' dir='ltr'><strong>Eccles.</strong></span> <span class='ocrx_word' id='word_1_55' title='bbox 871 725 1091 792; x_wconf 66' lang='lat' dir='ltr'><strong>Vener„</strong></span> <span class='ocrx_word' id='word_1_56' title='bbox 1123 732 1161 783; x_wconf 91' lang='lat' dir='ltr'><strong>t.</strong></span> <span class='ocrx_word' id='word_1_57' title='bbox 1191 726 1332 794; x_wconf 81' lang='lat' dir='ltr'><strong>xlv,</strong></span> <span class='ocrx_word' id='word_1_58' title='bbox 1363 742 1423 800; x_wconf 91' lang='lat' dir='ltr'><strong>p.</strong></span> <span class='ocrx_word' id='word_1_59' title='bbox 1457 727 1510 782; x_wconf 82' lang='grc' dir='ltr'>Η</span> <span class='ocrx_word' id='word_1_60' title='bbox 1530 724 1605 800; x_wconf 76' lang='grc'><strong>1.]</strong></span> 
     </span>
    </p>

    <p class='ocr_par' dir='ltr' id='par_1_9' title="bbox 103 816 1749 1065">
     <span class='ocr_line' id='line_1_12' title="bbox 175 816 1749 888; baseline -0.001 -16"><span class='ocrx_word' id='word_1_61' title='bbox 175 818 376 873; x_wconf 78' lang='lat' dir='ltr'><strong>Luctus</strong></span> <span class='ocrx_word' id='word_1_62' title='bbox 405 817 747 888; x_wconf 87' lang='lat' dir='ltr'><strong>episcopus,</strong></span> <span class='ocrx_word' id='word_1_63' title='bbox 781 829 990 869; x_wconf 87' lang='lat' dir='ltr'><strong>servus</strong></span> <span class='ocrx_word' id='word_1_64' title='bbox 1018 829 1326 871; x_wconf 86' lang='lat' dir='ltr'><strong>servorum</strong></span> <span class='ocrx_word' id='word_1_65' title='bbox 1360 816 1481 883; x_wconf 88' lang='lat' dir='ltr'><strong>Dei,</strong></span> <span class='ocrx_word' id='word_1_66' title='bbox 1501 831 1749 872; x_wconf 83' lang='lat' dir='ltr'><strong>venera-</strong></span> 
     </span>
     <span class='ocr_line' id='line_1_13' title="bbox 103 902 1746 978; baseline -0.003 -14"><span class='ocrx_word' id='word_1_67' title='bbox 103 904 614 964; x_wconf 85' lang='lat' dir='ltr'><strong>bilibusfratribus</strong></span> <span class='ocrx_word' id='word_1_68' title='bbox 642 902 975 960; x_wconf 82' lang='lat' dir='ltr'><strong>castellano</strong></span> <span class='ocrx_word' id='word_1_69' title='bbox 1003 903 1746 978; x_wconf 83' lang='lat' dir='ltr'><strong>etTorcellanoepiscopis,</strong></span> 
     </span>
     <span class='ocr_line' id='line_1_14' title="bbox 103 991 1390 1065; baseline -0.004 -12"><span class='ocrx_word' id='word_1_70' title='bbox 103 995 359 1053; x_wconf 85' lang='lat' dir='ltr'><strong>salutem</strong></span> <span class='ocrx_word' id='word_1_71' title='bbox 390 999 444 1050; x_wconf 91' lang='lat' dir='ltr'><strong>et</strong></span> <span class='ocrx_word' id='word_1_72' title='bbox 475 992 864 1065; x_wconf 88' lang='lat' dir='ltr'><strong>apostolicam</strong></span> <span class='ocrx_word' id='word_1_73' title='bbox 893 991 1390 1051; x_wconf 79' lang='lat' dir='ltr'><strong>benedictionem.</strong></span> 
     </span>
    </p>

    <p class='ocr_par' dir='ltr' id='par_1_10' title="bbox 100 1080 1753 1499">
     <span class='ocr_line' id='line_1_15' title="bbox 177 1080 1749 1153; baseline -0.001 -14"><span class='ocrx_word' id='word_1_74' title='bbox 177 1082 380 1140; x_wconf 88' lang='lat' dir='ltr'><strong>Dilecti</strong></span> <span class='ocrx_word' id='word_1_75' title='bbox 402 1081 506 1137; x_wconf 88' lang='lat' dir='ltr'><strong>filii</strong></span> <span class='ocrx_word' id='word_1_76' title='bbox 530 1081 779 1138; x_wconf 81' lang='lat' dir='ltr'><strong>nostri...</strong></span> <span class='ocrx_word' id='word_1_77' title='bbox 814 1082 975 1153; x_wconf 86' lang='lat' dir='ltr'><strong>prior</strong></span> <span class='ocrx_word' id='word_1_78' title='bbox 1003 1088 1060 1138; x_wconf 87' lang='lat' dir='ltr'><strong>et</strong></span> <span class='ocrx_word' id='word_1_79' title='bbox 1096 1081 1308 1139; x_wconf 86' lang='lat' dir='ltr'><strong>fratres</strong></span> <span class='ocrx_word' id='word_1_80' title='bbox 1341 1085 1397 1141; x_wconf 89' lang='lat' dir='ltr'><strong>S.</strong></span> <span class='ocrx_word' id='word_1_81' title='bbox 1427 1080 1749 1141; x_wconf 81' lang='lat' dir='ltr'><strong>Salvatoris</strong></span> 
     </span>
     <span class='ocr_line' id='line_1_16' title="bbox 104 1168 1749 1244; baseline -0.003 -13"><span class='ocrx_word' id='word_1_82' title='bbox 104 1172 459 1231; x_wconf 84' lang='lat' dir='ltr'><strong>transmissa</strong></span> <span class='ocrx_word' id='word_1_83' title='bbox 490 1170 662 1225; x_wconf 88' lang='lat' dir='ltr'><strong>nobis</strong></span> <span class='ocrx_word' id='word_1_84' title='bbox 705 1169 1107 1227; x_wconf 78' lang='lat' dir='ltr'><strong>insinuatione</strong></span> <span class='ocrx_word' id='word_1_85' title='bbox 1144 1175 1558 1229; x_wconf 88' lang='lat' dir='ltr'><strong>monstrarunt</strong></span> <span class='ocrx_word' id='word_1_86' title='bbox 1582 1168 1749 1244; x_wconf 86' lang='lat' dir='ltr'><strong>quod</strong></span> 
     </span>
     <span class='ocr_line' id='line_1_17' title="bbox 102 1257 1752 1333; baseline -0.002 -15"><span class='ocrx_word' id='word_1_87' title='bbox 102 1261 442 1318; x_wconf 69' lang='lat' dir='ltr'><strong>habitantes</strong></span> <span class='ocrx_word' id='word_1_88' title='bbox 470 1260 528 1314; x_wconf 92' lang='lat' dir='ltr'><strong>in</strong></span> <span class='ocrx_word' id='word_1_89' title='bbox 558 1257 839 1314; x_wconf 81' lang='lat' dir='ltr'><strong>domibus</strong></span> <span class='ocrx_word' id='word_1_90' title='bbox 869 1258 1228 1330; x_wconf 80' lang='lat' dir='ltr'><strong>adjudicatis</strong></span> <span class='ocrx_word' id='word_1_91' title='bbox 1252 1260 1339 1316; x_wconf 88' lang='lat' dir='ltr'><strong>eis</strong></span> <span class='ocrx_word' id='word_1_92' title='bbox 1362 1275 1469 1333; x_wconf 89' lang='lat' dir='ltr'><strong>per</strong></span> <span class='ocrx_word' id='word_1_93' title='bbox 1503 1274 1752 1316; x_wconf 79' lang='lat' dir='ltr'><strong>venera-</strong></span> 
     </span>
     <span class='ocr_line' id='line_1_18' title="bbox 100 1347 1750 1420; baseline -0.001 -13"><span class='ocrx_word' id='word_1_94' title='bbox 100 1351 285 1408; x_wconf 91' lang='lat' dir='ltr'><strong>bilem</strong></span> <span class='ocrx_word' id='word_1_95' title='bbox 311 1348 554 1404; x_wconf 87' lang='lat' dir='ltr'><strong>fratrem</strong></span> <span class='ocrx_word' id='word_1_96' title='bbox 582 1353 922 1403; x_wconf 86' lang='lat' dir='ltr'><strong>nostrum...</strong></span> <span class='ocrx_word' id='word_1_97' title='bbox 952 1347 1317 1404; x_wconf 90' lang='lat' dir='ltr'><strong>Gradensem</strong></span> <span class='ocrx_word' id='word_1_98' title='bbox 1347 1348 1750 1420; x_wconf 85' lang='lat' dir='ltr'><strong>patriarcham</strong></span> 
     </span>
     <span class='ocr_line' id='line_1_19' title="bbox 106 1435 1753 1499; baseline -0.004 -1"><span class='ocrx_word' id='word_1_99' title='bbox 106 1445 166 1499; x_wconf 90' lang='lat' dir='ltr'><strong>et</strong></span> <span class='ocrx_word' id='word_1_100' title='bbox 194 1439 368 1495; x_wconf 82' lang='lat' dir='ltr'><strong>bonae</strong></span> <span class='ocrx_word' id='word_1_101' title='bbox 397 1436 695 1492; x_wconf 83' lang='lat' dir='ltr'><strong>memoriae</strong></span> <span class='ocrx_word' id='word_1_102' title='bbox 718 1435 1144 1493; x_wconf 77' lang='lat' dir='ltr'><strong>ildebrandum</strong></span> <span class='ocrx_word' id='word_1_103' title='bbox 1177 1435 1238 1492; x_wconf 91' lang='lat' dir='ltr'><strong>S.</strong></span> <span class='ocrx_word' id='word_1_104' title='bbox 1273 1440 1335 1493; x_wconf 81' lang='lat' dir='ltr'><strong>R.</strong></span> <span class='ocrx_word' id='word_1_105' title='bbox 1372 1440 1432 1494; x_wconf 79' lang='lat' dir='ltr'><strong>E.</strong></span> <span class='ocrx_word' id='word_1_106' title='bbox 1471 1436 1753 1494; x_wconf 88' lang='lat' dir='ltr'><strong>cardina-</strong></span> 
     </span>
    </p>
   </div>
   <div class='ocr_carea' id='block_1_9' title="bbox 1850 546 3507 620">
    <p class='ocr_par' dir='ltr' id='par_1_11' title="bbox 1850 546 3507 620">
     <span class='ocr_line' id='line_1_20' title="bbox 1850 546 3507 620; baseline -0.002 -12"><span class='ocrx_word' id='word_1_107' title='bbox 1850 556 2058 609; x_wconf 86' lang='lat' dir='ltr'><strong>contra</strong></span> <span class='ocrx_word' id='word_1_108' title='bbox 2116 550 2525 607; x_wconf 78' lang='lat' dir='ltr'><strong>malefactores</strong></span> <span class='ocrx_word' id='word_1_109' title='bbox 2585 549 2715 620; x_wconf 83' lang='lat' dir='ltr'><strong>ejus</strong></span> <span class='ocrx_word' id='word_1_110' title='bbox 2762 546 3072 604; x_wconf 83' lang='lat' dir='ltr'><strong>severitate</strong></span> <span class='ocrx_word' id='word_1_111' title='bbox 3128 547 3334 606; x_wconf 88' lang='lat' dir='ltr'><strong>debita</strong></span> <span class='ocrx_word' id='word_1_112' title='bbox 3380 562 3507 605; x_wconf 86' lang='lat' dir='ltr'><strong>non</strong></span> 
     </span>
    </p>
   </div>
   <div class='ocr_carea' id='block_1_10' title="bbox 1856 635 3509 710">
    <p class='ocr_par' dir='ltr' id='par_1_12' title="bbox 1856 635 3509 710">
     <span class='ocr_line' id='line_1_21' title="bbox 1856 635 3509 710; baseline -0.003 -12"><span class='ocrx_word' id='word_1_113' title='bbox 1856 641 2103 698; x_wconf 83' lang='lat' dir='ltr'><strong>moveri.</strong></span> <span class='ocrx_word' id='word_1_114' title='bbox 2125 638 2344 696; x_wconf 78' lang='lat' dir='ltr'><strong>Audito</strong></span> <span class='ocrx_word' id='word_1_115' title='bbox 2361 638 2541 709; x_wconf 78' lang='lat' dir='ltr'><strong>igitur</strong></span> <span class='ocrx_word' id='word_1_116' title='bbox 2559 636 2851 710; x_wconf 83' lang='lat' dir='ltr'><strong>qualiter</strong></span> <span class='ocrx_word' id='word_1_117' title='bbox 2838 652 2898 692; x_wconf 87' lang='lat' dir='ltr'><strong>m</strong></span> <span class='ocrx_word' id='word_1_118' title='bbox 2927 635 3259 707; x_wconf 76' lang='lat' dir='ltr'><strong>burgenses</strong></span> <span class='ocrx_word' id='word_1_119' title='bbox 3276 641 3509 695; x_wconf 78' lang='lat' dir='ltr'><strong>vestros</strong></span> 
     </span>
    </p>
   </div>
   <div class='ocr_carea' id='block_1_11' title="bbox 1855 725 3515 970">
    <p class='ocr_par' dir='ltr' id='par_1_13' title="bbox 1855 725 3515 970">
     <span class='ocr_line' id='line_1_22' title="bbox 1855 725 3515 799; baseline -0.002 -13"><span class='ocrx_word' id='word_1_120' title='bbox 1855 731 1930 787; x_wconf 92' lang='lat' dir='ltr'><strong>de</strong></span> <span class='ocrx_word' id='word_1_121' title='bbox 1959 729 2165 787; x_wconf 86' lang='lat' dir='ltr'><strong>Castro</strong></span> <span class='ocrx_word' id='word_1_122' title='bbox 2192 743 2349 785; x_wconf 83' lang='lat' dir='ltr'><strong>novo</strong></span> <span class='ocrx_word' id='word_1_123' title='bbox 2379 743 2485 799; x_wconf 86' lang='lat' dir='ltr'><strong>per</strong></span> <span class='ocrx_word' id='word_1_124' title='bbox 2503 725 2855 783; x_wconf 87' lang='lat' dir='ltr'><strong>communia</strong></span> <span class='ocrx_word' id='word_1_125' title='bbox 2879 740 2984 781; x_wconf 87' lang='lat' dir='ltr'><strong>seu</strong></span> <span class='ocrx_word' id='word_1_126' title='bbox 3014 725 3320 782; x_wconf 87' lang='lat' dir='ltr'><strong>communi</strong></span> <span class='ocrx_word' id='word_1_127' title='bbox 3345 726 3515 796; x_wconf 79' lang='lat' dir='ltr'><strong>jura·</strong></span> 
     </span>
     <span class='ocr_line' id='line_1_23' title="bbox 1856 812 3513 892; baseline -0.004 -16"><span class='ocrx_word' id='word_1_128' title='bbox 1856 823 2080 884; x_wconf 87' lang='lat' dir='ltr'><strong>mento,</strong></span> <span class='ocrx_word' id='word_1_129' title='bbox 2105 817 2269 892; x_wconf 87' lang='lat' dir='ltr'><strong>quod</strong></span> <span class='ocrx_word' id='word_1_130' title='bbox 2296 817 2356 873; x_wconf 92' lang='lat' dir='ltr'><strong>in</strong></span> <span class='ocrx_word' id='word_1_131' title='bbox 2372 816 2799 874; x_wconf 77' lang='lat' dir='ltr'><strong>detrimentum</strong></span> <span class='ocrx_word' id='word_1_132' title='bbox 2820 812 3084 870; x_wconf 68' lang='lat' dir='ltr'><strong>Ecclesiae</strong></span> <span class='ocrx_word' id='word_1_133' title='bbox 3106 813 3294 886; x_wconf 89' lang='lat' dir='ltr'><strong>ipsius</strong></span> <span class='ocrx_word' id='word_1_134' title='bbox 3308 817 3365 871; x_wconf 92' lang='lat' dir='ltr'><strong>et</strong></span> <span class='ocrx_word' id='word_1_135' title='bbox 3382 827 3513 871; x_wconf 77' lang='lat' dir='ltr'><strong>ves-</strong></span> 
     </span>
     <span class='ocr_line' id='line_1_24' title="bbox 1855 901 3513 970; baseline -0.003 -6"><span class='ocrx_word' id='word_1_136' title='bbox 1855 914 2016 965; x_wconf 88' lang='lat' dir='ltr'><strong>trum</strong></span> <span class='ocrx_word' id='word_1_137' title='bbox 2053 906 2332 970; x_wconf 88' lang='lat' dir='ltr'><strong>fecerant,</strong></span> <span class='ocrx_word' id='word_1_138' title='bbox 2366 904 2701 962; x_wconf 90' lang='lat' dir='ltr'><strong>secundum</strong></span> <span class='ocrx_word' id='word_1_139' title='bbox 2733 902 3028 960; x_wconf 86' lang='lat' dir='ltr'><strong>indultam</strong></span> <span class='ocrx_word' id='word_1_140' title='bbox 3080 901 3250 959; x_wconf 83' lang='lat' dir='ltr'><strong>vobis</strong></span> <span class='ocrx_word' id='word_1_141' title='bbox 3292 916 3331 960; x_wconf 89' lang='lat' dir='ltr'><strong>a</strong></span> <span class='ocrx_word' id='word_1_142' title='bbox 3368 901 3513 959; x_wconf 87' lang='lat' dir='ltr'><strong>sede</strong></span> 
     </span>
    </p>
   </div>
   <div class='ocr_carea' id='block_1_12' title="bbox 1858 990 3514 1069">
    <p class='ocr_par' dir='ltr' id='par_1_14' title="bbox 1858 990 3514 1069">
     <span class='ocr_line' id='line_1_25' title="bbox 1858 990 3514 1069; baseline -0.003 -16"><span class='ocrx_word' id='word_1_143' title='bbox 1858 995 2190 1069; x_wconf 86' lang='lat' dir='ltr'><strong>apostolica</strong></span> <span class='ocrx_word' id='word_1_144' title='bbox 2234 992 2597 1062; x_wconf 80' lang='lat' dir='ltr'><strong>facultatem,</strong></span> <span class='ocrx_word' id='word_1_145' title='bbox 2631 991 3103 1049; x_wconf 83' lang='lat' dir='ltr'><strong>ecclesiasticam</strong></span> <span class='ocrx_word' id='word_1_146' title='bbox 3153 990 3514 1048; x_wconf 78' lang='lat' dir='ltr'><strong>sententiam</strong></span> 
     </span>
    </p>
   </div>
   <div class='ocr_carea' id='block_1_13' title="bbox 1855 1080 3516 1421">
    <p class='ocr_par' dir='ltr' id='par_1_15' title="bbox 1855 1080 3516 1421">
     <span class='ocr_line' id='line_1_26' title="bbox 1857 1080 3515 1158; baseline -0.003 -16"><span class='ocrx_word' id='word_1_147' title='bbox 1857 1084 2242 1158; x_wconf 87' lang='lat' dir='ltr'><strong>pertuleritis.</strong></span> <span class='ocrx_word' id='word_1_148' title='bbox 2282 1099 2391 1140; x_wconf 91' lang='lat' dir='ltr'><strong>nos</strong></span> <span class='ocrx_word' id='word_1_149' title='bbox 2420 1082 2698 1139; x_wconf 89' lang='lat' dir='ltr'><strong>eamdem</strong></span> <span class='ocrx_word' id='word_1_150' title='bbox 2746 1080 3101 1137; x_wconf 86' lang='lat' dir='ltr'><strong>sententiam</strong></span> <span class='ocrx_word' id='word_1_151' title='bbox 3132 1084 3328 1137; x_wconf 87' lang='lat' dir='ltr'><strong>ratam</strong></span> <span class='ocrx_word' id='word_1_152' title='bbox 3376 1093 3515 1137; x_wconf 83' lang='lat' dir='ltr'><strong>esse</strong></span> 
     </span>
     <span class='ocr_line' id='line_1_27' title="bbox 1855 1168 3514 1241; baseline -0.004 -10"><span class='ocrx_word' id='word_1_153' title='bbox 1855 1173 2238 1231; x_wconf 88' lang='lat' dir='ltr'><strong>decernimus</strong></span> <span class='ocrx_word' id='word_1_154' title='bbox 2258 1176 2314 1227; x_wconf 92' lang='lat' dir='ltr'><strong>et</strong></span> <span class='ocrx_word' id='word_1_155' title='bbox 2340 1171 2688 1228; x_wconf 87' lang='lat' dir='ltr'><strong>auctoritate</strong></span> <span class='ocrx_word' id='word_1_156' title='bbox 2718 1168 3053 1241; x_wconf 89' lang='lat' dir='ltr'><strong>apostolica</strong></span> <span class='ocrx_word' id='word_1_157' title='bbox 3076 1168 3514 1226; x_wconf 82' lang='lat' dir='ltr'><strong>confirmamus</strong></span> 
     </span>
     <span class='ocr_line' id='line_1_28' title="bbox 1855 1256 3514 1328; baseline -0.004 -9"><span class='ocrx_word' id='word_1_158' title='bbox 1855 1261 2232 1320; x_wconf 81' lang='lat' dir='ltr'><strong>inviolabiter</strong></span> <span class='ocrx_word' id='word_1_159' title='bbox 2258 1276 2396 1317; x_wconf 87' lang='lat' dir='ltr'><strong>eam</strong></span> <span class='ocrx_word' id='word_1_160' title='bbox 2422 1258 2730 1316; x_wconf 78' lang='lat' dir='ltr'><strong>observari</strong></span> <span class='ocrx_word' id='word_1_161' title='bbox 2778 1258 3062 1328; x_wconf 79' lang='lat' dir='ltr'><strong>volentes,</strong></span> <span class='ocrx_word' id='word_1_162' title='bbox 3115 1257 3309 1314; x_wconf 89' lang='lat' dir='ltr'><strong>donec</strong></span> <span class='ocrx_word' id='word_1_163' title='bbox 3338 1256 3514 1314; x_wconf 83' lang='lat' dir='ltr'><strong>vobis</strong></span> 
     </span>
     <span class='ocr_line' id='line_1_29' title="bbox 1859 1345 3516 1421; baseline -0.003 -13"><span class='ocrx_word' id='word_1_164' title='bbox 1859 1358 1916 1409; x_wconf 91' lang='lat' dir='ltr'><strong>et</strong></span> <span class='ocrx_word' id='word_1_165' title='bbox 1944 1350 2212 1407; x_wconf 63' lang='lat' dir='ltr'><strong>Ecclesiae</strong></span> <span class='ocrx_word' id='word_1_166' title='bbox 2245 1348 2507 1421; x_wconf 80' lang='lat' dir='ltr'><strong>plenarie</strong></span> <span class='ocrx_word' id='word_1_167' title='bbox 2520 1346 2952 1405; x_wconf 81' lang='lat' dir='ltr'><strong>satisfiat.Nulli</strong></span> <span class='ocrx_word' id='word_1_168' title='bbox 2977 1362 3120 1417; x_wconf 81' lang='lat' dir='ltr'><strong>ergo</strong></span> <span class='ocrx_word' id='word_1_169' title='bbox 3136 1347 3386 1405; x_wconf 91' lang='lat' dir='ltr'><strong>omnino</strong></span> <span class='ocrx_word' id='word_1_170' title='bbox 3405 1345 3516 1403; x_wconf 91' lang='lat' dir='ltr'><strong>ho·</strong></span> 
     </span>
    </p>
   </div>
   <div class='ocr_carea' id='block_1_14' title="bbox 1863 1434 3518 1510">
    <p class='ocr_par' dir='ltr' id='par_1_16' title="bbox 1863 1434 3518 1510">
     <span class='ocr_line' id='line_1_30' title="bbox 1863 1434 3518 1510; baseline -0.005 -12"><span class='ocrx_word' id='word_1_171' title='bbox 1863 1440 2095 1498; x_wconf 91' lang='lat' dir='ltr'><strong>minum</strong></span> <span class='ocrx_word' id='word_1_172' title='bbox 2128 1437 2469 1495; x_wconf 89' lang='lat' dir='ltr'><strong>liceathanc</strong></span> <span class='ocrx_word' id='word_1_173' title='bbox 2490 1436 2778 1510; x_wconf 77' lang='lat' dir='ltr'><strong>paginam</strong></span> <span class='ocrx_word' id='word_1_174' title='bbox 2806 1440 3027 1492; x_wconf 75' lang='lat' dir='ltr'><strong>nostrie</strong></span> <span class='ocrx_word' id='word_1_175' title='bbox 3043 1434 3518 1493; x_wconf 83' lang='lat' dir='ltr'><strong>confirmationis</strong></span> 
     </span>
    </p>
   </div>
   <div class='ocr_carea' id='block_1_15' title="bbox 106 1521 3523 1688">
    <p class='ocr_par' dir='ltr' id='par_1_17' title="bbox 106 1521 3523 1688">
     <span class='ocr_line' id='line_1_31' title="bbox 106 1521 3516 1598; baseline -0.002 -13"><span class='ocrx_word' id='word_1_176' title='bbox 106 1528 228 1586; x_wconf 91' lang='lat' dir='ltr'><strong>lem</strong></span> <span class='ocrx_word' id='word_1_177' title='bbox 260 1535 315 1583; x_wconf 89' lang='lat' dir='ltr'><strong>et</strong></span> <span class='ocrx_word' id='word_1_178' title='bbox 371 1524 718 1597; x_wconf 61' lang='lat' dir='ltr'><strong>apostolicas</strong></span> <span class='ocrx_word' id='word_1_179' title='bbox 749 1523 906 1580; x_wconf 89' lang='lat' dir='ltr'><strong>sedis</strong></span> <span class='ocrx_word' id='word_1_180' title='bbox 934 1526 1224 1595; x_wconf 80' lang='lat' dir='ltr'><strong>legatum,</strong></span> <span class='ocrx_word' id='word_1_181' title='bbox 1254 1525 1588 1597; x_wconf 82' lang='lat' dir='ltr'><strong>parochiali</strong></span> <span class='ocrx_word' id='word_1_182' title='bbox 1620 1526 1754 1597; x_wconf 83' lang='lat' dir='ltr'><strong>jure</strong></span> <span class='ocrx_word' id='word_1_183' title='bbox 1862 1528 2207 1598; x_wconf 78' lang='lat' dir='ltr'><strong>infringere,</strong></span> <span class='ocrx_word' id='word_1_184' title='bbox 2238 1525 2331 1583; x_wconf 81' lang='lat' dir='ltr'><strong>vel</strong></span> <span class='ocrx_word' id='word_1_185' title='bbox 2361 1526 2413 1582; x_wconf 92' lang='lat' dir='ltr'><strong>ei</strong></span> <span class='ocrx_word' id='word_1_186' title='bbox 2442 1542 2595 1584; x_wconf 90' lang='lat' dir='ltr'><strong>ausu</strong></span> <span class='ocrx_word' id='word_1_187' title='bbox 2619 1524 2937 1582; x_wconf 88' lang='lat' dir='ltr'><strong>temerario</strong></span> <span class='ocrx_word' id='word_1_188' title='bbox 2957 1523 3276 1582; x_wconf 87' lang='lat' dir='ltr'><strong>contraire.</strong></span> <span class='ocrx_word' id='word_1_189' title='bbox 3298 1524 3356 1581; x_wconf 91' lang='lat' dir='ltr'><strong>Si</strong></span> <span class='ocrx_word' id='word_1_190' title='bbox 3375 1521 3516 1598; x_wconf 80' lang='lat' dir='ltr'><strong>quis</strong></span> 
     </span>
     <span class='ocr_line' id='line_1_32' title="bbox 107 1611 3523 1688; baseline -0.001 -15"><span class='ocrx_word' id='word_1_191' title='bbox 107 1618 328 1674; x_wconf 91' lang='lat' dir='ltr'><strong>debere</strong></span> <span class='ocrx_word' id='word_1_192' title='bbox 358 1616 621 1679; x_wconf 88' lang='lat' dir='ltr'><strong>subesse,</strong></span> <span class='ocrx_word' id='word_1_193' title='bbox 644 1614 913 1671; x_wconf 89' lang='lat' dir='ltr'><strong>decimas</strong></span> <span class='ocrx_word' id='word_1_194' title='bbox 935 1614 1019 1669; x_wconf 90' lang='lat' dir='ltr'><strong>eis</strong></span> <span class='ocrx_word' id='word_1_195' title='bbox 1042 1613 1291 1671; x_wconf 84' lang='lat' dir='ltr'><strong>reddere</strong></span> <span class='ocrx_word' id='word_1_196' title='bbox 1315 1615 1753 1672; x_wconf 87' lang='lat' dir='ltr'><strong>contradicunt.</strong></span> <span class='ocrx_word' id='word_1_197' title='bbox 1787 1623 1833 1681; x_wconf 74' lang='grc' dir='ltr'><strong><em>Β</em></strong></span> <span class='ocrx_word' id='word_1_198' title='bbox 1865 1618 1982 1674; x_wconf 84' lang='lat' dir='ltr'><strong>hoc</strong></span> <span class='ocrx_word' id='word_1_199' title='bbox 2010 1621 2298 1675; x_wconf 82' lang='lat' dir='ltr'><strong>attentare</strong></span> <span class='ocrx_word' id='word_1_200' title='bbox 2327 1613 2798 1688; x_wconf 76' lang='lat' dir='ltr'><strong>praesumpserit,</strong></span> <span class='ocrx_word' id='word_1_201' title='bbox 2825 1613 3303 1684; x_wconf 75' lang='lat' dir='ltr'><strong>indignatIonem</strong></span> <span class='ocrx_word' id='word_1_202' title='bbox 3327 1611 3523 1669; x_wconf 90' lang='lat' dir='ltr'><strong>omni·</strong></span> 
     </span>
    </p>
   </div>
   <div class='ocr_carea' id='block_1_16' title="bbox 104 1701 1768 2930">
    <p class='ocr_par' dir='ltr' id='par_1_18' title="bbox 104 1701 1766 2399">
     <span class='ocr_line' id='line_1_33' title="bbox 110 1701 1759 1774; baseline -0.001 -12"><span class='ocrx_word' id='word_1_203' title='bbox 110 1705 385 1762; x_wconf 81' lang='lat' dir='ltr'><strong>volentes</strong></span> <span class='ocrx_word' id='word_1_204' title='bbox 412 1703 589 1774; x_wconf 82' lang='lat' dir='ltr'><strong>igitur</strong></span> <span class='ocrx_word' id='word_1_205' title='bbox 619 1703 846 1759; x_wconf 89' lang='lat' dir='ltr'><strong>eisdem</strong></span> <span class='ocrx_word' id='word_1_206' title='bbox 870 1701 1153 1760; x_wconf 83' lang='lat' dir='ltr'><strong>fratribus</strong></span> <span class='ocrx_word' id='word_1_207' title='bbox 1183 1719 1360 1762; x_wconf 90' lang='lat' dir='ltr'><strong>suam</strong></span> <span class='ocrx_word' id='word_1_208' title='bbox 1407 1717 1759 1761; x_wconf 80' lang='lat' dir='ltr'><strong>conservare</strong></span> 
     </span>
     <span class='ocr_line' id='line_1_34' title="bbox 104 1790 1763 1867; baseline -0.002 -19"><span class='ocrx_word' id='word_1_209' title='bbox 104 1793 401 1867; x_wconf 86' lang='lat' dir='ltr'><strong>justitiam</strong></span> <span class='ocrx_word' id='word_1_210' title='bbox 431 1791 739 1856; x_wconf 88' lang='lat' dir='ltr'><strong>illibatam.</strong></span> <span class='ocrx_word' id='word_1_211' title='bbox 772 1790 1122 1847; x_wconf 84' lang='lat' dir='ltr'><strong>fraternitati</strong></span> <span class='ocrx_word' id='word_1_212' title='bbox 1150 1796 1362 1848; x_wconf 80' lang='lat' dir='ltr'><strong>vestrae</strong></span> <span class='ocrx_word' id='word_1_213' title='bbox 1385 1806 1493 1863; x_wconf 89' lang='lat' dir='ltr'><strong>per</strong></span> <span class='ocrx_word' id='word_1_214' title='bbox 1528 1794 1763 1864; x_wconf 88' lang='lat' dir='ltr'><strong>aposto-</strong></span> 
     </span>
     <span class='ocr_line' id='line_1_35' title="bbox 107 1878 1761 1953; baseline -0.003 -14"><span class='ocrx_word' id='word_1_215' title='bbox 107 1883 230 1940; x_wconf 89' lang='lat' dir='ltr'><strong>lica</strong></span> <span class='ocrx_word' id='word_1_216' title='bbox 242 1882 460 1953; x_wconf 88' lang='lat' dir='ltr'><strong>scripta</strong></span> <span class='ocrx_word' id='word_1_217' title='bbox 486 1878 871 1946; x_wconf 85' lang='lat' dir='ltr'><strong>mandamus,</strong></span> <span class='ocrx_word' id='word_1_218' title='bbox 893 1885 1193 1951; x_wconf 87' lang='lat' dir='ltr'><strong>quatenus</strong></span> <span class='ocrx_word' id='word_1_219' title='bbox 1213 1879 1582 1937; x_wconf 78' lang='lat' dir='ltr'><strong>habitatores</strong></span> <span class='ocrx_word' id='word_1_220' title='bbox 1608 1880 1761 1952; x_wconf 88' lang='lat' dir='ltr'><strong>ipsa·</strong></span> 
     </span>
     <span class='ocr_line' id='line_1_36' title="bbox 111 1967 1760 2041; baseline -0.003 -14"><span class='ocrx_word' id='word_1_221' title='bbox 111 1986 250 2027; x_wconf 89' lang='lat' dir='ltr'><strong>rum</strong></span> <span class='ocrx_word' id='word_1_222' title='bbox 265 1968 609 2033; x_wconf 91' lang='lat' dir='ltr'><strong>domorum,</strong></span> <span class='ocrx_word' id='word_1_223' title='bbox 627 1967 799 2039; x_wconf 84' lang='lat' dir='ltr'><strong>juxta</strong></span> <span class='ocrx_word' id='word_1_224' title='bbox 836 1971 1103 2024; x_wconf 89' lang='lat' dir='ltr'><strong>tenorem</strong></span> <span class='ocrx_word' id='word_1_225' title='bbox 1119 1967 1402 2040; x_wconf 78' lang='lat' dir='ltr'><strong>privilegii</strong></span> <span class='ocrx_word' id='word_1_226' title='bbox 1423 1967 1760 2041; x_wconf 87' lang='lat' dir='ltr'><strong>apostolici;</strong></span> 
     </span>
     <span class='ocr_line' id='line_1_37' title="bbox 114 2055 1764 2128; baseline -0.002 -13"><span class='ocrx_word' id='word_1_227' title='bbox 114 2058 381 2116; x_wconf 89' lang='lat' dir='ltr'><strong>decimas</strong></span> <span class='ocrx_word' id='word_1_228' title='bbox 405 2058 489 2113; x_wconf 88' lang='lat' dir='ltr'><strong>eis</strong></span> <span class='ocrx_word' id='word_1_229' title='bbox 520 2056 648 2112; x_wconf 89' lang='lat' dir='ltr'><strong>sine</strong></span> <span class='ocrx_word' id='word_1_230' title='bbox 671 2055 1023 2112; x_wconf 82' lang='lat' dir='ltr'><strong>difficultate</strong></span> <span class='ocrx_word' id='word_1_231' title='bbox 1046 2057 1412 2128; x_wconf 83' lang='lat' dir='ltr'><strong>persolvant,</strong></span> <span class='ocrx_word' id='word_1_232' title='bbox 1454 2061 1512 2113; x_wconf 93' lang='lat' dir='ltr'><strong>et</strong></span> <span class='ocrx_word' id='word_1_233' title='bbox 1536 2055 1764 2113; x_wconf 84' lang='lat' dir='ltr'><strong>satisfa-</strong></span> 
     </span>
     <span class='ocr_line' id='line_1_38' title="bbox 114 2144 1766 2217; baseline 0 -14"><span class='ocrx_word' id='word_1_234' title='bbox 114 2148 277 2203; x_wconf 87' lang='lat' dir='ltr'><strong>ciant</strong></span> <span class='ocrx_word' id='word_1_235' title='bbox 306 2147 381 2202; x_wconf 91' lang='lat' dir='ltr'><strong>de</strong></span> <span class='ocrx_word' id='word_1_236' title='bbox 413 2146 747 2212; x_wconf 86' lang='lat' dir='ltr'><strong>subtractis,</strong></span> <span class='ocrx_word' id='word_1_237' title='bbox 779 2160 817 2201; x_wconf 91' lang='lat' dir='ltr'><strong>a</strong></span> <span class='ocrx_word' id='word_1_238' title='bbox 845 2144 941 2200; x_wconf 89' lang='lat' dir='ltr'><strong>die</strong></span> <span class='ocrx_word' id='word_1_239' title='bbox 983 2159 1107 2217; x_wconf 87' lang='lat' dir='ltr'><strong>quo</strong></span> <span class='ocrx_word' id='word_1_240' title='bbox 1154 2147 1448 2202; x_wconf 89' lang='lat' dir='ltr'><strong>sententia</strong></span> <span class='ocrx_word' id='word_1_241' title='bbox 1501 2145 1624 2203; x_wconf 89' lang='lat' dir='ltr'><strong>lata</strong></span> <span class='ocrx_word' id='word_1_242' title='bbox 1654 2144 1766 2203; x_wconf 84' lang='lat' dir='ltr'><strong>fuit</strong></span> 
     </span>
     <span class='ocr_line' id='line_1_39' title="bbox 115 2232 1761 2306; baseline -0.003 -12"><span class='ocrx_word' id='word_1_243' title='bbox 115 2236 468 2294; x_wconf 87' lang='lat' dir='ltr'><strong>auctoritate</strong></span> <span class='ocrx_word' id='word_1_244' title='bbox 489 2238 712 2301; x_wconf 89' lang='lat' dir='ltr'><strong>nostra,</strong></span> <span class='ocrx_word' id='word_1_245' title='bbox 731 2232 969 2289; x_wconf 89' lang='lat' dir='ltr'><strong>sublato</strong></span> <span class='ocrx_word' id='word_1_246' title='bbox 991 2232 1409 2306; x_wconf 83' lang='lat' dir='ltr'><strong>appellationis</strong></span> <span class='ocrx_word' id='word_1_247' title='bbox 1428 2232 1761 2300; x_wconf 87' lang='lat' dir='ltr'><strong>obstaculo,</strong></span> 
     </span>
     <span class='ocr_line' id='line_1_40' title="bbox 114 2320 1478 2399; baseline -0.001 -18"><span class='ocrx_word' id='word_1_248' title='bbox 114 2341 226 2399; x_wconf 85' lang='lat' dir='ltr'><strong>per</strong></span> <span class='ocrx_word' id='word_1_249' title='bbox 250 2339 565 2381; x_wconf 85' lang='lat' dir='ltr'><strong>censuram</strong></span> <span class='ocrx_word' id='word_1_250' title='bbox 596 2322 1053 2379; x_wconf 89' lang='lat' dir='ltr'><strong>ecclesiasticam</strong></span> <span class='ocrx_word' id='word_1_251' title='bbox 1085 2320 1478 2396; x_wconf 89' lang='lat' dir='ltr'><strong>compellatis.</strong></span> 
     </span>
    </p>

    <p class='ocr_par' dir='ltr' id='par_1_19' title="bbox 194 2410 1406 2479">
     <span class='ocr_line' id='line_1_41' title="bbox 194 2410 1406 2479; baseline -0.004 -8"><span class='ocrx_word' id='word_1_252' title='bbox 194 2417 407 2471; x_wconf 90' lang='lat' dir='ltr'><strong>Datum</strong></span> <span class='ocrx_word' id='word_1_253' title='bbox 439 2413 706 2479; x_wconf 76' lang='lat' dir='ltr'><strong>Veronae,</strong></span> <span class='ocrx_word' id='word_1_254' title='bbox 730 2428 809 2467; x_wconf 83' lang='lat' dir='ltr'><strong>xv</strong></span> <span class='ocrx_word' id='word_1_255' title='bbox 837 2411 1082 2468; x_wconf 82' lang='lat' dir='ltr'><strong>Kalend.</strong></span> <span class='ocrx_word' id='word_1_256' title='bbox 1109 2410 1406 2468; x_wconf 85' lang='lat' dir='ltr'><strong>Octobris.</strong></span> 
     </span>
    </p>

    <p class='ocr_par' dir='ltr' id='par_1_20' title="bbox 196 2499 1768 2930">
     <span class='ocr_line' id='line_1_42' title="bbox 827 2499 1053 2557; baseline -0.004 0"><span class='ocrx_word' id='word_1_257' title='bbox 827 2499 1053 2557; x_wconf 81' lang='lat' dir='ltr'><strong>CxClV.</strong></span> 
     </span>
     <span class='ocr_line' id='line_1_43' title="bbox 313 2589 1571 2661; baseline -0.001 -13"><span class='ocrx_word' id='word_1_258' title='bbox 313 2590 701 2661; x_wconf 73' lang='lat' dir='ltr'><strong>Pn&#39;vileqium</strong></span> <span class='ocrx_word' id='word_1_259' title='bbox 720 2604 832 2659; x_wconf 83' lang='lat' dir='ltr'><strong>pro</strong></span> <span class='ocrx_word' id='word_1_260' title='bbox 868 2590 1226 2647; x_wconf 80' lang='lat' dir='ltr'><strong>monasterio</strong></span> <span class='ocrx_word' id='word_1_261' title='bbox 1248 2589 1571 2647; x_wconf 78' lang='lat' dir='ltr'><strong>Reomensi.</strong></span> 
     </span>
     <span class='ocr_line' id='line_1_44' title="bbox 629 2678 1261 2750; baseline 0 -18"><span class='ocrx_word' id='word_1_262' title='bbox 629 2678 917 2750; x_wconf 71' lang='lat' dir='ltr'><strong>(veroum,</strong></span> <span class='ocrx_word' id='word_1_263' title='bbox 949 2679 1108 2750; x_wconf 90' lang='lat' dir='ltr'><strong>Sept.</strong></span> <span class='ocrx_word' id='word_1_264' title='bbox 1145 2678 1261 2749; x_wconf 83' lang='grc'><strong>17.)</strong></span> 
     </span>
     <span class='ocr_line' id='line_1_45' title="bbox 196 2766 1692 2842; baseline -0.001 -17"><span class='ocrx_word' id='word_1_265' title='bbox 196 2770 285 2842; x_wconf 91' lang='lat' dir='ltr'><strong>[D.</strong></span> <span class='ocrx_word' id='word_1_266' title='bbox 314 2773 583 2836; x_wconf 72' lang='lat' dir='ltr'><strong>Fuscus,</strong></span> <span class='ocrx_word' id='word_1_267' title='bbox 629 2766 779 2824; x_wconf 75' lang='lat' dir='ltr'><strong>Hist.</strong></span> <span class='ocrx_word' id='word_1_268' title='bbox 811 2767 885 2823; x_wconf 83' lang='lat' dir='ltr'><strong>de</strong></span> <span class='ocrx_word' id='word_1_269' title='bbox 915 2768 1123 2832; x_wconf 54' lang='lat' dir='ltr'><strong>Boua,</strong></span> <span class='ocrx_word' id='word_1_270' title='bbox 1152 2767 1194 2832; x_wconf 90' lang='lat'><strong>1,</strong></span> <span class='ocrx_word' id='word_1_271' title='bbox 1227 2767 1458 2834; x_wconf 76' lang='lat' dir='ltr'><strong>Preuv„</strong></span> <span class='ocrx_word' id='word_1_272' title='bbox 1492 2783 1550 2839; x_wconf 90' lang='lat' dir='ltr'><strong>p.</strong></span> <span class='ocrx_word' id='word_1_273' title='bbox 1577 2768 1667 2824; x_wconf 83' lang='lat'><strong>60.</strong></span> <span class='ocrx_word' id='word_1_274' title='bbox 1674 2767 1692 2838; x_wconf 91' lang='grc'><strong>]</strong></span> 
     </span>
     <span class='ocr_line' id='line_1_46' title="bbox 201 2855 1768 2930; baseline -0.004 -14"><span class='ocrx_word' id='word_1_275' title='bbox 201 2861 399 2916; x_wconf 80' lang='lat' dir='ltr'><strong>Lucius</strong></span> <span class='ocrx_word' id='word_1_276' title='bbox 418 2860 762 2930; x_wconf 87' lang='lat' dir='ltr'><strong>episcopus,</strong></span> <span class='ocrx_word' id='word_1_277' title='bbox 790 2871 1002 2911; x_wconf 81' lang='lat' dir='ltr'><strong>servus</strong></span> <span class='ocrx_word' id='word_1_278' title='bbox 1031 2871 1340 2912; x_wconf 82' lang='lat' dir='ltr'><strong>servorum</strong></span> <span class='ocrx_word' id='word_1_279' title='bbox 1387 2856 1508 2922; x_wconf 91' lang='lat' dir='ltr'><strong>Dei,</strong></span> <span class='ocrx_word' id='word_1_280' title='bbox 1539 2855 1768 2913; x_wconf 86' lang='lat' dir='ltr'><strong>dilectis</strong></span> 
     </span>
    </p>
   </div>
   <div class='ocr_carea' id='block_1_17' title="bbox 1868 1700 3518 1869">
    <p class='ocr_par' dir='ltr' id='par_1_21' title="bbox 1868 1700 3518 1869">
     <span class='ocr_line' id='line_1_47' title="bbox 1868 1700 3518 1782; baseline -0.004 -19"><span class='ocrx_word' id='word_1_281' title='bbox 1868 1706 2128 1782; x_wconf 87' lang='lat' dir='ltr'><strong>potentis</strong></span> <span class='ocrx_word' id='word_1_282' title='bbox 2154 1705 2251 1762; x_wconf 88' lang='lat' dir='ltr'><strong>Dei</strong></span> <span class='ocrx_word' id='word_1_283' title='bbox 2267 1709 2323 1761; x_wconf 95' lang='lat' dir='ltr'><strong>et</strong></span> <span class='ocrx_word' id='word_1_284' title='bbox 2337 1704 2650 1761; x_wconf 89' lang='lat' dir='ltr'><strong>beatorum</strong></span> <span class='ocrx_word' id='word_1_285' title='bbox 2669 1703 2818 1759; x_wconf 86' lang='lat' dir='ltr'><strong>Petri</strong></span> <span class='ocrx_word' id='word_1_286' title='bbox 2843 1706 2901 1759; x_wconf 90' lang='lat' dir='ltr'><strong>et</strong></span> <span class='ocrx_word' id='word_1_287' title='bbox 2926 1700 3090 1759; x_wconf 83' lang='lat' dir='ltr'><strong>Pauli</strong></span> <span class='ocrx_word' id='word_1_288' title='bbox 3106 1700 3518 1774; x_wconf 85' lang='lat' dir='ltr'><strong>apostolorum</strong></span> 
     </span>
     <span class='ocr_line' id='line_1_48' title="bbox 1870 1793 2767 1869; baseline -0.004 -17"><span class='ocrx_word' id='word_1_289' title='bbox 1870 1797 2001 1869; x_wconf 88' lang='lat' dir='ltr'><strong>ejus</strong></span> <span class='ocrx_word' id='word_1_290' title='bbox 2029 1794 2332 1851; x_wconf 80' lang='lat' dir='ltr'><strong>senoverit</strong></span> <span class='ocrx_word' id='word_1_291' title='bbox 2357 1793 2767 1849; x_wconf 89' lang='lat' dir='ltr'><strong>incursurum.</strong></span> 
     </span>
    </p>
   </div>
   <div class='ocr_carea' id='block_1_18' title="bbox 1943 1879 3017 2027">
    <p class='ocr_par' dir='ltr' id='par_1_22' title="bbox 1943 1879 3017 2027">
     <span class='ocr_line' id='line_1_49' title="bbox 1943 1879 3017 1948; baseline -0.003 -9"><span class='ocrx_word' id='word_1_292' title='bbox 1943 1885 2157 1941; x_wconf 91' lang='lat' dir='ltr'><strong>Datum</strong></span> <span class='ocrx_word' id='word_1_293' title='bbox 2188 1882 2453 1948; x_wconf 79' lang='lat' dir='ltr'><strong>Veronae,</strong></span> <span class='ocrx_word' id='word_1_294' title='bbox 2474 1896 2550 1937; x_wconf 82' lang='lat' dir='ltr'><strong>xv</strong></span> <span class='ocrx_word' id='word_1_295' title='bbox 2570 1881 2698 1936; x_wconf 83' lang='lat' dir='ltr'><strong>Kal.</strong></span> <span class='ocrx_word' id='word_1_296' title='bbox 2727 1879 3017 1937; x_wconf 88' lang='lat' dir='ltr'><strong>Octobris.</strong></span> 
     </span>
     <span class='ocr_line' id='line_1_50' title="bbox 2571 1969 2800 2027; baseline -0.009 -1"><span class='ocrx_word' id='word_1_297' title='bbox 2571 1969 2800 2027; x_wconf 75' lang='lat' dir='ltr'><strong>cxcvi.</strong></span> 
     </span>
    </p>
   </div>
   <div class='ocr_carea' id='block_1_19' title="bbox 1871 2057 3525 2399">
    <p class='ocr_par' dir='ltr' id='par_1_23' title="bbox 1871 2057 3525 2399">
     <span class='ocr_line' id='line_1_51' title="bbox 1984 2057 3391 2130; baseline -0.007 -8"><span class='ocrx_word' id='word_1_298' title='bbox 1984 2063 2177 2122; x_wconf 77' lang='lat' dir='ltr'><strong>Bulla</strong></span> <span class='ocrx_word' id='word_1_299' title='bbox 2193 2076 2306 2130; x_wconf 82' lang='lat' dir='ltr'><strong>pro</strong></span> <span class='ocrx_word' id='word_1_300' title='bbox 2335 2059 2636 2116; x_wconf 80' lang='lat' dir='ltr'><strong>canonicis</strong></span> <span class='ocrx_word' id='word_1_301' title='bbox 2664 2057 2723 2115; x_wconf 91' lang='lat' dir='ltr'><strong>S.</strong></span> <span class='ocrx_word' id='word_1_302' title='bbox 2763 2059 2925 2116; x_wconf 75' lang='lat' dir='ltr'><strong>Petri</strong></span> <span class='ocrx_word' id='word_1_303' title='bbox 2948 2057 3391 2115; x_wconf 76' lang='lat' dir='ltr'><strong>Suessionensis.</strong></span> 
     </span>
     <span class='ocr_line' id='line_1_52' title="bbox 2369 2144 3003 2219; baseline -0.005 -15"><span class='ocrx_word' id='word_1_304' title='bbox 2369 2147 2662 2219; x_wconf 77' lang='lat' dir='ltr'><strong>(Veronoe.</strong></span> <span class='ocrx_word' id='word_1_305' title='bbox 2683 2144 2845 2219; x_wconf 87' lang='lat' dir='ltr'><strong>Sept.</strong></span> <span class='ocrx_word' id='word_1_306' title='bbox 2881 2148 3003 2217; x_wconf 76' lang='lat'><strong>20.)</strong></span> 
     </span>
     <span class='ocr_line' id='line_1_53' title="bbox 1871 2235 3513 2316; baseline 0.001 -20"><span class='ocrx_word' id='word_1_307' title='bbox 1871 2241 1938 2296; x_wconf 92' lang='lat' dir='ltr'><strong>D.</strong></span> <span class='ocrx_word' id='word_1_308' title='bbox 1962 2242 2237 2304; x_wconf 56' lang='lat' dir='ltr'><strong>Genuam,</strong></span> <span class='ocrx_word' id='word_1_309' title='bbox 2269 2237 2415 2293; x_wconf 73' lang='lat' dir='ltr'><strong>nist.</strong></span> <span class='ocrx_word' id='word_1_310' title='bbox 2449 2236 2520 2291; x_wconf 79' lang='lat' dir='ltr'><strong>de</strong></span> <span class='ocrx_word' id='word_1_311' title='bbox 2537 2235 3314 2307; x_wconf 81' lang='lat' dir='ltr'><strong>Notre-DamedeSoissons,</strong></span> <span class='ocrx_word' id='word_1_312' title='bbox 3354 2238 3513 2316; x_wconf 65' lang='lat'><strong>442]</strong></span> 
     </span>
     <span class='ocr_line' id='line_1_54' title="bbox 1943 2325 3525 2399; baseline 0.001 -15"><span class='ocrx_word' id='word_1_313' title='bbox 1943 2329 2145 2385; x_wconf 79' lang='lat' dir='ltr'><strong>Lucius</strong></span> <span class='ocrx_word' id='word_1_314' title='bbox 2175 2327 2377 2383; x_wconf 88' lang='lat' dir='ltr'><strong>tertius</strong></span> <span class='ocrx_word' id='word_1_315' title='bbox 2413 2325 2754 2397; x_wconf 89' lang='lat' dir='ltr'><strong>episcopus,</strong></span> <span class='ocrx_word' id='word_1_316' title='bbox 2794 2340 3002 2381; x_wconf 84' lang='lat' dir='ltr'><strong>servus</strong></span> <span class='ocrx_word' id='word_1_317' title='bbox 3044 2341 3357 2386; x_wconf 87' lang='lat' dir='ltr'><strong>servorum</strong></span> <span class='ocrx_word' id='word_1_318' title='bbox 3399 2329 3525 2399; x_wconf 88' lang='lat' dir='ltr'><strong>Dei,</strong></span> 
     </span>
    </p>
   </div>
   <div class='ocr_carea' id='block_1_20' title="bbox 1871 2413 3527 2476">
    <p class='ocr_par' dir='ltr' id='par_1_24' title="bbox 1871 2413 3527 2476">
     <span class='ocr_line' id='line_1_55' title="bbox 1871 2413 3527 2476; baseline 0.001 -1"><span class='ocrx_word' id='word_1_319' title='bbox 1871 2417 2105 2476; x_wconf 88' lang='lat' dir='ltr'><strong>dilectis</strong></span> <span class='ocrx_word' id='word_1_320' title='bbox 2127 2416 2192 2473; x_wconf 89' lang='lat' dir='ltr'><strong>in</strong></span> <span class='ocrx_word' id='word_1_321' title='bbox 2232 2415 2461 2471; x_wconf 86' lang='lat' dir='ltr'><strong>Christo</strong></span> <span class='ocrx_word' id='word_1_322' title='bbox 2490 2413 2734 2469; x_wconf 83' lang='lat' dir='ltr'><strong>filiabus</strong></span> <span class='ocrx_word' id='word_1_323' title='bbox 2764 2413 3090 2472; x_wconf 82' lang='lat' dir='ltr'><strong>abbatissae</strong></span> <span class='ocrx_word' id='word_1_324' title='bbox 3120 2420 3174 2472; x_wconf 90' lang='lat' dir='ltr'><strong>et</strong></span> <span class='ocrx_word' id='word_1_325' title='bbox 3202 2418 3527 2476; x_wconf 83' lang='lat' dir='ltr'><strong>conventui</strong></span> 
     </span>
    </p>
   </div>
   <div class='ocr_carea' id='block_1_21' title="bbox 1876 2502 3529 2572">
    <p class='ocr_par' dir='ltr' id='par_1_25' title="bbox 1876 2502 3529 2572">
     <span class='ocr_line' id='line_1_56' title="bbox 1876 2502 3529 2572; baseline 0.001 -8"><span class='ocrx_word' id='word_1_326' title='bbox 1876 2510 2106 2565; x_wconf 83' lang='lat' dir='ltr'><strong>Sanctae</strong></span> <span class='ocrx_word' id='word_1_327' title='bbox 2136 2505 2327 2562; x_wconf 66' lang='lat' dir='ltr'><strong>Uarioe</strong></span> <span class='ocrx_word' id='word_1_328' title='bbox 2351 2502 2801 2559; x_wconf 88' lang='lat' dir='ltr'><strong>Suessionensis</strong></span> <span class='ocrx_word' id='word_1_329' title='bbox 2833 2503 3163 2572; x_wconf 88' lang='lat' dir='ltr'><strong>sororibus,</strong></span> <span class='ocrx_word' id='word_1_330' title='bbox 3196 2506 3449 2565; x_wconf 87' lang='lat' dir='ltr'><strong>salutem</strong></span> <span class='ocrx_word' id='word_1_331' title='bbox 3468 2510 3529 2566; x_wconf 81' lang='lat' dir='ltr'><strong>et</strong></span> 
     </span>
    </p>
   </div>
   <div class='ocr_carea' id='block_1_22' title="bbox 1873 2593 2788 2669">
    <p class='ocr_par' dir='ltr' id='par_1_26' title="bbox 1873 2593 2788 2669">
     <span class='ocr_line' id='line_1_57' title="bbox 1873 2593 2788 2669; baseline -0.01 -15"><span class='ocrx_word' id='word_1_332' title='bbox 1873 2593 2268 2669; x_wconf 89' lang='lat' dir='ltr'><strong>apostolicam</strong></span> <span class='ocrx_word' id='word_1_333' title='bbox 2288 2593 2788 2649; x_wconf 89' lang='lat' dir='ltr'><strong>benedictionem.</strong></span> 
     </span>
    </p>
   </div>
   <div class='ocr_carea' id='block_1_23' title="bbox 1875 2664 3646 2842">
    <p class='ocr_par' dir='ltr' id='par_1_27' title="bbox 1875 2664 3646 2842">
     <span class='ocr_line' id='line_1_58' title="bbox 1947 2664 3646 2758; baseline 0.001 -17"><span class='ocrx_word' id='word_1_334' title='bbox 1947 2687 2030 2741; x_wconf 84' lang='lat' dir='ltr'><strong>Ea</strong></span> <span class='ocrx_word' id='word_1_335' title='bbox 2066 2699 2202 2758; x_wconf 74' lang='lat' dir='ltr'><strong>quie</strong></span> <span class='ocrx_word' id='word_1_336' title='bbox 2225 2681 2303 2739; x_wconf 90' lang='lat' dir='ltr'><strong>ad</strong></span> <span class='ocrx_word' id='word_1_337' title='bbox 2328 2680 2512 2737; x_wconf 80' lang='lat' dir='ltr'><strong>divini</strong></span> <span class='ocrx_word' id='word_1_338' title='bbox 2539 2680 2731 2737; x_wconf 89' lang='lat' dir='ltr'><strong>cultus</strong></span> <span class='ocrx_word' id='word_1_339' title='bbox 2752 2681 3050 2752; x_wconf 88' lang='lat' dir='ltr'><strong>pertinent</strong></span> <span class='ocrx_word' id='word_1_340' title='bbox 3076 2682 3449 2742; x_wconf 85' lang='lat' dir='ltr'><strong>honestatem</strong></span> <span class='ocrx_word' id='word_1_341' title='bbox 3468 2687 3529 2743; x_wconf 75' lang='lat' dir='ltr'><strong>ei</strong></span> <span class='ocrx_word' id='word_1_342' title='bbox 3641 2664 3646 2669; x_wconf 41' lang='grc'><strong>’</strong></span> 
     </span>
     <span class='ocr_line' id='line_1_59' title="bbox 1875 2769 3531 2842; baseline -0.001 -11"><span class='ocrx_word' id='word_1_343' title='bbox 1875 2772 2275 2831; x_wconf 87' lang='lat' dir='ltr'><strong>Ecclesiarum</strong></span> <span class='ocrx_word' id='word_1_344' title='bbox 2345 2775 2674 2828; x_wconf 86' lang='lat' dir='ltr'><strong>noscuntur</strong></span> <span class='ocrx_word' id='word_1_345' title='bbox 2765 2769 3129 2842; x_wconf 79' lang='lat' dir='ltr'><strong>profectibus</strong></span> <span class='ocrx_word' id='word_1_346' title='bbox 3199 2772 3531 2838; x_wconf 80' lang='lat' dir='ltr'><strong>deservire.</strong></span> 
     </span>
    </p>
   </div>
   <div class='ocr_carea' id='block_1_24' title="bbox 1879 2859 3535 2937">
    <p class='ocr_par' dir='ltr' id='par_1_28' title="bbox 1879 2859 3535 2937">
     <span class='ocr_line' id='line_1_60' title="bbox 1879 2859 3535 2937; baseline -0.001 -16"><span class='ocrx_word' id='word_1_347' title='bbox 1879 2867 2163 2937; x_wconf 88' lang='lat' dir='ltr'><strong>prompta</strong></span> <span class='ocrx_word' id='word_1_348' title='bbox 2198 2860 2368 2916; x_wconf 89' lang='lat' dir='ltr'><strong>decet</strong></span> <span class='ocrx_word' id='word_1_349' title='bbox 2395 2875 2504 2918; x_wconf 89' lang='lat' dir='ltr'><strong>nos</strong></span> <span class='ocrx_word' id='word_1_350' title='bbox 2533 2859 2897 2929; x_wconf 81' lang='lat' dir='ltr'><strong>benignitate</strong></span> <span class='ocrx_word' id='word_1_351' title='bbox 2924 2861 3251 2918; x_wconf 86' lang='lat' dir='ltr'><strong>concedere</strong></span> <span class='ocrx_word' id='word_1_352' title='bbox 3304 2866 3360 2919; x_wconf 92' lang='lat' dir='ltr'><strong>et</strong></span> <span class='ocrx_word' id='word_1_353' title='bbox 3388 2877 3535 2920; x_wconf 88' lang='lat' dir='ltr'><strong>con·</strong></span> 
     </span>
    </p>
   </div>
   <div class='ocr_carea' id='block_1_25' title="bbox 128 2943 3535 3035">
    <p class='ocr_par' dir='ltr' id='par_1_29' title="bbox 128 2943 3535 3035">
     <span class='ocr_line' id='line_1_61' title="bbox 128 2943 3535 3035; baseline -0.003 -29"><span class='ocrx_word' id='word_1_354' title='bbox 128 2948 261 3006; x_wconf 87' lang='lat' dir='ltr'><strong>filiis</strong></span> <span class='ocrx_word' id='word_1_355' title='bbox 286 2946 487 3005; x_wconf 85' lang='lat' dir='ltr'><strong>abbati</strong></span> <span class='ocrx_word' id='word_1_356' title='bbox 510 2950 569 3002; x_wconf 89' lang='lat' dir='ltr'><strong>et</strong></span> <span class='ocrx_word' id='word_1_357' title='bbox 598 2943 856 3019; x_wconf 88' lang='lat' dir='ltr'><strong>capitulo</strong></span> <span class='ocrx_word' id='word_1_358' title='bbox 885 2946 1219 3013; x_wconf 83' lang='lat' dir='ltr'><strong>Reomensi,</strong></span> <span class='ocrx_word' id='word_1_359' title='bbox 1249 2943 1501 3003; x_wconf 88' lang='lat' dir='ltr'><strong>salutem</strong></span> <span class='ocrx_word' id='word_1_360' title='bbox 1516 2951 1772 3019; x_wconf 86' lang='lat' dir='ltr'><strong>etapos-</strong></span> <span class='ocrx_word' id='word_1_361' title='bbox 1801 2977 1843 3035; x_wconf 79' lang='lat' dir='ltr'>C</span> <span class='ocrx_word' id='word_1_362' title='bbox 1878 2968 2050 3011; x_wconf 68' lang='lat' dir='ltr'><strong>cessa</strong></span> <span class='ocrx_word' id='word_1_363' title='bbox 2074 2949 2410 3008; x_wconf 73' lang='lat' dir='ltr'><strong>deoaetero</strong></span> <span class='ocrx_word' id='word_1_364' title='bbox 2399 2964 2458 3006; x_wconf 83' lang='lat' dir='ltr'><strong>m</strong></span> <span class='ocrx_word' id='word_1_365' title='bbox 2481 2965 2593 3006; x_wconf 78' lang='lat' dir='ltr'><strong>sua</strong></span> <span class='ocrx_word' id='word_1_366' title='bbox 2623 2947 2941 3006; x_wconf 70' lang='lat' dir='ltr'><strong>stabilitate</strong></span> <span class='ocrx_word' id='word_1_367' title='bbox 2963 2952 3219 3008; x_wconf 63' lang='lat' dir='ltr'><strong>servare</strong></span> <span class='ocrx_word' id='word_1_368' title='bbox 3249 2948 3435 3009; x_wconf 77' lang='lat' dir='ltr'><strong>cum·</strong></span> <span class='ocrx_word' id='word_1_369' title='bbox 3419 2951 3535 3023; x_wconf 70' lang='lat'><strong>131-</strong></span> 
     </span>
    </p>
   </div>
   <div class='ocr_carea' id='block_1_26' title="bbox 129 3034 1796 4525">
    <p class='ocr_par' dir='ltr' id='par_1_30' title="bbox 130 3034 898 3095">
     <span class='ocr_line' id='line_1_62' title="bbox 130 3034 898 3095; baseline -0.008 0"><span class='ocrx_word' id='word_1_370' title='bbox 130 3038 366 3095; x_wconf 89' lang='lat' dir='ltr'><strong>tolicam</strong></span> <span class='ocrx_word' id='word_1_371' title='bbox 400 3034 898 3091; x_wconf 83' lang='lat' dir='ltr'><strong>benedictionem.</strong></span> 
     </span>
    </p>

    <p class='ocr_par' dir='ltr' id='par_1_31' title="bbox 129 3121 1796 4525">
     <span class='ocr_line' id='line_1_63' title="bbox 200 3121 1775 3196; baseline 0.001 -17"><span class='ocrx_word' id='word_1_372' title='bbox 200 3124 229 3179; x_wconf 86' lang='lat' dir='ltr'>J</span> <span class='ocrx_word' id='word_1_373' title='bbox 240 3125 381 3181; x_wconf 83' lang='lat' dir='ltr'><strong>ustis</strong></span> <span class='ocrx_word' id='word_1_374' title='bbox 410 3123 735 3196; x_wconf 90' lang='lat' dir='ltr'><strong>petentium</strong></span> <span class='ocrx_word' id='word_1_375' title='bbox 765 3121 1074 3177; x_wconf 89' lang='lat' dir='ltr'><strong>desideriis</strong></span> <span class='ocrx_word' id='word_1_376' title='bbox 1102 3122 1356 3191; x_wconf 82' lang='lat' dir='ltr'><strong>dignum</strong></span> <span class='ocrx_word' id='word_1_377' title='bbox 1376 3127 1469 3178; x_wconf 85' lang='lat' dir='ltr'><strong>est</strong></span> <span class='ocrx_word' id='word_1_378' title='bbox 1496 3138 1608 3179; x_wconf 90' lang='lat' dir='ltr'><strong>nos</strong></span> <span class='ocrx_word' id='word_1_379' title='bbox 1637 3122 1775 3181; x_wconf 89' lang='lat' dir='ltr'><strong>faci·</strong></span> 
     </span>
     <span class='ocr_line' id='line_1_64' title="bbox 129 3210 1777 3285; baseline -0.002 -15"><span class='ocrx_word' id='word_1_380' title='bbox 129 3213 249 3270; x_wconf 89' lang='lat' dir='ltr'><strong>lem</strong></span> <span class='ocrx_word' id='word_1_381' title='bbox 274 3213 537 3285; x_wconf 81' lang='lat' dir='ltr'><strong>proebere</strong></span> <span class='ocrx_word' id='word_1_382' title='bbox 559 3225 917 3266; x_wconf 88' lang='lat' dir='ltr'><strong>consensum</strong></span> <span class='ocrx_word' id='word_1_383' title='bbox 943 3215 1000 3264; x_wconf 92' lang='lat' dir='ltr'><strong>et</strong></span> <span class='ocrx_word' id='word_1_384' title='bbox 1021 3215 1158 3266; x_wconf 86' lang='lat' dir='ltr'><strong>vota</strong></span> <span class='ocrx_word' id='word_1_385' title='bbox 1173 3224 1310 3281; x_wconf 78' lang='lat' dir='ltr'><strong>quae</strong></span> <span class='ocrx_word' id='word_1_386' title='bbox 1334 3225 1371 3265; x_wconf 91' lang='lat' dir='ltr'><strong>a</strong></span> <span class='ocrx_word' id='word_1_387' title='bbox 1395 3210 1641 3268; x_wconf 89' lang='lat' dir='ltr'><strong>rationis</strong></span> <span class='ocrx_word' id='word_1_388' title='bbox 1664 3216 1777 3267; x_wconf 88' lang='lat' dir='ltr'><strong>tra·</strong></span> 
     </span>
     <span class='ocr_line' id='line_1_65' title="bbox 134 3295 1775 3371; baseline -0.002 -12"><span class='ocrx_word' id='word_1_389' title='bbox 134 3303 276 3359; x_wconf 89' lang='lat' dir='ltr'><strong>mite</strong></span> <span class='ocrx_word' id='word_1_390' title='bbox 290 3316 409 3357; x_wconf 91' lang='lat' dir='ltr'><strong>non</strong></span> <span class='ocrx_word' id='word_1_391' title='bbox 434 3295 1018 3365; x_wconf 80' lang='lat' dir='ltr'><strong>discordant‚eflectu</strong></span> <span class='ocrx_word' id='word_1_392' title='bbox 1040 3301 1433 3369; x_wconf 88' lang='lat' dir='ltr'><strong>prosequente</strong></span> <span class='ocrx_word' id='word_1_393' title='bbox 1451 3298 1775 3371; x_wconf 88' lang='lat' dir='ltr'><strong>complere.</strong></span> 
     </span>
     <span class='ocr_line' id='line_1_66' title="bbox 134 3384 1780 3463; baseline -0.002 -15"><span class='ocrx_word' id='word_1_394' title='bbox 134 3393 528 3463; x_wconf 86' lang='lat' dir='ltr'><strong>Quapropter.</strong></span> <span class='ocrx_word' id='word_1_395' title='bbox 590 3385 787 3442; x_wconf 89' lang='lat' dir='ltr'><strong>dilecti</strong></span> <span class='ocrx_word' id='word_1_396' title='bbox 818 3388 877 3441; x_wconf 93' lang='lat' dir='ltr'><strong>in</strong></span> <span class='ocrx_word' id='word_1_397' title='bbox 914 3387 1164 3443; x_wconf 88' lang='lat' dir='ltr'><strong>Domino</strong></span> <span class='ocrx_word' id='word_1_398' title='bbox 1210 3384 1335 3449; x_wconf 86' lang='lat' dir='ltr'><strong>filii,</strong></span> <span class='ocrx_word' id='word_1_399' title='bbox 1364 3386 1573 3443; x_wconf 84' lang='lat' dir='ltr'><strong>vestris</strong></span> <span class='ocrx_word' id='word_1_400' title='bbox 1602 3386 1780 3458; x_wconf 86' lang='lat' dir='ltr'><strong>justis</strong></span> 
     </span>
     <span class='ocr_line' id='line_1_67' title="bbox 133 3476 1782 3557; baseline -0.002 -20"><span class='ocrx_word' id='word_1_401' title='bbox 133 3476 645 3557; x_wconf 86' lang='lat' dir='ltr'><strong>postulationibus</strong></span> <span class='ocrx_word' id='word_1_402' title='bbox 666 3481 834 3546; x_wconf 78' lang='lat' dir='ltr'><strong>grato</strong></span> <span class='ocrx_word' id='word_1_403' title='bbox 857 3480 1277 3531; x_wconf 84' lang='lat' dir='ltr'><strong>concurrentes</strong></span> <span class='ocrx_word' id='word_1_404' title='bbox 1307 3490 1578 3544; x_wconf 88' lang='lat' dir='ltr'><strong>assensu,</strong></span> <span class='ocrx_word' id='word_1_405' title='bbox 1601 3476 1782 3533; x_wconf 88' lang='lat' dir='ltr'><strong>eccle·</strong></span> 
     </span>
     <span class='ocr_line' id='line_1_68' title="bbox 135 3563 1782 3642; baseline -0.004 -15"><span class='ocrx_word' id='word_1_406' title='bbox 135 3572 286 3627; x_wconf 85' lang='lat' dir='ltr'><strong>siam</strong></span> <span class='ocrx_word' id='word_1_407' title='bbox 327 3583 511 3642; x_wconf 86' lang='lat' dir='ltr'><strong>quam</strong></span> <span class='ocrx_word' id='word_1_408' title='bbox 568 3564 926 3621; x_wconf 82' lang='lat' dir='ltr'><strong>venerabilis</strong></span> <span class='ocrx_word' id='word_1_409' title='bbox 958 3564 1134 3621; x_wconf 88' lang='lat' dir='ltr'><strong>frater</strong></span> <span class='ocrx_word' id='word_1_410' title='bbox 1162 3568 1363 3621; x_wconf 88' lang='lat' dir='ltr'><strong>noster</strong></span> <span class='ocrx_word' id='word_1_411' title='bbox 1390 3563 1782 3638; x_wconf 76' lang='lat' dir='ltr'><strong>Lingonensis</strong></span> 
     </span>
     <span class='ocr_line' id='line_1_69' title="bbox 135 3652 1783 3731; baseline -0.003 -16"><span class='ocrx_word' id='word_1_412' title='bbox 135 3660 457 3731; x_wconf 85' lang='lat' dir='ltr'><strong>episcopus</strong></span> <span class='ocrx_word' id='word_1_413' title='bbox 510 3655 682 3727; x_wconf 80' lang='lat' dir='ltr'><strong>juxta</strong></span> <span class='ocrx_word' id='word_1_414' title='bbox 713 3659 958 3725; x_wconf 89' lang='lat' dir='ltr'><strong>pontem</strong></span> <span class='ocrx_word' id='word_1_415' title='bbox 990 3652 1356 3710; x_wconf 70' lang='lat' dir='ltr'><strong>Montisbarri</strong></span> <span class='ocrx_word' id='word_1_416' title='bbox 1401 3653 1459 3709; x_wconf 89' lang='lat' dir='ltr'><strong>in</strong></span> <span class='ocrx_word' id='word_1_417' title='bbox 1489 3653 1783 3711; x_wconf 89' lang='lat' dir='ltr'><strong>honorem</strong></span> 
     </span>
     <span class='ocr_line' id='line_1_70' title="bbox 137 3740 1784 3815; baseline -0.004 -10"><span class='ocrx_word' id='word_1_418' title='bbox 137 3749 295 3805; x_wconf 87' lang='lat' dir='ltr'><strong>beati</strong></span> <span class='ocrx_word' id='word_1_419' title='bbox 316 3748 556 3802; x_wconf 78' lang='lat' dir='ltr'><strong>Thomae</strong></span> <span class='ocrx_word' id='word_1_420' title='bbox 578 3742 855 3815; x_wconf 83' lang='lat' dir='ltr'><strong>martyris</strong></span> <span class='ocrx_word' id='word_1_421' title='bbox 872 3742 946 3798; x_wconf 90' lang='lat' dir='ltr'><strong>de</strong></span> <span class='ocrx_word' id='word_1_422' title='bbox 964 3758 1117 3798; x_wconf 86' lang='lat' dir='ltr'><strong>novo</strong></span> <span class='ocrx_word' id='word_1_423' title='bbox 1130 3740 1404 3798; x_wconf 82' lang='lat' dir='ltr'><strong>fundavit</strong></span> <span class='ocrx_word' id='word_1_424' title='bbox 1432 3747 1490 3799; x_wconf 88' lang='lat' dir='ltr'><strong>et</strong></span> <span class='ocrx_word' id='word_1_425' title='bbox 1510 3742 1679 3799; x_wconf 82' lang='lat' dir='ltr'><strong>vobis</strong></span> <span class='ocrx_word' id='word_1_426' title='bbox 1705 3743 1784 3800; x_wconf 90' lang='lat' dir='ltr'><strong>ad</strong></span> 
     </span>
     <span class='ocr_line' id='line_1_71' title="bbox 139 3829 1784 3903; baseline -0.003 -10"><span class='ocrx_word' id='word_1_427' title='bbox 139 3835 532 3893; x_wconf 85' lang='lat' dir='ltr'><strong>instituendos</strong></span> <span class='ocrx_word' id='word_1_428' title='bbox 568 3832 647 3888; x_wconf 88' lang='lat' dir='ltr'><strong>ibi</strong></span> <span class='ocrx_word' id='word_1_429' title='bbox 677 3832 1004 3889; x_wconf 86' lang='lat' dir='ltr'><strong>monachos</strong></span> <span class='ocrx_word' id='word_1_430' title='bbox 1025 3830 1100 3886; x_wconf 89' lang='lat' dir='ltr'><strong>de</strong></span> <span class='ocrx_word' id='word_1_431' title='bbox 1128 3829 1372 3903; x_wconf 87' lang='lat' dir='ltr'><strong>capituli</strong></span> <span class='ocrx_word' id='word_1_432' title='bbox 1400 3832 1493 3888; x_wconf 87' lang='lat' dir='ltr'><strong>sui</strong></span> <span class='ocrx_word' id='word_1_433' title='bbox 1535 3847 1784 3889; x_wconf 82' lang='lat' dir='ltr'><strong>assensu</strong></span> 
     </span>
     <span class='ocr_line' id='line_1_72' title="bbox 140 3918 1786 3988; baseline -0.003 -4"><span class='ocrx_word' id='word_1_434' title='bbox 140 3923 618 3988; x_wconf 84' lang='lat' dir='ltr'><strong>concessit,sicut</strong></span> <span class='ocrx_word' id='word_1_435' title='bbox 634 3922 802 3977; x_wconf 86' lang='lat' dir='ltr'><strong>vobis</strong></span> <span class='ocrx_word' id='word_1_436' title='bbox 820 3920 1108 3976; x_wconf 89' lang='lat' dir='ltr'><strong>canonice</strong></span> <span class='ocrx_word' id='word_1_437' title='bbox 1123 3918 1335 3976; x_wconf 87' lang='lat' dir='ltr'><strong>collata</strong></span> <span class='ocrx_word' id='word_1_438' title='bbox 1350 3925 1630 3978; x_wconf 84' lang='lat' dir='ltr'><strong>estetvos</strong></span> <span class='ocrx_word' id='word_1_439' title='bbox 1649 3937 1786 3979; x_wconf 90' lang='lat' dir='ltr'><strong>eam</strong></span> 
     </span>
     <span class='ocr_line' id='line_1_73' title="bbox 142 4008 1785 4081; baseline -0.004 -10"><span class='ocrx_word' id='word_1_440' title='bbox 142 4032 279 4071; x_wconf 92' lang='lat' dir='ltr'><strong>cum</strong></span> <span class='ocrx_word' id='word_1_441' title='bbox 310 4012 586 4069; x_wconf 88' lang='lat' dir='ltr'><strong>omnibus</strong></span> <span class='ocrx_word' id='word_1_442' title='bbox 608 4008 972 4081; x_wconf 88' lang='lat' dir='ltr'><strong>pertinentiis</strong></span> <span class='ocrx_word' id='word_1_443' title='bbox 997 4008 1119 4063; x_wconf 90' lang='lat' dir='ltr'><strong>suis</strong></span> <span class='ocrx_word' id='word_1_444' title='bbox 1150 4009 1433 4066; x_wconf 90' lang='lat' dir='ltr'><strong>canonice</strong></span> <span class='ocrx_word' id='word_1_445' title='bbox 1447 4009 1785 4081; x_wconf 85' lang='lat' dir='ltr'><strong>possidetis,</strong></span> 
     </span>
     <span class='ocr_line' id='line_1_74' title="bbox 143 4096 1791 4168; baseline -0.004 -8"><span class='ocrx_word' id='word_1_446' title='bbox 143 4102 439 4161; x_wconf 87' lang='lat' dir='ltr'><strong>devotioni</strong></span> <span class='ocrx_word' id='word_1_447' title='bbox 455 4105 661 4155; x_wconf 71' lang='lat' dir='ltr'><strong>vestrae</strong></span> <span class='ocrx_word' id='word_1_448' title='bbox 674 4097 1024 4155; x_wconf 89' lang='lat' dir='ltr'><strong>auctoritate</strong></span> <span class='ocrx_word' id='word_1_449' title='bbox 1037 4096 1358 4168; x_wconf 89' lang='lat' dir='ltr'><strong>apostolica</strong></span> <span class='ocrx_word' id='word_1_450' title='bbox 1369 4097 1791 4154; x_wconf 81' lang='lat' dir='ltr'><strong>confirmamus</strong></span> 
     </span>
     <span class='ocr_line' id='line_1_75' title="bbox 145 4185 1793 4265; baseline -0.004 -15"><span class='ocrx_word' id='word_1_451' title='bbox 145 4199 202 4250; x_wconf 91' lang='lat' dir='ltr'><strong>et</strong></span> <span class='ocrx_word' id='word_1_452' title='bbox 226 4190 530 4265; x_wconf 76' lang='lat' dir='ltr'><strong>praesentis</strong></span> <span class='ocrx_word' id='word_1_453' title='bbox 570 4188 769 4259; x_wconf 88' lang='lat' dir='ltr'><strong>scripti</strong></span> <span class='ocrx_word' id='word_1_454' title='bbox 802 4185 1134 4260; x_wconf 89' lang='lat' dir='ltr'><strong>patrocinio</strong></span> <span class='ocrx_word' id='word_1_455' title='bbox 1167 4185 1616 4242; x_wconf 88' lang='lat' dir='ltr'><strong>communimus</strong></span> <span class='ocrx_word' id='word_1_456' title='bbox 1640 4203 1654 4255; x_wconf 74' lang='grc' dir='ltr'>ς</span> <span class='ocrx_word' id='word_1_457' title='bbox 1677 4192 1793 4245; x_wconf 87' lang='lat' dir='ltr'><strong>sta·</strong></span> 
     </span>
     <span class='ocr_line' id='line_1_76' title="bbox 147 4272 1794 4349; baseline -0.003 -12"><span class='ocrx_word' id='word_1_458' title='bbox 147 4286 382 4337; x_wconf 87' lang='lat' dir='ltr'><strong>tuentes</strong></span> <span class='ocrx_word' id='word_1_459' title='bbox 415 4285 476 4333; x_wconf 92' lang='lat' dir='ltr'><strong>ut</strong></span> <span class='ocrx_word' id='word_1_460' title='bbox 509 4276 654 4333; x_wconf 88' lang='lat' dir='ltr'><strong>nulli</strong></span> <span class='ocrx_word' id='word_1_461' title='bbox 678 4275 929 4331; x_wconf 90' lang='lat' dir='ltr'><strong>omnino</strong></span> <span class='ocrx_word' id='word_1_462' title='bbox 957 4273 1270 4330; x_wconf 90' lang='lat' dir='ltr'><strong>hominum</strong></span> <span class='ocrx_word' id='word_1_463' title='bbox 1303 4272 1476 4330; x_wconf 88' lang='lat' dir='ltr'><strong>liceat</strong></span> <span class='ocrx_word' id='word_1_464' title='bbox 1500 4273 1658 4332; x_wconf 87' lang='lat' dir='ltr'><strong>hanc</strong></span> <span class='ocrx_word' id='word_1_465' title='bbox 1683 4291 1794 4349; x_wconf 91' lang='lat' dir='ltr'><strong>pa-</strong></span> 
     </span>
     <span class='ocr_line' id='line_1_77' title="bbox 149 4362 1794 4445; baseline -0.001 -20"><span class='ocrx_word' id='word_1_466' title='bbox 149 4373 355 4445; x_wconf 88' lang='lat' dir='ltr'><strong>ginam</strong></span> <span class='ocrx_word' id='word_1_467' title='bbox 379 4373 594 4423; x_wconf 63' lang='lat' dir='ltr'><strong>nostrie</strong></span> <span class='ocrx_word' id='word_1_468' title='bbox 612 4364 1081 4421; x_wconf 87' lang='lat' dir='ltr'><strong>confirmationis</strong></span> <span class='ocrx_word' id='word_1_469' title='bbox 1096 4363 1434 4434; x_wconf 78' lang='lat' dir='ltr'><strong>infringere,</strong></span> <span class='ocrx_word' id='word_1_470' title='bbox 1452 4362 1547 4421; x_wconf 82' lang='lat' dir='ltr'><strong>vel</strong></span> <span class='ocrx_word' id='word_1_471' title='bbox 1566 4366 1616 4421; x_wconf 89' lang='lat' dir='ltr'><strong>ei</strong></span> <span class='ocrx_word' id='word_1_472' title='bbox 1638 4382 1794 4424; x_wconf 85' lang='lat' dir='ltr'><strong>ausu</strong></span> 
     </span>
     <span class='ocr_line' id='line_1_78' title="bbox 152 4450 1796 4525; baseline -0.002 -9"><span class='ocrx_word' id='word_1_473' title='bbox 152 4459 466 4518; x_wconf 87' lang='lat' dir='ltr'><strong>temerario</strong></span> <span class='ocrx_word' id='word_1_474' title='bbox 493 4454 804 4510; x_wconf 87' lang='lat' dir='ltr'><strong>contraire.</strong></span> <span class='ocrx_word' id='word_1_475' title='bbox 839 4452 894 4508; x_wconf 86' lang='lat' dir='ltr'><strong>Si</strong></span> <span class='ocrx_word' id='word_1_476' title='bbox 943 4451 1081 4525; x_wconf 87' lang='lat' dir='ltr'><strong>quis</strong></span> <span class='ocrx_word' id='word_1_477' title='bbox 1135 4456 1335 4507; x_wconf 87' lang='lat' dir='ltr'><strong>autem</strong></span> <span class='ocrx_word' id='word_1_478' title='bbox 1361 4450 1477 4509; x_wconf 85' lang='lat' dir='ltr'><strong>hoc</strong></span> <span class='ocrx_word' id='word_1_479' title='bbox 1508 4459 1796 4513; x_wconf 84' lang='lat' dir='ltr'><strong>attentare</strong></span> 
     </span>
    </p>
   </div>
   <div class='ocr_carea' id='block_1_27' title="bbox 147 4540 1800 4623">
    <p class='ocr_par' dir='ltr' id='par_1_32' title="bbox 147 4540 1800 4623">
     <span class='ocr_line' id='line_1_79' title="bbox 147 4540 1800 4623; baseline -0.001 -20"><span class='ocrx_word' id='word_1_480' title='bbox 147 4543 617 4623; x_wconf 66' lang='lat' dir='ltr'><strong>praesumpserit</strong></span> <span class='ocrx_word' id='word_1_481' title='bbox 662 4541 1131 4614; x_wconf 84' lang='lat' dir='ltr'><strong>indignationem</strong></span> <span class='ocrx_word' id='word_1_482' title='bbox 1162 4540 1591 4613; x_wconf 89' lang='lat' dir='ltr'><strong>omnipotentis</strong></span> <span class='ocrx_word' id='word_1_483' title='bbox 1613 4544 1713 4600; x_wconf 89' lang='lat' dir='ltr'><strong>Dei</strong></span> <span class='ocrx_word' id='word_1_484' title='bbox 1742 4550 1800 4602; x_wconf 89' lang='lat' dir='ltr'><strong>et</strong></span> 
     </span>
    </p>
   </div>
   <div class='ocr_carea' id='block_1_28' title="bbox 149 4728 1680 5242">
    <p class='ocr_par' dir='ltr' id='par_1_33' title="bbox 149 4728 1680 5242">
     <span class='ocr_line' id='line_1_80' title="bbox 149 4728 558 4785; baseline -0.023 0"><span class='ocrx_word' id='word_1_485' title='bbox 149 4728 558 4785; x_wconf 89' lang='lat' dir='ltr'><strong>incursurum.</strong></span> 
     </span>
     <span class='ocr_line' id='line_1_81' title="bbox 222 4805 1314 4875; baseline -0.009 -4"><span class='ocrx_word' id='word_1_486' title='bbox 222 4814 437 4870; x_wconf 83' lang='lat' dir='ltr'><strong>Datum</strong></span> <span class='ocrx_word' id='word_1_487' title='bbox 468 4812 735 4875; x_wconf 77' lang='lat' dir='ltr'><strong>Veronoe,</strong></span> <span class='ocrx_word' id='word_1_488' title='bbox 764 4822 834 4864; x_wconf 83' lang='lat' dir='ltr'><strong>xv</strong></span> <span class='ocrx_word' id='word_1_489' title='bbox 863 4805 992 4862; x_wconf 80' lang='lat' dir='ltr'><strong>Kal.</strong></span> <span class='ocrx_word' id='word_1_490' title='bbox 1027 4806 1314 4863; x_wconf 81' lang='lat' dir='ltr'><strong>Octobris.</strong></span> 
     </span>
     <span class='ocr_line' id='line_1_82' title="bbox 289 4895 1680 5059; baseline -0.001 -11"><span class='ocrx_word' id='word_1_491' title='bbox 289 4991 468 5048; x_wconf 81' lang='lat' dir='ltr'><strong>Bulla</strong></span> <span class='ocrx_word' id='word_1_492' title='bbox 495 5002 607 5059; x_wconf 79' lang='lat' dir='ltr'><strong>pro</strong></span> <span class='ocrx_word' id='word_1_493' title='bbox 634 4895 1268 5055; x_wconf 39' lang='grc' dir='ltr'><strong>εαρίἰαίοοξῗζανείηἰ</strong></span> <span class='ocrx_word' id='word_1_494' title='bbox 1299 4984 1680 5046; x_wconf 75' lang='lat' dir='ltr'><strong>Turonensis.</strong></span> 
     </span>
     <span class='ocr_line' id='line_1_83' title="bbox 672 5073 1298 5146; baseline -0.003 -16"><span class='ocrx_word' id='word_1_495' title='bbox 672 5074 963 5146; x_wconf 81' lang='lat' dir='ltr'><strong>(Veronae,</strong></span> <span class='ocrx_word' id='word_1_496' title='bbox 994 5073 1154 5144; x_wconf 89' lang='lat' dir='ltr'><strong>Sept.</strong></span> <span class='ocrx_word' id='word_1_497' title='bbox 1191 5073 1298 5144; x_wconf 80' lang='lat'><strong>¹7.)</strong></span> 
     </span>
     <span class='ocr_line' id='line_1_84' title="bbox 303 5161 1661 5242; baseline -0.003 -19"><span class='ocrx_word' id='word_1_498' title='bbox 303 5165 541 5242; x_wconf 80' lang='lat' dir='ltr'><strong>[Privil.</strong></span> <span class='ocrx_word' id='word_1_499' title='bbox 573 5164 645 5221; x_wconf 85' lang='lat' dir='ltr'><strong>de</strong></span> <span class='ocrx_word' id='word_1_500' title='bbox 666 5161 1098 5220; x_wconf 69' lang='lat' dir='ltr'><strong>Scine-Martia</strong></span> <span class='ocrx_word' id='word_1_501' title='bbox 1125 5161 1199 5217; x_wconf 81' lang='lat' dir='ltr'><strong>de</strong></span> <span class='ocrx_word' id='word_1_502' title='bbox 1232 5161 1435 5223; x_wconf 62' lang='lat' dir='ltr'><strong>Toum..</strong></span> <span class='ocrx_word' id='word_1_503' title='bbox 1463 5177 1524 5237; x_wconf 91' lang='lat' dir='ltr'><strong>p.</strong></span> <span class='ocrx_word' id='word_1_504' title='bbox 1548 5166 1661 5238; x_wconf 75' lang='grc'><strong>25.]</strong></span> 
     </span>
    </p>
   </div>
   <div class='ocr_carea' id='block_1_29' title="bbox 1879 3037 3563 4529">
    <p class='ocr_par' dir='ltr' id='par_1_34' title="bbox 1879 3037 3563 4525">
     <span class='ocr_line' id='line_1_85' title="bbox 1879 3037 3537 3100; baseline -0.001 0"><span class='ocrx_word' id='word_1_505' title='bbox 1879 3050 1978 3100; x_wconf 85' lang='lat' dir='ltr'><strong>tur</strong></span> <span class='ocrx_word' id='word_1_506' title='bbox 2020 3041 2215 3098; x_wconf 84' lang='lat' dir='ltr'><strong>dilecti</strong></span> <span class='ocrx_word' id='word_1_507' title='bbox 2271 3039 2377 3095; x_wconf 78' lang='lat' dir='ltr'><strong>filii</strong></span> <span class='ocrx_word' id='word_1_508' title='bbox 2424 3038 2610 3095; x_wconf 84' lang='lat' dir='ltr'><strong>nostri</strong></span> <span class='ocrx_word' id='word_1_509' title='bbox 2639 3037 2915 3095; x_wconf 89' lang='lat' dir='ltr'><strong>canonici</strong></span> <span class='ocrx_word' id='word_1_510' title='bbox 2946 3040 3145 3097; x_wconf 90' lang='lat' dir='ltr'><strong>Sancti</strong></span> <span class='ocrx_word' id='word_1_511' title='bbox 3186 3040 3334 3098; x_wconf 88' lang='lat' dir='ltr'><strong>Petri</strong></span> <span class='ocrx_word' id='word_1_512' title='bbox 3363 3039 3537 3098; x_wconf 87' lang='lat' dir='ltr'><strong>Sues·</strong></span> 
     </span>
     <span class='ocr_line' id='line_1_86' title="bbox 1883 3126 3535 3203; baseline -0.002 -14"><span class='ocrx_word' id='word_1_513' title='bbox 1883 3130 2207 3199; x_wconf 86' lang='lat' dir='ltr'><strong>sionensis,</strong></span> <span class='ocrx_word' id='word_1_514' title='bbox 2249 3129 2420 3199; x_wconf 80' lang='lat' dir='ltr'><strong>juxta</strong></span> <span class='ocrx_word' id='word_1_515' title='bbox 2456 3128 2735 3200; x_wconf 88' lang='lat' dir='ltr'><strong>antiquas</strong></span> <span class='ocrx_word' id='word_1_516' title='bbox 2784 3126 3197 3184; x_wconf 78' lang='lat' dir='ltr'><strong>observantias</strong></span> <span class='ocrx_word' id='word_1_517' title='bbox 3249 3130 3535 3203; x_wconf 83' lang='lat' dir='ltr'><strong>temporis</strong></span> 
     </span>
     <span class='ocr_line' id='line_1_87' title="bbox 1885 3215 3539 3294; baseline -0.001 -16"><span class='ocrx_word' id='word_1_518' title='bbox 1885 3218 2288 3294; x_wconf 75' lang='lat' dir='ltr'><strong>proecedentis,</strong></span> <span class='ocrx_word' id='word_1_519' title='bbox 2304 3215 2472 3273; x_wconf 89' lang='lat' dir='ltr'><strong>altari</strong></span> <span class='ocrx_word' id='word_1_520' title='bbox 2488 3218 2676 3273; x_wconf 73' lang='lat' dir='ltr'><strong>Beatie</strong></span> <span class='ocrx_word' id='word_1_521' title='bbox 2688 3217 2880 3273; x_wconf 70' lang='lat' dir='ltr'><strong>Marias</strong></span> <span class='ocrx_word' id='word_1_522' title='bbox 2905 3215 2967 3272; x_wconf 90' lang='lat' dir='ltr'><strong>in</strong></span> <span class='ocrx_word' id='word_1_523' title='bbox 2995 3217 3249 3289; x_wconf 90' lang='lat' dir='ltr'><strong>propriis</strong></span> <span class='ocrx_word' id='word_1_524' title='bbox 3264 3223 3539 3277; x_wconf 87' lang='lat' dir='ltr'><strong>tenentur</strong></span> 
     </span>
     <span class='ocr_line' id='line_1_88' title="bbox 1885 3303 3542 3377; baseline -0.001 -11"><span class='ocrx_word' id='word_1_525' title='bbox 1885 3308 2185 3366; x_wconf 84' lang='lat' dir='ltr'><strong>deservire</strong></span> <span class='ocrx_word' id='word_1_526' title='bbox 2214 3304 2471 3377; x_wconf 68' lang='lat' dir='ltr'><strong>pei—soni.</strong></span> <span class='ocrx_word' id='word_1_527' title='bbox 2498 3309 2555 3360; x_wconf 88' lang='lat' dir='ltr'><strong>et</strong></span> <span class='ocrx_word' id='word_1_528' title='bbox 2583 3304 2658 3360; x_wconf 89' lang='lat' dir='ltr'><strong>ad</strong></span> <span class='ocrx_word' id='word_1_529' title='bbox 2683 3309 2759 3369; x_wconf 89' lang='lat' dir='ltr'><strong>te,</strong></span> <span class='ocrx_word' id='word_1_530' title='bbox 2789 3303 2912 3360; x_wconf 83' lang='lat' dir='ltr'><strong>filia</strong></span> <span class='ocrx_word' id='word_1_531' title='bbox 2936 3303 3262 3376; x_wconf 88' lang='lat' dir='ltr'><strong>abbatissa,</strong></span> <span class='ocrx_word' id='word_1_532' title='bbox 3293 3305 3542 3365; x_wconf 86' lang='lat' dir='ltr'><strong>donatio</strong></span> 
     </span>
     <span class='ocr_line' id='line_1_89' title="bbox 1887 3392 3540 3472; baseline -0.002 -17"><span class='ocrx_word' id='word_1_533' title='bbox 1887 3397 2179 3472; x_wconf 89' lang='lat' dir='ltr'><strong>pertineat</strong></span> <span class='ocrx_word' id='word_1_534' title='bbox 2216 3392 2704 3466; x_wconf 65' lang='lat' dir='ltr'><strong>prebendarum,</strong></span> <span class='ocrx_word' id='word_1_535' title='bbox 2758 3394 3145 3463; x_wconf 68' lang='lat' dir='ltr'><strong>praesentium</strong></span> <span class='ocrx_word' id='word_1_536' title='bbox 3185 3395 3540 3452; x_wconf 85' lang='lat' dir='ltr'><strong>auctoritate</strong></span> 
     </span>
     <span class='ocr_line' id='line_1_90' title="bbox 1888 3480 3545 3548; baseline -0.004 -3"><span class='ocrx_word' id='word_1_537' title='bbox 1888 3483 2271 3545; x_wconf 87' lang='lat' dir='ltr'><strong>decernimus</strong></span> <span class='ocrx_word' id='word_1_538' title='bbox 2299 3486 2357 3537; x_wconf 89' lang='lat' dir='ltr'><strong>et</strong></span> <span class='ocrx_word' id='word_1_539' title='bbox 2383 3481 2698 3537; x_wconf 82' lang='lat' dir='ltr'><strong>firmamus</strong></span> <span class='ocrx_word' id='word_1_540' title='bbox 2732 3480 3109 3548; x_wconf 85' lang='lat' dir='ltr'><strong>ut‚sicuthoc</strong></span> <span class='ocrx_word' id='word_1_541' title='bbox 3136 3486 3422 3539; x_wconf 85' lang='lat' dir='ltr'><strong>statutum</strong></span> <span class='ocrx_word' id='word_1_542' title='bbox 3452 3485 3545 3540; x_wconf 86' lang='lat' dir='ltr'><strong>est</strong></span> 
     </span>
     <span class='ocr_line' id='line_1_91' title="bbox 1891 3567 3541 3635; baseline -0.004 -2"><span class='ocrx_word' id='word_1_543' title='bbox 1891 3576 2172 3633; x_wconf 90' lang='lat' dir='ltr'><strong>ethacten</strong></span> <span class='ocrx_word' id='word_1_544' title='bbox 2181 3588 2248 3628; x_wconf 85' lang='lat' dir='ltr'><strong>us</strong></span> <span class='ocrx_word' id='word_1_545' title='bbox 2258 3571 2662 3635; x_wconf 81' lang='lat' dir='ltr'><strong>observatum,</strong></span> <span class='ocrx_word' id='word_1_546' title='bbox 2693 3567 2838 3625; x_wconf 88' lang='lat' dir='ltr'><strong>nulli</strong></span> <span class='ocrx_word' id='word_1_547' title='bbox 2854 3570 3285 3626; x_wconf 86' lang='lat' dir='ltr'><strong>canonicorum</strong></span> <span class='ocrx_word' id='word_1_548' title='bbox 3299 3570 3541 3628; x_wconf 89' lang='lat' dir='ltr'><strong>illorum</strong></span> 
     </span>
     <span class='ocr_line' id='line_1_92' title="bbox 1890 3655 3548 3731; baseline -0.004 -8"><span class='ocrx_word' id='word_1_549' title='bbox 1890 3665 2065 3723; x_wconf 90' lang='lat' dir='ltr'><strong>liceat</strong></span> <span class='ocrx_word' id='word_1_550' title='bbox 2082 3662 2160 3720; x_wconf 90' lang='lat' dir='ltr'><strong>ad</strong></span> <span class='ocrx_word' id='word_1_551' title='bbox 2183 3675 2392 3717; x_wconf 88' lang='lat' dir='ltr'><strong>curam</strong></span> <span class='ocrx_word' id='word_1_552' title='bbox 2418 3656 2847 3730; x_wconf 86' lang='lat' dir='ltr'><strong>parochialem,</strong></span> <span class='ocrx_word' id='word_1_553' title='bbox 2870 3657 2983 3713; x_wconf 90' lang='lat' dir='ltr'><strong>nisi</strong></span> <span class='ocrx_word' id='word_1_554' title='bbox 3012 3658 3336 3731; x_wconf 59' lang='lat' dir='ltr'><strong>praebenda</strong></span> <span class='ocrx_word' id='word_1_555' title='bbox 3363 3655 3548 3717; x_wconf 84' lang='lat' dir='ltr'><strong>eccle·</strong></span> 
     </span>
     <span class='ocr_line' id='line_1_93' title="bbox 1895 3731 3546 3815; baseline -0.004 -3"><span class='ocrx_word' id='word_1_556' title='bbox 1895 3756 1998 3812; x_wconf 80' lang='lat' dir='ltr'><strong>siae</strong></span> <span class='ocrx_word' id='word_1_557' title='bbox 2027 3757 2235 3808; x_wconf 81' lang='lat' dir='ltr'><strong>vestrae</strong></span> <span class='ocrx_word' id='word_1_558' title='bbox 2279 3748 2550 3815; x_wconf 86' lang='lat' dir='ltr'><strong>dimissa,</strong></span> <span class='ocrx_word' id='word_1_559' title='bbox 2600 3747 2875 3815; x_wconf 87' lang='lat' dir='ltr'><strong>transire,</strong></span> <span class='ocrx_word' id='word_1_560' title='bbox 2924 3751 3030 3803; x_wconf 89' lang='lat' dir='ltr'><strong>aut</strong></span> <span class='ocrx_word' id='word_1_561' title='bbox 3066 3748 3254 3806; x_wconf 90' lang='lat' dir='ltr'><strong>alium</strong></span> <span class='ocrx_word' id='word_1_562' title='bbox 3308 3731 3546 3806; x_wconf 83' lang='lat' dir='ltr'><strong>titulum</strong></span> 
     </span>
     <span class='ocr_line' id='line_1_94' title="bbox 1897 3835 3551 3912; baseline -0.003 -12"><span class='ocrx_word' id='word_1_563' title='bbox 1897 3842 2218 3912; x_wconf 85' lang='lat' dir='ltr'><strong>suscipere,</strong></span> <span class='ocrx_word' id='word_1_564' title='bbox 2239 3854 2349 3911; x_wconf 90' lang='lat' dir='ltr'><strong>pro</strong></span> <span class='ocrx_word' id='word_1_565' title='bbox 2376 3852 2501 3910; x_wconf 90' lang='lat' dir='ltr'><strong>quo</strong></span> <span class='ocrx_word' id='word_1_566' title='bbox 2529 3835 2838 3893; x_wconf 82' lang='lat' dir='ltr'><strong>servitium</strong></span> <span class='ocrx_word' id='word_1_567' title='bbox 2870 3835 2997 3909; x_wconf 89' lang='lat' dir='ltr'><strong>ejus</strong></span> <span class='ocrx_word' id='word_1_568' title='bbox 3020 3836 3308 3909; x_wconf 73' lang='lat' dir='ltr'><strong>prtedicto</strong></span> <span class='ocrx_word' id='word_1_569' title='bbox 3326 3835 3551 3895; x_wconf 77' lang='lat' dir='ltr'><strong>debeat</strong></span> 
     </span>
     <span class='ocr_line' id='line_1_95' title="bbox 1896 3924 3549 3996; baseline -0.004 -7"><span class='ocrx_word' id='word_1_570' title='bbox 1896 3930 2059 3989; x_wconf 88' lang='lat' dir='ltr'><strong>altari</strong></span> <span class='ocrx_word' id='word_1_571' title='bbox 2103 3929 2329 3985; x_wconf 87' lang='lat' dir='ltr'><strong>deesse.</strong></span> <span class='ocrx_word' id='word_1_572' title='bbox 2361 3925 2513 3984; x_wconf 85' lang='lat' dir='ltr'><strong>Nulli</strong></span> <span class='ocrx_word' id='word_1_573' title='bbox 2543 3939 2685 3996; x_wconf 77' lang='lat' dir='ltr'><strong>ergo</strong></span> <span class='ocrx_word' id='word_1_574' title='bbox 2732 3925 2981 3981; x_wconf 91' lang='lat' dir='ltr'><strong>omnino</strong></span> <span class='ocrx_word' id='word_1_575' title='bbox 3027 3925 3340 3983; x_wconf 89' lang='lat' dir='ltr'><strong>hominum</strong></span> <span class='ocrx_word' id='word_1_576' title='bbox 3370 3924 3549 3984; x_wconf 84' lang='lat' dir='ltr'><strong>liceat</strong></span> 
     </span>
     <span class='ocr_line' id='line_1_96' title="bbox 1897 4012 3550 4092; baseline -0.004 -14"><span class='ocrx_word' id='word_1_577' title='bbox 1897 4021 2056 4079; x_wconf 86' lang='lat' dir='ltr'><strong>hanc</strong></span> <span class='ocrx_word' id='word_1_578' title='bbox 2084 4018 2367 4092; x_wconf 75' lang='lat' dir='ltr'><strong>paginam</strong></span> <span class='ocrx_word' id='word_1_579' title='bbox 2400 4019 2618 4071; x_wconf 71' lang='lat' dir='ltr'><strong>nostrie</strong></span> <span class='ocrx_word' id='word_1_580' title='bbox 2655 4014 3057 4070; x_wconf 88' lang='lat' dir='ltr'><strong>concessionis</strong></span> <span class='ocrx_word' id='word_1_581' title='bbox 3093 4014 3432 4086; x_wconf 77' lang='lat' dir='ltr'><strong>infringere,</strong></span> <span class='ocrx_word' id='word_1_582' title='bbox 3455 4012 3550 4072; x_wconf 81' lang='lat' dir='ltr'><strong>vel</strong></span> 
     </span>
     <span class='ocr_line' id='line_1_97' title="bbox 1899 4100 3550 4175; baseline -0.003 -9"><span class='ocrx_word' id='word_1_583' title='bbox 1899 4110 1951 4167; x_wconf 90' lang='lat' dir='ltr'><strong>ei</strong></span> <span class='ocrx_word' id='word_1_584' title='bbox 1982 4124 2133 4165; x_wconf 89' lang='lat' dir='ltr'><strong>ausu</strong></span> <span class='ocrx_word' id='word_1_585' title='bbox 2166 4103 2481 4162; x_wconf 90' lang='lat' dir='ltr'><strong>temerario</strong></span> <span class='ocrx_word' id='word_1_586' title='bbox 2504 4100 2822 4159; x_wconf 88' lang='lat' dir='ltr'><strong>contraire.</strong></span> <span class='ocrx_word' id='word_1_587' title='bbox 2850 4102 3062 4175; x_wconf 84' lang='lat' dir='ltr'><strong>Siquis</strong></span> <span class='ocrx_word' id='word_1_588' title='bbox 3087 4108 3290 4160; x_wconf 88' lang='lat' dir='ltr'><strong>autem</strong></span> <span class='ocrx_word' id='word_1_589' title='bbox 3319 4103 3437 4161; x_wconf 85' lang='lat' dir='ltr'><strong>hoc</strong></span> <span class='ocrx_word' id='word_1_590' title='bbox 3464 4106 3550 4161; x_wconf 88' lang='lat' dir='ltr'><strong>at·</strong></span> 
     </span>
     <span class='ocr_line' id='line_1_98' title="bbox 1900 4190 3562 4268; baseline -0.005 -11"><span class='ocrx_word' id='word_1_591' title='bbox 1900 4201 2128 4258; x_wconf 85' lang='lat' dir='ltr'><strong>tentare</strong></span> <span class='ocrx_word' id='word_1_592' title='bbox 2148 4190 3096 4268; x_wconf 76' lang='lat' dir='ltr'><strong>proesumpserit,indignationem</strong></span> <span class='ocrx_word' id='word_1_593' title='bbox 3133 4191 3562 4266; x_wconf 83' lang='lat' dir='ltr'><strong>omnipotentis</strong></span> 
     </span>
     <span class='ocr_line' id='line_1_99' title="bbox 1904 4281 3563 4357; baseline -0.002 -12"><span class='ocrx_word' id='word_1_594' title='bbox 1904 4289 2003 4346; x_wconf 89' lang='lat' dir='ltr'><strong>Dei</strong></span> <span class='ocrx_word' id='word_1_595' title='bbox 2029 4291 2089 4343; x_wconf 92' lang='lat' dir='ltr'><strong>et</strong></span> <span class='ocrx_word' id='word_1_596' title='bbox 2112 4286 2426 4342; x_wconf 87' lang='lat' dir='ltr'><strong>beatorum</strong></span> <span class='ocrx_word' id='word_1_597' title='bbox 2457 4282 2606 4339; x_wconf 84' lang='lat' dir='ltr'><strong>Petri</strong></span> <span class='ocrx_word' id='word_1_598' title='bbox 2623 4286 2681 4339; x_wconf 91' lang='lat' dir='ltr'><strong>et</strong></span> <span class='ocrx_word' id='word_1_599' title='bbox 2709 4281 2872 4340; x_wconf 82' lang='lat' dir='ltr'><strong>Pauli</strong></span> <span class='ocrx_word' id='word_1_600' title='bbox 2908 4283 3321 4356; x_wconf 88' lang='lat' dir='ltr'><strong>apostolorum</strong></span> <span class='ocrx_word' id='word_1_601' title='bbox 3345 4282 3479 4357; x_wconf 83' lang='lat' dir='ltr'><strong>ejus</strong></span> <span class='ocrx_word' id='word_1_602' title='bbox 3496 4297 3563 4341; x_wconf 83' lang='lat' dir='ltr'><strong>se</strong></span> 
     </span>
     <span class='ocr_line' id='line_1_100' title="bbox 1905 4376 2567 4435; baseline -0.014 0"><span class='ocrx_word' id='word_1_603' title='bbox 1905 4378 2135 4435; x_wconf 79' lang='lat' dir='ltr'><strong>noverit</strong></span> <span class='ocrx_word' id='word_1_604' title='bbox 2160 4376 2567 4431; x_wconf 87' lang='lat' dir='ltr'><strong>incursurum.</strong></span> 
     </span>
     <span class='ocr_line' id='line_1_101' title="bbox 1980 4459 3099 4529; baseline -0.009 -3"><span class='ocrx_word' id='word_1_605' title='bbox 1980 4469 2194 4525; x_wconf 89' lang='lat' dir='ltr'><strong>Datum</strong></span> <span class='ocrx_word' id='word_1_606' title='bbox 2219 4463 2485 4529; x_wconf 67' lang='lat' dir='ltr'><strong>Verona,</strong></span> <span class='ocrx_word' id='word_1_607' title='bbox 2526 4476 2612 4518; x_wconf 72' lang='grc' dir='ltr'><strong>ιιι</strong></span> <span class='ocrx_word' id='word_1_608' title='bbox 2642 4459 2771 4518; x_wconf 85' lang='lat' dir='ltr'><strong>Kal.</strong></span> <span class='ocrx_word' id='word_1_609' title='bbox 2805 4460 3099 4520; x_wconf 89' lang='lat' dir='ltr'><strong>Octobris.</strong></span> 
     </span>
    </p>
   </div>
   <div class='ocr_carea' id='block_1_30' title="bbox 1912 4725 3580 5246">
    <p class='ocr_par' dir='ltr' id='par_1_35' title="bbox 1912 4725 3580 5246">
     <span class='ocr_line' id='line_1_102' title="bbox 2235 4725 3211 4788; baseline -0.003 0"><span class='ocrx_word' id='word_1_610' title='bbox 2235 4730 2447 4788; x_wconf 80' lang='lat' dir='ltr'><strong>villam</strong></span> <span class='ocrx_word' id='word_1_611' title='bbox 2471 4728 2545 4785; x_wconf 81' lang='lat' dir='ltr'><strong>de</strong></span> <span class='ocrx_word' id='word_1_612' title='bbox 2567 4725 2956 4785; x_wconf 78' lang='lat' dir='ltr'><strong>Fraillicourt</strong></span> <span class='ocrx_word' id='word_1_613' title='bbox 2983 4728 3211 4785; x_wconf 77' lang='lat' dir='ltr'><strong>asserit</strong></span> 
     </span>
     <span class='ocr_line' id='line_1_103' title="bbox 2410 4815 3057 4889; baseline 0.002 -17"><span class='ocrx_word' id='word_1_614' title='bbox 2410 4815 2701 4889; x_wconf 67' lang='lat' dir='ltr'><strong>(Verona,</strong></span> <span class='ocrx_word' id='word_1_615' title='bbox 2735 4815 2897 4887; x_wconf 86' lang='lat' dir='ltr'><strong>Sept.</strong></span> <span class='ocrx_word' id='word_1_616' title='bbox 2941 4816 3057 4889; x_wconf 92' lang='grc'><strong>22.)</strong></span> 
     </span>
     <span class='ocr_line' id='line_1_104' title="bbox 1912 4901 3574 4986; baseline -0.004 -19"><span class='ocrx_word' id='word_1_617' title='bbox 1912 4911 2133 4986; x_wconf 57' lang='lat' dir='ltr'><strong>[Vsum</strong></span> <span class='ocrx_word' id='word_1_618' title='bbox 2161 4904 2434 4964; x_wconf 62' lang='lat' dir='ltr'><strong>Archiou</strong></span> <span class='ocrx_word' id='word_1_619' title='bbox 2472 4903 2918 4963; x_wconf 74' lang='lat' dir='ltr'><strong>administrives</strong></span> <span class='ocrx_word' id='word_1_620' title='bbox 2944 4903 3019 4962; x_wconf 81' lang='lat' dir='ltr'><strong>de</strong></span> <span class='ocrx_word' id='word_1_621' title='bbox 3053 4903 3264 4975; x_wconf 74' lang='lat' dir='ltr'><strong>Retms,</strong></span> <span class='ocrx_word' id='word_1_622' title='bbox 3294 4909 3341 4964; x_wconf 83' lang='lat' dir='ltr'><strong>t.</strong></span> <span class='ocrx_word' id='word_1_623' title='bbox 3367 4901 3409 4971; x_wconf 89' lang='lat'><strong>1,</strong></span> <span class='ocrx_word' id='word_1_624' title='bbox 3441 4917 3502 4976; x_wconf 93' lang='lat' dir='ltr'><strong>p.</strong></span> <span class='ocrx_word' id='word_1_625' title='bbox 3528 4919 3574 4974; x_wconf 82' lang='grc' dir='ltr'><strong>ι,</strong></span> 
     </span>
     <span class='ocr_line' id='line_1_105' title="bbox 1983 4992 3580 5158; baseline -0.005 -11"><span class='ocrx_word' id='word_1_626' title='bbox 1983 5089 2188 5146; x_wconf 78' lang='lat' dir='ltr'><strong>Lucius</strong></span> <span class='ocrx_word' id='word_1_627' title='bbox 2215 4992 3151 5158; x_wconf 46' lang='lat' dir='ltr'><strong>episcopuapffeffizgffielrvorum</strong></span> <span class='ocrx_word' id='word_1_628' title='bbox 3197 5081 3325 5150; x_wconf 87' lang='lat' dir='ltr'><strong>Dei,</strong></span> <span class='ocrx_word' id='word_1_629' title='bbox 3355 5079 3580 5139; x_wconf 87' lang='lat' dir='ltr'><strong>dilecto</strong></span> 
     </span>
     <span class='ocr_line' id='line_1_106' title="bbox 1918 5168 3579 5246; baseline -0.007 -10"><span class='ocrx_word' id='word_1_630' title='bbox 1918 5177 2040 5235; x_wconf 80' lang='lat' dir='ltr'><strong>filio</strong></span> <span class='ocrx_word' id='word_1_631' title='bbox 2052 5173 2338 5246; x_wconf 76' lang='lat' dir='ltr'><strong>magistro</strong></span> <span class='ocrx_word' id='word_1_632' title='bbox 2358 5173 2620 5228; x_wconf 68' lang='lat' dir='ltr'><strong>Annum</strong></span> <span class='ocrx_word' id='word_1_633' title='bbox 2644 5169 2924 5239; x_wconf 85' lang='lat' dir='ltr'><strong>Blesensi,</strong></span> <span class='ocrx_word' id='word_1_634' title='bbox 2952 5172 3245 5230; x_wconf 87' lang='lat' dir='ltr'><strong>canonico</strong></span> <span class='ocrx_word' id='word_1_635' title='bbox 3263 5168 3579 5229; x_wconf 80' lang='lat' dir='ltr'><strong>Remensis</strong></span> 
     </span>
    </p>
   </div>
   <div class='ocr_carea' id='block_1_31' title="bbox 238 5251 3573 5332">
    <p class='ocr_par' dir='ltr' id='par_1_36' title="bbox 238 5251 3573 5332">
     <span class='ocr_line' id='line_1_107' title="bbox 238 5251 3573 5332; baseline -0.004 -5"><span class='ocrx_word' id='word_1_636' title='bbox 238 5257 439 5313; x_wconf 64' lang='lat' dir='ltr'><strong>Ulmus</strong></span> <span class='ocrx_word' id='word_1_637' title='bbox 465 5255 803 5326; x_wconf 85' lang='lat' dir='ltr'><strong>episcopus,</strong></span> <span class='ocrx_word' id='word_1_638' title='bbox 847 5267 1059 5307; x_wconf 76' lang='lat' dir='ltr'><strong>⁸⁰¹‘V¹¹⁸</strong></span> <span class='ocrx_word' id='word_1_639' title='bbox 1082 5265 1392 5308; x_wconf 72' lang='lat' dir='ltr'><strong>⁵⁰¹&#39;V01&#39;um</strong></span> <span class='ocrx_word' id='word_1_640' title='bbox 1423 5251 1545 5318; x_wconf 68' lang='lat' dir='ltr'><strong>Dei·</strong></span> <span class='ocrx_word' id='word_1_641' title='bbox 1582 5255 1811 5315; x_wconf 73' lang='lat' dir='ltr'><strong>dil⁶0²i⁸</strong></span> <span class='ocrx_word' id='word_1_642' title='bbox 1920 5264 2199 5332; x_wconf 73' lang='lat' dir='ltr'><strong>ecclesiae,</strong></span> <span class='ocrx_word' id='word_1_643' title='bbox 2228 5260 2485 5318; x_wconf 82' lang='lat' dir='ltr'><strong>salutem</strong></span> <span class='ocrx_word' id='word_1_644' title='bbox 2504 5265 2560 5315; x_wconf 87' lang='lat' dir='ltr'><strong>et</strong></span> <span class='ocrx_word' id='word_1_645' title='bbox 2588 5258 2984 5330; x_wconf 88' lang='lat' dir='ltr'><strong>apostolicam</strong></span> <span class='ocrx_word' id='word_1_646' title='bbox 3015 5259 3573 5319; x_wconf 85' lang='lat' dir='ltr'><strong>benedictionem...</strong></span> 
     </span>
    </p>
   </div>
   <div class='ocr_carea' id='block_1_32' title="bbox 165 5339 1812 5411">
    <p class='ocr_par' dir='ltr' id='par_1_37' title="bbox 165 5339 1812 5411">
     <span class='ocr_line' id='line_1_108' title="bbox 165 5339 1812 5411; baseline 0.001 -8"><span class='ocrx_word' id='word_1_647' title='bbox 165 5346 299 5404; x_wconf 86' lang='lat' dir='ltr'><strong>filiis</strong></span> <span class='ocrx_word' id='word_1_648' title='bbox 327 5346 579 5408; x_wconf 90' lang='lat' dir='ltr'><strong>decan0‚</strong></span> <span class='ocrx_word' id='word_1_649' title='bbox 608 5341 982 5398; x_wconf 87' lang='lat' dir='ltr'><strong>thesaurario</strong></span> <span class='ocrx_word' id='word_1_650' title='bbox 1018 5344 1078 5395; x_wconf 89' lang='lat' dir='ltr'><strong>et</strong></span> <span class='ocrx_word' id='word_1_651' title='bbox 1103 5339 1364 5411; x_wconf 88' lang='lat' dir='ltr'><strong>capitulo</strong></span> <span class='ocrx_word' id='word_1_652' title='bbox 1390 5342 1553 5400; x_wconf 88' lang='lat' dir='ltr'><strong>Beati</strong></span> <span class='ocrx_word' id='word_1_653' title='bbox 1584 5347 1812 5406; x_wconf 70' lang='lat' dir='ltr'><strong>Martini</strong></span> 
     </span>
    </p>
   </div>
   <div class='ocr_carea' id='block_1_33' title="bbox 167 5427 1807 5597">
    <p class='ocr_par' dir='ltr' id='par_1_38' title="bbox 167 5427 1807 5597">
     <span class='ocr_line' id='line_1_109' title="bbox 167 5427 1807 5502; baseline 0.001 -10"><span class='ocrx_word' id='word_1_654' title='bbox 167 5429 804 5500; x_wconf 81' lang='lat' dir='ltr'><strong>Turonensis,salutem</strong></span> <span class='ocrx_word' id='word_1_655' title='bbox 816 5434 875 5486; x_wconf 87' lang='lat' dir='ltr'><strong>et</strong></span> <span class='ocrx_word' id='word_1_656' title='bbox 896 5427 1287 5502; x_wconf 87' lang='lat' dir='ltr'><strong>apostolicam</strong></span> <span class='ocrx_word' id='word_1_657' title='bbox 1306 5427 1807 5498; x_wconf 89' lang='lat' dir='ltr'><strong>benedictionem.</strong></span> 
     </span>
     <span class='ocr_line' id='line_1_110' title="bbox 424 5535 839 5597; baseline -0.007 0"><span class='ocrx_word' id='word_1_658' title='bbox 424 5540 674 5597; x_wconf 61' lang='lat' dir='ltr'><strong>Psi-nor..</strong></span> <span class='ocrx_word' id='word_1_659' title='bbox 706 5535 839 5594; x_wconf 80' lang='lat' dir='ltr'><strong>ccl.</strong></span> 
     </span>
    </p>
   </div>
   <div class='ocr_carea' id='block_1_34' title="bbox 1926 5346 3586 5507">
    <p class='ocr_par' dir='ltr' id='par_1_39' title="bbox 1926 5346 3586 5507">
     <span class='ocr_line' id='line_1_111' title="bbox 1993 5346 3586 5419; baseline -0.004 -9"><span class='ocrx_word' id='word_1_660' title='bbox 1993 5352 2210 5409; x_wconf 90' lang='lat' dir='ltr'><strong>Dilecte</strong></span> <span class='ocrx_word' id='word_1_661' title='bbox 2240 5349 2345 5416; x_wconf 84' lang='lat' dir='ltr'><strong>fili,</strong></span> <span class='ocrx_word' id='word_1_662' title='bbox 2371 5347 2550 5419; x_wconf 81' lang='lat' dir='ltr'><strong>justis</strong></span> <span class='ocrx_word' id='word_1_663' title='bbox 2572 5346 2686 5403; x_wconf 82' lang='lat' dir='ltr'><strong>tuis</strong></span> <span class='ocrx_word' id='word_1_664' title='bbox 2712 5348 3225 5419; x_wconf 82' lang='lat' dir='ltr'><strong>postulationibus</strong></span> <span class='ocrx_word' id='word_1_665' title='bbox 3254 5351 3427 5419; x_wconf 76' lang='lat' dir='ltr'><strong>gratu</strong></span> <span class='ocrx_word' id='word_1_666' title='bbox 3443 5360 3586 5405; x_wconf 86' lang='lat' dir='ltr'><strong>con-</strong></span> 
     </span>
     <span class='ocr_line' id='line_1_112' title="bbox 1926 5433 3579 5507; baseline -0.007 -5"><span class='ocrx_word' id='word_1_667' title='bbox 1926 5446 2228 5503; x_wconf 85' lang='lat' dir='ltr'><strong>currentes</strong></span> <span class='ocrx_word' id='word_1_668' title='bbox 2261 5451 2537 5507; x_wconf 88' lang='lat' dir='ltr'><strong>assensu,</strong></span> <span class='ocrx_word' id='word_1_669' title='bbox 2590 5433 2791 5493; x_wconf 85' lang='lat' dir='ltr'><strong>villam</strong></span> <span class='ocrx_word' id='word_1_670' title='bbox 2821 5434 2898 5494; x_wconf 88' lang='lat' dir='ltr'><strong>de</strong></span> <span class='ocrx_word' id='word_1_671' title='bbox 2926 5436 3255 5496; x_wconf 81' lang='lat' dir='ltr'><strong>Fraillicurt</strong></span> <span class='ocrx_word' id='word_1_672' title='bbox 3282 5452 3319 5495; x_wconf 97' lang='lat' dir='ltr'><strong>a</strong></span> <span class='ocrx_word' id='word_1_673' title='bbox 3346 5434 3579 5494; x_wconf 84' lang='lat' dir='ltr'><strong>dilectis</strong></span> 
     </span>
    </p>
   </div>
   <div class='ocr_carea' id='block_1_35' title="bbox 3274 5548 3345 5610">
    <p class='ocr_par' dir='ltr' id='par_1_40' title="bbox 3274 5548 3345 5610">
     <span class='ocr_line' id='line_1_113' title="bbox 3274 5548 3345 5610; baseline 0.07 -5"><span class='ocrx_word' id='word_1_674' title='bbox 3274 5548 3345 5610; x_wconf 72' lang='lat'><strong>42</strong></span> 
     </span>
    </p>
   </div>
  </div>
 </body>
</html>
