3784 6000
308 195 370 256 ⁵3
1741 176 2174 242 musteus.
3589 196 3673 256 aa

286 328 516 390 sectionis
542 325 923 400 amplectens,
948 326 1145 381 vetera
1172 319 1338 379 novis
1358 335 1475 377 non
1497 323 1615 375 tam
1636 316 1902 376 videatur
1927 325 1986 391 Α
2015 321 2151 391 ceri,
2178 336 2293 378 non
2316 323 2516 380 statim
2540 338 2750 383 manus
2769 324 3038 383 imbelles
3061 326 3438 400 captivandas
3449 331 3677 403 offerre,

275 419 472 477 solvere
496 430 669 489 quam
710 412 977 486 implere.
1019 413 1092 469 At
1120 427 1252 469 vero
1281 425 1478 467 sacras
1522 413 1781 466 veterum
1812 409 1902 465 in·
2014 410 2151 482 quia
2181 426 2296 468 non
2328 416 2521 484 potest
2564 414 2732 487 sequi
2783 414 2903 471 sine
2932 416 3369 476 concertatione
3416 420 3676 489 victoria,

262 507 576 565 stitutiones
623 504 685 559 in
715 501 979 560 deterius
1006 502 1286 559 devocare
1315 516 1430 557 non
1472 499 1763 566 convenit,
1797 512 1903 553 nec
2013 515 2120 557 nee
2168 517 2381 559 corona
2411 501 2536 560 sine
2565 502 2827 577 legitimo
2859 506 3180 565 certamine
3210 509 3532 580 provenire.
3565 512 3678 571 Lex

250 595 635 654 auctoritatem
682 593 943 667 praebere
1005 590 1288 659 deiectus,
1342 592 1408 645 ut
1463 588 1598 644 inde
1646 587 1902 643 fomenta
2010 592 2205 647 autem
2227 591 2567 649 certaminis
2583 597 2674 651 est
2702 594 2788 651 uti
2817 593 3061 664 viribus,
3088 596 3364 656 virtutem
3386 600 3676 671 patientia

239 689 648 759 comparentur
677 682 959 751 audaciae,
992 681 1146 738 unde
1173 679 1364 736 timeri
1395 676 1591 735 debuit
1618 676 1900 734 severitas
2008 682 2066 734 et
2113 678 2575 752 longanimitatis
2622 683 2915 754 amplecti,
2966 699 3081 741 non
3135 685 3287 744 inter
3315 687 3485 747 initia
3519 689 3673 747 trahi

232 775 579 850 disciplinae.
630 774 805 832 Plane
849 776 993 831 sunt
1035 772 1304 844 quaedam
1352 770 1591 842 quibus,
1637 772 1699 824 ut
1729 768 1895 836 fiant,
2005 766 2323 838 favoribus,
2353 773 2410 824 et
2430 769 2729 841 desperato
2760 769 2967 827 divinae
2999 771 3278 832 bonitatis
3325 777 3542 835 auxilio
3572 794 3668 836 ce·

223 881 586 922 eonsensum
616 863 895 922 adhibere
922 860 1194 919 nonlicet
1217 876 1232 928 ;
1256 875 1384 933 quae
1414 863 1633 924 tamen,
1664 857 1717 914 si
1744 857 1897 914 taeta
2007 855 2162 926 dere,
2195 856 2469 928 quoniam
2501 859 2602 931 qui
2632 864 2870 931 sperant
2897 860 2958 918 in
2988 876 3124 919 eum
3158 880 3271 921 non
3306 866 3672 925 confunden-

218 960 386 1023 sunt,
408 953 784 1012 dissimulare
804 967 1043 1009 necesse
1061 955 1174 1018 est,
1208 951 1351 1023 quia
1371 965 1486 1005 non
1519 952 1767 1020 possunt
1788 947 1893 1002 ha·
2004 946 2101 999 tur
2128 944 2300 1016 (Prot.
2337 946 2489 1018 xxi);
2520 946 2618 1019 qui
2647 949 2842 1005 autem
2894 950 3217 1009 hominibus
3261 953 3507 1026 placent,
3543 969 3673 1014 oon·

214 1045 359 1101 bere
390 1043 734 1111 remedium,
766 1041 878 1110 vel,
916 1041 970 1098 si
1019 1040 1161 1112 quid
1203 1037 1757 1110 recompensationis
1787 1038 1891 1093 ha·
1999 1035 2115 1107 susi
2141 1038 2293 1102 sunt,
2326 1037 2585 1107 quoniam
2604 1037 2745 1094 Deus
2763 1041 2967 1110 sprevit
2989 1055 3075 1098 eos
3095 1041 3267 1113 (Psal.
3303 1045 3422 1116 an).
3455 1043 3672 1117 „Nonne

210 1132 383 1200 beat,
435 1132 693 1190 discreta
741 1128 1193 1188 mansuetudine
1238 1127 1601 1200 dispensare.
1644 1125 1887 1198 Culpam
2003 1123 2208 1179 utilius
2238 1129 2362 1180 erat
2390 1126 2576 1197 ipsam
2611 1125 2921 1184 hominum
2953 1130 3195 1200 gratiam
3227 1132 3300 1188 de
3333 1131 3531 1189 divina
3559 1134 3672 1191 bo·-

212 1226 421 1279 tamen
450 1219 820 1294 indulgentia
848 1217 1162 1293 pravenire
1193 1232 1308 1274 non
1339 1216 1530 1283 debet,
1564 1232 1637 1271 ne
1667 1215 1890 1272 securi·

2001 1213 2182 1270 nitate
2212 1229 2463 1285 sperare,
2491 1219 2549 1272 et
2591 1231 2706 1273 non
2748 1217 2802 1275 ei
2848 1218 2921 1276 de
2949 1218 3273 1278 divinitatis
3322 1222 3546 1281 offensa
3574 1239 3672 1296 pa-

206 1316 307 1368 tas
336 1310 461 1368 alat
488 1309 822 1381 audaciam,
849 1312 908 1366 et
934 1309 1004 1364 ad
1047 1305 1504 1378 delinquendum
1549 1304 1759 1362 llducia
1791 1320 1890 1360 re-
2000 1319 2127 1362 rare
2144 1305 2469 1375 materiam,
2490 1322 2624 1364 eum
2644 1309 2823 1366 corda
2851 1312 3026 1368 etiam
3049 1326 3250 1384 regum
3288 1314 3347 1368 in
3367 1330 3543 1372 meas
3556 1315 3657 1373 noi

208 1400 524 1458 missionis
564 1400 791 1458 invitet.

282 1490 471 1548 Debet
512 1506 647 1562 ergo
677 1490 954 1548 severitas
985 1486 1308 1561 prohibitos
1355 1486 1626 1544 cohibere
1663 1498 1883 1542 conee-

207 1585 376 1653 ptus,
425 1596 501 1637 ne
530 1580 839 1637 temerario
878 1577 1287 1650 compleantur
1324 1576 1555 1643 ellectu,
1589 1574 1758 1632 debet
1789 1573 1882 1629 ni-

1997 1392 2141 1460 sint,
2172 1401 2223 1451 et
2250 1411 2319 1452 ea
2347 1411 2456 1467 quo
2484 1397 2718 1454 voluerit
2748 1398 3046 1456 inclinabit
3076 1402 3262 1473 (Prov.
3293 1404 3434 1476 xxi).

2065 1483 2149 1538 Ad
2173 1483 2296 1541 hac
2316 1485 2711 1556 experimento
2734 1486 3048 1546 didicimus
3068 1490 3265 1548 divino
3285 1492 3543 1564 quodam
3568 1494 3664 1566 Ju-

1997 1572 2149 1630 dicio
2180 1574 2395 1646 saepius
2435 1576 2668 1633 evenire
2702 1578 2853 1649 quod
2884 1577 2946 1634 hi
2976 1580 3104 1652 qui,
3133 1580 3209 1638 ob
3238 1582 3663 1641 affectationem

204 1669 546 1727 bilominus
592 1685 864 1728 excessus
908 1667 1144 1725 illicitos
1204 1682 1462 1739 congrua
1509 1663 1880 1721 animadver-
1919 1673 1965 1740 Β
1998 1663 2207 1719 favoris
2237 1664 2499 1734 humani,
2530 1667 2914 1724 reverentiam
2955 1669 3161 1726 divinae
3212 1671 3532 1743 majestatis
3569 1673 3665 1732 ol*-

204 1758 381 1817 sicne
407 1760 642 1833 punire,
674 1759 789 1816 nisi
818 1773 984 1815 reum
1014 1755 1100 1814 vel
1130 1753 1406 1813 violentia
1454 1753 1749 1826 potestatis
1778 1753 1885 1810 eri-

209 1849 357 1922 piat,
412 1847 507 1907 vel
551 1847 892 1923 ponitentia
936 1848 1220 1918 temperet
1274 1843 1670 1917 disciplinam.
1721 1843 1885 1900 Tune

212 1938 373 1995 enim
400 1939 461 1994 in
493 1941 785 2011 potestate
805 1936 1028 2010 judicis
1055 1939 1147 1992 est
1176 1931 1807 2003 mollire'sententiam,
1827 1935 1885 1987 et

214 2027 420 2084 mitius
442 2028 713 2100 iudicare
741 2044 921 2099 quam
948 2025 1131 2099 leges,
1166 2041 1303 2084 eum
1331 2039 1528 2081 rerum
1561 2021 1646 2079 vel
1681 2037 1884 2094 perso-

208 2133 421 2174 narum
450 2117 669 2175 merita
697 2116 1021 2190 postulant,
1052 2118 1155 2172 aut
1193 2113 1468 2171 instantia
1512 2111 1884 2170 necessitatis

204 2210 533 2280 extorquet.
558 2209 623 2265 In
643 2206 985 2264 estimanda
1012 2208 1205 2261 tamen
1228 2203 1575 2260 necessitate
1595 2218 1711 2258 non
1734 2216 1881 2257 con-

203 2299 369 2353 venit
413 2295 827 2370 pusillanimes
872 2294 1144 2357 inveniri.
1187 2310 1258 2350 ne
1288 2293 1487 2350 virtuti
1527 2291 1883 2349 subduxisse

207 2387 547 2455 materiam,
567 2384 657 2442 vel
679 2386 753 2442 de
773 2384 975 2441 diviua
994 2383 1298 2441 videamur
1331 2382 1520 2456 gratia
1551 2382 1877 2453 desperare·

204 2474 335 2532 Scio
384 2476 677 2548 quosdam
716 2474 1228 2547 dispensationum
1259 2473 1533 2546 prodigos
1578 2475 1753 2529 tanta
1782 2471 1880 2528 be-

206 2565 523 2638 nignitatis
551 2565 814 2632 existere,
863 2572 927 2620 ut
955 2562 1101 2620 nibil
1140 2566 1434 2620 reservent
1464 2561 1708 2635 legibus,
1732 2560 1880 2618 alre·

208 2656 406 2713 etibus
445 2654 652 2712 omnia
684 2652 1032 2727 largiantur,
1064 2668 1169 2710 nec
1199 2652 1479 2710 offensam
1513 2650 1756 2707 rationis
1784 2654 1879 2706 at-

208 2745 485 2813 tendunt,
517 2745 657 2802 dum
706 2743 1016 2800 bominum
1046 2742 1160 2800 sibi
1189 2741 1528 2816 precavisse
1565 2741 1878 2798 videantur

206 2835 519 2893 ostensam.
550 2834 874 2892 Hetiuntur
902 2833 1013 2904 (33)
1044 2832 1223 2905 igitur
1242 2832 1536 2889 affectatos
1559 2831 1630 2887 de
1661 2845 1874 2902 praero·

206 2926 403 2998 gativa
430 2924 704 2996 potentin
725 2940 847 2980 suae
875 2922 1072 2997 potius
1093 2921 1363 2993 quam-de
1386 2919 1593 2977 merito
1622 2919 1868 2977 rationis

203 3016 470 3084 effeetus,
492 3018 553 3071 et
572 3014 811 3071 nomine
832 3012 1197 3071 necessitatis
1216 3009 1639 3083 indulgentiam
1661 3025 1870 3082 quam-

200 3101 343 3160 libet
371 3107 743 3173 excusantes,
771 3101 981 3159 divime
1003 3100 1204 3174 gratio
1231 3099 1551 3156 bonitatem
1593 3114 1709 3157 non
1738 3115 1871 3156 sus-

200 3193 391 3251 tinent
434 3191 707 3265 experiri,
737 3193 840 3249 sed
883 3191 1212 3248 humanum
1243 3190 1494 3246 favorem
1524 3203 1641 3261 prae
1671 3190 1865 3245 omni·

200 3284 312 3340 bus
331 3283 732 3354 auspicantes,
755 3282 994 3353 fugaces
1012 3295 1187 3337 auras
1205 3282 1265 3336 et
1283 3278 1489 3335 inanes
1510 3283 1714 3336 ventos
1734 3285 1862 3336 stu-

204 3372 317 3430 diis
370 3371 683 3429 tallacibus
712 3370 1168 3441 amplectuntur.
1200 3367 1387 3437 Quieti
1417 3369 1640 3426 scilieet
1668 3368 1863 3427 Eccle-

206 3462 303 3519 sia
332 3461 639 3536 providere
661 3475 725 3517 se
744 3460 1086 3534 predicant,
1110 3461 1280 3533 cnjus
1301 3460 1665 3532 prostituunt
1693 3457 1868 3515 liber·

203 3555 401 3622 tatem,
423 3557 487 3609 et
516 3550 882 3623 majestatem
905 3550 1176 3623 redigunt
1196 3549 1256 3606 in
1285 3558 1706 3623 contemptum.
1730 3566 1863 3622 quae

202 3640 483 3697 tamenin
508 3640 721 3697 virtute
743 3642 1081 3697 sanctorum
1105 3639 1276 3697 debet
1295 3652 1574 3711 apparere
1591 3637 1865 3695 terribilis

198 3735 257 3785 et
280 3734 599 3787 castrorum
616 3729 765 3787 ecies
783 3727 1040 3785 ordinata
1063 3728 1251 3800 (Cant.
1284 3727 1377 3797 v1).
1410 3727 1645 3784 Solebat
1672 3725 1861 3800 siqui-

198 3819 330 3877 dem
360 3817 647 3876 terribilis
677 3806 970 3892 supremis
990 3816 1375 3890 potestatibus
1406 3817 1735 3887 imminere,
1767 3835 1859 3878 ea-

192 3925 442 3982 rumque
463 3909 751 3982 patienter
768 3924 1105 3982 expugnare
1124 3907 1468 3981 potentiam,
1489 3909 1633 3966 dum
1663 3911 1855 3968 tribu·

188 3999 512 4057 lationibus
557 4003 899 4057 constanter
937 3998 1218 4072 exposita,
1279 3996 1682 4056 liberationem
1736 4017 1851 4058 non

187 4090 297 4145 nisi
337 4091 411 4147 de
452 4090 765 4147 liberatore
811 4105 1134 4162 pauperum
1183 4088 1577 4161 exspectabat.
1629 4090 1850 4147 Liberat

187 4179 338 4234 enim
368 4180 639 4236 Dominus
661 4194 1017 4251 pauper-ema
1043 4182 1278 4250 potente,
1310 4184 1363 4234 et
1392 4180 1611 4250 inopem
1627 4182 1718 4234 cui
1735 4195 1846 4236 non

186 4275 466 4338 comparet
495 4269 727 4336 adjutor
749 4268 930 4339 (Psal.
972 4268 1146 4338 exn),
1192 4267 1472 4340 quoniam
1500 4268 1706 4339 fidelis,
1738 4276 1846 4344 est,

186 4372 368 4429 neque
394 4358 551 4414 vires
578 4361 811 4415 nostras
854 4356 1074 4428 patitur
1119 4356 1340 4413 viribus
1377 4358 1714 4414 tentationis
1743 4375 1838 4414 ex·

1995 1753 2261 1826 tendunt,
2309 1753 2516 1811 divinae
2565 1756 2800 1827 quidem
2851 1757 3229 1830 dispendium
3280 1761 3524 1830 faciunt,
3562 1762 3662 1820 sed

1994 1841 2318 1898 humanam
2349 1858 2523 1916 quam
2567 1844 2973 1903 affectaverant
3004 1848 3245 1907 minime
3286 1865 3662 1924 consequun-

1995 1934 2112 1988 tur.
2145 1931 2310 1988 Sicut
2338 1934 2494 1989 euim
2527 1934 2840 2007 disciplina
2864 1938 3174 2008 cautelam,
3207 1939 3289 1996 sic
3314 1940 3659 1999 insolentem

1994 2021 2233 2093 pronior
2281 2021 2648 2094 indulgentia
2678 2029 2836 2081 creat
2864 2024 3192 2097 audaciam,
3219 2029 3659 2104 gratuitumque

1994 2108 2362 2168 liberalitatis
2383 2110 2582 2169 alienae
2597 2112 2942 2171 beneficium
2956 2131 3198 2173 suorum
3221 2122 3497 2191 reputant
3516 2136 3661 2192 prn-

1995 2198 2116 2253 mia
2163 2200 2527 2270 meritorum,
2569 2201 2881 2275 ipsumque
2919 2205 3271 2277 quandoque
3307 2207 3656 2266 beneficium

1993 2291 2201 2358 putant
2247 2288 2547 2359 injuriam,
2599 2291 2755 2363 quod
2807 2292 3050 2349 minoris
3093 2296 3324 2367 propria
3351 2298 3658 2356 existima·

1992 2376 2151 2447 tione
2182 2378 2397 2434 fuerint
2422 2379 2716 2435 aestimati.
2749 2381 2907 2446 Quod
2937 2396 3041 2454 ego
3081 2383 3241 2440 vobis
3270 2384 3330 2441 in
3362 2384 3470 2443 hoc
3504 2386 3655 2445 laeto

1989 2483 2190 2524 vereor
2224 2469 2528 2537 accidisse,
2578 2469 2725 2526 sieut
2754 2471 3054 2528 sanctitati
3099 2476 3306 2530 vestrae
3349 2479 3483 2548 post
3525 2492 3652 2534 mo-

1989 2555 2135 2612 dum
2184 2557 2553 2615 evidentibus
2592 2557 2840 2631 liquebit
2888 2560 3143 2631 iudiciis,
3194 2579 3328 2621 eum
3376 2566 3448 2621 ad
3475 2580 3648 2624 aures

1987 2650 2212 2703 vestras
2243 2647 2496 2705 veridica
2537 2647 2811 2706 relatione
2842 2652 3189 2721 pervenerit,
3223 2659 3446 2725 quanta
3481 2655 3598 2713 mal
3624 2687 3647 2700 -

1986 2735 2204 2806 gnitate
2225 2740 2282 2793 et
2296 2737 2552 2809 ,audacia
2581 2738 2890 2809 pradictus
2910 2740 3219 2814 episcopus
3238 2742 3648 2804 'infirmitatem

1989 2827 2177 2880 status
2201 2825 2378 2880 vestri
2401 2824 2632 2897 publice
2654 2825 3072 2897 praedicaverit,
3096 2835 3153 2886 et
3174 2829 3431 2888 hostium
3455 2831 3645 2891 Eccle-

1985 2912 2087 2971 siae
2116 2912 2417 2970 victoriam
2451 2914 2681 2971 rediens
2703 2915 2908 2973 dixerit
2931 2916 3254 2975 imminere.
3281 2921 3523 2979 Exstant
3543 2932 3648 2996 qui

1985 3004 2300 3061 audierunt
2329 3020 2431 3076 per
2449 3020 2598 3077 quos
2617 3005 2781 3063 vobis
2806 3006 2925 3063 haec
2954 3011 3012 3063 et
3032 3008 3148 3065 alia
3168 3009 3516 3084 maligniora
3533 3029 3644 3071 suc

1980 3099 2243 3168 tempore
2265 3095 2493 3166 plenius
2513 3094 2900 3159 innotescent.
2925 3102 2987 3156 ut
3010 3098 3354 3158 nullafidem
3373 3101 3635 3162 veritatis

1977 3182 2232 3256 suspicio
2263 3184 2466 3242 debeat
2497 3184 2800 3258 impedire.
2834 3188 3060 3261 Loquar
3087 3193 3283 3247 tamen
3305 3189 3629 3251 interimad

1976 3273 2282 3331 dominum
2332 3290 2552 3332 meum.
2588 3275 2819 3334 Utinam
2867 3278 3271 3353 complaceant
3308 3281 3361 3339 ei
3403 3281 3635 3357 eloquia

1975 3361 2140 3420 meal
2177 3364 2429 3436 Loquar,
2462 3364 2719 3438 inquam,
2752 3368 2891 3440 quia
2919 3370 3073 3441 apud
3105 3384 3238 3427 eum
3271 3369 3415 3428 mihi
3441 3387 3631 3430 sermo

1971 3456 2078 3522 est,
2127 3454 2283 3526 apud
2325 3469 2501 3526 quem
2549 3472 2666 3512 non
2705 3461 2837 3529 eget
2878 3457 2965 3514 vel
2996 3458 3374 3517 intercessore
3402 3459 3633 3536 religio,

1970 3540 2061 3597 vel
2104 3542 2338 3613 justitia
2381 3542 2705 3600 defensore.
2749 3544 3015 3614 Domine,
3070 3551 3360 3621 quotquot
3406 3549 3634 3609 ordinis

1969 3629 2130 3705 illius
2179 3631 2604 3690 observantiam
2664 3636 3012 3707 profitentur
3051 3644 3154 3694 aut
3200 3637 3473 3710 diligunt,
3527 3655 3634 3712 per

1967 3735 2173 3779 omnes
2203 3722 2497 3781 Gallorum
2527 3725 2817 3783 Ecclesias
2836 3731 2893 3783 et
2922 3726 3261 3797 Anglorum,
3294 3729 3493 3785 audito
3518 3727 3630 3788 hcc

1964 3811 2140 3869 verbo
2169 3812 2544 3870 scandalizati
2588 3818 2748 3882 sunt,
2776 3819 3098 3887 quaerentes
3127 3816 3267 3889 quid
3298 3825 3628 3877 antecesso-

1963 3918 2093 3958 rum
2125 3908 2471 3970 vestrorum,
2517 3902 2654 3977 quid
2690 3903 2943 3978 denique
2970 3911 3231 3964 vestrum
3269 3911 3389 3967 tam
3418 3924 3621 3968 reeens

1961 3990 2195 4048 solverit
2226 3992 2559 4061 anathema,
2590 4009 2725 4052 cum
2751 3994 2914 4052 nulla
2934 3996 3020 4054 vis
3051 3998 3421 4058 necessitatis
3441 4014 3619 4072 appa-

1959 4083 2105 4148 reat,
2139 4097 2244 4138 nec
2277 4086 2435 4139 tauto
2467 4085 2692 4141 vulneri
2715 4086 3033 4144 remedium
3056 4086 3288 4161 aliquod
3313 4087 3511 4161 aliqua
3527 4104 3621 4147 re-

1959 4172 2436 4245 compensatione
2482 4174 2752 4232 videatur
2803 4177 3016 4234 afferri.
3047 4179 3265 4236 Omnes
3310 4178 3533 4237 reditus
3560 4185 3622 4239 et

1956 4277 2159 4319 omnes
2206 4263 2587 4322 obventiones
2633 4265 3138 4325 archidiaconatus
3170 4267 3352 4339 illius,
3385 4284 3513 4341 quai
3542 4270 3614 4328 ad

1954 4367 2298 4408 communes
2350 4369 2494 4411 usus
2539 4355 2894 4427 regularium
2927 4357 3170 4414 fratrum
3202 4358 3431 4416 fuerant
3458 4358 3606 4417 assi-

182 4445 328 4510 eedi,
363 4445 455 4503 ud
486 4445 626 4502 l'aeit
666 4462 792 4501 cum
838 4444 1135 4503 mationa
1167 4453 1492 4517 proventum
1535 4455 1594 4502 ut
1642 4446 1837 4519 possi·
1866 4421 1917 4485 D
1943 4449 2152 4515 gnatae,
2184 4442 2313 4500 sine
2352 4460 2541 4502 causae
2590 4447 2913 4518 cognitione
2968 4447 3210 4504 sublata,
3239 4452 3399 4515 sunt,
3425 4455 3600 4522 atque

180 4550 313 4592 mus
340 4535 673 4606 sustinet-eo
710 4535 833 4592 Cor.
862 4536 943 4608 x).
986 4536 1393 4592 Verumtamen
1436 4549 1541 4592 nos
1586 4536 1832 4607 gratiam

178 4622 355 4680 istam
378 4623 852 4697 pusillanimitate
862 4624 1191 4697 desperatio
1199 4623 1289 4680 nis
1302 4622 1685 4693 excludimus,
1700 4641 1834 4697 quo·

176 4712 289 4771 ties
306 4713 619 4785 desperato
637 4713 872 4772 virtutis
890 4714 1099 4772 effectu
1120 4713 1398 4771 humanis
1429 4712 1721 4772 favoribus
1739 4716 1834 4772 in-

176 4802 499 4879 clinamus,
518 4807 578 4860 et
594 4802 913 4861 accelerato
927 4804 1189 4861 veritatis
1208 4801 1568 4875 ¹iustitiaenque
1594 4804 1831 4863 naufra-

176 4892 271 4966 gio
322 4892 598 4949 alutaris
660 4894 1029 4966 experientia
1101 4892 1491 4969 praepedimus
1537 4900 1830 4952 eventum.

174 4982 491 5053 oportebat
517 4982 730 5056 magis,
777 4983 1102 5041 secundum
1133 4986 1458 5045 doctrinam
1488 4983 1832 5054 Psalmistae,

171 5087 411 5146 sperare
442 5072 503 5127 ia
528 5070 758 5129 Domino
786 5080 839 5129 et
866 5072 1049 5130 lacere
1088 5075 1387 5135 bonitatem
1414 5077 1593 5151 (Psal.
1625 5074 1834 5144 xxxvl),

170 5161 457 5235 quoniam
478 5177 593 5217 non
614 5159 967 5234 derelinquit
981 5169 1284 5236 sperantes
1302 5166 1363 5223 in
1392 5184 1455 5225 se
1485 5168 1545 5225 in
1577 5176 1833 5240 tempore

168 5249 569 5309 tribulationis
616 5255 676 5309 et
713 5252 772 5308 in
801 5253 897 5311 die
943 5256 1330 5327 superborum
1365 5257 1489 5315 sine
1525 5259 1828 5330 adjutorio.

169 5339 489 5415 Oportebat
508 5339 572 5397 in
592 5341 887 5399 mandatis
904 5343 1034 5415 eJus
1060 5347 1117 5401 et
1130 5345 1656 5417 justificationibus
1677 5363 1832 5406 exer-

232 5505 354 5580 (33)
384 5510 478 5579 B„
500 5513 813 5568 mum.

1947 4532 2123 4588 unius
2143 4547 2404 4603 personae
2431 4535 2730 4608 ipsiusque
2749 4536 3041 4593 saecularis
3073 4538 3406 4608 sumptibus
3440 4540 3607 4595 attri-

1943 4620 2119 4677 butae.
2154 4624 2435 4690 Quaerunt
2475 4623 2657 4695 igitur
2700 4625 2771 4681 de
2808 4626 2946 4695 jure
2973 4624 3130 4697 quod
3160 4640 3333 4683 suum
3362 4634 3449 4682 est
3481 4626 3607 4684 sine

1936 4708 2159 4780 judicio
2189 4711 2446 4782 spoliati,
2469 4711 2872 4783 subductoque
2895 4713 3050 4784 quod
3076 4712 3428 4785 pauperibus
3450 4713 3596 4773 sole·

1941 4796 2044 4855 bat
2073 4815 2312 4873 erogare
2342 4800 2565 4873 religio,
2598 4798 2741 4856 nihil
2791 4817 2853 4857 se
2899 4803 3106 4872 praeter
3154 4816 3360 4858 vacuas
3392 4819 3605 4860 manus

1942 4887 2215 4946 exhibere
2261 4888 2582 4961 deplorant.
2630 4888 2893 4944 Procedit
2945 4888 3179 4947 interim
3211 4890 3364 4950 inter
3409 4892 3598 4951 cilicia

1942 4993 2264 5051 pauperum
2279 4979 2523 5035 fratrum
2537 4987 2593 5035 et
2611 4977 2840 5045 sordes,
2857 4977 3200 5038 chartularii
3217 4982 3376 5040 lilius
3393 4983 3599 5040 sericis

1943 5068 2260 5125 adornatus
2288 5072 2345 5125 et
2372 5066 2567 5138 variis,
2599 5083 2772 5141 quem
2804 5068 2917 5141 ipsi
2947 5069 3142 5128 invisae
3172 5070 3602 5128 dissimilitudi-

1943 5158 2038 5215 nis
2067 5158 2287 5215 animal
2333 5158 2650 5228 intuentes,
2696 5160 2866 5232 quasi
2896 5161 3268 5218 seminarium
3303 5161 3596 5232 quoddam

1942 5249 2269 5305 revocandae
2294 5248 2694 5307 saecularitatis
2716 5249 2926 5319 tacitis,
2958 5251 3108 5323 quod
3135 5250 3323 5307 sotum
3363 5252 3579 5309 audent

1942 5340 2154 5398 animis
2200 5346 2594 5404 exsecrantur.
2648 5343 3059 5401 condemnant.
3130 5345 3318 5415 Auget
3374 5348 3595 5402 metum
