3784 6000
318 195 491 253 {ms

1559 196 1776 253 ALANI
1816 197 2215 259 ANTISSIOD.
2236 199 2481 256 EPISC.

3595 205 3727 267 1388

1710 455 2303 576 CHARTA

194 695 202 709 '
314 695 466 779 Qua
502 696 921 765 Godefridus
960 697 1311 788 quondam
1350 696 1804 785 Lingonensis
1842 695 2231 786 episcopuS,
2265 695 2687 766 Wichardus
2714 698 3261 768 Pontiniacensis
3275 705 3343 768 et
3358 700 3738 771 Gaufridus

624 785 1194 868 ClaraevallensiS‚
1250 787 1565 871 abbates,
1598 784 2136 853 controversiam
2175 785 2356 852 inter
2403 784 2699 853 Alanum
2749 788 3420 858 Antissiodorensem

1116 882 1183 945 et
1213 877 1535 945 comitem
1577 875 2076 943 Nivernensem
2127 881 2348 943 ortam
2394 884 2848 966 componunt.

1815 1016 2010 1088 (Anno
2053 1015 2235 1089 1164.)

1159 1141 1387 1215 (Gallia
1429 1139 1777 1199 Christiana
1811 1153 1988 1205 nova,
2021 1141 2062 1195 t.
2096 1139 2207 1205 xii,
2239 1101 2684 1208 instrum.,c01.
2720 1139 2865 1208 ηπ.)

376 1383 496 1452 Ego
526 1382 905 1450 Gonnrnzuus,
927 1382 1247 1455 episcopus
1273 1382 1585 1456 quondam
1624 1383 1959 1453 Lingonen-
1986 1383 2034 1437 Δ
2072 1378 2387 1437 clesiarum
2412 1380 2898 1438 ministerialibus
2920 1383 3157 1439 comitis
3178 1398 3394 1456 capere
3408 1381 3496 1440 ad
3507 1379 3736 1457 aliquid

304 1470 405 1536 sis,
436 1476 646 1529 notum
675 1472 802 1527 fieri
832 1471 972 1529 volo
1005 1477 1127 1528 tam
1167 1471 1569 1544 praesentibus
1616 1475 1671 1527 et
1722 1470 1954 1537 suturis,

300 1558 468 1632 quod
496 1559 572 1616 de
600 1560 974 1632 quibusdam
1002 1560 1261 1633 querelis
1292 1576 1430 1633 quas
1458 1561 1610 1617 inter
1637 1559 1957 1616 dominum

300 1647 559 1705 Alanum
571 1648 970 1706 venerabilem
985 1650 1335 1722 episcopum
1348 1647 1955 1715 antissiodorensem,

301 1743 359 1794 et
377 1736 742 1794 Willelmum
772 1737 1062 1794 illustrem
1088 1738 1368 1795 comitem
1389 1739 1814 1794 Nivernensem
1832 1737 1961 1808 agi-

300 1826 603 1893 tabantur,
635 1827 966 1883 auxiliante
997 1829 1139 1894 Deo,
1184 1843 1290 1899 per
1317 1843 1571 1885 manum
1605 1832 1871 1883 nostram
1903 1831 1957 1882 et

299 1913 597 1971 wichardi
636 1916 1124 1980 Pontiniacensis,
1165 1923 1223 1973 et
1278 1914 1541 1974 Gauii-idi
1595 1913 1956 1972 Claraevallis

301 2003 611 2069 abbatum,
642 2004 717 2060 de
737 2004 868 2075 J'ure
899 2010 957 2061 et
976 2004 1510 2063 consuetudinibus
1532 2004 1955 2075 praedictorum

297 2093 565 2166 episcopi
578 2093 1167 2150 videlicetetcomitis
1185 2094 1472 2166 inquisita
1492 2092 1836 2163 diligentius
1860 2108 1956 2148 ve-

301 2181 496 2251 ritate,
537 2181 640 2238 tali
668 2183 855 2239 modo
881 2182 1183 2239 amicabili
1231 2181 1392 2239 facta
1436 2188 1525 2239 est
1571 2181 1954 2255 compositio.

299 2269 478 2328 Salva
501 2271 682 2341 igitur
712 2271 1006 2345 inprimis,
1033 2277 1092 2328 et
1132 2271 1469 2344 approbata
1505 2270 1712 2328 charta
1767 2286 1956 2343 quam

298 2357 450 2416 inter
459 2360 1080 2433 praedecessorem‘huj
1089 2377 1158 2417 us
1176 2361 1487 2418 dominum
1507 2362 1818 2432 nugonem
1833 2360 1956 2432 epi·

298 2464 548 2522 scopum
578 2455 635 2507 et
675 2465 855 2508 avum
894 2451 1063 2506 istius
1115 2451 1368 2515 comitis,
1406 2449 1684 2507 comitem
1735 2448 1957 2506 scilicet

298 2536 454 2594 etde
471 2538 780 2595 carthusia
801 2543 1023 2596 sanctae
1047 2540 1374 2604 memoriae,
1395 2537 1728 2595 Bernardus
1750 2537 1957 2594 Clarae-

297 2626 467 2683 vallis
513 2625 705 2684 abbas
747 2628 1105 2698 composuit,
1140 2632 1427 2684 statutum
1459 2633 1549 2684 est
1576 2643 1610 2684 a
1653 2626 1849 2691 nobis,
1893 2632 1955 2681 ut

2069 1466 2436 1533 faciendum,
2467 1468 2560 1525 vel
2583 1469 2807 1527 alicubi
2865 1471 3219 1528 mittendum
3275 1487 3397 1529 non
3441 1473 3605 1539 licet,
3638 1469 3736 1528 sed

2069 1562 2124 1614 et
2155 1572 2265 1630 pro
2295 1558 2733 1615 munitionibus
2761 1557 3070 1627 faciendis,
3108 1560 3200 1616 vel
3222 1560 3569 1617 reficiendis
3596 1558 3732 1616 nihil

2068 1644 2147 1702 ab
2185 1645 2534 1702 hominibus
2558 1647 2846 1719 episcopi,
2890 1647 2981 1705 vel
3037 1647 3430 1706 ecclesiarum
3483 1652 3575 1707 est
3622 1648 3730 1706 exi·

2068 1734 2354 1805 gendum.
2382 1734 2707 1809 aliquoties
2732 1736 3010 1795 homiues
3040 1737 3312 1810 episcopi
3342 1738 3513 1813 apud
3566 1737 3728 1795 mini-

2068 1823 2336 1880 steriales
2366 1824 2601 1880 comitis
2630 1831 3102 1898 conqueruntur,
3132 1830 3191 1883 et
3208 1825 3293 1882 eis
3315 1826 3624 1898 justitiam
3654 1826 3727 1883 ia·

2067 1927 2198 1968 cere
2225 1911 2456 1976 nolunt,
2478 1913 2586 1968 nisi
2613 1930 2721 1985 pro
2748 1913 2898 1986 ipsis
2927 1916 3020 1988 sej
3032 1915 3517 1982 ustitient,etiam
3537 1914 3723 1989 hiqui-

2067 2000 2203 2058 dem
2228 2016 2348 2057 non
2380 2000 2603 2058 debent
2640 2002 2750 2057 nisi
2806 2002 2880 2058 de
2933 2009 3196 2061 mercato
3245 2004 3546 2071 viventes,
3578 2003 3722 2061 unde
3783 2014 3784 2035 ¹

2069 2090 2460 2147 manifestum
2492 2098 2578 2147 est
2604 2093 2747 2164 quia
2779 2092 2913 2148 ideo
2940 2107 3065 2148 non
3094 2095 3187 2150 est
3214 2093 3299 2149 eis
3323 2093 3565 2164 justitia
3596 2093 3722 2149 sub·

2066 2179 2360 2237 trahenda
2376 2196 2479 2235 seu
2503 2180 2804 2250 neganda.
2829 2182 3116 2237 Praeterea
3131 2181 3484 2255 contingere
3506 2180 3719 2239 solebat

2064 2269 2229 2341 quod
2262 2268 2537 2325 homines
2563 2269 2799 2325 comitis
2820 2268 3170 2328 hominibus
3182 2270 3459 2344 episcopi
3486 2287 3601 2328 sua
3614 2286 3719 2327 cre·

2064 2357 2311 2427 debant,
2344 2364 2553 2414 etcum
2584 2374 2703 2414 non
2745 2364 2994 2432 possent
3015 2358 3239 2415 credita
3259 2358 3577 2427 rehabere,
3600 2375 3716 2433 pro

2064 2451 2193 2520 pter
2222 2447 2336 2503 hoc
2367 2462 2457 2502 res
2479 2446 2734 2503 aliorum
2761 2446 3075 2503 hominum
3103 2447 3370 2521 episcopi
3385 2449 3713 2522 capiebant,

2062 2535 2229 2610 quod
2260 2535 2484 2592 dictum
2504 2542 2594 2592 est
2615 2536 2864 2592 omnino
2902 2534 3030 2592 fieri
3056 2552 3178 2593 non
3197 2536 3419 2594 debere
3446 2555 3462 2605 ;
3485 2537 3716 2595 creden·

2067 2627 2153 2682 tiae
2183 2625 2342 2683 enim
2369 2640 2404 2680 a
2443 2623 2607 2680 nullo
2638 2626 2753 2681 nisi
2785 2625 2863 2681 ab
2894 2640 2966 2682 eo
2994 2626 3088 2681 cui
3115 2631 3258 2682 sunt
3302 2626 3566 2694 creditas,
3596 2635 3716 2683 sunt

298 2715 594 2789 quidquid
624 2717 684 2771 in
712 2731 784 2772 ea
809 2715 1135 2772 diffinitum
1178 2721 1287 2783 est,
1321 2720 1380 2771 et.
1426 2717 1695 2787 ipsorum
1749 2714 1955 2785 sigillis
1985 2736 2033 2792 Β
2063 2714 2459 2786 requirendae.
2491 2713 2881 2785 Recognitum
2911 2717 3003 2770 est
3029 2720 3319 2788 praelerea
3338 2715 3506 2789 quod
3527 2718 3590 2773 in
3614 2716 3718 2772 feo·

297 2803 625 2869 firmatum,
659 2810 856 2861 ratum
902 2804 1218 2873 habeatur,
1259 2810 1316 2861 et
1364 2812 1483 2862 tam
1538 2804 1615 2860 ab
1669 2804 1955 2876 episcopo

297 2908 484 2965 quam
516 2909 552 2948 a
579 2893 794 2951 comite
850 2894 1078 2950 cunctis
1127 2893 1340 2949 diebus
1388 2891 1798 2948 inviolabiliter
1850 2891 1955 2949 ob-

300 2987 586 3040 servetur.
616 2983 798 3055 Igitur
817 2983 892 3039 de
924 2987 1078 3040 terra
1097 2983 1342 3039 mercati
1371 2998 1509 3055 quoe
1526 2987 1650 3040 tam
1686 2980 1954 3055 episcopi

297 3084 485 3142 quam
510 3071 746 3127 comitis
785 3071 1120 3128 communis
1165 3078 1270 3138 est,
1320 3073 1626 3142 cognitum
1670 3077 1779 3136 est,
1809 3072 1955 3145 quia

297 3160 494 3217 neutri
516 3176 724 3217 eorum
753 3176 890 3217 eam
913 3161 1057 3217 dare
1086 3159 1282 3226 alicui,
1304 3160 1395 3217 vel
1408 3160 1639 3234 aliquid
1665 3160 1954 3218 ibifacere

298 3249 426 3305 sine
451 3264 702 3305 assensu
732 3249 973 3306 alterius
996 3248 1153 3316 licet,
1181 3256 1432 3321 excepto
1457 3248 1623 3323 quod
1653 3266 1858 3307 comes
1892 3251 1954 3306 in

299 3354 371 3396 ea
399 3338 577 3395 stalla
630 3338 959 3396 concedere
1014 3338 1155 3395 solis
1207 3338 1680 3396 cambiatoribus
1739 3345 1950 3411 potest,

296 3426 722 3485 tautummodo
751 3426 830 3484 ad
861 3426 1318 3492 cambiandum,
1356 3443 1489 3500 quae
1528 3433 1726 3485 tamen
1754 3428 1833 3483 ab
1868 3429 1953 3483 eis

299 3514 379 3573 ad
399 3515 551 3574 alios
575 3532 720 3573 usus
748 3516 1052 3574 transferri
1073 3530 1195 3571 non
1217 3523 1472 3586 possunt
1499 3532 1511 3572 :
1536 3516 1618 3573 ita
1634 3515 1950 3583 duntaxat,

299 3609 364 3660 ut
387 3604 438 3660 si
481 3606 738 3677 pretium
783 3604 999 3661 exinde
1043 3620 1245 3661 comes
1302 3604 1602 3673 habuerit,
1632 3605 1953 3677 episcopus

299 3692 678 3750 medietatem
700 3693 943 3760 habeat,
975 3693 1048 3750 de
1068 3692 1346 3750 theloneo
1374 3694 1535 3766 quod
1556 3693 1876 3765 episcopus
1897 3699 1953 3750 et

299 3783 630 3840 vicecomes
660 3783 980 3855 accipiunt,
1013 3782 1426 3839 ministeriales
1455 3783 1690 3839 comitis
1719 3781 1866 3839 nihil
1889 3799 1952 3841 se

298 3871 683 3930 intromittere
713 3873 994 3929 habeant.
1020 3874 1197 3929 Terra
1220 3888 1357 3946 quai
1384 3872 1646 3929 Kalende
1688 3872 1819 3929 Maii
1846 3888 1950 3945 ap-

297 3960 753 4035 pellaturliquet
774 3962 919 4035 qula
940 3961 1204 4034 episcopi
1227 3966 1317 4017 est
1344 3977 1358 4016 :
1389 3960 1549 4017 unde
1574 3976 1778 4018 comes
1806 3960 1952 4018 nihil

2064 2803 2221 2859 datis
2253 2802 2654 2860 servientibus
2683 2819 2838 2875 quos
2863 2804 3183 2876 episcopus
3212 2803 3393 2861 habet
3430 2805 3718 2861 Autissio-

2063 2890 2213 2961 dori,
2243 2890 2337 2955 vel
2365 2891 2505 2948 alibi
2551 2890 2785 2948 etiamsi
2837 2892 2911 2948 de
2956 2898 3225 2951 mercato
3269 2893 3481 2958 vivant,
3514 2910 3718 2950 comes

2064 2980 2292 3039 nullam
2317 2981 2570 3039 omnino
2599 2981 2657 3037 in
2693 2980 2841 3046 foro,
2876 2986 2983 3038 aut
3009 2980 3128 3040 alio
3153 2982 3215 3039 in
3237 2981 3365 3042 loco
3385 2998 3491 3056 pro
3513 2982 3716 3056 aliquo

2064 3069 2387 3138 forisfacto,
2419 3069 2533 3127 nisi
2568 3087 2671 3142 per
2695 3072 3043 3143 episcopum
3075 3071 3260 3128 habet
3283 3071 3579 3143 justitiam
3620 3090 3719 3128 seu

2065 3165 2441 3233 potestatem.
2477 3161 2545 3216 Ut
2574 3160 2750 3230 igitur
2792 3162 3143 3236 praescripta
3187 3161 3548 3236 compositio
3600 3168 3716 3218 rata

2065 3255 2122 3306 et
2157 3250 2515 3305 inconcussa
2551 3254 2837 3320 perpetuo
2878 3257 3141 3314 maneat,
3167 3250 3462 3324 episcopi,
3496 3251 3716 3308 comitis

2064 3345 2121 3395 et
2145 3343 2349 3395 nostro
2384 3337 2576 3410 sigillo
2608 3355 2739 3395 eain
2774 3337 3292 3406 confirmavimus,
3322 3340 3546 3397 notatis
3575 3341 3716 3398 testi·
3783 3339 3784 3364 ¹

2063 3426 2178 3485 bus
2211 3428 2314 3502 qui
2352 3427 2669 3485 nobiscum
2710 3434 3034 3499 praesentes
3071 3426 3492 3487 interfuerunt.
3523 3430 3709 3486 flenti-

2063 3532 2170 3574 cus
2183 3516 2531 3573 venerabilis
2545 3517 2854 3573 Trecensis
2866 3515 3186 3590 episcopus
3198 3523 3255 3573 et
3266 3518 3560 3575 Girardus
3575 3519 3715 3594 ejus·

2064 3605 2202 3661 dem
2249 3603 2736 3671 archidiaconus,
2763 3604 2953 3662 Guido
2991 3604 3542 3664 Autissiodorensis
3583 3624 3714 3680 prae-
3781 3590 3784 3665 ἱ

2061 3694 2320 3767 positus,
2378 3691 2702 3750 willelmus
2754 3692 3045 3758 decanus,
3095 3692 3440 3766 Stephanus
3495 3703 3715 3763 cantor,
3781 3673 3784 3776 ἢ

2065 3782 2402 3854 Stephanus
2453 3781 2747 3849 cellarius,
2801 3782 3117 3839 Garnerius
3166 3783 3566 3854 senescallus,
3609 3787 3718 3842 Ste·
3783 3789 3784 3793 ’

2062 3871 2302 3943 phanus
2349 3870 2426 3927 de
2471 3874 2885 3943 petrapertusa
2933 3870 3170 3938 milites.
3205 3872 3556 3945 Stephanus
3603 3876 3716 3947 epi-

2062 3960 2227 4033 scopi
2274 3961 2657 4033 praepositus,
2704 3959 3008 4027 Raaudus,
3054 3960 3394 4032 burgenses
3445 3963 3741 4021 antissio--

297 4050 381 4107 ibi
410 4049 603 4107 iacere
635 4050 839 4116 habet,
871 4054 930 4106 et
958 4050 1124 4123 quod
1152 4051 1212 4107 in
1234 4066 1306 4107 ea
1347 4054 1757 4108 construxerat
1805 4050 1950 4106 aedi-
1982 4081 2022 4139 C
2062 4049 2368 4106 dorenses.

297 4139 501 4196 ficium
530 4139 727 4196 cadat.
759 4139 1038 4197 Similiter
1067 4139 1289 4196 domus
1315 4140 1483 4211 juxta
1515 4145 1782 4212 pontem,
1807 4141 1952 4212 quia

296 4228 603 4298 cognitum
626 4234 716 4285 est
741 4233 799 4284 et
832 4226 1220 4286 manifestum
1244 4234 1794 4285 constructameam
1816 4244 1947 4285 esse

2057 4233 2344 4299 regnante
2400 4226 2701 4284 Ludovico
2743 4228 3107 4285 Francorum
3152 4242 3294 4300 rege
3341 4143 3714 4288 Chrimffis

2130 4143 2343 4194 Actum
2397 4153 2558 4194 anno
2612 4137 2690 4194 ab
2764 4137 3179 4196 lucarnatione
3249 4137 3495 4198 Domini

297 4332 477 4388 super
496 4332 719 4390 aquam
749 4332 884 4390 quoe
920 4333 958 4373 a
979 4322 1159 4389 ponte
1188 4316 1453 4383 inferius,
1480 4317 1634 4389 juris
1680 4317 1947 4391 episcopi
2055 4316 2235 4374 simo.

298 4410 411 4471 est,
443 4404 637 4462 cadat.
663 4406 1040 4478 Equitaturas
1062 4404 1380 4462 hominum
1402 4404 1692 4478 episcopi,
1724 4404 1811 4462 vel
1852 4422 1941 4464 ec·

1003 4778 2153 4925 DIPLOMATA
2308 4779 2937 4922 ALANI.

951 5011 1174 5083 (Gallia
1230 5010 1578 5069 Christiana
1629 5024 1810 5075 nova,
1857 5009 1973 5078 XII,
2025 5011 2335 5075 lustrum..
2388 5008 2502 5067 col.
2555 5009 2661 5066 126
2709 5015 2769 5068 et
2813 5010 3011 5084 seqq.)

301 5399 525 5458 Charta
550 5402 729 5459 Alani
753 5402 1001 5475 episcopi
1025 5316 1137 5474 prb
1175 5403 1523 5462 Monasterio
1562 5406 1628 5463 S.
1655 5405 1946 5465 Mariani.

373 5490 437 5545 ln
466 5491 706 5548 nomine
745 5498 967 5549 sanctas
996 5500 1055 5551 et
1099 5492 1418 5551 individuae
1463 5495 1782 5554 Trinitatis.
1822 5497 1946 5567 Ego

2055 5320 2281 5372 Ausus
2307 5309 2846 5370 Autissiodorensis
2873 5307 3219 5382 episcopus.
3244 5308 3570 5374 Quoniam
3609 5329 3709 5372 οη·

2057 5410 2185 5462 tum
2216 5408 2304 5460 est
2331 5402 2683 5475 episcopum
2710 5399 2921 5459 Christi
2947 5398 3242 5456 vicarium
3268 5412 3434 5469 esse,
3449 5402 3704 5476 ejusden

2057 5492 2270 5552 Christi
2300 5506 2639 5567 pauperum
2666 5490 2845 5548 debet
2867 5487 3334 5547 necessitatibus
3374 5490 3700 5553 subveniu-
