3784 6000
311 158 452 218 ¹095

1663 146 1933 209 *LUCII
1975 148 2047 208 111
2086 144 2291 207 PAPAE

3589 149 3728 213 1096

386 287 452 341 18
471 283 694 358 quibus
716 283 844 341 haec
864 280 1122 355 propriis
1142 277 1426 335 duximus
1447 276 1842 351 exprimenda
1860 293 1970 334 vo·
1997 278 2046 331 Α
2076 276 2236 343 dere,
2250 276 2654 334 discedentem
2678 293 2814 334 vero
2826 277 3058 352 absque
3069 279 3492 337 communium
3519 278 3736 338 littera·

317 373 582 431 cabulis:
618 373 813 429 locum
839 368 1066 426 scilicet
1085 368 1141 423 in
1161 382 1283 439 quo
1315 364 1558 422 abbatia
1583 366 1835 423 fundata
1856 372 1966 434 est,

314 464 415 537 qui
443 460 947 531 diciturBoulays,
963 473 1101 514 cum
1123 455 1407 513 omnibus
1422 455 1789 528 pertinentiis
1817 457 1964 522 suis,

218 602 223 607 .
317 553 505 617 terris,
539 550 742 623 pratis,
797 547 981 613 silvis,
1013 547 1206 619 aquis,
1237 545 1498 616 pasturis
1541 544 1710 600 omni
1765 546 1967 615 generi

315 640 670 698 animalium
682 636 1053 700 necessariis,
1066 650 1249 707 quem
1267 633 1431 690 dedit
1449 633 1617 689 vobis
1632 633 1887 688 Willelm
1899 650 1967 688 us

317 730 392 785 de
422 727 689 797 Bernole,
719 724 970 782 consilio
992 731 1049 780 et
1071 737 1330 779 88881188
1359 723 1631 778 0811118111
1655 722 1966 778 haeredum

316 831 564 873 snorum
600 820 659 870 et
687 813 937 871 Matthaei
967 813 1143 868 ducis
1184 810 1708 881 Lotharingiorum
1742 829 1757 878 ;
1790 826 1966 881 gran·

315 908 477 977 giam
502 905 576 959 de
607 902 875 959 Grusillis
896 917 1036 957 cum
1055 898 1424 972 pertinentiis
1450 901 1595 965 81118,
1619 899 1811 966 terris,
1834 915 1967 972 pra·

316 995 408 1059 tis,
437 992 601 1048 silvis
633 998 689 1047 et
726 992 1025 1063 pasturis;
1067 988 1356 1045 allodium
1407 987 1481 1043 de
1524 988 1788 1044 Feischal
1826 1004 1966 1044 cum

315 1081 677 1140 molendinis
702 1087 758 1137 et
788 1080 918 1136 aliis
950 1078 1318 1152 pertinentiis
1349 1078 1493 1143 suis,
1521 1079 1709 1143 terris,
1756 1079 1963 1150 pratis,

316 1172 477 1229 silvis
497 1176 553 1227 et
577 1170 839 1243 pasturis
868 1186 884 1238 3
913 1167 1211 1241 quidquid
1240 1166 1405 1238 apud
1433 1166 1755 1240 brantigny
1776 1166 1969 1239 possi-

316 1259 501 1329 detis3
529 1258 844 1329 grangiam
866 1257 940 1311 de
954 1256 1355 1311 Moironcourt
1372 1270 1508 1309 cum
1529 1255 1815 1310 omnibus
1840 1270 1968 1327 per·

319 1347 579 1403 tinentiis
609 1348 755 1411 suis,
776 1344 980 1418 pratis,
1013 1342 1196 1409 silvis,
1228 1342 1394 1398 terris
1414 1349 1469 1398 et
1503 1344 1762 1415 pasturis
1787 1365 1798 1409 ;
1825 1342 1969 1398 allo-

317 1434 829 1493 (1188111818118810
845 1433 1009 1506 quod
1027 1431 1340 1504 accepistis
1366 1431 1441 1487 de
1461 1447 1647 1487 manu
1675 1431 1964 1497 Widerici,

318 1525 556 1581 abbatis
580 1522 866 1588 Clariloci‚
889 1521 1142 1578 consilio
1159 1525 1215 1576 et
1238 1536 1538 1576 consensu
1557 1520 1830 1576 omnium
1853 1520 1968 1576 fra-

2077 381 2209 421 rum
2250 365 2529 422 cautione
2558 365 2756 423 nullus
2795 367 3016 424 audeat
3047 369 3318 426 retinere.
3353 370 3504 427 Cum
3530 373 3730 427 autem

2076 454 2352 527 generale
2380 455 2756 512 interdictum
2773 463 2939 514 terrae
2962 455 3156 523 fuerit,
3173 456 3556 524 liceatvobis.
3570 456 3732 515 clau-

2076 544 2158 599 sis
2178 544 2400 615 januis,
2433 544 2689 601 exclusis
2724 546 3264 604 excommunicatis
3292 551 3351 604 et
3379 545 3729 611 interdictis,

2075 648 2197 688 non
2215 633 2468 703 pulsatis
2486 635 2822 705 campanis,
2838 650 3165 707 suppressa
3179 651 3344 702 voce,
3373 634 3589 693 divina
3609 633 3731 692 offi-

2076 720 2169 778 cia
2196 720 2495 777 celebrare
2522 743 2534 786 ;
2564 722 2621 777 in
2654 723 3098 795 parochialibus
3124 739 3265 781 vero
3286 723 3560 781 ecclesiis
3583 739 3732 797 quas

2075 809 2309 866 habetis
2340 809 2513 866 liceat
2543 810 2709 867 vobis
2737 816 2997 883 quatuor
3026 816 3128 869 aut
3158 818 3274 869 tres
3303 813 3383 870 ad
3430 812 3636 870 minus
3663 811 3732 870 (18

2076 898 2382 955 canonicis
2414 900 2622 954 vestris
2649 915 2894 971 ponere,
2919 916 3178 974 quorum
3210 917 3365 958 unus
3385 901 3732 959 dioecesano

2076 989 2359 1060 episcopo
2386 992 2790 1061 praesentetur,
2815 995 2877 1045 ut
2895 990 2946 1046 ei
2968 1006 3176 1047 curam
3204 992 3553 1047 animarum
3578 1005 3733 1047 com·

2076 1075 2289 1143 mittat,
2320 1078 2399 1134 ita
2422 1077 2666 1150 quidem
2698 1078 2865 1151 quod
2902 1079 2954 1135 ei
2987 1079 3063 1134 de
3094 1079 3533 1151 spiritualibus,
3566 1078 3732 1136 vobis

2076 1172 2277 1222 autem
2318 1166 2393 1222 de
2426 1166 2854 1237 temporalibus
2877 1173 2935 1223 et
2976 1168 3050 1223 de
3079 1168 3308 1225 ordinis
3352 1167 3732 1225 observantia

2075 1255 2292 1311 debeat
2317 1256 2699 1326 respondere.
2727 1255 2840 1311 Pro
2865 1257 3182 1313 chrismate
3207 1255 3592 1327 autem,oleo
3607 1272 3732 1313 san·

2076 1347 2192 1410 cto,
2223 1343 2778 1400 consecrationibus
2818 1342 3222 1409 ecclesiarum,
3256 1343 3732 1402 ordinationibus

2076 1431 2424 1487 clericorum
2454 1431 2557 1503 qni
2595 1430 2674 1486 ad
2703 1447 2909 1488 sacros
2963 1432 3203 1490 ordines
3244 1432 3469 1490 fuerint
3501 1447 3731 1504 promo·

2077 1519 2276 1586 vendi,
2292 1519 2414 1574 sive
2437 1535 2545 1591 pro
2557 1519 2776 1576 abbate
2789 1520 3144 1578 deducendo
3159 1522 3234 1578 ad
3249 1522 3484 1591 sedem,
3503 1521 3601 1578 vel
3615 1520 3732 1594 qui·

318 1621 477 1671 trum
512 1628 781 1677 suornm,
811 1619 932 1667 tam
974 1611 1406 1666 monachorum
1434 1623 1619 1681 quam
1650 1609 1966 1674 laicorum,
1999 1635 2041 1689 Β
2076 1608 2340 1665 buslibet
2369 1607 2499 1664 aliis
2547 1607 2968 1665 ecclesiasticis
2996 1610 3414 1677 sacramentis,
3464 1608 3674 1666 nullus
3698 1625 3729 1665 8

318 1704 578 1775 acceptis
606 1717 644 1757 a
687 1701 857 1758 vobis
884 1700 1123 1769 triginta
1163 1697 1330 1755 libris
1357 1698 1644 1753 Tullensis
1692 1704 1965 1766 81088181,

317 1795 483 1865 quod
511 1790 800 1847 allodium
831 1787 1208 1845 contulerunt
1236 1789 1320 1842 eis
1348 1791 1405 1842 et
1424 1785 1690 1842 ecclesiae
1716 1804 1838 1843 suae
1861 1788 1968 1844 viri

317 1882 567 1944 nobiles,
593 1878 940 1935 Boldericus
971 1876 1239 1931 videlicet
1257 1875 1331 1930 de
1355 1874 1660 1946 ί3811110858·
1679 1881 1737 1930 81
1759 1875 1967 1931 flolde·

314 1970 472 2027 ricus
494 1969 650 2024 filius
682 1967 829 2041 ejus,
857 1965 1155 2023 Get-ardus
1186 1964 1261 2020 de
1294 1964 1607 2020 [θοι-0118181
1640 1970 1694 2021 81
1716 1962 1817 2019 filii
1850 1966 1964 2033 sui,

317 2059 544 2123 Petrus,
573 2056 902 2120 GauseliuS,
929 2054 1244 2119 Gerardns,
1272 2052 1522 2109 consilio
1548 2053 1730 2109 etiam
1756 2059 1969 2110 810011-

320 2165 502 2205 88888
520 2146 693 2203 (18018
714 2145 987 2211 Matthaei,
1011 2143 1123 2200 sub
1152 2143 1492 2199 testimonio
1520 2143 1865 2198 Theodorici
1891 2143 1968 2198 de

318 2239 600 2303 Romunt,
633 2235 877 2292 Gerardi
902 2233 1178 2290 advocati
1203 2234 1276 2287 de
1310 2236 1615 2304 Bruyeres,
1646 2230 1968 2287 Wuillelmi

318 2329 393 2384 de
414 2326 666 2391 Arches3
696 2331 963 2381 tenorem
984 2323 1160 2378 etiam
1190 2325 1378 2377 totum
1400 2320 1727 2376 Theobaldi
1756 2320 1831 2375 de
1845 2322 1968 2376 Jor-

321 2434 386 2474 se
415 2433 472 2483 ο,
506 2417 567 2472 18
597 2415 775 2485 agris,
818 2412 999 2476 silvis,
1031 2411 1235 2483 pratis,
1267 2411 1510 2481 pascuis
1544 2410 1716 2481 juxta
1748 2409 1968 2482 praedi-

314 2516 477 2563 018111
494 2505 782 2562 allodium
795 2503 869 2559 ad
872 2501 1233 2575 jacentibus,
1247 2499 1353 2572 qui
1377 2498 1552 2570 vulgo
1571 2497 1854 2554 Benevilis
1866 2514 1968 2555 vo·

314 2604 502 2660 catur,
533 2609 714 2666 quem
762 2594 927 2663 prius
962 2591 1257 2645 dederunt
1304 2588 1666 2659 supradictae
1703 2586 1968 2644 ecclesiae

315 2685 580 2743 Clariloci
614 2684 745 2755 ipse
790 2677 1169 2735 Tlieobaldus
1211 2678 1287 2733 de
1328 2676 1544 2732 Jorleio
1573 2682 1627 2732 et
1654 2675 1864 2732 Willer
1892 2677 1969 2732 de

316 2775 670 2837 Floremont,
694 2784 950 2826 assensu
975 2767 1186 2823 11111.ευί
1216 2765 1477 2830 68111181,
1512 2770 1721 2837 rogatu
1752 2771 1809 2820 et
1830 2779 1970 2820 con-

316 2864 444 2920 silto
493 2859 745 2920 Matthaei
777 2859 968 2922 ducis,
1025 2856 1282 2911 (18018818
1320 2854 1572 2910 Beathar
1604 2858 1661 2911 et
1702 2854 1967 2911 filiorum

316 2969 564 3011 suorum
594 2951 856 3007 Simonis
880 2954 934 3003 81
966 2945 1252 3003 Frederici
1277 2962 1291 3014 ;
1318 2943 1584 2999 decimas
1615 2944 1794 2999 etiam
1821 2957 1970 3018 prae·
2003 2966 2046 3027 C
2082 2941 2283 2997 nullus
2309 2940 2648 2997 violentiam
2666 2940 3312 3014 velrapinam,l'urtum
3335 2942 3716 3010 committere,

316 3044 457 3101 (11011
472 3041 673 3098 allodii
697 3056 732 3094 11
759 3035 1070 3103 Benevilis,
1103 3035 1177 3091 de
1195 3033 1406 3106 pratis,
1424 3032 1659 3104 campis
1681 3033 1827 3089 etde
1843 3049 1972 3089 om-

318 3134 496 3190 uibus
524 3131 654 3187 aliis
682 3129 757 3184 de
794 3126 1016 3199 quibus
1053 3124 1302 3180 decimus
1344 3121 1784 3194 persolvuntur,
1816 3136 1972 3194 quas

318 3216 950 3289 Henricu3‚quondam
965 3212 1248 3271 Tullensis
1267 3213 1598 3284 episcopus,
1625 3218 1970 3268 memoratae

317 3310 582 3369 ecclesiae
611 3307 875 3363 Clariloci
904 3305 1070 3376 prius
1090 3300 1490 3375 possidendas
1521 3302 1579 3355 in
1612 3306 1969 3372 perpetuum

317 3403 715 3463 concesserat,
742 3393 988 3451 consilio
1032 3391 1257 3448 Odonis
1297 3390 1727 3454 archidiaconi,
1754 3393 1971 3459 rogatu

318 3496 375 3546 et
402 3503 654 3546 assensu
685 3484 1010 3541 abbatissae
1032 3480 1469 3537 Romaricensis
1495 3480 1791 3551 totiusque
1812 3479 1971 3551 capi-

320 3579 421 3637 tuli
444 3578 534 3633 sui
552 3592 567 3642 ;
588 3588 841 3631 assensu
861 3571 1040 3627 etiam
1056 3571 1322 3642 ipsorum
1337 3569 1689 3623 clericorum
1713 3567 1788 3622 ad
1812 3583 1970 3638 quos

318 3670 580 3742 praetatae
610 3665 858 3719 decimae
890 3661 1285 3733 pertinebant,
1319 3656 1563 3712 Gerardi
1597 3656 1864 3712 videlicet
1896 3656 1971 3711 de

315 3758 558 3824 Jorseio,
592 3759 647 3809 et
681 3750 963 3808 Widerici
994 3748 1226 3818 nepotis
1257 3747 1350 3802 sui
1390 3751 1447 3801 et
1474 3744 1692 3801 Befridi
1724 3743 1973 3816 presby-

319 3846 422 3901 teri
455 3844 529 3899 de
557 3842 807 3898 Janneio
835 3856 849 3893 ε
882 3838 1105 3910 quibus
1122 3845 1179 3892 et
1209 3837 1332 3892 suis
1366 3833 1820 3890 successoribus
1853 3833 1975 3888 sin-

320 3934 441 4005 guli
471 3932 646 3989 annis
696 3928 1044 4002 persolvetis
1089 3926 1358 3999 quinque
1398 3922 1628 3980 solidos
1679 3921 1971 3978 Tullensis

323 4028 576 4079 monetae
602 4022 661 4075 in
691 4021 839 4074 festo
869 4020 927 4073 Β.
972 4015 1223 4080 Martini,
1250 4022 1352 4069 881
1384 4013 1536 4069 infra
1566 4017 1837 4076 octavas,
1867 4027 1974 4084 po-

322 4117 530 4168 nentes
550 4126 654 4165 eos
677 4123 857 4179 super
875 4105 1061 4161 altare
1084 4108 1431 4160 memoratas
1452 4100 1715 4157 ecclesiae
1739 4102 1813 4156 de
1835 4100 1974 4156 ,1811-

322 4203 480 4265 neio,
512 4214 664 4270 quas
694 4197 966 4251 decimas
1009 4209 1150 4249 cum
1178 4198 1517 4248 tenemento
1546 4189 1870 4246 Theobaldi
1898 4190 1973 4246 de

322 4289 550 4346 Jorseio
595 4293 650 4342 et
693 4301 831 4341 cum
861 4283 1083 4340 allodio
1135 4283 1206 4337 de
1248 4281 1502 4336 Janneio
1550 4277 1859 4350 accepistis
1898 4278 1973 4334 de

324 4395 511 4434 manu
563 4375 883 4448 supradicti
911 4372 1148 4430 abbatis
1194 4369 1461 4426 widerici
1506 4368 1797 4437 clariloci,
1823 4383 1974 4423 con-

326 4483 505 4524 sensu
532 4465 712 4523 totius
751 4462 995 4536 capituli
1024 4462 1137 4527 sui,
1169 4465 1227 4515 et
1253 4459 1315 4515 in
1345 4473 1417 4514 ea
1445 4457 1713 4514 libertate
1742 4461 1798 4511 et
1829 4457 1975 4512 inte·

325 4559 536 4630 gritate
548 4555 729 4629 quaja
741 4571 797 4610 m
810 4553 970 4609 dicta
981 4550 1230 4607 ecclesia
1241 4545 1511 4604 Clariloci
1530 4547 1695 4619 prius
1707 4544 1975 4617 posside-

322 4646 611 4703 bat.Sane
623 4642 930 4700 novalium
948 4644 1266 4694 vestrorum
1278 4651 1415 4708 quae
1430 4634 1689 4707 propriis
1703 4632 1977 4688 manibus

325 4726 1219 4806 autsumptibuscolitis,sivede
1233 4723 1608 4781 nutrimentis
1622 4721 1978 4778 animalium

326 4831 673 4889 vestrorum,
704 4819 907 4877 nullus
932 4832 970 4874 a
1002 4814 1169 4872 vobis
1192 4813 1461 4870 decimas
1485 4812 1720 4882 exigere
1752 4826 1979 4883 1118188-

326 4919 469 4972 11181.
503 4912 698 4969 Liceat
724 4922 966 4983 quoque
999 4904 1165 4962 vobis
1194 4904 1441 4960 clericos
1473 4901 1561 4958 vel
1582 4900 1788 4964 laicos,
1814 4914 1850 4956 a
1872 4915 1980 4955 sae-

327 5004 459 5061 culo
497 5002 789 5073 fugientes
816 4998 1036 5054 liberos
1066 5000 1124 5051 et
1152 4993 1485 5057 absolutos,
1515 4991 1595 5047 ad
1635 4990 1978 5047 conversio-

325 5110 464 5152 nem
496 5091 763 5164 accipere
792 5095 848 5145 et
876 5102 981 5144 eos
1012 5085 1244 5157 absque
1273 5080 1742 5140 contradictione
1772 5079 1979 5151 aliqua

324 5184 595 5242 retinere.

398 5270 789 5330 probibemus
815 5268 1062 5340 insuper
1102 5268 1165 5321 ut
1189 5261 1337 5321 nulli
1364 5261 1616 5320 fratrum
1643 5264 1974 5317 vestrorum

326 5373 466 5438 post
494 5363 714 5418 iactam
759 5363 821 5415 111
849 5357 1064 5415 eodem
1093 5354 1226 5413 loco
1263 5351 1723 5425 protessionem,
1780 5346 1871 5406 sas
1923 5348 1975 5405 si

332 5453 563 5526 absque
590 5448 826 5508 abbatis
866 5446 959 5503 sui
992 5444 1235 5502 licentia
1260 5442 1336 5500 de
1359 5440 1575 5499 eodem
1612 5441 1745 5497 loco
1772 5437 1972 5498 disce-

2004 4323 2051 4380 D

2078 1696 2265 1762 vobis,
2294 1703 2396 1752 aut
2420 1695 2535 1753 sub
2559 1696 2806 1753 obtentu
2819 1699 3292 1765 consuetudinis,
3326 1704 3432 1756 aut
3459 1698 3725 1771 quolibet

2080 1787 2197 1843 alio
2224 1787 2406 1842 modo
2435 1786 2746 1858 quidpiam
2770 1788 2991 1844 audeat
3014 1790 3339 1861 postulare.
3376 1788 3435 1846 Si
3465 1789 3612 1862 quis
3638 1804 3726 1845 au·

2079 1881 2198 1932 tem
2228 1881 2436 1930 contra
2483 1875 2596 1930 hoc
2644 1877 2844 1931 venire
2886 1878 3359 1950 praesumpserit,
3394 1877 3724 1950 portionem

2079 1980 2216 2020 cum
2265 1964 2420 2019 Giezi
2471 1979 2533 2018 se
2589 1966 2818 2020 noverit
2876 1964 3223 2022 habiturum
3282 1966 3377 2037 cuj
3390 1982 3460 2022 us
3511 1965 3726 2022 factum

2080 2053 2386 2108 exactione
2416 2054 2603 2124 turpis
2630 2052 2891 2109 muneris
2911 2053 3176 2110 imitatur
3207 2055 3266 2125 (1
3279 2055 3329 2111 V
3351 2054 3496 2126 [189.
3524 2055 3610 2128 v).
3641 2054 3725 2112 Se-

2080 2143 2381 2215 pulturam
2414 2148 2699 2213 proeterea
2724 2142 2915 2214 ipsius
2943 2142 3058 2199 loci
3085 2142 3335 2201 liberam
3367 2159 3509 2200 esse
3535 2143 3726 2200 decer-

2081 2231 2305 2296 nimus,
2335 2234 2398 2287 ut
2443 2246 2651 2287 eorum
2703 2230 3005 2287 devotioni
3036 2238 3092 2288 et
3131 2238 3412 2289 extremm
3445 2232 3723 2290 voluntati

2079 2320 2182 2393 qui
2210 2335 2269 2375 se
2291 2320 2405 2376 illic
2425 2320 2662 2393 sepeliri
2681 2320 3159 2387 deliberaverint,
3175 2322 3293 2378 nisi
3320 2321 3474 2379 forte
3501 2338 3722 2379 excom·

2079 2409 2368 2465 municati
2399 2408 2486 2464 vel
2532 2408 2818 2465 interdicti
2851 2409 2989 2474 sint,
3029 2409 3230 2467 nullus
3253 2410 3538 2479 obsistat,
3571 2409 3721 2467 salva

2081 2506 2280 2554 tamen
2309 2497 2539 2569 justitia
2567 2497 2801 2554 illarum
2825 2497 3234 2566 ecclesiarum,
3262 2514 3300 2555 a
3329 2498 3560 2572 quibus
3581 2513 3718 2555 mor-

2079 2591 2318 2644 tuorum
2341 2601 2596 2658 corpora
2622 2593 3029 2643 assumuntur.
3067 2588 3200 2645 Paci
3225 2603 3482 2660 quoque
3504 2592 3562 2644 et
3581 2592 3716 2643 tran·

2078 2675 2351 2749 quillitati
2373 2681 2581 2731 vestrm
2604 2680 2851 2747 paterna
2873 2674 3268 2732 sollicitudine
3295 2674 3612 2748 providere
3634 2690 3719 2732 ve·

2078 2765 2285 2833 lentes,
2316 2763 2660 2819 auctoritate
2690 2763 3022 2836 apostolica
3051 2765 3446 2836 prohibemus
3489 2770 3554 2823 ut
3580 2764 3714 2821 inira

2082 2852 2389 2908 clausuras
2440 2850 2706 2907 locorum
2757 2868 2865 2907 888
2922 2854 3315 2923 grangiarum
3371 2860 3716 2916 vestrarum,

2078 3032 2278 3105 ignem
2310 3045 2636 3103 apponere,
2664 3046 2769 3087 seu
2793 3031 3103 3089 hominem
3142 3047 3360 3105 capere
3389 3031 3487 3090 vel
3514 3030 3718 3089 interli-

2080 3136 2212 3178 cere
2243 3121 2487 3177 audeat.

2150 3209 2536 3265 Deceruimus
2564 3224 2707 3279 ergo
2738 3213 2803 3265 ut
2831 3209 2974 3266 nulli
3010 3210 3260 3267 omnino
3291 3211 3621 3267 bominum
3647 3208 3724 3266 fu

2078 3300 2154 3355 sit
2176 3298 2480 3371 prael'atam
2505 3297 2817 3354 ecclesiam
2845 3305 3065 3355 temere
3087 3299 3446 3371 perturbare
3477 3305 3584 3356 aut
3605 3299 3722 3371 ejus

2079 3387 2307 3445 auferre
2321 3386 2761 3459 possessiones,
2777 3386 2864 3443 vel
2890 3386 3122 3444 ablatas
3143 3388 3420 3454 retinere,
3448 3389 3724 3452 minuere,

2078 3475 2550 3549 seuquibuslibet
2573 3476 2985 3532 vexationibus
3005 3473 3276 3546 fatigare,
3297 3476 3410 3534 sed
3427 3478 3638 3534 omnia
3657 3476 3731 3532 in·

2080 3570 2244 3637 tegra
2284 3569 2712 3620 conserventur
2737 3579 2948 3620 eorum
2993 3580 3104 3637 pro
3142 3580 3412 3636 quorum
3445 3566 3730 3636 guberna·

2080 3654 2238 3709 tione
2278 3669 2347 3708 ac
2391 3654 2818 3708 sustentatione
2858 3667 3152 3708 concessa
3191 3659 3334 3710 sunt
3380 3655 3600 3711 usibus
3623 3670 3730 3711 om·

2080 3741 2343 3797 nimodis
2376 3739 2706 3812 profutura,
2739 3739 2906 3797 salva
2932 3741 3092 3797 sedis
3116 3741 3472 3813 apostolicoe
3494 3741 3728 3800 auctori·

2082 3837 2196 3887 tate
2217 3836 2273 3886 et
2288 3828 2611 3886 dioeeesani
2640 3829 2904 3902 episcopi
2924 3830 3216 3886 canonica
3234 3829 3506 3903 justitia.
3533 3831 3592 3889 Si
3615 3845 3725 3904 que

2080 3920 2259 3990 igitur
2307 3919 2368 3974 111
2412 3916 2675 3973 futurum
2716 3919 3116 3975 ecclesiastica
3169 3917 3569 3977 saecularisve
3619 3933 3728 3994 per-

2081 4024 2253 4075 sona,
2284 4014 2393 4063 810.

2153 4099 2273 4168 Ego
2301 4097 2534 4160 Lucius,
2564 4095 2870 4152 catholicae
2900 4093 3173 4153 Ecclesioe
3210 4096 3580 4170 episcopus.

2152 4188 2275 4257 Ego
2303 4184 2738 4249 Tlieodorinus,
2769 4183 3116 4241 Portuensis
3142 4185 3515 4259 episcopus.

2153 4276 2274 4344 Ego
2305 4274 2518 4330 Paulus
2547 4273 2947 4330 Praenestinus
2971 4273 3322 4348 episcopus.

2155 4366 2273 4433 Ego
2299 4362 2523 4428 Petrus,
2553 4362 2860 4435 presbyter
2889 4364 3117 4419 cardin.
3149 4361 3306 4420 tituli
3343 4366 3405 4422 S.
3433 4366 3734 4424 Susanna.

2155 4454 2275 4522 Ego
2318 4451 2620 4516 Vivimus,
2647 4451 2960 4523 presbyter
2992 4449 3320 4508 cardinalis
3363 4453 3526 4512 tituli
3555 4456 3616 4512 S.
3641 4455 3736 4512 Ste-

2085 4540 2271 4615 phani
2299 4541 2361 4596 in
2391 4543 2600 4597 Monte.

2157 4632 2279 4700 Ego
2303 4629 2612 4701 Cynthius,
2644 4628 2953 4700 presbyter
2977 4625 3309 4685 cardinalis
3331 4629 3498 4688 tituli
3525 4630 3736 4690 sanet·

2086 4719 2354 4777 Coecilioe.

2158 4810 2280 4877 Ego
2309 4807 2623 4871 arduinus,
2647 4805 2956 4878 presbyter
2983 4802 3312 4862 cardinalis
3334 4804 3510 4866 tituli
3531 4810 3736 4869 sanct·

2088 4897 2310 4955 Crucis.

2156 4988 2278 5055 Ego
2307 4985 2632 5049 Matthaeus,
2660 4982 2973 5057 presbyter
2995 4979 3322 5041 cardinalis
3348 4982 3520 5044 tituli
3565 4984 3738 5047 Sancti

2085 5073 2358 5133 Marcelli.

2156 5165 2278 5235 Ego
2293 5163 2680 5237 Hyacinthus,
2697 5162 2994 5220 diaconus
3016 5159 3350 5219 cardinalis
3373 5163 3628 5226 Sancto
3647 5165 3738 5222 11·

2082 5256 2186 5314 riae
2209 5253 2497 5312 Messoris.

2153 5347 2274 5415 Ego
2294 5343 2624 5411 Rainerius,
2644 5342 2939 5399 diaconus
2961 5338 3293 5399 cardinalis
3307 5343 3534 5405 Sancti
3547 5345 3732 5419 Grego-

2079 5433 2156 5493 rii
2180 5433 2260 5492 ad
2281 5433 2486 5491 velum
2517 5434 2802 5490 Aureum.
