3784 6000
173 244 305 307 ⁴69

798 385 1035 445 CAPUT
1073 388 1222 446 XVI.

174 472 245 529 In
299 476 548 530 oratorio
603 477 867 543 civitatis,
926 477 1129 535 civium
1185 480 1479 539 multitudo
1531 483 1826 554 perimitur

252 544 500 616 infinita,
548 556 603 603 et
660 551 789 606 urbi
834 557 1007 622 capta:
1073 552 1391 623 assignatur
1454 553 1824 627 archiepisco-

250 633 374 688 pus.

250 724 385 782 Erat
413 732 607 783 autem
636 728 695 785 in
728 735 892 802 parte
920 730 1193 801 civitatis,
1227 732 1287 788 in
1336 731 1460 789 loco
1509 734 1688 805 edito,
1723 734 1823 791 uhi

172 815 317 872 olim
348 817 421 874 ab
452 818 679 876 Herode
710 821 780 876 ad
808 822 1085 879 bonorem
1112 824 1354 891 Augusti
1391 823 1650 892 Cass-tris,
1676 826 1821 884 miro

173 918 352 973 opere
380 904 598 961 dicitur
616 907 959 965 fabricatum
992 913 1295 986 templum,
1344 913 1643 985 publicum
1677 914 1820 970 civi-

171 991 313 1049 tatis
342 995 660 1052 oratorium
691 1015 705 1053 :
738 997 879 1055 illuc
909 1002 1219 1060 universus
1268 1021 1412 1077 pene
1442 1005 1689 1062 civitatis
1718 1020 1818 1076 po·

174 1080 379 1152 polus,
410 1083 686 1156 quoniam
719 1089 1000 1147 orationis
1056 1091 1222 1151 locus
1277 1099 1424 1165 erat,
1482 1110 1583 1166 spe
1614 1110 1818 1150 conse·

175 1172 423 1243 quenda:
453 1173 656 1231 salutis
675 1177 1053 1249 confugerat:
1086 1198 1203 1253 quo
1233 1184 1488 1249 eliracto,
1521 1186 1684 1240 tanta
1721 1199 1818 1240 eo-

172 1277 310 1319 rum
343 1264 445 1336 qui
486 1264 641 1322 intro
667 1282 730 1323 se
756 1269 1146 1339 contulerant,
1181 1272 1329 1329 l'acta
1357 1277 1447 1329 est
1478 1277 1722 1347 strages,
1753 1277 1821 1330 ut

172 1353 562 1412 occidentium
579 1357 649 1413 de
679 1374 883 1417 cruore
897 1362 1219 1418 occisorum
1239 1363 1409 1420 bases
1430 1365 1814 1435 tingerentur,

171 1448 231 1500 et
251 1443 461 1501 horror
484 1452 655 1515 esset,
689 1448 959 1505 funerum
987 1452 1426 1509 multitudinem
1471 1454 1706 1510 intueri.
1753 1455 1813 1510 In

170 1532 283 1590 hoc
309 1536 513 1592 eodem
545 1540 816 1605 oratorio,
851 1549 1141 1612 repertum
1187 1548 1278 1598 est
1306 1559 1402 1598 vas
1427 1543 1635 1600 coloris
1672 1543 1813 1599 viri-

166 1624 765 1699 dissimi,in[modum
792 1632 1119 1701 parapsidis
1135 1631 1473 1701 formatum,
1496 1634 1651 1706 quod
1676 1649 1816 1704 prae-

1114 248 1315 313 HIST.
1364 250 1635 315 RERUM
1681 248 2217 315 TRANSMARIN.
2261 285 2342 300 —-
2382 254 2534 316 LlB.
2579 256 2653 317 X.

3466 262 3588 325 ⁴70

1860 394 1912 459 Α
1944 394 2079 451 Erat
2109 400 2302 453 autem
2335 399 2568 470 quando
2596 399 3058 459 Christianorum
3080 401 3440 461 exercitusin
3462 418 3590 475 par·

1937 488 2026 541 tes
2057 485 2236 558 Syrias
2267 488 2536 567 primitus
2594 489 2847 563 appulit,
2896 492 3109 549 civitas
3164 492 3431 559 celebris,
3460 510 3588 566 qua:

1937 574 2121 630 multo
2153 575 2497 648 populorum
2549 579 3020 652 frequentabatur
3046 599 3301 654 accessu,
3333 585 3590 640 turribus

1936 670 1996 721 et
2052 681 2221 723 muro
2275 668 2636 725 circumdata
2689 670 2902 727 valido.
2971 671 3216 742 Verum,
3273 680 3583 745 postquam

1937 763 2269 813 nostrorum
2287 758 2548 829 partibus
2569 760 2686 815 illis
2703 777 2766 817 se
2783 762 3118 827 infuderunt
3138 762 3418 836 legiones,
3440 765 3582 836 quia

1936 861 2042 902 nec
2070 847 2416 903 antemurali
2447 849 2801 921 cingebatur,
2833 856 2934 906 aut
2977 852 3141 920 vallo,
3177 854 3316 909 urbe
3357 854 3580 923 relicta,

1932 936 2277 993 Ascalonam
2331 939 2604 1011 sugerunt
2650 956 2876 1009 omnes,
2942 947 3175 1014 propter
3232 942 3575 1015 ampliorem

1935 1023 2098 1081 illius
2131 1026 2293 1083 urbis
2325 1028 2734 1096 munitionem,
2785 1030 2907 1101 ejus
2954 1030 3335 1088 habitatores.
3378 1030 3576 1089 Nostri

1935 1128 2088 1180 vero,
2120 1113 2281 1182 urbe,
2319 1120 2384 1171 ut
2413 1116 2810 1186 praediximus,
2845 1123 3068 1190 reperta
3097 1134 3299 1187 vacua,
3333 1118 3392 1174 in
3424 1135 3578 1191 qua-

1935 1202 2067 1257 dam
2103 1207 2266 1274 parte
2294 1204 2424 1275 ejus
2454 1209 2709 1261 castrum
2744 1207 2926 1263 muris
2956 1209 3014 1262 et
3042 1206 3191 1263 vallo
3220 1207 3581 1265 communie-

1933 1295 2088 1347 runt.
2119 1291 2358 1350 difficile
2405 1295 2748 1352 arbitrantes
2791 1301 3017 1353 tantum
3061 1310 3355 1352 murorum
3388 1296 3580 1353 ambi·
3659 1362 3664 1367 ,

1932 1383 2060 1435 tum
2095 1397 2228 1436 cum
2271 1384 2470 1453 paucis
2515 1384 2946 1441 habitatoribus
3000 1401 3296 1454 occupare.
3361 1384 3580 1443 Rumor

1930 1468 2125 1541 itaque
2157 1471 2514 1539 insonuerat,
2545 1491 2660 1531 non
2694 1475 2944 1531 multum
2976 1491 3011 1531 a
3045 1491 3179 1532 vero
3210 1475 3575 1548 discrepans,

1931 1564 2080 1632 quod
2127 1562 2429 1634 AEgyptius
2476 1564 2739 1637 calypha,
2811 1565 3121 1636 quemdam
3182 1564 3399 1621 militia:
3454 1580 3573 1622 ωε

1931 1651 2274 1723 principem,
2307 1668 2440 1707 cum
2470 1654 2688 1724 ingenti
2724 1653 3123 1722 multitudine,
3156 1654 3226 1709 ad
3258 1658 3450 1725 partes
3479 1653 3570 1711 di·

164 1715 303 1771 ‘¹5⁰st
327 1717 651 1774 J²¹²¹²0¹¹⁸0⁸
672 1720 1109 1792 flmssfflssdinum
1130 1729 1482 1792 ‘Opfflssfltess’
1510 1739 1610 1793 ΡΓΟ
1638 1722 1813 1779 mum
1843 1744 1891 1811 Β
1928 1746 2151 1795 rexerat
2202 1741 2643 1798 Ascalonitanas
2679 1761 2693 1811 ;
2746 1759 2906 1799 more
2934 1759 3042 1799 suo
3101 1744 3442 1814 praecipiens
3483 1745 3568 1810 ut,

166 1820 407 1862 summa
427 1806 769 1878 pecunias-in
790 1814 1007 1866 sortem
1035 1812 1399 1883 recipientes,
1417 1810 1672 1869 ecclesiae
1694 1829 1809 1868 sua:

162 1896 602 1970 pro2exceltenti
663 1898 1004 1956 obtulerunt
1058 1907 1292 1958 ornatu.
1330 1901 1493 1958 Unde
1534 1911 1590 1960 et
1623 1917 1811 1975 usque

164 1986 341 2044 hodie
367 1987 802 2044 transeuntibus
833 2005 934 2061 per
963 2005 1063 2046 eos
1095 1991 1487 2063 magnatibus,
1520 2007 1616 2047 vas
1655 1991 1810 2048 idem

163 2076 338 2150 quasi
364 2092 471 2149 pro
503 2076 782 2133 miraculo
814 2077 1002 2135 solent
1031 2081 1355 2147 ostendere,
1398 2081 1811 2153 persuadentes

161 2166 323 2240 quod
354 2181 485 2224 vere
512 2165 608 2237 sit,
639 2166 696 2222 id
728 2168 879 2238 quod
929 2170 1086 2224 color
1132 2185 1261 2226 esse
1301 2168 1538 2242 indicat,
1585 2186 1807 2226 smara-

162 2256 341 2329 gdus.
364 2255 585 2313 Occisis
605 2260 799 2312 autem
822 2273 922 2328 per
942 2258 1069 2314 loca
1088 2260 1246 2315 varia
1266 2259 1540 2315 omnibus
1571 2275 1712 2330 pene
1732 2259 1811 2315 ci-

160 2344 340 2401 vibus
366 2344 605 2417 adultis,
627 2345 984 2416 virgunculis
1001 2349 1090 2404 vix
1112 2349 1370 2420 parcitur
1396 2354 1453 2405 et
1485 2349 1678 2418 pueris
1696 2349 1806 2404 im·

161 2434 502 2507 puberibus.
521 2436 626 2493 Hic
648 2435 894 2493 dabatur
906 2452 1038 2494 vere
1052 2441 1122 2494 ad
1138 2438 1387 2494 litteram
1412 2437 1625 2494 intueri
1646 2438 1802 2510 quod

159 2524 453 2598 scriptum
483 2534 569 2582 est
601 2526 660 2582 in
718 2526 1035 2600 Propheta:
1071 2528 1311 2584 Tradidit
1341 2528 1597 2583 Dominus
1626 2529 1685 2583 in
1713 2542 1804 2583 oa-

156 2617 477 2688 ptivitalem
502 2618 755 2673 vir-tutem
795 2633 1005 2687 eorum,
1028 2624 1082 2673 et
1120 2618 1500 2688 fortitudinem
1526 2633 1715 2675 eorum
1743 2619 1801 2674 in

158 2723 363 2763 manus
393 2706 613 2763 inimici
637 2708 820 2777 (Ptol.
870 2724 1079 2775 nxxvu,
1131 2708 1245 2779 67).
1298 2709 1504 2780 Igitur,
1541 2711 1801 2765 cessante

156 2797 357 2872 gladio
376 2803 437 2855 et
457 2803 647 2871 strage
669 2798 871 2871 populi
889 2803 1316 2866 consummata,
1338 2797 1720 2869 comportatis
1740 2797 1800 2853 in

154 2902 345 2944 uuum
375 2886 579 2957 spoliis
599 2894 657 2942 et
675 2886 1040 2960 supellectile
1062 2889 1330 2944 universa
1347 2889 1519 2954 juxta
1537 2893 1797 2943 tenorem

152 2986 459 3051 pactorum
485 2978 656 3034 tertia
688 2993 817 3048 pars
846 2977 1191 3050 designatur
1211 2975 1627 3046 Januensibus,
1662 2975 1799 3033 reli-

154 3068 293 3140 quis
322 3067 552 3124 duabus
579 3068 816 3124 domino
839 3069 1035 3141 regist
1064 3068 1187 3124 suis
1215 3067 1275 3123 in
1306 3073 1519 3124 sortem
1547 3066 1795 3124 cedenti·

152 3157 288 3214 bus.
324 3157 429 3213 Hic
460 3158 716 3228 primum
750 3164 945 3214 noster
963 3157 1228 3229 populuS,
1252 3158 1352 3229 qui
1381 3157 1597 3213 attritis
1620 3158 1680 3213 in
1702 3173 1796 3214 ex·
1823 3141 1867 3209 C

150 3245 458 3319 peditions
478 3245 711 3314 reculis,
737 3262 957 3319 pauper
985 3252 1042 3302 et
1081 3246 1249 3317 inops
1280 3247 1574 3317 ingressus
1596 3247 1804 3318 suerat,

152 3339 212 3394 et
230 3335 440 3393 eadem
464 3336 747 3393 tenuitate
765 3351 954 3408 usque
967 3336 1039 3392 ad
1062 3335 1226 3392 illum
1242 3335 1603 3391 laboraverat
1625 3336 1805 3406 diem,

152 3426 383 3482 onerati
414 3424 619 3498 spoliis
648 3429 708 3481 et
736 3424 904 3481 ditati
938 3427 1186 3496 pecunia
1214 3430 1517 3497 coeperunt
1563 3425 1687 3481 fieri
1719 3426 1804 3482 lo-

152 3515 531 3587 cupletiores,
574 3515 879 3588 pinguiore
921 3514 1036 3570 sibi
1068 3514 1429 3587 supellectile
1459 3515 1804 3572 constituta.

149 3603 404 3660 Adducti
449 3607 586 3660 sunt
617 3609 811 3659 autem
868 3619 1062 3660 euram
1110 3604 1346 3660 domino
1378 3619 1530 3676 rege,
1563 3604 1801 3661 sedente

152 3709 261 3766 pro
290 3691 589 3762 tribunali,
632 3698 935 3765 procurato
959 3692 1223 3759 civitatis,
1252 3694 1350 3764 qui
1374 3693 1571 3764 lingua
1599 3708 1800 3749 eorum

150 3781 372 3840 dicitur
398 3782 583 3852 emir:
612 3788 670 3839 et
687 3782 999 3854 juridicus,
1025 3783 1121 3854 qui
1142 3783 1514 3854 juridicendo
1536 3786 1796 3855 praeerat,

149 3870 254 3944 qui
282 3870 458 3929 etiam
490 3869 691 3945 lingua
710 3887 914 3928 eorum
937 3873 1134 3927 cadius
1155 3873 1500 3945 appellatur.
1533 3874 1638 3931 His
1661 3875 1800 3932 duo·

148 3959 286 4032 bus,
310 3976 414 4032 spe
441 3962 649 4016 iuturae
689 3959 1130 4031 redemptionis,
1165 3962 1422 4018 studiose
1450 3963 1680 4019 indulta
1708 3968 1797 4021 est

146 4050 301 4118 vita:
361 4050 745 4123 compedibus
783 4053 979 4106 tamen
1040 4051 1378 4123 mancipati,
1412 4052 1615 4108 traditi
1646 4057 1789 4109 sunt

148 4138 500 4197 custodibus
523 4138 836 4211 deputatis.
864 4141 1040 4196 Porro
1061 4156 1176 4196 non
1206 4140 1427 4196 habens
1450 4157 1549 4198 rex
1568 4157 1791 4199 moram

149 4229 232 4286 ibi
262 4229 513 4286 faciendi
549 4229 967 4286 diuturniorem
1004 4231 1176 4287 ferias
1206 4229 1436 4300 liberas,
1471 4233 1791 4289 revocanti·

151 4318 264 4374 bus
292 4333 425 4374 eum
449 4316 720 4390 negotiis,
750 4316 932 4374 electo
964 4317 1044 4373 ibi
1073 4317 1513 4391 archiepiscopo
1535 4319 1789 4390 quodam

144 4406 453 4476 Baldnino,
476 4407 576 4479 qui
608 4422 742 4463 cum
772 4407 1008 4464 domino
1040 4408 1185 4463 duce
1199 4406 1507 4464 Gudeirido
1530 4407 1588 4463 in
1621 4425 1790 4481 expe-

146 4495 370 4553 ditione
423 4500 681 4563 venerat,
712 4495 929 4552 relictis
970 4496 1039 4551 ad
1069 4497 1389 4552 custodiam
1438 4497 1690 4553 civitatis
1719 4498 1792 4555 de
1822 4514 1868 4580 Β

144 4587 404 4642 exercitu
434 4584 752 4654 nonnullis,
786 4585 911 4658 ipse
940 4601 1072 4641 cum
1100 4585 1324 4643 caeteris
1365 4586 1671 4643 Ramulam
1704 4591 1788 4644 l'e-

140 4675 344 4734 stinat.

750 4783 979 4841 CAPUT
1015 4783 1180 4842 xvn.

144 4894 285 4960 Rex,
312 4892 607 4949 Romulum
628 4894 867 4961 veniens,
903 4893 1137 4948 hostium
1166 4895 1263 4964 qui
1291 4892 1547 4950 advenire
1575 4892 1787 4951 diceba-

216 4971 617 5096 ‘tttzeexsg‘egtat
648 4968 951 5021 exercitum
979 4982 999 5030 ,·
1029 4971 1083 5020 et
1111 4980 1238 5021 cum
1266 4967 1344 5021 eis
1381 4981 1659 5038 pugnans,
1686 4965 1787 5022 ob-

382 5053 433 5094 m
526 5053 692 5096 nam.

210 5146 318 5203 Est
344 5151 539 5202 autem
570 5143 808 5201 Remula
838 5142 1044 5201 civitas
1073 5143 1134 5201 in
1186 5143 1616 5215 campestribus
1646 5142 1783 5211 sita,

139 5237 307 5308 juxta
335 5234 603 5303 Liddam,
635 5250 760 5305 qua:
788 5239 879 5291 est
927 5234 1229 5306 Diospolis„
1261 5232 1440 5306 hujus
1469 5234 1782 5304 antiquum

138 5338 357 5384 nomen
386 5339 503 5381 non
535 5323 759 5396 reperi:
792 5324 891 5380 sed
930 5340 1119 5396 neque
1140 5324 1330 5396 ipsam
1363 5322 1573 5396 priscis
1603 5322 1785 5381 ruisse

134 5415 529 5490 temporibus,
552 5416 825 5487 frequens
845 5414 1021 5472 habet
1040 5415 1237 5488 opinio
1261 5432 1275 5483 ;
1300 5430 1474 5486 quam
1496 5420 1626 5486 post
1638 5421 1783 5472 tem·

137 5524 281 5584 pora
312 5503 643 5563 seductoris
686 5503 1048 5570 Mahumeth,
1087 5504 1216 5575 eJus
1246 5519 1615 5562 successores
1654 5505 1783 5562 Ara·

130 5602 283 5661 bum
312 5593 634 5671 principes,
660 5605 881 5652 veteres
910 5595 1151 5652 tradunt
1180 5591 1433 5652 historio
1480 5595 1777 5657 iuudasse.

1921 1830 2144 1901 absque
2175 1830 2451 1888 dilatione
2503 1833 2896 1903 proficiscens,
2948 1833 3230 1906 populum
3261 1832 3431 1888 illum
3476 1831 3575 1888 in-

1916 1934 2084 1991 opem
2109 1925 2165 1976 et
2188 1921 2548 1991 mendicum,
2570 1922 2672 1993 qui
2697 1923 2843 1978 fines
2872 1923 3003 1991 eJus
3031 1922 3258 1992 ingredi
3286 1936 3568 1990 pressum-

1915 2017 2106 2078 pserat
2137 2015 2194 2065 et
2223 2010 2478 2081 quietem
2510 2013 2639 2082 ejus
2671 2011 2902 2067 turbare
2951 2027 3065 2066 non
3098 2011 3429 2079 verebatur,
3461 2012 3567 2065 aut

1915 2102 2123 2175 gladiis
2155 2103 2369 2160 deleret
2397 2104 2684 2171 funditus,
2719 2108 2821 2161 aut
2850 2103 3109 2161 vinctum
3150 2104 3221 2160 ad
3254 2118 3318 2159 se
3343 2103 3561 2176 perdu-

1913 2197 2069 2248 ceret
2095 2192 2153 2247 in
2185 2193 2518 2266 AEgyptum.
2560 2194 2910 2250 Dicebantur
2936 2201 3131 2249 autem
3162 2206 3291 2248 esse
3319 2192 3420 2263 qui
3458 2192 3561 2249 ad-

1915 2286 2206 2350 venerant,
2259 2283 2594 2353 pradictum
2641 2283 2958 2354 principem
3019 2281 3225 2349 secuti,
3282 2279 3556 2337 undecim

1912 2369 2172 2441 equitum
2206 2369 2425 2427 millia:
2481 2370 2740 2443 peditum
2798 2387 2931 2428 vero
2963 2371 3023 2426 in
3055 2369 3259 2442 viginti
3290 2368 3557 2426 millibus

1911 2459 2216 2516 dicebatur
2237 2476 2468 2517 summa
2487 2462 2823 2518 consistere.
2858 2460 2989 2516 nec
3020 2459 3326 2517 dominum
3359 2474 3552 2532 regem

1910 2547 2124 2605 samaa
2163 2550 2419 2606 Coesarea
2465 2554 2754 2606 maturare
2806 2549 3186 2621 compulerat,
3239 2550 3547 2603 timentem

1910 2653 1981 2693 ne
2011 2639 2081 2693 de
2109 2639 2485 2697 multitudine
2515 2655 2623 2695 sua
2645 2643 3082 2710 presumentes,
3107 2637 3466 2710 periculosas
3485 2634 3545 2690 in

1908 2743 2154 2800 regnum
2183 2729 2536 2801 irruptiones
2577 2731 2922 2787 molirentur
2951 2745 2965 2784 :
3018 2747 3134 2803 qno
3183 2729 3544 2802 perveniens,

1906 2817 2076 2889 quasi
2135 2833 2235 2889 per
2267 2834 2527 2876 mensem
2559 2824 2918 2890 exspectans,
2977 2820 3180 2876 videns
3233 2820 3388 2892 quod
3430 2834 3547 2877 non

1907 2909 2305 2980 procederent,
2334 2910 2562 2982 Joppen
2603 2926 2869 2967 reversus
2915 2916 3025 2968 est.
3059 2910 3318 2967 Tandem
3356 2925 3552 2967 mense

1904 2999 2077 3055 tertio
2097 3003 2498 3073 AEgyptiorum
2519 3002 2802 3074 legiones,
2817 3003 2888 3058 de
2909 3000 3123 3074 quibus
3140 3000 3551 3074 praemisimus,

1906 3089 2175 3145 timentes
2206 3091 2424 3146 domini
2456 3091 2544 3147 sui
2578 3093 2865 3162 preterire
2902 3092 3267 3161 mandatum,
3293 3096 3353 3148 et
3379 3107 3556 3164 super

1914 3195 1980 3235 eo
2012 3180 2167 3251 quod
2199 3181 2570 3248 distulerant,
2614 3180 3084 3253 indignationem
3145 3185 3471 3241 metuentes
3499 3186 3559 3240 et

1914 3268 2220 3339 offensam,
2254 3270 2326 3325 de
2347 3270 2694 3326 necessitate
2726 3271 3000 3328 facientes
3020 3272 3311 3342 virtutem,
3335 3271 3560 3329 animos

1912 3356 2168 3428 erigunt,
2199 3364 2473 3429 reparant
2499 3361 2688 3416 vires:
2741 3365 2818 3430 et,
2863 3360 3149 3417 ordinatis
3199 3359 3557 3433 agminibus,

1913 3446 2062 3502 flues
2093 3453 2325 3505 nostros
2351 3450 2576 3521 ingredi
2606 3454 2664 3506 et
2694 3449 2999 3506 nobiscum
3026 3467 3286 3524 pugnare
3317 3454 3556 3507 conten-

1912 3536 2076 3593 dunt.
2111 3539 2272 3604 Quod
2306 3539 2404 3595 uhi
2438 3539 2672 3595 domino
2712 3539 2832 3612 regi
2867 3540 3201 3596 nuntiatum
3241 3543 3350 3605 est,
3383 3540 3560 3597 colle-

1911 3627 2021 3683 ctis
2051 3630 2210 3700 regni
2245 3629 2493 3685 modicis
2523 3628 2728 3698 copiis,
2761 3629 2899 3699 quia
2931 3629 3182 3698 majores
3226 3629 3556 3699 possessio-

1911 3730 2052 3770 num
2087 3718 2368 3786 angustiae
2396 3717 2732 3773 ministrare
2763 3733 2877 3773 non
2911 3722 3198 3788 poterant,
3235 3717 3553 3773 exercitum

1909 3804 2059 3860 circa
2091 3806 2329 3861 Liddam
2361 3812 2419 3863 et
2439 3806 2746 3863 Remulum
2777 3806 2999 3878 colligit
3018 3811 3303 3879 quantum
3336 3811 3548 3878 potest.

1906 3895 2042 3951 Erat
2072 3902 2266 3953 autem
2298 3897 2349 3954 ei
2373 3896 2636 3969 equitum
2664 3912 2945 3952 numerus
2968 3897 3202 3952 ducenti
3223 3896 3548 3970 sexaginta,

1904 3986 2127 4057 pedites
2157 4001 2289 4043 vero
2320 3986 2620 4059 nongenti.
2682 3987 2790 4042 Ubi
2845 3989 3038 4042 autem
3089 3986 3347 4042 constitit
3393 3985 3548 4059 quod

1904 4076 2104 4134 hostes
2125 4076 2485 4142 accederent,
2508 4092 2607 4132 rex
2633 4075 2752 4132 illis
2771 4078 3087 4149 procedens
3113 4076 3366 4144 obviam,
3390 4076 3546 4135 acies

1903 4182 2003 4223 sex
2026 4182 2265 4223 numero
2297 4169 2566 4239 praecepit
2595 4166 2852 4223 ordinari
2886 4181 2900 4223 :
2932 4166 3150 4239 quibus
3184 4166 3387 4222 ordine
3425 4167 3545 4224 dis-

1902 4254 2132 4326 positis,
2183 4254 2388 4324 praevio
2421 4252 2578 4326 ligno
2609 4254 2800 4310 crucis
2847 4254 3190 4324 Dominicae,
3220 4256 3375 4326 quod
3405 4255 3543 4328 qui-

1901 4343 2036 4399 dam
2066 4343 2246 4400 abbas
2278 4342 2588 4416 religiosus
2617 4360 2754 4400 cum
2787 4342 2969 4400 multo
2989 4344 3090 4402 Dei
3115 4344 3324 4401 timore
3355 4350 3545 4416 gesta·

1901 4432 2001 4488 bat
2031 4433 2088 4488 in
2123 4433 2415 4505 manibus,
2439 4433 2695 4489 hostium
2729 4433 2882 4489 acies
2903 4441 3287 4490 contuentur:
3329 4434 3544 4506 quibus

1901 4523 2150 4596 intuitis,
2191 4525 2458 4581 invocato
2512 4526 2584 4581 de
2633 4526 2903 4594 supernis
2942 4525 3175 4596 auxilio,
3224 4525 3432 4582 erectis
3475 4525 3540 4584 in

1896 4614 2105 4670 coelum
2133 4614 2476 4680 luminibus,
2508 4629 2707 4669 eorum
2731 4612 3162 4668 multitudinem
3188 4629 3303 4669 non
3331 4627 3540 4670 veren-

1893 4706 2005 4769 tes,
2031 4703 2290 4758 hostibus
2309 4701 2570 4757 animose
2592 4717 2654 4756 se
2686 4700 2983 4771 ingerunt,
3019 4701 3227 4771 gladiis
3248 4701 3535 4758 instantes

1893 4790 2157 4860 viriliter,
2205 4791 2456 4847 scientes
2512 4790 2642 4861 quia
2698 4805 2790 4845 res
2850 4805 2953 4859 pro
3003 4790 3194 4861 capite
3245 4799 3530 4862 ageretur.

1892 4879 2103 4935 Hostes
2142 4879 2522 4935 nihilominus
2550 4894 2582 4934 e
2631 4876 2879 4945 diverso,
2912 4878 3191 4934 uxoribus
3221 4882 3282 4934 et
3310 4878 3528 4951 liberis,

1893 4968 2363 5041 possessionibus
2393 4972 2453 5023 et
2499 4965 2750 5038 praediis,
2792 4981 2942 5037 quas
2986 4966 3045 5021 in
3084 4966 3326 5040 AEgypto
3355 4967 3532 5026 dimi-

1891 5063 2108 5127 serant,
2142 5057 2251 5113 nisi
2280 5057 2529 5114 victores
2587 5056 2828 5112 redeant
2870 5061 3218 5130 metuentes,
3249 5058 3530 5117 resistunt

1888 5147 2032 5205 totis
2059 5147 2304 5213 viribus,
2356 5153 2409 5200 et
2436 5161 2539 5218 pro
2597 5145 2770 5201 modo
2800 5160 2911 5202 suo
2952 5144 3219 5202 laborant
3274 5145 3526 5217 injurias

1889 5235 2254 5311 propulsare.
2299 5235 2540 5292 Factum
2571 5238 2660 5290 est
2687 5238 2909 5302 autem,
2943 5241 3003 5290 ut
3033 5235 3236 5307 prima
3269 5235 3527 5298 hostium

1887 5329 2043 5384 acies
2063 5326 2122 5383 in
2148 5342 2322 5382 unam
2346 5340 2416 5381 ex
2443 5323 2658 5380 nostris
2680 5323 2966 5380 irruentes
2995 5329 3054 5381 et
3081 5323 3303 5397 ingenti
3335 5324 3530 5381 multi·

1884 5417 2089 5473 tudine
2110 5415 2268 5474 illam
2281 5413 2687 5475 dissolventes.
2700 5414 3089 5487 adegeruntin
3102 5414 3301 5487 fugam
3317 5429 3526 5488 :quam

1885 5508 2237 5564 insectantes
2270 5515 2323 5563 et
2344 5513 2719 5578 perurgentes
2747 5503 3026 5574 atrocius,
3057 5519 3202 5575 pene
3232 5520 3420 5580 usqne
3448 5505 3524 5563 ad

1886 5611 2228 5671 supremum
2257 5596 2556 5655 interitum
2603 5595 2964 5653 deleverunt.
3011 5598 3084 5652 At
3119 5610 3253 5654 vero
3281 5596 3520 5670 reliquo
