3784 6000
178 208 296 271 359

1239 192 1657 257 GUILLELMI
1701 191 2090 256 TYRENSIS
2137 192 2508 258 AchmP.

3463 196 3584 259 360

184 344 411 398 mentes
440 335 834 401 resectionem
866 329 956 387 hit
987 346 1114 402 (ποτε
1148 330 1534 401 undecunque
1573 327 1827 401 collese·
1853 332 1909 399 Α
1939 344 2011 386 no
2065 331 2212 386 forto
2258 332 2333 388 ab
2387 329 2684 403 aliquibus
2739 331 2984 402 pecunia
3023 334 3333 405 corruptis,
3375 334 3585 393 civitas

184 435 315 485 rant
342 423 762 484 incumbebant
782 417 1024 486 avidius,
1049 417 1267 475 nemini
1288 418 1442 490 quod
1473 418 1555 475 eis
1584 423 1710 474 erat
1727 432 1830 489 pro

185 517 315 575 cibo
335 512 861 576 communicantes.
894 507 1042 572 Quid
1067 506 1282 579 plura?
1309 506 1596 576 Camelos,
1627 522 1831 580 equos,

185 607 406 675 asinos,
428 603 619 660 mulos
647 604 702 657 et
731 597 1038 655 immunda
1055 596 1328 670 quaelibet
1348 601 1406 655 et
1424 596 1668 669 indigna
1690 595 1834 652 rela-

185 700 271 764 tu,
304 693 592 751 suffocata
619 696 672 746 et
702 687 1034 757 morticina,
1082 685 1315 758 quoties
1360 686 1611 743 dabatur
1639 700 1709 741 ex
1736 683 1831 741 his

183 781 398 855 aliquid
433 780 667 844 habere,
700 794 804 850 pro
834 775 1084 833 summis
1112 775 1467 848 reputabant
1494 774 1718 831 deliciis
1737 790 1752 842 ;
1774 776 1833 830 et

189 885 258 925 ex
290 869 385 925 his
423 867 818 939 importunam
863 862 1211 937 repellentes
1241 862 1514 932 esuriem,
1557 862 1828 918 miseram

185 974 530 1031 quoeunque
573 956 746 1013 modo
794 952 1208 1011 sustentabant
1247 952 1444 1009 vitam.
1493 952 1609 1008 Nec
1637 951 1830 1008 solum

183 1048 436 1121 plebeios
464 1056 521 1105 et
550 1045 754 1102 medioe
774 1059 978 1101 manus
1000 1041 1269 1099 homines
1300 1040 1478 1113 hujus
1508 1044 1628 1097 tam
1652 1040 1828 1097 mise·

183 1137 385 1194 rabilis
408 1135 613 1192 inediae
634 1132 938 1192 calamitas
958 1130 1301 1197 involverat,
1325 1144 1526 1187 verum
1559 1134 1619 1186 et
1646 1131 1828 1200 majo-

184 1227 353 1283 ribus
386 1224 567 1283 nimis
599 1224 934 1295 importune
969 1236 1033 1278 se
1069 1221 1391 1292 ingesserat
1428 1219 1823 1290 principibus;

183 1322 424 1389 eratque
451 1315 533 1373 eis
560 1318 721 1371 tanto
752 1312 1069 1384 molestior,
1099 1314 1318 1383 quanto
1349 1309 1618 1382 pluribus
1647 1309 1830 1381 provi·

184 1409 412 1476 dentes,
444 1405 789 1479 indigebant
817 1401 1239 1476 amplioribus;
1273 1407 1329 1458 et
1357 1416 1547 1468 suam,
1577 1400 1828 1473 petenti·

183 1498 315 1568 bus,
366 1510 581 1568 negare
619 1510 734 1551 non
765 1495 1032 1566 poterant
1071 1489 1556 1547 munificentiam.
1597 1488 1832 1546 Referre

184 1602 319 1644 vero
351 1585 492 1657 quid
539 1583 791 1656 singulis
840 1580 1115 1639 acciderit
1160 1580 1511 1652 majoribus,
1558 1578 1697 1635 licet
1721 1579 1831 1636 hoc

184 1674 438 1733 habeant
490 1672 682 1730 adhuc
746 1675 1003 1728 veterum
1068 1668 1436 1738 traditiones,
1492 1673 1552 1726 et
1607 1673 1826 1741 quanta
1857 1696 1906 1763 B

183 1771 437 1839 egestate
495 1764 575 1836 pii
620 1779 726 1838 pro
777 1761 1009 1819 Christo
1065 1759 1454 1817 laboraverint
1509 1758 1825 1832 principes,

181 1854 354 1928 longe
382 1857 538 1911 esset
564 1854 637 1910 ab
670 1851 926 1909 historiae
955 1848 1295 1921 compendio
1324 1852 1381 1905 et
1409 1848 1693 1922 speciales
1713 1851 1825 1905 tra·

180 1948 373 2001 ctatus
419 1942 692 2015 exigeret.
735 1941 847 1998 Sed
879 1944 945 1997 ut
974 1941 1034 1995 in
1061 1954 1294 1996 summa
1341 1938 1584 2008 dicatur,
1615 1937 1708 1995 vix
1738 1941 1829 1995 est

176 2032 334 2105 quod
364 2031 559 2104 aliqua
611 2031 910 2088 contineat
956 2028 1220 2097 historia,
1266 2030 1462 2084 tantos
1509 2026 1823 2099 principes,

179 2128 524 2192 tantumque
561 2120 901 2187 exercitum,
935 2122 1126 2175 tantae
1157 2115 1295 2174 alibi
1341 2115 1468 2174 sine
1515 2115 1736 2173 defectu
1768 2118 1829 2172 et

181 2216 301 2268 tam
331 2211 622 2284 patienter
649 2209 960 2282 pertulisse
985 2207 1300 2264 molestias.

793 2312 1030 2369 CAPUT
1068 2312 1217 2368 vlu.

181 2413 374 2465 Hostes
403 2407 547 2464 clam
566 2421 745 2462 unam
771 2418 910 2475 pene
937 2403 1003 2460 de
1032 2401 1281 2459 turribus
1300 2406 1575 2473 occupant
1582 2420 1602 2468 ;
1634 2401 1827 2457 Heari-

250 2495 344 2534 cus
372 2479 441 2533 de
474 2478 649 2533 Archa
685 2477 891 2532 resistit
931 2475 1189 2542 viriliter,
1239 2482 1291 2531 et
1332 2474 1587 2545 pluribus
1633 2474 1824 2530 occisis

249 2564 431 2606 arcem
459 2549 664 2605 obtinet
696 2546 979 2603 violenter.

252 2658 479 2714 Interea
508 2656 646 2711 dum
676 2654 757 2709 ita
785 2651 988 2710 civitas
1035 2668 1139 2724 per
1181 2651 1442 2709 studium
1490 2655 1548 2707 et
1589 2666 1823 2723 operam

181 2744 503 2818 corbagath
549 2750 607 2801 et
637 2757 902 2810 suorum,
948 2758 1018 2798 ex
1060 2741 1221 2799 omni
1264 2746 1427 2813 parte
1463 2739 1825 2798 circumdata

181 2841 335 2892 esset
382 2834 688 2893 obsidione
728 2851 742 2902 ;
798 2836 855 2889 et
898 2830 1150 2905 populus
1214 2829 1481 2887 inclusus
1528 2846 1823 2903 nusquam

182 2925 401 2996 egredi,
432 2923 749 2996 nullusque
770 2923 841 2978 ad
863 2935 964 2978 eos
985 2920 1227 2979 introire
1247 2927 1439 2992 posset
1463 2936 1477 2987 ;
1509 2920 1751 2992 insuper
1769 2921 1828 2976 et

181 3013 696 3088 congressionibus
719 3027 866 3085 pene
887 3010 1198 3079 continuis,
1230 3016 1349 3067 tam
1381 3009 1441 3065 in
1471 3009 1613 3066 urbe
1642 3025 1822 3082 quam

181 3111 344 3164 extra
373 3123 555 3179 supra
578 3107 731 3163 vires
761 3105 985 3177 fatigati
1017 3108 1231 3170 essent,
1264 3101 1476 3160 accidit
1508 3108 1570 3158 ut
1601 3118 1714 3174 prae
1737 3102 1820 3158 la·
1851 3079 1897 3147 C

181 3196 340 3253 boris
360 3195 758 3251 'diuturnitate
787 3199 845 3250 et
873 3194 1046 3250 famis
1077 3193 1341 3264 angustia
1368 3191 1426 3247 in
1459 3208 1521 3247 se
1552 3192 1696 3263 ipsis
1723 3192 1825 3247 de-

181 3284 467 3353 ficientes,
501 3283 699 3338 minus
728 3282 956 3355 vigiles,
1005 3280 1318 3352 minusque
1357 3279 1589 3337 solliciti
1622 3280 1825 3337 urbem

183 3375 563 3443 custodirent3
594 3372 808 3444 quibus
836 3387 978 3428 eura
1006 3370 1161 3426 circa
1191 3370 1451 3442 corporis
1483 3369 1824 3427 alimentum

185 3479 333 3535 pene
381 3466 500 3520 tota
547 3462 910 3531 versabatur,
949 3476 1189 3517 necesse
1235 3466 1377 3527 erat,
1408 3464 1471 3516 ut
1499 3459 1571 3516 ad
1620 3463 1829 3515 coetera

184 3552 494 3609 tractanda
521 3557 941 3624 consurgerent
985 3548 1368 3608 remissiores.
1421 3549 1578 3605 Unde
1607 3548 1823 3603 factum

182 3649 294 3711 est,
316 3648 379 3700 ut
396 3643 489 3699 die
513 3643 769 3716 quadam
800 3641 980 3699 turris
1011 3657 1149 3710 una,
1173 3641 1343 3711 juxta
1369 3655 1496 3696 eam
1527 3653 1627 3711 per
1648 3653 1824 3709 quam

181 3732 399 3790 nostris
426 3734 598 3789 datus
630 3734 814 3788 fuerat
850 3731 912 3789 in
941 3730 1171 3788 civitate
1210 3729 1502 3797 introitus,
1533 3726 1826 3785 custodita

178 3821 590 3895 negligentius,
606 3821 876 3879 hostibus
897 3819 1069 3894 paulo
1088 3820 1282 3876 minus
1298 3819 1371 3876 ad
1386 3818 1588 3875 urbem
1609 3817 1823 3874 iterum

175 3911 636 3984 impugnandam
689 3911 1056 3969 occasionem
1128 3908 1510 3981 praestitisset.
1573 3906 1821 3972 Quidam

176 4001 334 4057 enim
367 4001 438 4056 de
466 4000 727 4057 hostibus
758 4003 1085 4072 sperantes,
1113 3999 1261 4071 quod
1285 3996 1558 4068 in2noctie
1589 3995 1823 4053 silentio

176 4089 507 4162 potuissent
555 4105 682 4145 eam
732 4104 1037 4161 occupare,
1083 4091 1148 4144 ut
1192 4088 1328 4143 inde
1372 4085 1509 4152 sibi,
1552 4085 1724 4142 sicuti
1763 4088 1823 4142 et

175 4178 393 4234 nostris
441 4177 601 4248 prius
630 4178 689 4233 in
726 4177 927 4234 urbem
960 4181 1177 4248 pateret
1214 4176 1550 4241 descensus,
1590 4175 1660 4230 ad
1690 4190 1819 4230 eam

175 4266 554 4322 obtinendam
580 4265 770 4321 scalas
793 4279 961 4321 muro
982 4264 1130 4319 clam
1164 4261 1577 4332 adhibuerunt,
1610 4262 1822 4333 quibus

167 4353 297 4424 ,iam
329 4352 488 4409 circa
517 4353 706 4410 noetis
736 4350 1166 4426 crepusculum,
1190 4352 1361 4425 quasi
1383 4352 1623 4425 triginta
1642 4367 1820 4423 super

1941 418 2266 490 proditione
2303 419 2516 477 tradita
2560 422 2716 477 esset
2761 419 3050 477 hostibus.
3084 421 3206 488 Quo
3245 423 3589 495 perveniens

1938 523 2072 565 cum
2105 508 2535 566 confluentibus
2555 510 2625 565 ad
2649 523 2786 565 eum
2818 509 2918 581 qui
2949 508 3007 565 in
3040 509 3250 568 vicinis
3277 517 3446 569 erant
3474 517 3591 570 tur-

1937 598 2125 670 ribus,
2156 599 2356 657 hostes
2377 599 2600 657 invadit
2619 599 2893 668 viriliter;
2925 603 2984 658 et
3015 604 3364 660 strenuitate
3393 604 3582 674 solita,

1936 688 1999 746 in
2031 696 2346 757 momento,
2376 687 2510 746 licet
2533 687 2953 761 perplurimum
2985 688 3343 761 resistentes,
3369 709 3403 748 a
3441 709 3588 764 prae·

1938 775 2095 833 dicta
2116 777 2261 833 turri
2285 777 2530 850 depulit,
2552 782 2808 850 quatuor
2828 778 2993 834 exeis
3020 781 3336 852 peremptis
3353 781 3548 854 gladio
3571 800 3584 852 ;

1938 866 2147 938 reliqui
2174 865 2383 939 viginti
2414 883 2516 923 sex
2538 867 2800 939 (triginta
2828 868 2983 923 enim
3018 868 3146 939 ,iam
3181 871 3584 939 ascenderant,

1937 955 2086 1012 alios
2117 958 2490 1029 postmodum
2522 957 2959 1029 introducturi),
3002 960 3202 1016 fractis
3230 960 3503 1019 cruribus
3532 969 3588 1020 et

1937 1044 2192 1102 brachiis
2235 1050 2294 1103 et
2333 1045 2677 1114 cervicibus,
2710 1047 2783 1103 de
2811 1062 2979 1104 muro
3027 1047 3370 1120 precipitati
3426 1057 3581 1108 sunt.

1938 1132 2148 1189 Amisit
2164 1136 2361 1191 tamen
2375 1134 2745 1191 virstrenuus
2770 1135 2993 1190 socium
3011 1150 3185 1191 suum
3198 1135 3558 1208 sigemarum
3570 1181 3584 1207 ,

1935 1222 2467 1280 transverberatum
2497 1221 2726 1296 gladio;
2761 1222 3115 1280 Franconem
3142 1240 3276 1281 vero
3298 1224 3587 1284 lethaliter

1936 1312 2226 1379 sancium,
2262 1313 2430 1386 quasi
2485 1312 2862 1383 seminecem,
2908 1313 3149 1371 domum
3200 1313 3335 1373 fecit
3382 1332 3579 1388 repor-

1937 1403 2075 1462 tari.

2578 1492 2806 1549 CAPUT
2841 1494 2939 1550 lx.

1936 1583 2130 1639 Hostes
2156 1581 2228 1639 ed
2256 1597 2418 1638 mare
2455 1580 2821 1649 descendunt,
2869 1582 3172 1640 incendunt
3217 1599 3405 1657 aava,
3436 1591 3491 1643 et
3523 1584 3582 1642 in

2257 1655 2351 1711 via
2390 1652 2594 1711 multos
2630 1653 2699 1710 de
2725 1653 2932 1711 nostris
2954 1657 3255 1727 perimunt.

2006 1759 2355 1834 Perurgente
2376 1761 2556 1834 igitur
2585 1761 2855 1818 obsessos
2876 1760 3578 1836 singulisdiebusmaJore

1932 1850 2127 1907 inedia
2153 1855 2211 1907 et
2236 1851 2393 1908 fame
2421 1849 2804 1922 periculosius
2833 1851 3244 1921 invalescente,
3275 1853 3575 1926 affligeba—

1933 1950 2031 2002 tur
2062 1937 2312 2012 populus
2355 1938 2799 1996 vehementius:
2833 1941 2989 1996 unde
3018 1957 3132 2013 prae
3163 1943 3572 2014 angustiarum

1931 2028 2311 2086 multitudine
2326 2032 2385 2085 et
2403 2028 2753 2101 quotidianas
2774 2029 3108 2088 afflictionis
3120 2032 3376 2104 pondere
3394 2032 3576 2089 inter-

1932 2119 2136 2189 misso,
2187 2118 2429 2191 quidam
2476 2120 2605 2175 vitae
2654 2117 3016 2192 negligentes
3062 2124 3120 2177 et
3158 2119 3385 2191 salutis,
3435 2123 3579 2179 urbe

1932 2208 2083 2266 clam
2111 2208 2353 2281 egressi,
2387 2223 2489 2281 per
2528 2208 2751 2266 medias
2780 2208 3038 2267 hostium
3071 2210 3249 2281 acies,
3281 2226 3387 2284 per
3418 2210 3577 2269 mille

1933 2297 2296 2368 discrimina,
2318 2298 2389 2354 ad
2415 2313 2597 2368 mare,
2612 2297 2713 2354 ubi
2733 2298 3340 2372 adhucaliquotquam
3354 2301 3578 2358 Gracco·

1933 2401 2063 2444 rum
2091 2402 2267 2458 quam
2302 2385 2637 2443 Latinorum
2681 2391 2845 2443 erant
2888 2400 3084 2456 naves,
3127 2388 3577 2459 descendebant,

1934 2480 1998 2532 ut
2026 2475 2187 2533 cibos
2237 2480 2500 2533 emerent
2528 2480 2584 2533 et
2611 2475 2814 2532 iterum
2851 2478 3127 2535 referrent
3155 2478 3216 2535 in
3240 2478 3449 2535 urbem
3487 2495 3579 2536 ve·

1935 2563 2097 2622 nales
2130 2582 2145 2632 ς
2178 2564 2278 2622 alii
2305 2581 2463 2636 vero,
2494 2569 2560 2621 ut
2589 2581 2654 2623 se
2678 2569 2974 2623 tantorum
2996 2567 3317 2625 eximerent
3337 2568 3577 2626 casibus

1940 2653 2356 2726 periculorum,
2401 2653 2644 2710 abibant
2675 2670 2789 2711 non
2822 2655 3065 2712 redituri
3099 2676 3114 2725 ;
3161 2656 3379 2714 nullam
3413 2673 3573 2730 spem

1931 2742 2233 2813 habentest,
2266 2745 2422 2815 quod
2472 2759 2675 2800 eorum
2708 2744 2807 2817 qui
2840 2743 2899 2800 in
2928 2745 3075 2823 urhe
3105 2744 3290 2802 relicti
3325 2747 3576 2819 fuerant,

1932 2830 1990 2888 in
2024 2834 2236 2890 melius
2260 2838 2496 2905 possent
2517 2834 2827 2906 procedere
2851 2833 3168 2907 negotium,
3194 2839 3295 2892 aut
3315 2836 3576 2894 bostium

1933 2922 2138 2979 saltem
2185 2922 2413 2996 gladios
2459 2923 2766 2980 declinare.
2812 2923 2976 2989 Quod
3021 2930 3325 2997 postquam
3375 2926 3578 2984 Turcis

1933 3018 2296 3087 compertum
2329 3017 2438 3083 est,
2470 3012 2848 3071 clandestinis
2869 3013 3176 3072 itineribus
3198 3021 3256 3073 et
3276 3015 3577 3074 nocturnis

1934 3120 2113 3162 causa
2154 3102 2448 3176 quaerendi
2487 3103 2675 3159 victus
2724 3107 2957 3161 nostros
3003 3104 3076 3161 ad
3128 3120 3285 3162 mare
3331 3106 3578 3164 descen-

1933 3195 2090 3265 dere,
2120 3196 2179 3249 et
2208 3194 2362 3250 circa
2391 3193 2591 3248 urbem
2623 3192 2851 3265 evagari
2879 3210 2893 3261 ;
2928 3193 3128 3250 missis
3159 3194 3461 3253 nonnullis
3488 3196 3572 3252 lo-

1933 3299 2131 3340 corum
2183 3281 2544 3338 habentibus
2575 3281 2866 3353 peritiam,
2901 3283 3003 3354 qui
3032 3282 3117 3339 eis
3150 3286 3576 3355 praetenderent

1934 3370 2584 3444 insidiae,srepissi1nas
2612 3386 2681 3426 ex
2700 3370 2783 3427 eis
2806 3372 3025 3443 operati
3057 3376 3198 3428 sunt
3226 3377 3479 3446 strages.
3509 3372 3578 3429 Et

1935 3460 2215 3533 quoniam
2256 3459 2472 3532 saepius
2518 3460 2602 3517 eis
2647 3460 2705 3514 in
2738 3476 2804 3517 eo
2836 3464 3196 3518 successerat
3244 3462 3414 3533 facto,
3461 3462 3577 3518 dua

1936 3552 2121 3608 millia
2151 3551 2745 3624 electorumssequitum
2767 3550 2840 3608 ad
2862 3567 3025 3608 oram
3058 3552 3411 3609 maritimam
3436 3551 3572 3608 diri·

1934 3645 2103 3714 gunt,
2135 3641 2237 3713 qui
2266 3641 2583 3713 peremptis
2605 3642 2797 3697 nautis
2826 3645 2882 3697 et
2913 3641 3296 3712 institoribus,
3319 3647 3376 3698 et
3391 3642 3575 3699 classe

1934 3745 2237 3796 succensa,
2289 3745 2461 3785 omne
2500 3730 2572 3785 de
2608 3734 2810 3786 coetero
2858 3731 3342 3788 commerciorum
3387 3748 3575 3805 genus

1934 3824 2350 3892 amputarent;
2403 3822 2554 3875 utet
2592 3835 2656 3876 ea
2687 3820 2925 3892 praecisa
2963 3820 3298 3895 negotiandi
3343 3822 3574 3894 semita,

1932 3909 2125 3967 omnis
2152 3908 2389 3966 omnino
2418 3908 2762 3966 Christianis
2791 3909 3061 3967 deficeret
3089 3909 3366 3968 alimonis
3395 3914 3454 3967 et
3482 3927 3574 3969 sa·

1931 4001 2071 4057 lutis
2120 4014 2250 4073 spes
2297 3999 2833 4058 intercluderetur:
2886 4002 3041 4074 quod
3088 4007 3148 4058 et
3197 4002 3414 4060 factum
3461 4006 3570 4059 est.

1930 4090 2078 4146 Nam
2128 4089 2470 4146 mandatum
2523 4093 2922 4160 exsequentes,
2971 4091 3274 4147 succensis
3310 4106 3381 4147 ex
3411 4094 3573 4163 parte

1930 4179 2201 4247 navibus,
2216 4183 2273 4236 et
2287 4194 2532 4236 earuum
2555 4179 2773 4248 nautis,
2789 4179 3206 4251 quosincautos
3219 4185 3571 4251 repererant,

1929 4285 1999 4325 ex
2029 4268 2286 4339 plurima
2313 4276 2475 4340 parte
2502 4268 2844 4339 interfectis,
2874 4268 3129 4341 reliquos
3160 4269 3221 4325 in
3253 4270 3451 4342 fugam
3476 4270 3575 4327 ad·

1928 4361 2171 4432 egerunt
2204 4374 2217 4415 :
2250 4374 2367 4430 quo
2399 4373 2653 4426 rumore,
2684 4357 2786 4430 qui
2813 4374 2847 4415 a
2875 4356 3084 4432 Cypro,
3116 4357 3320 4415 Rhodo
3348 4365 3404 4415 et
3446 4357 3574 4415 aliis

174 4457 408 4498 murem
439 4443 840 4510 ascenderant,
872 4442 1081 4497 turrim
1111 4455 1355 4496 vacuam
1376 4440 1693 4512 ingressuri
1719 4439 1816 4507 31¹²
1846 4445 1892 4511 D
1925 4446 2156 4515 insulis,
2191 4447 2412 4520 quique
2440 4447 2513 4503 de
2536 4445 2761 4518 Cilicia,
2802 4447 3026 4505 Isauria
3048 4452 3106 4505 et
3133 4446 3484 4519 Pamphilia,
3516 4453 3574 4504 et

172 4547 290 4603 quo
315 4530 547 4604 negotio
576 4532 714 4587 dum
756 4529 1072 4588 ferventius
1102 4528 1474 4599 desudarent,
1506 4544 1645 4585 casu
1676 4544 1815 4586 con·

170 4623 322 4694 tigit,
342 4622 503 4694 -quod
522 4622 620 4693 qui
639 4621 882 4695 vigilum
922 4619 1367 4678 administrabat
1387 4619 1811 4691 praefeeturam,

172 4712 389 4769 moenia
418 4713 805 4784 perlustrans,
838 4711 909 4769 ad
939 4726 1067 4767 eam
1115 4714 1335 4783 partem
1381 4710 1660 4782 pervenit,
1712 4710 1812 4767 ubi

174 4803 295 4860 brec
328 4802 463 4858 talia
491 4803 860 4876 gerebantur.
884 4800 1261 4874 cognitisque
1275 4814 1476 4857 eorum
1499 4798 1816 4858 molimini-

171 4892 303 4952 bus,
354 4891 541 4947 multa
587 4891 996 4949 vociferatione
1043 4905 1147 4948 eos
1191 4888 1293 4960 qui
1322 4888 1382 4944 in
1412 4887 1622 4945 vicinis
1649 4891 1815 4945 erant

171 4978 432 5035 turribus
452 4982 737 5051 excitavit,
761 4981 968 5038 turrim
1003 4980 1382 5049 denuntians,
1413 4977 1814 5037 fraudulenter

174 5067 246 5126 ab
278 5068 549 5125 hostibus
570 5081 933 5143 occupatam.
955 5071 1038 5127 Ad
1062 5084 1230 5141 quem
1252 5067 1558 5125 tumultem
1580 5069 1809 5126 excitati

171 5163 330 5228 sunt,
362 5158 460 5231 qui
491 5159 552 5214 in
575 5175 643 5216 ea
664 5158 897 5230 regione
920 5159 1307 5216 observabant
1324 5157 1636 5229 excubias3
1662 5159 1814 5217 inter

171 5265 318 5322 quos
341 5248 427 5306 vit
456 5254 729 5307 strenuus
775 5253 832 5305 et
878 5247 1127 5321 insignis
1177 5246 1460 5305 Henricus
1509 5248 1581 5303 de
1627 5248 1815 5307 Ascba

171 5353 307 5397 cum
338 5339 570 5397 duobus
598 5340 749 5407 aliis,
771 5339 1063 5396 Francone
1087 5336 1377 5405 videlicet,
1407 5339 1466 5394 et
1493 5336 1809 5408 Sigemaro,

169 5427 453 5499 cognatis,
468 5430 541 5487 de
556 5430 698 5487 villa
714 5446 842 5503 quae
863 5428 1080 5486 dicitur
1092 5425 1373 5494 Machala,
1389 5441 1569 5499 super
1587 5426 1812 5486 Mosam

170 5516 436 5589 fluvium,
485 5522 561 5578 ad
606 5526 796 5594 partos
827 5519 962 5579 illas
988 5517 1234 5592 impiger
1261 5518 1562 5577 convolat:
1599 5519 1815 5578 timens

1924 4537 2060 4594 aliis
2106 4535 2422 4593 maritimis
2479 4534 2812 4607 regionibus
2853 4536 3043 4610 gratia
3085 4536 3569 4594 commerciorum

1923 4627 2190 4685 solebant
2229 4627 2525 4699 accedere,
2571 4626 2895 4700 plurimum
2936 4628 3214 4698 deterriti,
3257 4630 3379 4700 jam
3427 4627 3571 4685 illuc

1925 4718 2110 4775 redire
2144 4721 2202 4774 et
2232 4731 2455 4773 merces
2500 4715 2712 4774 inferre
2734 4718 3131 4775 formidabant
3152 4734 3255 4776 nec
3276 4717 3573 4774 audebant

1923 4806 2194 4862 accedere
2253 4822 2267 4874 ;
2318 4804 2473 4861 unde
2544 4807 2783 4875 nostris,
2845 4805 2955 4863 etsi
3014 4806 3191 4863 nimis
3244 4804 3574 4879 periculosa

1919 4895 2107 4967 prius,
2140 4891 2525 4965 periculosior
2554 4896 2749 4951 tamen
2779 4895 2932 4951 facta
2961 4901 3051 4953 est
3080 4893 3357 4966 conditio,
3375 4909 3568 4952 rerum

1920 4982 2217 5041 venalium
2254 4983 2489 5055 penitus
2520 4987 2787 5042 cessante
2823 4984 3193 5043 commercio.
3226 4984 3398 5055 Nam,
3430 4985 3572 5042 dum

1922 5072 2293 5130 institoribus
2341 5071 2490 5128 liber
2534 5089 2638 5145 per
2684 5090 2843 5131 mare
2873 5075 3104 5148 patebat
3143 5089 3434 5142 accessus,
3463 5074 3572 5130 etsi

1922 5163 2210 5221 modicum
2236 5166 2360 5218 erat
2388 5162 2547 5234 quod
2576 5179 2680 5235 per
2707 5181 2807 5221 eos
2857 5165 3234 5232 inferebatur,
3276 5179 3383 5220 nec
3411 5166 3574 5219 tanto

1922 5256 2152 5329 poterat
2178 5251 2447 5308 sufficere
2476 5251 2691 5324 populo
2716 5272 2730 5324 ;
2759 5258 2954 5312 tamen
2987 5257 3058 5312 ad
3091 5252 3440 5312 nonnullam
3469 5268 3572 5310 no·

1924 5342 2061 5401 stris
2088 5345 2209 5399 erat
2236 5339 2720 5415 consolationem,
2750 5347 2807 5401 et
2835 5361 3040 5402 eorum
3070 5342 3450 5416 aliquatenus
3481 5356 3572 5398 re-

1924 5431 2153 5489 levabat
2179 5429 2460 5502 inopiam.
2495 5429 2705 5489 Hostes
2731 5449 2867 5491 vero
2900 5434 3211 5491 redeuntes
3227 5430 3301 5488 ab
3323 5445 3426 5487 ora
3455 5444 3574 5487 ma-

1926 5520 2139 5589 ritima,
2170 5520 2239 5576 de
2268 5518 2484 5578 nostris
2504 5519 2680 5579 etiam
2701 5522 2762 5580 in
2794 5523 2889 5582 via
2917 5524 3204 5597 quosdam
3247 5517 3570 5594 reperiunt,
