3784 6000
212 225 293 289 35
1271 216 1627 280 ARNULFI
1667 211 2178 280 LEXOVIENSIS
2219 214 2581 282 EPISCOPI
2754 252 2760 258 ·
3559 225 3638 289 36

213 359 358 429 ruit,
380 357 483 432 qui
500 355 872 416 extollentem
893 370 953 412 se
974 353 1253 411 adversus
1275 367 1450 411 omne
1468 351 1624 424 quod
1646 349 1864 407 dicitur
1890 351 1947 420 A
1976 364 2146 423 quam
2169 351 2358 408 caeteri
2378 350 2627 424 gloriam
2648 352 2853 408 vestrae
2875 352 3268 424 promotionis
3288 354 3636 431 amplector,

215 452 317 505 aut
344 449 501 522 quod
533 447 768 505 collitur
795 448 943 503 Deus
970 445 1044 517 (11
1068 444 1243 500 Thess.
1277 441 1343 514 n)
1372 441 1585 513 dejecit
1626 439 1867 497 hierati-

213 553 368 608 cum,
392 554 566 612 quem
605 536 874 596 nobilitas
906 535 1158 609 generis,
1182 549 1353 607 quem
1390 530 1725 588 divitiarum
1761 546 1863 588 cu·

209 626 430 692 mulus,
459 643 636 699 quem
660 624 951 699 peccatrix
972 621 1329 693 eloquentia,
1353 635 1529 692 quem
1551 618 1865 691 prudentia

210 714 533 784 soecularis,
559 731 734 788 quem
757 713 1011 786 denique
1040 711 1416 770 saecularium
1446 707 1753 766 hominum
1783 707 1866 765 fa-

206 821 310 862 vor
358 804 633 878 publicus
695 801 1016 861 attollebat.
1061 799 1369 858 Praevaluit
1399 805 1591 855 tamen
1640 798 1758 869 (21)
1801 797 1862 852 in

211 894 430 952 athleta
474 896 575 952 Dei
605 895 816 953 veritas
866 892 1131 960 falsitati,
1162 895 1219 947 et
1248 889 1567 947 humilitati
1608 888 1861 945 robustas

213 984 466 1056 superba
508 984 686 1043 cessit
739 982 1002 1051 ambitio,
1051 987 1108 1039 et
1153 981 1225 1037 de
1280 978 1589 1051 iniquitate
1631 975 1862 1050 Justitia

215 1072 624 1148 triumphavit.
649 1072 918 1130 Vidimus
940 1069 1230 1142 siquidem
1254 1068 1449 1140 ipsum
1473 1066 1786 1124 exaltatum
1809 1071 1864 1122 et

211 1164 520 1233 elevatum,
566 1163 716 1220 sicut
761 1162 961 1219 cedros
1005 1158 1231 1227 Libani,
1263 1162 1321 1214 et
1370 1155 1768 1222 transivimus,
1809 1160 1864 1212 et

206 1268 340 1312 ecce
359 1270 480 1311 non
501 1258 658 1322 eratg
692 1249 1167 1325 quoesivimus,et
1197 1263 1314 1305 non
1359 1249 1450 1303 est
1486 1244 1758 1303 inventus
1780 1244 1862 1301 lo·

204 1360 313 1402 cus
355 1344 484 1416 eius
513 1344 687 1416 (Ρεαι.
721 1342 936 1412 xxxvi),
973 1338 1112 1412 quia
1142 1354 1246 1395 nec
1291 1336 1446 1393 inter
1475 1343 1736 1392 mortuos
1764 1337 1860 1390 tu-

206 1434 439 1494 mulum
469 1451 657 1507 neque
686 1431 921 1490 titulum
962 1431 1178 1487 meruit
1207 1428 1541 1500 sepulturae.
1573 1424 1860 1482 Dominus

207 1529 408 1584 autem
438 1523 775 1583 sublimavit
803 1537 982 1580 cornu
1014 1518 1224 1578 Christi
1255 1518 1372 1588 sui,
1394 1517 1536 1574 utin
1566 1532 1632 1573 eo
1664 1514 1857 1571 unitas

210 1614 476 1674 Ecclesiae
507 1615 809 1672 reformari
842 1615 1064 1686 posset,
1097 1615 1153 1667 et
1183 1625 1425 1681 regnum
1457 1607 1646 1680 ipsius
1669 1605 1859 1662 omni-

209 1704 323 1764 bus
354 1706 665 1762 dominari.
699 1702 936 1760 Memini
963 1717 1091 1775 ego,
1116 1715 1222 1757 nec
1252 1700 1307 1755 id
1338 1716 1372 1755 a
1402 1705 1591 1754 vestra
1620 1712 1750 1753 reor
1769 1711 1860 1751 ex·

207 1795 423 1853 cidisse
444 1795 750 1860 memoria,
769 1795 991 1866 quanta
1018 1792 1090 1847 ad
1114 1789 1392 1847 mandata
1414 1788 1539 1858 ejus
1563 1784 1857 1859 principes

202 1885 529 1944 reverentia
573 1886 965 1951 moverentur,
1007 1895 1181 1954 quam
1230 1877 1501 1936 sublimis
1547 1874 1855 1942 exstiterit,

202 1979 537 2047 quantaque
575 1975 872 2046 maiestate
918 1969 1214 2028 refulserit
1263 1966 1536 2034 Ecclesia,
1568 1967 1853 2038 quantum

200 2065 266 2123 in
292 2065 501 2122 diebus
530 2066 666 2137 eJus
696 2062 898 2134 religio
929 2060 1153 2119 munda
1171 2064 1230 2117 et
1258 2055 1638 2115 immaculata
1666 2055 1855 2127 profe-

202 2153 364 2227 cerit,
406 2156 551 2213 adeo
596 2158 663 2212 ut
707 2153 908 2225 plures
952 2151 1129 2209 hodie
1177 2147 1582 2222 religiosorum
1628 2144 1857 2201 deserta

200 2243 538 2301 contineant
553 2258 723 2314 quam
748 2244 1001 2299 ferarum
1025 2239 1165 2296 olim
1183 2235 1491 2294 habuerint
1507 2234 1851 2290 bestiarum.

201 2332 646 2389 Arbritrabatur
666 2330 767 2386 ille
787 2330 859 2386 ad
883 2331 1166 2403 regendos
1188 2325 1442 2384 homines
1462 2323 1740 2380 utendum
1763 2337 1855 2394 po-

195 2421 315 2478 tius
345 2420 552 2477 sobriae
573 2419 902 2478 severitatis
924 2417 1240 2490 disciplina
1261 2431 1433 2486 quam
1468 2412 1722 2470 remissae
1747 2412 1855 2468 mi-

194 2509 522 2568 sericordiae
570 2508 827 2579 lenitate,
879 2508 997 2565 Deo
1043 2507 1237 2579 potius
1294 2522 1471 2580 quam
1520 2503 1854 2560 bominibus

193 2600 427 2673 placere
459 2599 826 2667 desiderans,
850 2614 922 2654 ne
951 2597 1024 2654 ob
1045 2597 1289 2670 gratiam
1312 2594 1621 2651 hominum
1653 2607 1853 2650 coram

191 2691 312 2749 Deo
343 2695 546 2765 posset
576 2686 1040 2763 contemptibilis
1071 2703 1371 2761 apparere.
1405 2685 1566 2742 Unde
1587 2689 1643 2741 et
1671 2685 1854 2741 virtus

196 2783 332 2854 ejus
361 2797 596 2854 semper
621 2781 774 2838 inter
804 2780 1045 2837 adversa
1076 2778 1265 2848 major
1293 2775 1526 2844 enituit,
1555 2791 1659 2831 nec
1694 2778 1855 2830 tanta

197 2871 579 2946 postmodum
613 2868 1013 2944 prosperitatis
1053 2869 1180 2940 ejus
1211 2865 1467 2939 insignia
1514 2866 1854 2928 claruerunt

194 2969 417 3035 quanta
436 2960 820 3036 peoecedentis
840 2958 1209 3017 adversitatis
1230 2956 1421 3015 adhuc
1449 2952 1742 3028 magnalia
1764 2968 1853 3010 ce-

189 3050 509 3110 lebrantur.
533 3050 734 3125 Neque
757 3051 913 3108 enim
937 3049 1260 3107 confidebat
1284 3048 1344 3105 in
1378 3045 1634 3113 bomine,
1659 3057 1849 3115 neque

1974 443 2032 497 et
2059 457 2164 497 vos
2194 439 2531 514 apostolum
2562 440 2799 511 CbrIsti,
2820 441 2977 498 Petri
3007 442 3309 512 vicarium,
3334 449 3636 517 pastorem

1972 532 2031 585 et
2058 530 2397 603 episcopum
2427 529 2695 589 omnium
2728 530 2829 605 qui
2859 530 3190 590 Christiano
3222 534 3465 592 nomine
3499 552 3638 594 cen-

1975 623 2178 676 sentur
2207 636 2483 693 agnosco,
2516 626 2571 678 et
2599 619 2904 678 vobiscum
2950 621 3314 680 Catholicam
3360 625 3639 697 profiteor

1974 707 2280 766 unitatem.
2300 711 2536 768 Gaudeo
2556 710 2777 783 itaque,
2795 711 3077 784 quoniam
3098 713 3468 773 desideratus
3486 717 3633 786 dies,

1974 797 2098 855 dies
2129 798 2349 856 scilicet
2377 799 2811 870 exsultationis,
2844 800 3059 873 illuxit,
3091 818 3208 875 quo
3244 819 3447 862 revera
3476 807 3639 865 resti-

1972 890 2162 944 tutam
2195 889 2489 947 credimus
2529 891 2845 947 virtutibus
2892 891 3162 963 gratiam,
3197 893 3421 968 virgam
3451 896 3631 968 vitiis,

1974 978 2254 1034 terrorem
2281 978 2670 1051 principibus.
2693 979 2960 1038 Ecclesiae
2992 980 3346 1040 libertatem.
3371 983 3633 1054 Gaudeo,

1973 1064 2236 1138 inquam,
2269 1068 2409 1140 quia
2438 1084 2508 1125 ex
2535 1067 2646 1126 hoc
2673 1085 2834 1128 nunc
2864 1087 3058 1129 sermo
3090 1073 3190 1129 Dei
3222 1089 3341 1131 non
3370 1074 3485 1131 erit
3512 1075 3634 1133 alli·

1972 1159 2166 1228 gatus,
2199 1157 2301 1214 sed
2327 1157 2572 1214 verbum
2605 1159 2758 1231 ejus,
2790 1162 2943 1234 quod
2973 1160 3034 1218 in
3066 1177 3166 1219 ore
3205 1167 3400 1220 vestro
3425 1180 3628 1223 verum

1971 1248 2082 1316 est,
2112 1247 2265 1317 quod
2296 1246 2660 1320 impossibile
2689 1249 3055 1323 credebatur,
3079 1250 3233 1310 facili
3259 1268 3630 1311 consumma-

1971 1333 2132 1391 bitur
2151 1335 2265 1408 (22)
2297 1337 2526 1394 effectu.

2041 1424 2448 1498 Properassem
2482 1428 2799 1500 igiturjam
2831 1430 2902 1486 ad
2931 1430 3107 1503 pedes
3136 1435 3338 1489 vestrae
3371 1434 3627 1491 beatitu-

1971 1514 2125 1572 dinis
2152 1516 2609 1590 amplectendos,
2636 1522 2700 1576 ut
2730 1519 3063 1578 ariditatem
3097 1538 3314 1595 meam,
3339 1526 3507 1598 quasi
3532 1542 3624 1584 co·

1970 1605 2188 1677 piosior
2232 1606 2303 1662 de
2352 1607 2640 1679 proximo,
2687 1608 3113 1667 benedictionis
3156 1616 3362 1669 vestrae
3404 1614 3626 1686 rigaret

1971 1694 2225 1763 ubertas,
2259 1696 2367 1752 nisi
2399 1713 2490 1753 me
2518 1696 2678 1754 zelus
2710 1699 2980 1757 utilitatis
3010 1704 3209 1758 vestrm
3253 1703 3504 1760 maxime
3535 1707 3623 1760 te·

1968 1784 2194 1841 nuisset
2217 1801 2231 1840 :
2255 1801 2325 1842 ex
2354 1802 2468 1857 quo
2499 1787 2710 1844 etenim
2736 1789 3124 1861 promotionis
3146 1795 3349 1848 vestras
3377 1791 3626 1850 auribus

1966 1874 2182 1931 nostris
2203 1875 2408 1932 veritas
2439 1883 2496 1934 et
2525 1879 2803 1949 oppositae
2827 1880 3300 1951 praesumptionis
3335 1897 3502 1938 error
3530 1882 3621 1938 in-

1966 1962 2180 2029 notuit,
2200 1963 2469 2020 festinavi
2492 1965 2562 2021 ad
2597 1966 2783 2022 nostri
2804 1966 3075 2025 notitiam
3107 1966 3383 2041 principis
3404 1968 3463 2025 id
3484 1986 3623 2042 per·

1964 2051 2132 2122 ferre,
2165 2056 2227 2108 ut
2253 2057 2554 2111 vacantem
2586 2054 2847 2112 animum
2888 2056 3017 2128 eJus
3052 2056 3244 2116 favore
3274 2062 3461 2116 vestro
3493 2060 3624 2132 qui·

1963 2141 2075 2198 bus
2121 2142 2406 2199 debebam
2458 2144 2942 2215 persuasionibus
2983 2161 3349 2218 occuparem,
3385 2165 3459 2206 ne
3507 2164 3617 2205 nos

1964 2231 2227 2304 qualibet
2256 2233 2563 2291 occasione
2593 2234 2979 2308 malignitatis
2999 2235 3218 2292 astutia
3248 2237 3614 2309 proveniret,

1963 2318 2194 2377 facilius
2225 2321 2440 2377 etenim
2465 2328 2552 2378 est
2582 2323 2811 2381 animos
2832 2340 3118 2397 occupare
3147 2330 3415 2384 vacantes
3439 2344 3617 2401 quam

1961 2409 2122 2481 ipsos
2153 2427 2186 2466 a
2215 2411 2511 2483 conceptis
2543 2412 2845 2470 affectibus
2875 2429 3161 2471 revocare.
3183 2415 3362 2472 llaesit
3393 2416 3491 2474 ille
3511 2417 3619 2473 ali·

1964 2498 2255 2571 quandiu,
2275 2501 2375 2556 sed
2407 2501 2604 2558 statim
2638 2507 2913 2576 operante
2943 2503 3193 2575 Spiritus
3214 2505 3401 2561 sancti
3432 2506 3619 2577 gratia

1963 2589 2368 2658 confirmatus,
2386 2590 2612 2647 nullum
2627 2608 2690 2648 se
2703 2591 2882 2648 alium
2899 2609 3076 2664 quam
3090 2609 3192 2650 vos
3204 2597 3615 2667 suscepturum

1963 2677 2136 2734 hilari
2171 2680 2497 2737 constantia
2520 2681 2929 2753 constantique
2958 2681 3135 2738 simul
3160 2682 3453 2741 hilaritate
3485 2701 3619 2756 pro-

1964 2768 2143 2824 misit.
2168 2767 2230 2824 In
2255 2786 2393 2841 quo,
2409 2787 2543 2825 cum
2566 2771 2828 2843 proxime
2848 2771 2920 2828 de
2939 2770 3261 2828 differenda
3281 2776 3470 2829 vestra
3486 2790 3620 2831 sus·

1963 2861 2228 2932 ceptione
2259 2860 2624 2932 imperatoris
2653 2861 2875 2919 litteras
2905 2862 3241 2935 accepisset,
3266 2864 3359 2920 cui
3393 2864 3622 2924 discur-

1963 2950 2229 3008 rentibus
2260 2950 2504 3008 invicem
2539 2951 2748 3009 litteris
2779 2952 3356 3027 etlegatis,plurima
3382 2956 3616 3014 videtur

1963 3038 2247 3097 charitate
2276 3042 2646 3113 coniunctus,
2667 3059 2742 3100 ne
2771 3059 2973 3115 preces
3001 3043 3131 3115 eius
3161 3044 3454 3115 sprevisse
3480 3047 3619 3102 etin

185 3156 419 3199 carnem
449 3143 706 3214 ponebat
736 3140 1042 3197 brachium
1072 3154 1248 3196 suum
1281 3139 1413 3208 (Jer.
1439 3136 1593 3207 xvu),
1618 3134 1715 3190 sed
1751 3149 1848 3205 po·
1880 3110 1924 3177 C
1962 3130 2368 3203 praejudicium
2388 3134 2517 3203 ejus
2536 3134 2844 3190 festinasse
2862 3133 3180 3204 videretur,
3195 3135 3467 3209 generale
3487 3136 3615 3206 qui·

190 3228 311 3288 tius
339 3229 675 3288 confidebat
698 3228 756 3284 in
781 3228 1030 3285 Domino
1056 3245 1071 3296 ;
1102 3231 1160 3284 et
1179 3234 1302 3284 erat
1337 3226 1613 3283 Dominus
1636 3219 1851 3279 fiducia

195 3322 349 3393 ejus.
381 3319 557 3377 Porro
589 3318 908 3376 schismata
940 3318 1059 3374 baec
1090 3316 1149 3372 in
1174 3315 1432 3373 Ecclesia
1462 3316 1720 3371 Romana
1743 3316 1850 3374 fre·

200 3409 478 3483 quentius
491 3408 777 3466 accidisse
789 3408 962 3464 etiam
976 3405 1386 3464 Lateranensis
1401 3404 1593 3477 palatii
1611 3406 1845 3478 picturas

199 3498 631 3569 demonstrant,
655 3497 751 3554 ubi
772 3496 1199 3555 Catholicorum
1219 3497 1451 3553 Petrum
1478 3495 1723 3569 pedibus
1742 3514 1846 3569 pro

189 3587 444 3646 scabello
463 3585 824 3645 schismatici
843 3590 1296 3659 praesumptores
1308 3584 1546 3659 ascripti
1564 3590 1725 3656 sunt,
1742 3587 1842 3643 ubi

188 3676 562 3748 superborun
611 3678 669 3731 et
697 3673 1041 3731 sublimium
1089 3670 1238 3730 colla
1267 3670 1561 3742 Sapientia
1607 3673 1844 3746 propria

181 3764 400 3822 virtute
430 3764 683 3823 conterit
711 3768 768 3821 et
797 3762 1125 3820 conculcat.
1156 3762 1319 3827 Quod
1351 3777 1491 3818 sane
1519 3778 1587 3818 ea
1617 3763 1843 3820 ratione

183 3854 400 3913 factum
431 3859 540 3924 est,
567 3858 631 3912 ut
656 3855 874 3913 sanctis
897 3852 1172 3910 Patribus
1202 3852 1368 3909 cedat
1389 3852 1457 3908 ad
1491 3850 1735 3925 gloriam
1755 3854 1837 3910 vi·

1959 3221 2090 3278 dem
2121 3222 2444 3294 suppressit
2462 3222 2742 3293 edictum,
2764 3224 2863 3280 sed
2889 3240 3257 3297 nequaquam
3278 3242 3487 3283 manus
3510 3229 3611 3283 aut

1957 3311 2219 3382 linguam
2240 3328 2272 3367 a
2292 3311 2619 3369 litterarum
2642 3314 3017 3387 nominisque
3036 3315 3211 3374 vestri
3233 3317 3608 3373 veneratione

1957 3401 2265 3470 continuit,
2301 3417 2490 3471 neque
2521 3419 2882 3476 quemquam
2918 3411 3180 3461 nostrum
3222 3405 3411 3462 voluit
3440 3405 3623 3463 conti·

1956 3506 2109 3546 nere.
2145 3490 2481 3547 Arbitratus
2511 3497 2601 3547 est
2620 3492 2913 3565 siquidem
2946 3494 3144 3551 minus
3167 3494 3474 3553 valituram
3510 3512 3617 3566 pro

1956 3579 2117 3636 vobis
2133 3580 2306 3637 edicti
2314 3580 2663 3651 jactantiam
2686 3597 2861 3654 quam
2882 3584 3073 3654 operis
3095 3585 3392 3641 veritatem
3419 3584 3616 3641 Firma

1952 3671 2107 3743 apud
2131 3686 2263 3727 eum
2290 3676 2377 3727 est
2406 3676 2463 3729 et
2484 3671 2813 3729 indubitata
2835 3674 3012 3730 vestri
3035 3676 3394 3747 apostolatus
3412 3684 3607 3733 aucto·

1949 3761 2116 3830 ritas,
2158 3766 2333 3833 atque
2384 3763 2443 3818 in
2492 3779 2905 3836 quamcunque
2951 3768 3168 3836 partem
3209 3781 3305 3822 cor
3348 3765 3608 3839 praedicti

1950 3851 2229 3923 principis
2262 3851 2431 3907 fuerit
2461 3852 2830 3921 inclinatum,
2864 3852 2976 3910 iste
3006 3853 3211 3926 procul
3260 3853 3438 3912 dubio
3484 3872 3604 3913 non

178 3945 376 4001 ctoriae
393 3944 566 4002 testis
596 3945 896 4018 ascriptio,
916 3944 977 4000 in
1012 3959 1126 4017 qua
1159 3946 1614 4016 praesumptores
1646 3940 1728 3998 illi
1748 3942 1836 4000 vel
1947 3947 2219 4013 sequetur
2270 3947 2584 3999 errantem.
2635 3942 2746 3998 Mei
2777 3945 2973 4000 autem
3022 3943 3202 3999 studii
3239 3943 3349 4000 erit
3394 3960 3599 4001 omnes

178 4031 639 4105 compressionis
659 4049 892 4105 poenam
915 4033 1227 4102 sustinent,
1254 4032 1340 4091 vel
1361 4032 1836 4105 proesumptionis
1944 4031 2101 4088 circa
2130 4047 2262 4088 eum
2297 4030 2468 4104 quasi
2498 4031 2730 4104 vigilias
2768 4035 3096 4103 observare,
3125 4050 3198 4092 ne
3224 4050 3322 4091 ora
3352 4033 3608 4107 loquen-

178 4119 407 4179 veniam
429 4121 844 4195 deprecantur.
867 4120 1033 4179 Unde
1061 4125 1119 4177 et
1147 4120 1336 4178 sancti
1360 4122 1722 4195 apostolatus
1743 4139 1836 4180 ve·
1945 4120 2088 4179 tium
2118 4121 2322 4194 iniqua
2344 4121 2682 4179 convaleant
2705 4137 2720 4191 ;
2752 4123 2852 4181 sed
2874 4122 3079 4195 ipsein
3109 4128 3319 4192 vestra,
3343 4124 3495 4181 siout
3513 4142 3605 4184 se-

180 4210 287 4267 stri
318 4209 596 4268 cathedra
617 4210 746 4268 sine
773 4209 1028 4267 scabello
1048 4225 1175 4266 esse
1203 4226 1319 4265 non
1352 4209 1572 4279 debuit,
1597 4211 1698 4266 sed
1731 4227 1832 4267 no·
1942 4212 2053 4269 mel
2104 4212 2347 4286 incepit,
2393 4213 2725 4271 obedientia
2772 4218 3118 4289 perseveret.
3151 4213 3397 4272 Felicem
3442 4213 3600 4274 enim

179 4299 387 4358 biliore
405 4298 655 4359 scabello
676 4299 880 4357 debuit
899 4298 1201 4357 illustrari.
1216 4303 1408 4370 Neque
1431 4298 1586 4356 enim
1608 4300 1831 4357 incerta
1939 4316 2055 4364 me,
2086 4301 2354 4374 inquam,
2384 4304 2435 4360 si
2467 4320 2732 4376 unquam
2763 4303 2824 4361 in
2874 4305 2983 4362 hoc
3012 4305 3102 4363 vel
3134 4305 3191 4361 in
3225 4304 3342 4363 alio
3374 4305 3602 4364 beneti-

175 4388 344 4447 vobis
371 4393 462 4448 est
490 4394 594 4448 aut
623 4388 948 4464 longinqua
977 4388 1244 4459 victoria,
1273 4388 1374 4445 sed
1405 4386 1709 4445 humilitas
1738 4405 1833 4447 ve-
1938 4390 2139 4447 centiae
2172 4393 2373 4447 vestris
2419 4398 2626 4465 gratus
2676 4392 2963 4463 inveniar,
2994 4397 3059 4451 ut
3088 4393 3409 4452 devotionis
3456 4408 3599 4452 meae

172 4479 466 4537 recundiae
488 4482 692 4537 vestras
713 4479 961 4553 punitur
980 4479 1053 4536 ad
1086 4482 1344 4551 tempus,
1367 4493 1493 4550 quai
1514 4493 1831 4552 congrega·
1862 4479 1910 4546 D
1941 4478 2148 4535 saltem
2176 4478 2327 4536 inter
2357 4488 2596 4538 caeteros
2627 4480 2939 4554 aliquando
2958 4481 3094 4540 velit
3121 4486 3311 4540 vestra
3339 4481 3597 4553 dignatio

171 4568 251 4625 tis
279 4568 342 4625 in
368 4567 589 4642 Spiritu
614 4573 818 4627 sancto
839 4568 1113 4626 Patribus
1145 4566 1377 4624 distulit
1417 4566 1673 4624 obedire.
1695 4566 1830 4633 Pari
1940 4567 2236 4626 reminisci
2261 4566 2565 4628 lVestrum
2596 4586 2831 4645 quoque
2850 4577 2958 4641 est,
2979 4570 3213 4645 quoties
3241 4571 3486 4645 refulget
3503 4589 3599 4629 oc-

174 4657 394 4716 etenim
424 4659 612 4733 cnlpae
640 4663 874 4718 tenetur
894 4658 1181 4717 obnoxius
1213 4657 1315 4730 qui
1338 4657 1694 4716 vocationem
1727 4659 1833 4717 Do·
1938 4658 2117 4729 casio,
2150 4659 2477 4731 provincias
2507 4676 2715 4719 omnes
2738 4662 3144 4734 frequentibus
3172 4662 3405 4719 visitare
3426 4678 3594 4721 man·

174 4747 321 4806 mini
351 4750 655 4823 praevenit,
685 4749 774 4808 vel
805 4752 1042 4808 recusat
1068 4748 1345 4807 oblatam.
1375 4746 1610 4805 Redibit
1638 4755 1829 4807 tamen
1936 4747 2115 4816 datis,
2137 4752 2201 4804 ut
2230 4749 2302 4805 ab
2335 4750 2495 4807 omni
2524 4755 2688 4822 parte
2711 4752 3148 4810 nominivestro
3176 4756 3233 4809 et
3252 4741 3594 4809 obedientias

168 4837 228 4894 in
260 4839 552 4910 proximo,
586 4840 700 4898 Deo
733 4839 984 4910 volente,
1015 4836 1324 4907 serenitas,
1356 4844 1412 4894 et
1451 4837 1680 4896 modica
1708 4838 1829 4898 hoec
1937 4837 2152 4909 pariter
2177 4843 2543 4908 assuescant,
2566 4842 2702 4914 quia
2732 4855 2849 4901 non
2869 4842 2981 4900 erit
2998 4842 3096 4916 qui
3118 4842 3206 4899 vel
3231 4842 3453 4900 litteras
3472 4855 3593 4899 non

171 4926 246 4982 ad
279 4925 475 4985 radios
504 4928 623 4985 veri
652 4927 803 4987 Solis
830 4927 1043 4987 nebula
1073 4926 1442 4997 dissolvetur,
1473 4931 1532 4985 et
1576 4928 1827 4988 redinte-
1939 4926 2215 5000 recipere,
2246 4928 2335 4986 vel
2367 4929 2665 4989 mandatis
2698 4933 2910 4992 audeat
2937 4931 3196 4993 obviare.

171 5018 337 5088 grata
365 5016 592 5074 unitate
622 5017 924 5075 Catholica
953 5017 1027 5075 ab
1058 5016 1215 5074 omni
1244 5020 1409 5089 parte
1457 5017 1700 5089 pedibus
1728 5033 1831 5076 ve-

172 5106 314 5163 stris
363 5105 716 5166 universitas
755 5106 947 5165 fidelis
997 5110 1281 5166 occurret.
1331 5105 1572 5164 Interim
1630 5112 1826 5167 autem
2686 5073 2861 5132 XXII·

172 5210 544 5269 quacunque
590 5202 832 5256 caeteros
896 5197 1095 5254 studia
1146 5201 1533 5267 remorentur,
1584 5197 1828 5269 quibus·

170 5300 403 5359 cunque
422 5286 734 5345 desideriis
757 5288 996 5361 protana
1016 5287 1280 5344 trahatur
1299 5287 1562 5357 ambitio,
1585 5292 1827 5359 quanta·

171 5376 763 5447 cumquetameritate
774 5376 1138 5435 detestabilis
1153 5379 1424 5448 erumpat
1437 5375 1675 5448 invidia,
1690 5394 1820 5452 ego,

2182 5193 2542 5240 assummum
2579 5196 2784 5240 nomm
2822 5194 2986 5242 pam
3020 5194 3356 5243 ammom.

2005 5289 2351 5347 Auxanum
2396 5290 2722 5366 episcopus,
2754 5309 2954 5352 servus
3004 5308 3303 5352 servorum
3335 5289 3460 5363 Dei,
3492 5304 3592 5350 ve·-

1931 5378 2171 5437 nerabili
2206 5380 2368 5437 t'ratri
2397 5383 2706 5442 Annunrno
2738 5384 3072 5443 Lexoviensi
3101 5385 3397 5459 episcopo,
3428 5383 3589 5442 salu·

171 5460 367 5522 minor
409 5462 547 5522 licet
595 5466 896 5537 omnibus,
925 5482 1044 5528 non
1091 5464 1318 5525 minore
1365 5468 1559 5527 umen
1604 5468 1821 5540 gaudio
1929 5473 2050 5530 tem
2083 5473 2142 5527 et
2170 5470 2551 5543 apostoticam
2580 5473 3068 5536 benedictionem.

239 5551 358 5628 (21)
388 5552 479 5625 B„
502 5570 622 5619 om.
654 5560 866 5618 tamen.

2001 5558 2116 5638 (22)
2147 5559 2237 5635 8.,
2263 5562 2687 5624 consummabit.
