<?xml version="1.0" encoding="UTF-8"?>
<!DOCTYPE html PUBLIC "-//W3C//DTD XHTML 1.0 Transitional//EN"
    "http://www.w3.org/TR/xhtml1/DTD/xhtml1-transitional.dtd">
<html xmlns="http://www.w3.org/1999/xhtml" xml:lang="en" lang="en">
 <head>
  <title>
</title>
<meta http-equiv="Content-Type" content="text/html;charset=utf-8" />
  <meta name='ocr-system' content='tesseract 3.04.00' />
  <meta name='ocr-capabilities' content='ocr_page ocr_carea ocr_par ocr_line ocrx_word'/>
</head>
<body>
  <div class='ocr_page' id='page_1' title='image "./patrologiaecurs32goog_0319.png"; bbox 0 0 3784 6000; ppageno 0'>
   <div class='ocr_carea' id='block_1_1' title="bbox 192 258 317 323">
    <p class='ocr_par' dir='ltr' id='par_1_1' title="bbox 192 258 317 323">
     <span class='ocr_line' id='line_1_1' title="bbox 192 258 317 323; baseline 0.016 -2"><span class='ocrx_word' id='word_1_1' title='bbox 192 258 317 323; x_wconf 75' lang='lat'><strong>629</strong></span> 
     </span>
    </p>
   </div>
   <div class='ocr_carea' id='block_1_2' title="bbox 837 255 2984 326">
    <p class='ocr_par' dir='ltr' id='par_1_2' title="bbox 837 255 2984 326">
     <span class='ocr_line' id='line_1_2' title="bbox 837 255 2984 326; baseline 0.003 -6"><span class='ocrx_word' id='word_1_2' title='bbox 837 259 1039 320; x_wconf 80' lang='lat' dir='ltr'><strong>uls&#39;r.</strong></span> <span class='ocrx_word' id='word_1_3' title='bbox 1088 256 1371 321; x_wconf 82' lang='lat' dir='ltr'>RERUM</span> <span class='ocrx_word' id='word_1_4' title='bbox 1412 255 1959 320; x_wconf 75' lang='lat' dir='ltr'><strong>TRANSMARIN.</strong></span> <span class='ocrx_word' id='word_1_5' title='bbox 2006 288 2085 304; x_wconf 93' lang='lat'><strong>—-</strong></span> <span class='ocrx_word' id='word_1_6' title='bbox 2127 257 2274 321; x_wconf 88' lang='lat' dir='ltr'><strong>LIB.</strong></span> <span class='ocrx_word' id='word_1_7' title='bbox 2321 256 2454 320; x_wconf 82' lang='lat' dir='ltr'><strong>XV.</strong></span> <span class='ocrx_word' id='word_1_8' title='bbox 2501 258 2756 324; x_wconf 77' lang='lat' dir='ltr'><strong>Fumo</strong></span> <span class='ocrx_word' id='word_1_9' title='bbox 2801 262 2984 326; x_wconf 74' lang='lat' dir='ltr'><strong>REX.</strong></span> 
     </span>
    </p>
   </div>
   <div class='ocr_carea' id='block_1_3' title="bbox 3505 269 3626 333">
    <p class='ocr_par' dir='ltr' id='par_1_3' title="bbox 3505 269 3626 333">
     <span class='ocr_line' id='line_1_3' title="bbox 3505 269 3626 333; baseline 0.017 -2"><span class='ocrx_word' id='word_1_10' title='bbox 3505 269 3626 333; x_wconf 74' lang='grc'><strong>680</strong></span> 
     </span>
    </p>
   </div>
   <div class='ocr_carea' id='block_1_4' title="bbox 194 390 3624 473">
    <p class='ocr_par' dir='ltr' id='par_1_4' title="bbox 194 390 3624 473">
     <span class='ocr_line' id='line_1_4' title="bbox 194 390 3624 473; baseline 0.004 -23"><span class='ocrx_word' id='word_1_11' title='bbox 194 402 249 451; x_wconf 78' lang='lat' dir='ltr'><strong>et</strong></span> <span class='ocrx_word' id='word_1_12' title='bbox 278 408 442 451; x_wconf 78' lang='lat' dir='ltr'><strong>more</strong></span> <span class='ocrx_word' id='word_1_13' title='bbox 459 392 746 451; x_wconf 76' lang='lat' dir='ltr'><strong>maledicti</strong></span> <span class='ocrx_word' id='word_1_14' title='bbox 767 392 954 461; x_wconf 71' lang='lat' dir='ltr'><strong>cham,</strong></span> <span class='ocrx_word' id='word_1_15' title='bbox 977 392 1215 449; x_wconf 81' lang='lat' dir='ltr'><strong>verenda</strong></span> <span class='ocrx_word' id='word_1_16' title='bbox 1238 391 1417 463; x_wconf 74' lang='lat' dir='ltr'><strong>patris</strong></span> <span class='ocrx_word' id='word_1_17' title='bbox 1437 390 1865 464; x_wconf 67' lang='lat' dir='ltr'><strong><em>discooperient,</em></strong></span> <span class='ocrx_word' id='word_1_18' title='bbox 1895 394 1955 461; x_wconf 78' lang='grc' dir='ltr'><strong>Α</strong></span> <span class='ocrx_word' id='word_1_19' title='bbox 1985 390 2185 449; x_wconf 85' lang='lat' dir='ltr'><strong>classis</strong></span> <span class='ocrx_word' id='word_1_20' title='bbox 2213 391 2465 448; x_wconf 79' lang='lat' dir='ltr'><strong>favorem</strong></span> <span class='ocrx_word' id='word_1_21' title='bbox 2486 408 2604 450; x_wconf 90' lang='lat' dir='ltr'><strong>non</strong></span> <span class='ocrx_word' id='word_1_22' title='bbox 2626 394 2920 452; x_wconf 89' lang='lat' dir='ltr'><strong>modicum</strong></span> <span class='ocrx_word' id='word_1_23' title='bbox 2947 403 3253 460; x_wconf 86' lang='lat' dir='ltr'><strong>assecutus</strong></span> <span class='ocrx_word' id='word_1_24' title='bbox 3273 421 3291 472; x_wconf 70' lang='grc' dir='ltr'>ς</span> <span class='ocrx_word' id='word_1_25' title='bbox 3309 403 3624 473; x_wconf 83' lang='lat' dir='ltr'><strong>promisso·</strong></span> 
     </span>
    </p>
   </div>
   <div class='ocr_carea' id='block_1_5' title="bbox 184 480 1851 1641">
    <p class='ocr_par' dir='ltr' id='par_1_5' title="bbox 184 480 1851 1641">
     <span class='ocr_line' id='line_1_5' title="bbox 189 480 1851 555; baseline -0.001 -16"><span class='ocrx_word' id='word_1_26' title='bbox 189 493 451 555; x_wconf 74' lang='lat' dir='ltr'><strong>operatus</strong></span> <span class='ocrx_word' id='word_1_27' title='bbox 476 500 601 540; x_wconf 77' lang='lat' dir='ltr'><strong>sum</strong></span> <span class='ocrx_word' id='word_1_28' title='bbox 618 500 640 551; x_wconf 89' lang='lat'><strong>‚·</strong></span> <span class='ocrx_word' id='word_1_29' title='bbox 670 489 725 540; x_wconf 74' lang='lat' dir='ltr'><strong>et</strong></span> <span class='ocrx_word' id='word_1_30' title='bbox 779 498 929 539; x_wconf 79' lang='lat' dir='ltr'><strong>nunc</strong></span> <span class='ocrx_word' id='word_1_31' title='bbox 981 480 1049 538; x_wconf 80' lang='lat' dir='ltr'><strong>ob</strong></span> <span class='ocrx_word' id='word_1_32' title='bbox 1072 496 1257 539; x_wconf 79' lang='lat' dir='ltr'><strong>errore</strong></span> <span class='ocrx_word' id='word_1_33' title='bbox 1293 480 1445 539; x_wconf 80' lang='lat' dir='ltr'><strong>devio</strong></span> <span class='ocrx_word' id='word_1_34' title='bbox 1489 498 1597 553; x_wconf 80' lang='lat' dir='ltr'><strong>me,</strong></span> <span class='ocrx_word' id='word_1_35' title='bbox 1628 489 1851 539; x_wconf 74' lang='lat' dir='ltr'><strong>auctore</strong></span> 
     </span>
     <span class='ocr_line' id='line_1_6' title="bbox 192 570 1851 642; baseline -0.001 -14"><span class='ocrx_word' id='word_1_36' title='bbox 192 574 428 631; x_wconf 80' lang='lat' dir='ltr'><strong>Domino</strong></span> <span class='ocrx_word' id='word_1_37' title='bbox 475 586 751 642; x_wconf 75' lang='lat' dir='ltr'><strong>revocans,</strong></span> <span class='ocrx_word' id='word_1_38' title='bbox 806 588 907 627; x_wconf 81' lang='lat' dir='ltr'><strong>nec</strong></span> <span class='ocrx_word' id='word_1_39' title='bbox 954 588 1081 629; x_wconf 81' lang='lat' dir='ltr'><strong>eum</strong></span> <span class='ocrx_word' id='word_1_40' title='bbox 1127 587 1405 639; x_wconf 76' lang='lat' dir='ltr'><strong>accusare,</strong></span> <span class='ocrx_word' id='word_1_41' title='bbox 1443 587 1543 627; x_wconf 82' lang='lat' dir='ltr'><strong>nec</strong></span> <span class='ocrx_word' id='word_1_42' title='bbox 1588 570 1851 641; x_wconf 74' lang='lat' dir='ltr'><strong>judicare</strong></span> 
     </span>
     <span class='ocr_line' id='line_1_7' title="bbox 188 660 1851 735; baseline 0.007 -18"><span class='ocrx_word' id='word_1_43' title='bbox 188 669 650 734; x_wconf 66' lang='lat' dir='ltr'><strong><em>presumptuose,</em></strong></span> <span class='ocrx_word' id='word_1_44' title='bbox 683 663 902 718; x_wconf 77' lang='lat' dir='ltr'><strong>tentabo</strong></span> <span class='ocrx_word' id='word_1_45' title='bbox 925 678 946 721; x_wconf 93' lang='lat'><strong>.·</strong></span> <span class='ocrx_word' id='word_1_46' title='bbox 975 660 1066 719; x_wconf 80' lang='lat' dir='ltr'><strong>sed</strong></span> <span class='ocrx_word' id='word_1_47' title='bbox 1090 677 1192 735; x_wconf 85' lang='lat' dir='ltr'><strong>pro</strong></span> <span class='ocrx_word' id='word_1_48' title='bbox 1220 664 1339 735; x_wconf 79' lang='lat' dir='ltr'><strong>ejus</strong></span> <span class='ocrx_word' id='word_1_49' title='bbox 1376 670 1529 722; x_wconf 74' lang='lat' dir='ltr'><strong>statu</strong></span> <span class='ocrx_word' id='word_1_50' title='bbox 1565 673 1615 726; x_wconf 79' lang='lat' dir='ltr'><strong>et</strong></span> <span class='ocrx_word' id='word_1_51' title='bbox 1641 672 1851 735; x_wconf 70' lang='lat' dir='ltr'><strong>incolu-</strong></span> 
     </span>
     <span class='ocr_line' id='line_1_8' title="bbox 188 754 1847 825; baseline 0.011 -19"><span class='ocrx_word' id='word_1_52' title='bbox 188 754 419 818; x_wconf 78' lang='lat' dir='ltr'><strong>mitate,</strong></span> <span class='ocrx_word' id='word_1_53' title='bbox 462 759 684 823; x_wconf 82' lang='lat' dir='ltr'><strong>paratu,</strong></span> <span class='ocrx_word' id='word_1_54' title='bbox 734 765 859 807; x_wconf 82' lang='lat' dir='ltr'><strong>sum</strong></span> <span class='ocrx_word' id='word_1_55' title='bbox 913 767 1085 823; x_wconf 77' lang='lat' dir='ltr'><strong>usque</strong></span> <span class='ocrx_word' id='word_1_56' title='bbox 1148 754 1220 808; x_wconf 81' lang='lat' dir='ltr'><strong>od</strong></span> <span class='ocrx_word' id='word_1_57' title='bbox 1266 766 1499 814; x_wconf 79' lang='lat' dir='ltr'><strong>mortem</strong></span> <span class='ocrx_word' id='word_1_58' title='bbox 1544 761 1847 825; x_wconf 80' lang='lat' dir='ltr'><strong>decertare.</strong></span> 
     </span>
     <span class='ocr_line' id='line_1_9' title="bbox 190 840 1844 913; baseline 0.011 -18"><span class='ocrx_word' id='word_1_59' title='bbox 190 840 545 913; x_wconf 70' lang='lat' dir='ltr'><strong>praecipitur</strong></span> <span class='ocrx_word' id='word_1_60' title='bbox 573 856 709 913; x_wconf 84' lang='lat' dir='ltr'><strong>ergo</strong></span> <span class='ocrx_word' id='word_1_61' title='bbox 734 841 889 897; x_wconf 84' lang='lat' dir='ltr'><strong>exire</strong></span> <span class='ocrx_word' id='word_1_62' title='bbox 912 860 928 909; x_wconf 91' lang='lat'><strong>;</strong></span> <span class='ocrx_word' id='word_1_63' title='bbox 951 845 1009 897; x_wconf 91' lang='lat' dir='ltr'><strong>et</strong></span> <span class='ocrx_word' id='word_1_64' title='bbox 1031 843 1163 897; x_wconf 86' lang='lat' dir='ltr'><strong>data</strong></span> <span class='ocrx_word' id='word_1_65' title='bbox 1189 843 1247 898; x_wconf 89' lang='lat' dir='ltr'><strong>in</strong></span> <span class='ocrx_word' id='word_1_66' title='bbox 1278 860 1411 901; x_wconf 88' lang='lat' dir='ltr'><strong>eum</strong></span> <span class='ocrx_word' id='word_1_67' title='bbox 1443 854 1730 910; x_wconf 74' lang='lat' dir='ltr'><strong>sementia</strong></span> <span class='ocrx_word' id='word_1_68' title='bbox 1747 872 1844 913; x_wconf 85' lang='lat' dir='ltr'><strong>ex·</strong></span> 
     </span>
     <span class='ocr_line' id='line_1_10' title="bbox 189 928 1847 1015; baseline 0.01 -29"><span class='ocrx_word' id='word_1_69' title='bbox 189 928 753 987; x_wconf 76' lang='lat' dir='ltr'><strong>communicationis</strong></span> <span class='ocrx_word' id='word_1_70' title='bbox 799 930 976 987; x_wconf 87' lang='lat' dir='ltr'><strong>simul</strong></span> <span class='ocrx_word' id='word_1_71' title='bbox 1006 934 1064 989; x_wconf 85' lang='lat' dir='ltr'><strong>et</strong></span> <span class='ocrx_word' id='word_1_72' title='bbox 1110 932 1490 1007; x_wconf 86' lang='lat' dir='ltr'><strong>degrationis,</strong></span> <span class='ocrx_word' id='word_1_73' title='bbox 1520 941 1641 998; x_wconf 87' lang='lat' dir='ltr'><strong>sive</strong></span> <span class='ocrx_word' id='word_1_74' title='bbox 1661 944 1847 1015; x_wconf 85' lang='lat' dir='ltr'><strong>juste,</strong></span> 
     </span>
     <span class='ocr_line' id='line_1_11' title="bbox 186 1017 1847 1103; baseline 0.01 -28"><span class='ocrx_word' id='word_1_75' title='bbox 186 1019 319 1075; x_wconf 83' lang='lat' dir='ltr'><strong>sive</strong></span> <span class='ocrx_word' id='word_1_76' title='bbox 346 1017 535 1086; x_wconf 88' lang='lat' dir='ltr'><strong>aliter,</strong></span> <span class='ocrx_word' id='word_1_77' title='bbox 558 1020 629 1074; x_wconf 89' lang='lat' dir='ltr'><strong>ab</strong></span> <span class='ocrx_word' id='word_1_78' title='bbox 652 1019 810 1074; x_wconf 91' lang='lat' dir='ltr'><strong>omni</strong></span> <span class='ocrx_word' id='word_1_79' title='bbox 847 1019 1039 1077; x_wconf 85' lang='lat' dir='ltr'><strong>officio</strong></span> <span class='ocrx_word' id='word_1_80' title='bbox 1068 1023 1415 1080; x_wconf 85' lang='lat' dir='ltr'><strong>sacerdotali</strong></span> <span class='ocrx_word' id='word_1_81' title='bbox 1442 1032 1500 1083; x_wconf 91' lang='lat' dir='ltr'><strong>et</strong></span> <span class='ocrx_word' id='word_1_82' title='bbox 1529 1034 1847 1103; x_wconf 77' lang='lat' dir='ltr'><strong>pontificali</strong></span> 
     </span>
     <span class='ocr_line' id='line_1_12' title="bbox 186 1108 1843 1193; baseline 0.01 -31"><span class='ocrx_word' id='word_1_83' title='bbox 186 1108 497 1179; x_wconf 88' lang='lat' dir='ltr'><strong>depositus</strong></span> <span class='ocrx_word' id='word_1_84' title='bbox 527 1112 634 1163; x_wconf 87' lang='lat' dir='ltr'><strong>est.</strong></span> <span class='ocrx_word' id='word_1_85' title='bbox 659 1108 886 1165; x_wconf 87' lang='lat' dir='ltr'><strong>Tantus</strong></span> <span class='ocrx_word' id='word_1_86' title='bbox 912 1111 1070 1166; x_wconf 91' lang='lat' dir='ltr'><strong>enim</strong></span> <span class='ocrx_word' id='word_1_87' title='bbox 1095 1111 1266 1168; x_wconf 89' lang='lat' dir='ltr'><strong>timor</strong></span> <span class='ocrx_word' id='word_1_88' title='bbox 1283 1113 1505 1172; x_wconf 91' lang='lat' dir='ltr'><strong>domini</strong></span> <span class='ocrx_word' id='word_1_89' title='bbox 1540 1120 1843 1193; x_wconf 89' lang='lat' dir='ltr'><strong>principis,</strong></span> 
     </span>
     <span class='ocr_line' id='line_1_13' title="bbox 190 1197 1842 1283; baseline 0.011 -32"><span class='ocrx_word' id='word_1_90' title='bbox 190 1197 253 1252; x_wconf 90' lang='lat' dir='ltr'><strong>in</strong></span> <span class='ocrx_word' id='word_1_91' title='bbox 280 1202 506 1266; x_wconf 88' lang='lat' dir='ltr'><strong>partem</strong></span> <span class='ocrx_word' id='word_1_92' title='bbox 532 1197 699 1268; x_wconf 89' lang='lat' dir='ltr'><strong>legati</strong></span> <span class='ocrx_word' id='word_1_93' title='bbox 722 1199 970 1254; x_wconf 91' lang='lat' dir='ltr'><strong>nimium</strong></span> <span class='ocrx_word' id='word_1_94' title='bbox 996 1200 1507 1270; x_wconf 84' lang='lat' dir='ltr'><strong>proclivis,omnes</strong></span> <span class='ocrx_word' id='word_1_95' title='bbox 1537 1207 1842 1283; x_wconf 86' lang='lat' dir='ltr'><strong>invaserat,</strong></span> 
     </span>
     <span class='ocr_line' id='line_1_14' title="bbox 186 1285 1843 1369; baseline 0.011 -29"><span class='ocrx_word' id='word_1_96' title='bbox 186 1290 255 1341; x_wconf 87' lang='lat' dir='ltr'><strong>ut</strong></span> <span class='ocrx_word' id='word_1_97' title='bbox 280 1287 404 1355; x_wconf 70' lang='lat' dir='ltr'><strong>iam</strong></span> <span class='ocrx_word' id='word_1_98' title='bbox 431 1285 591 1342; x_wconf 89' lang='lat' dir='ltr'><strong>nulla</strong></span> <span class='ocrx_word' id='word_1_99' title='bbox 617 1287 1054 1345; x_wconf 88' lang='lat' dir='ltr'><strong>contradicendi</strong></span> <span class='ocrx_word' id='word_1_100' title='bbox 1079 1290 1314 1349; x_wconf 86' lang='lat' dir='ltr'><strong>libertas</strong></span> <span class='ocrx_word' id='word_1_101' title='bbox 1335 1295 1508 1353; x_wconf 89' lang='lat' dir='ltr'><strong>alicui</strong></span> <span class='ocrx_word' id='word_1_102' title='bbox 1545 1306 1843 1369; x_wconf 77' lang='lat' dir='ltr'><strong>proestare-</strong></span> 
     </span>
     <span class='ocr_line' id='line_1_15' title="bbox 186 1374 1840 1459; baseline 0.011 -29"><span class='ocrx_word' id='word_1_103' title='bbox 186 1374 952 1433; x_wconf 86' lang='lat' dir='ltr'><strong>tur.1ncendebateumdem</strong></span> <span class='ocrx_word' id='word_1_104' title='bbox 969 1379 1518 1451; x_wconf 84' lang='lat' dir='ltr'><strong>principem,mlnus</strong></span> <span class='ocrx_word' id='word_1_105' title='bbox 1534 1390 1840 1459; x_wconf 85' lang='lat' dir='ltr'><strong>providum</strong></span> 
     </span>
     <span class='ocr_line' id='line_1_16' title="bbox 184 1465 1837 1548; baseline 0.011 -29"><span class='ocrx_word' id='word_1_106' title='bbox 184 1468 244 1519; x_wconf 88' lang='lat' dir='ltr'><strong>et</strong></span> <span class='ocrx_word' id='word_1_107' title='bbox 274 1465 682 1533; x_wconf 87' lang='lat' dir='ltr'><strong>indiscretum,</strong></span> <span class='ocrx_word' id='word_1_108' title='bbox 714 1465 962 1536; x_wconf 89' lang='lat' dir='ltr'><strong>quidam</strong></span> <span class='ocrx_word' id='word_1_109' title='bbox 982 1468 1189 1525; x_wconf 88' lang='lat' dir='ltr'><strong>Petrus</strong></span> <span class='ocrx_word' id='word_1_110' title='bbox 1219 1470 1559 1545; x_wconf 87' lang='lat' dir='ltr'><strong>Armoinus,</strong></span> <span class='ocrx_word' id='word_1_111' title='bbox 1586 1480 1837 1548; x_wconf 69' lang='lat' dir='ltr'><strong>presidii</strong></span> 
     </span>
     <span class='ocr_line' id='line_1_17' title="bbox 188 1552 1834 1641; baseline 0.01 -33"><span class='ocrx_word' id='word_1_112' title='bbox 188 1552 449 1608; x_wconf 87' lang='lat' dir='ltr'><strong>civitatis</strong></span> <span class='ocrx_word' id='word_1_113' title='bbox 478 1558 699 1621; x_wconf 90' lang='lat' dir='ltr'><strong>custos,</strong></span> <span class='ocrx_word' id='word_1_114' title='bbox 733 1555 820 1608; x_wconf 87' lang='lat' dir='ltr'><strong>vir</strong></span> <span class='ocrx_word' id='word_1_115' title='bbox 851 1555 1178 1613; x_wconf 84' lang='lat' dir='ltr'><strong>malitiosus</strong></span> <span class='ocrx_word' id='word_1_116' title='bbox 1209 1572 1383 1626; x_wconf 88' lang='lat' dir='ltr'><strong>supra</strong></span> <span class='ocrx_word' id='word_1_117' title='bbox 1408 1565 1671 1637; x_wconf 90' lang='lat' dir='ltr'><strong>modum,</strong></span> <span class='ocrx_word' id='word_1_118' title='bbox 1703 1585 1834 1641; x_wconf 89' lang='lat' dir='ltr'><strong>spe-</strong></span> 
     </span>
    </p>
   </div>
   <div class='ocr_carea' id='block_1_6' title="bbox 188 1642 1835 1745">
    <p class='ocr_par' dir='ltr' id='par_1_6' title="bbox 188 1642 1835 1745">
     <span class='ocr_line' id='line_1_18' title="bbox 188 1642 1835 1745; baseline 0.011 -48"><span class='ocrx_word' id='word_1_119' title='bbox 188 1658 353 1710; x_wconf 86' lang='lat' dir='ltr'><strong>rans,</strong></span> <span class='ocrx_word' id='word_1_120' title='bbox 412 1642 566 1715; x_wconf 87' lang='lat' dir='ltr'><strong>quod</strong></span> <span class='ocrx_word' id='word_1_121' title='bbox 627 1642 676 1698; x_wconf 89' lang='lat' dir='ltr'><strong>si</strong></span> <span class='ocrx_word' id='word_1_122' title='bbox 743 1644 1127 1714; x_wconf 87' lang='lat' dir='ltr'><strong>patriarcham</strong></span> <span class='ocrx_word' id='word_1_123' title='bbox 1186 1647 1395 1719; x_wconf 89' lang='lat' dir='ltr'><strong>deponi</strong></span> <span class='ocrx_word' id='word_1_124' title='bbox 1454 1656 1835 1745; x_wconf 61' lang='lat' dir='ltr'><strong>contingeret,</strong></span> 
     </span>
    </p>
   </div>
   <div class='ocr_carea' id='block_1_7' title="bbox 1944 480 3668 1717">
    <p class='ocr_par' dir='ltr' id='par_1_7' title="bbox 1944 480 3668 1717">
     <span class='ocr_line' id='line_1_19' title="bbox 1954 480 3623 557; baseline 0.007 -20"><span class='ocrx_word' id='word_1_125' title='bbox 1954 497 2084 537; x_wconf 90' lang='lat' dir='ltr'><strong>rum</strong></span> <span class='ocrx_word' id='word_1_126' title='bbox 2107 485 2166 539; x_wconf 89' lang='lat' dir='ltr'><strong>et</strong></span> <span class='ocrx_word' id='word_1_127' title='bbox 2187 491 2484 553; x_wconf 87' lang='lat' dir='ltr'><strong>pactorum</strong></span> <span class='ocrx_word' id='word_1_128' title='bbox 2507 480 2675 539; x_wconf 82' lang='lat' dir='ltr'><strong>facile</strong></span> <span class='ocrx_word' id='word_1_129' title='bbox 2697 482 3004 543; x_wconf 87' lang='lat' dir='ltr'><strong>immemor</strong></span> <span class='ocrx_word' id='word_1_130' title='bbox 3031 503 3047 557; x_wconf 76' lang='grc' dir='ltr'>ς</span> <span class='ocrx_word' id='word_1_131' title='bbox 3078 487 3139 546; x_wconf 86' lang='lat' dir='ltr'><strong>in</strong></span> <span class='ocrx_word' id='word_1_132' title='bbox 3176 490 3357 548; x_wconf 81' lang='lat' dir='ltr'><strong>verbo</strong></span> <span class='ocrx_word' id='word_1_133' title='bbox 3379 507 3485 550; x_wconf 89' lang='lat' dir='ltr'><strong>suo</strong></span> <span class='ocrx_word' id='word_1_134' title='bbox 3520 509 3623 549; x_wconf 84' lang='lat' dir='ltr'><strong>va·</strong></span> 
     </span>
     <span class='ocr_line' id='line_1_20' title="bbox 1956 570 3610 645; baseline 0.008 -18"><span class='ocrx_word' id='word_1_135' title='bbox 1956 570 2078 628; x_wconf 89' lang='lat' dir='ltr'><strong>rius</strong></span> <span class='ocrx_word' id='word_1_136' title='bbox 2098 572 2558 643; x_wconf 87' lang='lat' dir='ltr'><strong>etinsconstans,</strong></span> <span class='ocrx_word' id='word_1_137' title='bbox 2574 574 2880 645; x_wconf 87' lang='lat' dir='ltr'><strong>subdolus,</strong></span> <span class='ocrx_word' id='word_1_138' title='bbox 2893 591 2962 633; x_wconf 90' lang='lat' dir='ltr'><strong>ao</strong></span> <span class='ocrx_word' id='word_1_139' title='bbox 2983 578 3228 637; x_wconf 89' lang='lat' dir='ltr'><strong>nimium</strong></span> <span class='ocrx_word' id='word_1_140' title='bbox 3245 580 3305 638; x_wconf 92' lang='lat' dir='ltr'><strong>in</strong></span> <span class='ocrx_word' id='word_1_141' title='bbox 3326 583 3489 640; x_wconf 89' lang='lat' dir='ltr'><strong>omni</strong></span> <span class='ocrx_word' id='word_1_142' title='bbox 3518 582 3610 641; x_wconf 80' lang='lat' dir='ltr'><strong>via</strong></span> 
     </span>
     <span class='ocr_line' id='line_1_21' title="bbox 1956 661 3621 737; baseline 0.007 -19"><span class='ocrx_word' id='word_1_143' title='bbox 1956 677 2066 718; x_wconf 89' lang='lat' dir='ltr'><strong>sua</strong></span> <span class='ocrx_word' id='word_1_144' title='bbox 2097 661 2422 734; x_wconf 86' lang='lat' dir='ltr'><strong>multiplex,</strong></span> <span class='ocrx_word' id='word_1_145' title='bbox 2447 663 2725 735; x_wconf 81' lang='lat' dir='ltr'><strong>providus</strong></span> <span class='ocrx_word' id='word_1_146' title='bbox 2752 669 2810 721; x_wconf 89' lang='lat' dir='ltr'><strong>et</strong></span> <span class='ocrx_word' id='word_1_147' title='bbox 2838 665 3127 726; x_wconf 88' lang='lat' dir='ltr'><strong>discretus</strong></span> <span class='ocrx_word' id='word_1_148' title='bbox 3150 686 3165 737; x_wconf 75' lang='grc' dir='ltr'>ς</span> <span class='ocrx_word' id='word_1_149' title='bbox 3195 670 3256 726; x_wconf 90' lang='lat' dir='ltr'><strong>in</strong></span> <span class='ocrx_word' id='word_1_150' title='bbox 3275 685 3344 728; x_wconf 85' lang='lat' dir='ltr'><strong>so</strong></span> <span class='ocrx_word' id='word_1_151' title='bbox 3368 671 3494 729; x_wconf 90' lang='lat' dir='ltr'><strong>solo</strong></span> <span class='ocrx_word' id='word_1_152' title='bbox 3521 686 3621 730; x_wconf 86' lang='lat' dir='ltr'><strong>re-</strong></span> 
     </span>
     <span class='ocr_line' id='line_1_22' title="bbox 1956 752 3603 832; baseline 0.005 -25"><span class='ocrx_word' id='word_1_153' title='bbox 1956 755 2156 824; x_wconf 91' lang='lat' dir='ltr'><strong>pertus</strong></span> <span class='ocrx_word' id='word_1_154' title='bbox 2209 752 2652 825; x_wconf 79' lang='lat' dir='ltr'><strong>imprudentior,</strong></span> <span class='ocrx_word' id='word_1_155' title='bbox 2684 755 2839 826; x_wconf 88' lang='lat' dir='ltr'><strong>quod</strong></span> <span class='ocrx_word' id='word_1_156' title='bbox 2894 756 3260 816; x_wconf 87' lang='lat' dir='ltr'><strong>adversarios</strong></span> <span class='ocrx_word' id='word_1_157' title='bbox 3291 776 3439 832; x_wconf 89' lang='lat' dir='ltr'><strong>quos</strong></span> <span class='ocrx_word' id='word_1_158' title='bbox 3487 759 3603 818; x_wconf 88' lang='lat' dir='ltr'><strong>sibi</strong></span> 
     </span>
     <span class='ocr_line' id='line_1_23' title="bbox 1955 838 3668 914; baseline 0.006 -18"><span class='ocrx_word' id='word_1_159' title='bbox 1955 841 2162 896; x_wconf 87' lang='lat' dir='ltr'><strong>merito</strong></span> <span class='ocrx_word' id='word_1_160' title='bbox 2192 840 2593 903; x_wconf 81' lang='lat' dir='ltr'><strong>suscitaverat.</strong></span> <span class='ocrx_word' id='word_1_161' title='bbox 2634 841 2694 897; x_wconf 89' lang='lat' dir='ltr'><strong>in</strong></span> <span class='ocrx_word' id='word_1_162' title='bbox 2724 843 2969 914; x_wconf 87' lang='lat' dir='ltr'><strong>gratiam</strong></span> <span class='ocrx_word' id='word_1_163' title='bbox 3001 861 3168 903; x_wconf 90' lang='lat' dir='ltr'><strong>suam</strong></span> <span class='ocrx_word' id='word_1_164' title='bbox 3200 846 3387 905; x_wconf 88' lang='lat' dir='ltr'><strong>redire</strong></span> <span class='ocrx_word' id='word_1_165' title='bbox 3411 847 3606 906; x_wconf 83' lang='lat' dir='ltr'><strong>volen·</strong></span> <span class='ocrx_word' id='word_1_166' title='bbox 3663 838 3668 847; x_wconf 61' lang='lat'>¹</span> 
     </span>
     <span class='ocr_line' id='line_1_24' title="bbox 1955 928 3604 1007; baseline 0.005 -22"><span class='ocrx_word' id='word_1_167' title='bbox 1955 933 2063 999; x_wconf 92' lang='lat' dir='ltr'><strong>tes,</strong></span> <span class='ocrx_word' id='word_1_168' title='bbox 2099 946 2214 986; x_wconf 91' lang='lat' dir='ltr'><strong>non</strong></span> <span class='ocrx_word' id='word_1_169' title='bbox 2254 928 2590 987; x_wconf 77' lang='lat' dir='ltr'><strong>admiserat.</strong></span> <span class='ocrx_word' id='word_1_170' title='bbox 2624 931 2931 989; x_wconf 76' lang='lat' dir='ltr'><strong>Dicebatur</strong></span> <span class='ocrx_word' id='word_1_171' title='bbox 2976 936 3216 1007; x_wconf 81' lang='lat' dir='ltr'><strong>etenim,</strong></span> <span class='ocrx_word' id='word_1_172' title='bbox 3246 941 3303 992; x_wconf 89' lang='lat' dir='ltr'><strong>et</strong></span> <span class='ocrx_word' id='word_1_173' title='bbox 3331 952 3462 994; x_wconf 81' lang='lat' dir='ltr'><strong>vere</strong></span> <span class='ocrx_word' id='word_1_174' title='bbox 3518 936 3604 994; x_wconf 89' lang='lat' dir='ltr'><strong>sic</strong></span> 
     </span>
     <span class='ocr_line' id='line_1_25' title="bbox 1953 1020 3598 1095; baseline 0.005 -20"><span class='ocrx_word' id='word_1_175' title='bbox 1953 1024 2097 1080; x_wconf 88' lang='lat' dir='ltr'><strong>erat.</strong></span> <span class='ocrx_word' id='word_1_176' title='bbox 2129 1036 2427 1091; x_wconf 88' lang='lat' dir='ltr'><strong>arrogans,</strong></span> <span class='ocrx_word' id='word_1_177' title='bbox 2459 1030 2511 1075; x_wconf 88' lang='lat' dir='ltr'><strong>et</strong></span> <span class='ocrx_word' id='word_1_178' title='bbox 2562 1020 2632 1076; x_wconf 91' lang='lat' dir='ltr'><strong>de</strong></span> <span class='ocrx_word' id='word_1_179' title='bbox 2677 1036 2736 1076; x_wconf 85' lang='lat' dir='ltr'><strong>se</strong></span> <span class='ocrx_word' id='word_1_180' title='bbox 2785 1020 2918 1094; x_wconf 87' lang='lat' dir='ltr'><strong>plus</strong></span> <span class='ocrx_word' id='word_1_181' title='bbox 2980 1041 3143 1095; x_wconf 79' lang='lat' dir='ltr'><strong>oequo</strong></span> <span class='ocrx_word' id='word_1_182' title='bbox 3193 1042 3598 1094; x_wconf 77' lang='lat' dir='ltr'><strong>praesumenst</strong></span> 
     </span>
     <span class='ocr_line' id='line_1_26' title="bbox 1953 1107 3600 1186; baseline 0.005 -23"><span class='ocrx_word' id='word_1_183' title='bbox 1953 1109 2106 1163; x_wconf 85' lang='lat' dir='ltr'><strong>unde</strong></span> <span class='ocrx_word' id='word_1_184' title='bbox 2140 1107 2197 1163; x_wconf 91' lang='lat' dir='ltr'><strong>in</strong></span> <span class='ocrx_word' id='word_1_185' title='bbox 2223 1124 2354 1164; x_wconf 91' lang='lat' dir='ltr'><strong>eum</strong></span> <span class='ocrx_word' id='word_1_186' title='bbox 2388 1108 2619 1165; x_wconf 87' lang='lat' dir='ltr'><strong>devenit</strong></span> <span class='ocrx_word' id='word_1_187' title='bbox 2650 1126 3065 1184; x_wconf 86' lang='lat' dir='ltr'><strong>casum,quem</strong></span> <span class='ocrx_word' id='word_1_188' title='bbox 3098 1114 3143 1169; x_wconf 83' lang='lat' dir='ltr'><strong>si</strong></span> <span class='ocrx_word' id='word_1_189' title='bbox 3166 1113 3600 1186; x_wconf 86' lang='lat' dir='ltr'><strong>aliquantulum</strong></span> 
     </span>
     <span class='ocr_line' id='line_1_27' title="bbox 1951 1197 3604 1273; baseline 0.004 -21"><span class='ocrx_word' id='word_1_190' title='bbox 1951 1197 2440 1269; x_wconf 77' lang='lat' dir='ltr'><strong>circumspectius</strong></span> <span class='ocrx_word' id='word_1_191' title='bbox 2463 1214 2526 1254; x_wconf 91' lang='lat' dir='ltr'><strong>se</strong></span> <span class='ocrx_word' id='word_1_192' title='bbox 2556 1198 2875 1269; x_wconf 82' lang='lat' dir='ltr'><strong>habuisset,</strong></span> <span class='ocrx_word' id='word_1_193' title='bbox 2911 1200 3076 1258; x_wconf 74' lang='lat' dir='ltr'><strong>facile</strong></span> <span class='ocrx_word' id='word_1_194' title='bbox 3109 1203 3392 1273; x_wconf 87' lang='lat' dir='ltr'><strong>potuisset</strong></span> <span class='ocrx_word' id='word_1_195' title='bbox 3420 1204 3604 1261; x_wconf 86' lang='lat' dir='ltr'><strong>decli-</strong></span> 
     </span>
     <span class='ocr_line' id='line_1_28' title="bbox 1950 1285 3602 1358; baseline 0.005 -17"><span class='ocrx_word' id='word_1_196' title='bbox 1950 1302 2108 1342; x_wconf 88' lang='lat' dir='ltr'><strong>nare.</strong></span> <span class='ocrx_word' id='word_1_197' title='bbox 2141 1285 2361 1358; x_wconf 84' lang='lat' dir='ltr'><strong>Captus</strong></span> <span class='ocrx_word' id='word_1_198' title='bbox 2399 1302 2536 1358; x_wconf 90' lang='lat' dir='ltr'><strong>ergo</strong></span> <span class='ocrx_word' id='word_1_199' title='bbox 2566 1292 2623 1342; x_wconf 90' lang='lat' dir='ltr'><strong>et</strong></span> <span class='ocrx_word' id='word_1_200' title='bbox 2652 1292 2954 1345; x_wconf 85' lang='lat' dir='ltr'><strong>catenatus</strong></span> <span class='ocrx_word' id='word_1_201' title='bbox 2981 1290 3041 1345; x_wconf 91' lang='lat' dir='ltr'><strong>in</strong></span> <span class='ocrx_word' id='word_1_202' title='bbox 3093 1293 3450 1349; x_wconf 87' lang='lat' dir='ltr'><strong>monasterio</strong></span> <span class='ocrx_word' id='word_1_203' title='bbox 3499 1292 3602 1349; x_wconf 89' lang='lat' dir='ltr'><strong>diu</strong></span> 
     </span>
     <span class='ocr_line' id='line_1_29' title="bbox 1950 1375 3600 1449; baseline 0.005 -20"><span class='ocrx_word' id='word_1_204' title='bbox 1950 1375 2245 1443; x_wconf 91' lang='lat' dir='ltr'><strong>detentus,</strong></span> <span class='ocrx_word' id='word_1_205' title='bbox 2297 1376 2528 1431; x_wconf 90' lang='lat' dir='ltr'><strong>tandem</strong></span> <span class='ocrx_word' id='word_1_206' title='bbox 2569 1375 2827 1447; x_wconf 88' lang='lat' dir='ltr'><strong>elapsus,</strong></span> <span class='ocrx_word' id='word_1_207' title='bbox 2879 1378 3123 1435; x_wconf 82' lang='lat' dir='ltr'><strong>Romam</strong></span> <span class='ocrx_word' id='word_1_208' title='bbox 3167 1381 3460 1449; x_wconf 80' lang='lat' dir='ltr'><strong>protectus</strong></span> <span class='ocrx_word' id='word_1_209' title='bbox 3491 1384 3600 1437; x_wconf 80' lang='lat' dir='ltr'><strong>est.</strong></span> 
     </span>
     <span class='ocr_line' id='line_1_30' title="bbox 1959 1464 3601 1541; baseline 0.004 -22"><span class='ocrx_word' id='word_1_210' title='bbox 1959 1465 2044 1520; x_wconf 90' lang='lat' dir='ltr'><strong>Ibi</strong></span> <span class='ocrx_word' id='word_1_211' title='bbox 2086 1464 2456 1535; x_wconf 86' lang='lat' dir='ltr'><strong>aliquatenus</strong></span> <span class='ocrx_word' id='word_1_212' title='bbox 2475 1465 2725 1536; x_wconf 79' lang='lat' dir='ltr'><strong>gratiam</strong></span> <span class='ocrx_word' id='word_1_213' title='bbox 2743 1466 2894 1522; x_wconf 84' lang='lat' dir='ltr'><strong>sedis</strong></span> <span class='ocrx_word' id='word_1_214' title='bbox 2914 1468 3246 1538; x_wconf 67' lang='lat' dir='ltr'><strong>apostolicae</strong></span> <span class='ocrx_word' id='word_1_215' title='bbox 3268 1473 3601 1541; x_wconf 86' lang='lat' dir='ltr'><strong>assecutus,</strong></span> 
     </span>
     <span class='ocr_line' id='line_1_31' title="bbox 1946 1554 3604 1626; baseline 0.004 -17"><span class='ocrx_word' id='word_1_216' title='bbox 1946 1554 2089 1609; x_wconf 90' lang='lat' dir='ltr'><strong>dum</strong></span> <span class='ocrx_word' id='word_1_217' title='bbox 2124 1554 2312 1609; x_wconf 88' lang='lat' dir='ltr'><strong>redire</strong></span> <span class='ocrx_word' id='word_1_218' title='bbox 2339 1558 2681 1622; x_wconf 81' lang='lat' dir='ltr'><strong>maturaret,</strong></span> <span class='ocrx_word' id='word_1_219' title='bbox 2714 1571 2935 1614; x_wconf 83' lang='lat' dir='ltr'><strong>veneno</strong></span> <span class='ocrx_word' id='word_1_220' title='bbox 2969 1556 3200 1626; x_wconf 88' lang='lat' dir='ltr'><strong>hausto,</strong></span> <span class='ocrx_word' id='word_1_221' title='bbox 3224 1557 3461 1615; x_wconf 87' lang='lat' dir='ltr'><strong>sceleris</strong></span> <span class='ocrx_word' id='word_1_222' title='bbox 3494 1558 3604 1615; x_wconf 83' lang='lat' dir='ltr'><strong>mi-</strong></span> 
     </span>
     <span class='ocr_line' id='line_1_32' title="bbox 1944 1642 3599 1717; baseline 0.002 -19"><span class='ocrx_word' id='word_1_223' title='bbox 1944 1642 2128 1699; x_wconf 90' lang='lat' dir='ltr'><strong>nistro</strong></span> <span class='ocrx_word' id='word_1_224' title='bbox 2143 1643 2471 1716; x_wconf 78' lang='lat' dir='ltr'><strong>porrigente</strong></span> <span class='ocrx_word' id='word_1_225' title='bbox 2485 1646 2775 1702; x_wconf 89' lang='lat' dir='ltr'><strong>nescimus</strong></span> <span class='ocrx_word' id='word_1_226' title='bbox 2785 1646 3599 1717; x_wconf 84' lang='lat' dir='ltr'><strong>quo‚miserabiliterinteriit,</strong></span> 
     </span>
    </p>
   </div>
   <div class='ocr_carea' id='block_1_8' title="bbox 184 1731 3596 1905">
    <p class='ocr_par' dir='ltr' id='par_1_8' title="bbox 184 1731 3596 1905">
     <span class='ocr_line' id='line_1_33' title="bbox 187 1731 3596 1832; baseline 0.005 -45"><span class='ocrx_word' id='word_1_227' title='bbox 187 1731 505 1804; x_wconf 89' lang='lat' dir='ltr'><strong>quemdam</strong></span> <span class='ocrx_word' id='word_1_228' title='bbox 521 1737 787 1804; x_wconf 83' lang='lat' dir='ltr'><strong>nepotem</strong></span> <span class='ocrx_word' id='word_1_229' title='bbox 811 1735 1352 1794; x_wconf 88' lang='lat' dir='ltr'><strong>suumAimericum</strong></span> <span class='ocrx_word' id='word_1_230' title='bbox 1380 1742 1613 1800; x_wconf 91' lang='lat' dir='ltr'><strong>domine</strong></span> <span class='ocrx_word' id='word_1_231' title='bbox 1632 1746 1834 1818; x_wconf 86' lang='lat' dir='ltr'><strong>(quem</strong></span> <span class='ocrx_word' id='word_1_232' title='bbox 1869 1764 1918 1831; x_wconf 69' lang='lat' dir='ltr'>B</span> <span class='ocrx_word' id='word_1_233' title='bbox 1947 1732 2006 1788; x_wconf 71' lang='lat' dir='ltr'><strong>in</strong></span> <span class='ocrx_word' id='word_1_234' title='bbox 2028 1747 2092 1787; x_wconf 77' lang='lat'><strong>⁸0</strong></span> <span class='ocrx_word' id='word_1_235' title='bbox 2121 1733 2273 1832; x_wconf 78' lang='lat' dir='ltr'><strong>ipso,</strong></span> <span class='ocrx_word' id='word_1_236' title='bbox 2293 1734 2574 1805; x_wconf 63' lang='lat' dir='ltr'><strong>qnid‘iffld</strong></span> <span class='ocrx_word' id='word_1_237' title='bbox 2605 1739 2854 1808; x_wconf 63' lang='lat' dir='ltr'><strong>⁰²P⁸q¹²0</strong></span> <span class='ocrx_word' id='word_1_238' title='bbox 2893 1737 3121 1792; x_wconf 59' lang='lat' dir='ltr'><strong>f⁰¹t¹¹¹²⁸</strong></span> <span class='ocrx_word' id='word_1_239' title='bbox 3142 1736 3330 1794; x_wconf 64' lang='lat' dir='ltr'>s⁸00r0</span> <span class='ocrx_word' id='word_1_240' title='bbox 3351 1737 3596 1810; x_wconf 62' lang='lat' dir='ltr'>P0²0¹⁵⁸tn</span> 
     </span>
     <span class='ocr_line' id='line_1_34' title="bbox 184 1820 2946 1905; baseline 0.006 -29"><span class='ocrx_word' id='word_1_241' title='bbox 184 1820 467 1877; x_wconf 90' lang='lat' dir='ltr'><strong>dominus</strong></span> <span class='ocrx_word' id='word_1_242' title='bbox 518 1820 847 1891; x_wconf 84' lang='lat' dir='ltr'><strong>patriarcha</strong></span> <span class='ocrx_word' id='word_1_243' title='bbox 874 1822 935 1879; x_wconf 90' lang='lat' dir='ltr'><strong>in</strong></span> <span class='ocrx_word' id='word_1_244' title='bbox 987 1838 1161 1881; x_wconf 89' lang='lat' dir='ltr'><strong>suam</strong></span> <span class='ocrx_word' id='word_1_245' title='bbox 1202 1829 1543 1899; x_wconf 87' lang='lat' dir='ltr'><strong>perniciem,</strong></span> <span class='ocrx_word' id='word_1_246' title='bbox 1575 1836 1840 1905; x_wconf 79' lang='lat' dir='ltr'><strong>ejusdem</strong></span> <span class='ocrx_word' id='word_1_247' title='bbox 1954 1820 2099 1877; x_wconf 64' lang='lat'><strong>⁸¹¹⁰?</strong></span> <span class='ocrx_word' id='word_1_248' title='bbox 2127 1820 2622 1894; x_wconf 63' lang='lat' dir='ltr'><strong>Mssrmflnissfiniufl</strong></span> <span class='ocrx_word' id='word_1_249' title='bbox 2652 1828 2946 1894; x_wconf 85' lang='lat' dir='ltr'><strong>expertus,</strong></span> 
     </span>
    </p>
   </div>
   <div class='ocr_carea' id='block_1_9' title="bbox 182 1908 1849 1994">
    <p class='ocr_par' dir='ltr' id='par_1_9' title="bbox 182 1908 1849 1994">
     <span class='ocr_line' id='line_1_35' title="bbox 182 1908 1849 1994; baseline 0.009 -28"><span class='ocrx_word' id='word_1_250' title='bbox 182 1908 445 1966; x_wconf 73' lang='lat' dir='ltr'><strong>ecclesiis</strong></span> <span class='ocrx_word' id='word_1_251' title='bbox 461 1910 748 1967; x_wconf 89' lang='lat' dir='ltr'><strong>decanum</strong></span> <span class='ocrx_word' id='word_1_252' title='bbox 766 1910 1005 1981; x_wconf 77' lang='lat' dir='ltr'><strong>fecerat)</strong></span> <span class='ocrx_word' id='word_1_253' title='bbox 1023 1919 1220 1985; x_wconf 88' lang='lat' dir='ltr'><strong>posset</strong></span> <span class='ocrx_word' id='word_1_254' title='bbox 1240 1932 1340 1988; x_wconf 88' lang='lat' dir='ltr'><strong>per</strong></span> <span class='ocrx_word' id='word_1_255' title='bbox 1360 1920 1664 1979; x_wconf 88' lang='lat' dir='ltr'><strong>seductum</strong></span> <span class='ocrx_word' id='word_1_256' title='bbox 1692 1925 1849 1994; x_wconf 87' lang='lat' dir='ltr'><strong>prin-</strong></span> 
     </span>
    </p>
   </div>
   <div class='ocr_carea' id='block_1_10' title="bbox 183 1997 1842 2435">
    <p class='ocr_par' dir='ltr' id='par_1_10' title="bbox 183 1997 1842 2435">
     <span class='ocr_line' id='line_1_36' title="bbox 184 1997 1836 2079; baseline 0.011 -25"><span class='ocrx_word' id='word_1_257' title='bbox 184 1997 402 2070; x_wconf 66' lang='lat' dir='ltr'><strong>cipum,</strong></span> <span class='ocrx_word' id='word_1_258' title='bbox 425 2000 485 2055; x_wconf 91' lang='lat' dir='ltr'><strong>in</strong></span> <span class='ocrx_word' id='word_1_259' title='bbox 506 2000 706 2056; x_wconf 90' lang='lat' dir='ltr'><strong>sedem</strong></span> <span class='ocrx_word' id='word_1_260' title='bbox 735 1998 897 2057; x_wconf 87' lang='lat' dir='ltr'><strong>illam</strong></span> <span class='ocrx_word' id='word_1_261' title='bbox 932 2003 1283 2072; x_wconf 81' lang='lat' dir='ltr'><strong>provehere:</strong></span> <span class='ocrx_word' id='word_1_262' title='bbox 1330 2011 1484 2079; x_wconf 90' lang='lat' dir='ltr'><strong>quod</strong></span> <span class='ocrx_word' id='word_1_263' title='bbox 1535 2016 1590 2067; x_wconf 89' lang='lat' dir='ltr'><strong>et</strong></span> <span class='ocrx_word' id='word_1_264' title='bbox 1621 2013 1836 2072; x_wconf 78' lang='lat' dir='ltr'><strong>sactum</strong></span> 
     </span>
     <span class='ocr_line' id='line_1_37' title="bbox 185 2087 1839 2175; baseline 0.011 -32"><span class='ocrx_word' id='word_1_265' title='bbox 185 2095 300 2144; x_wconf 88' lang='lat' dir='ltr'><strong>est.</strong></span> <span class='ocrx_word' id='word_1_266' title='bbox 336 2087 500 2144; x_wconf 86' lang='lat' dir='ltr'><strong>Serio</strong></span> <span class='ocrx_word' id='word_1_267' title='bbox 530 2089 724 2160; x_wconf 84' lang='lat' dir='ltr'><strong>igitur,</strong></span> <span class='ocrx_word' id='word_1_268' title='bbox 758 2090 877 2147; x_wconf 87' lang='lat' dir='ltr'><strong>sive</strong></span> <span class='ocrx_word' id='word_1_269' title='bbox 909 2091 982 2147; x_wconf 90' lang='lat' dir='ltr'><strong>de</strong></span> <span class='ocrx_word' id='word_1_270' title='bbox 1013 2092 1183 2161; x_wconf 78' lang='lat' dir='ltr'><strong>facto,</strong></span> <span class='ocrx_word' id='word_1_271' title='bbox 1204 2095 1323 2151; x_wconf 89' lang='lat' dir='ltr'><strong>sive</strong></span> <span class='ocrx_word' id='word_1_272' title='bbox 1354 2098 1425 2154; x_wconf 90' lang='lat' dir='ltr'><strong>de</strong></span> <span class='ocrx_word' id='word_1_273' title='bbox 1454 2099 1582 2169; x_wconf 84' lang='lat' dir='ltr'><strong>jure</strong></span> <span class='ocrx_word' id='word_1_274' title='bbox 1609 2103 1839 2175; x_wconf 78' lang='lat' dir='ltr'><strong>deposi-</strong></span> 
     </span>
     <span class='ocr_line' id='line_1_38' title="bbox 185 2175 1842 2249; baseline 0.011 -19"><span class='ocrx_word' id='word_1_275' title='bbox 185 2175 620 2241; x_wconf 82' lang='lat' dir='ltr'><strong>tus‚Antiochia</strong></span> <span class='ocrx_word' id='word_1_276' title='bbox 649 2179 975 2249; x_wconf 86' lang='lat' dir='ltr'><strong>egrediens,</strong></span> <span class='ocrx_word' id='word_1_277' title='bbox 997 2180 1059 2237; x_wconf 90' lang='lat' dir='ltr'><strong>in</strong></span> <span class='ocrx_word' id='word_1_278' title='bbox 1087 2198 1252 2239; x_wconf 89' lang='lat' dir='ltr'><strong>suam</strong></span> <span class='ocrx_word' id='word_1_279' title='bbox 1280 2184 1579 2244; x_wconf 83' lang='lat' dir='ltr'><strong>dioecesim</strong></span> <span class='ocrx_word' id='word_1_280' title='bbox 1609 2206 1671 2247; x_wconf 88' lang='lat' dir='ltr'><strong>se</strong></span> <span class='ocrx_word' id='word_1_281' title='bbox 1693 2207 1842 2248; x_wconf 92' lang='lat' dir='ltr'><strong>con-</strong></span> 
     </span>
     <span class='ocr_line' id='line_1_39' title="bbox 183 2263 1840 2350; baseline 0.011 -32"><span class='ocrx_word' id='word_1_282' title='bbox 183 2263 351 2333; x_wconf 86' lang='lat' dir='ltr'><strong>tulit;</strong></span> <span class='ocrx_word' id='word_1_283' title='bbox 383 2266 838 2339; x_wconf 81' lang='lat' dir='ltr'><strong>perveniensque</strong></span> <span class='ocrx_word' id='word_1_284' title='bbox 863 2268 933 2324; x_wconf 92' lang='lat' dir='ltr'><strong>ad</strong></span> <span class='ocrx_word' id='word_1_285' title='bbox 966 2279 1218 2327; x_wconf 75' lang='lat' dir='ltr'><strong>castrum</strong></span> <span class='ocrx_word' id='word_1_286' title='bbox 1242 2272 1840 2350; x_wconf 78' lang='lat' dir='ltr'><strong>Harenc.aegritudine</strong></span> 
     </span>
     <span class='ocr_line' id='line_1_40' title="bbox 184 2360 1839 2435; baseline 0.013 -29"><span class='ocrx_word' id='word_1_287' title='bbox 184 2363 531 2425; x_wconf 69' lang='lat' dir='ltr'><strong>praeventus,</strong></span> <span class='ocrx_word' id='word_1_288' title='bbox 563 2360 620 2411; x_wconf 87' lang='lat' dir='ltr'><strong>et</strong></span> <span class='ocrx_word' id='word_1_289' title='bbox 662 2373 934 2415; x_wconf 85' lang='lat' dir='ltr'><strong>curarum</strong></span> <span class='ocrx_word' id='word_1_290' title='bbox 982 2361 1186 2418; x_wconf 87' lang='lat' dir='ltr'><strong>anxius</strong></span> <span class='ocrx_word' id='word_1_291' title='bbox 1235 2367 1509 2435; x_wconf 85' lang='lat' dir='ltr'><strong>pondere,</strong></span> <span class='ocrx_word' id='word_1_292' title='bbox 1540 2366 1690 2425; x_wconf 87' lang='lat' dir='ltr'><strong>lecto</strong></span> <span class='ocrx_word' id='word_1_293' title='bbox 1734 2371 1839 2429; x_wconf 91' lang='lat' dir='ltr'><strong>de-</strong></span> 
     </span>
    </p>
   </div>
   <div class='ocr_carea' id='block_1_11' title="bbox 182 2442 1837 2610">
    <p class='ocr_par' dir='ltr' id='par_1_11' title="bbox 182 2442 1837 2610">
     <span class='ocr_line' id='line_1_41' title="bbox 182 2442 1837 2527; baseline 0.013 -30"><span class='ocrx_word' id='word_1_294' title='bbox 182 2442 392 2498; x_wconf 87' lang='lat' dir='ltr'><strong>cubuit</strong></span> <span class='ocrx_word' id='word_1_295' title='bbox 422 2459 436 2498; x_wconf 89' lang='lat'>:</span> <span class='ocrx_word' id='word_1_296' title='bbox 468 2449 526 2500; x_wconf 91' lang='lat' dir='ltr'><strong>et</strong></span> <span class='ocrx_word' id='word_1_297' title='bbox 553 2460 867 2503; x_wconf 86' lang='lat' dir='ltr'><strong>conversus</strong></span> <span class='ocrx_word' id='word_1_298' title='bbox 910 2450 978 2503; x_wconf 91' lang='lat' dir='ltr'><strong>ad</strong></span> <span class='ocrx_word' id='word_1_299' title='bbox 1030 2450 1330 2523; x_wconf 90' lang='lat' dir='ltr'><strong>parietem,</strong></span> <span class='ocrx_word' id='word_1_300' title='bbox 1354 2454 1630 2527; x_wconf 80' lang='lat' dir='ltr'><strong>injuriam</strong></span> <span class='ocrx_word' id='word_1_301' title='bbox 1661 2476 1837 2517; x_wconf 86' lang='lat' dir='ltr'><strong>enor-</strong></span> 
     </span>
     <span class='ocr_line' id='line_1_42' title="bbox 183 2531 1199 2610; baseline 0.011 -23"><span class='ocrx_word' id='word_1_302' title='bbox 183 2531 449 2589; x_wconf 85' lang='lat' dir='ltr'><strong>mitatem</strong></span> <span class='ocrx_word' id='word_1_303' title='bbox 478 2550 594 2590; x_wconf 92' lang='lat' dir='ltr'><strong>non</strong></span> <span class='ocrx_word' id='word_1_304' title='bbox 626 2534 839 2603; x_wconf 80' lang='lat' dir='ltr'><strong>ferens,</strong></span> <span class='ocrx_word' id='word_1_305' title='bbox 869 2539 1199 2610; x_wconf 80' lang='lat' dir='ltr'><strong>exspiravit.</strong></span> 
     </span>
    </p>
   </div>
   <div class='ocr_carea' id='block_1_12' title="bbox 789 2643 1230 2704">
    <p class='ocr_par' dir='ltr' id='par_1_12' title="bbox 789 2643 1230 2704">
     <span class='ocr_line' id='line_1_43' title="bbox 789 2643 1230 2704; baseline 0.009 -4"><span class='ocrx_word' id='word_1_306' title='bbox 789 2643 1023 2700; x_wconf 82' lang='lat' dir='ltr'>CAPUT</span> <span class='ocrx_word' id='word_1_307' title='bbox 1054 2647 1230 2704; x_wconf 86' lang='lat' dir='ltr'><strong>XVII.</strong></span> 
     </span>
    </p>
   </div>
   <div class='ocr_carea' id='block_1_13' title="bbox 176 2745 1830 2899">
    <p class='ocr_par' dir='ltr' id='par_1_13' title="bbox 176 2745 1830 2899">
     <span class='ocr_line' id='line_1_44' title="bbox 176 2745 1830 2834; baseline 0.013 -33"><span class='ocrx_word' id='word_1_308' title='bbox 176 2745 515 2829; x_wconf 39' lang='lat' dir='ltr'><strong>Patr-iasone</strong></span> <span class='ocrx_word' id='word_1_309' title='bbox 542 2747 707 2820; x_wconf 74' lang='lat' dir='ltr'><strong>quasi</strong></span> <span class='ocrx_word' id='word_1_310' title='bbox 733 2756 1035 2806; x_wconf 73' lang='lat' dir='ltr'><strong>contumax</strong></span> <span class='ocrx_word' id='word_1_311' title='bbox 1073 2754 1272 2811; x_wconf 76' lang='lat' dir='ltr'><strong>absens</strong></span> <span class='ocrx_word' id='word_1_312' title='bbox 1300 2756 1588 2828; x_wconf 78' lang='lat' dir='ltr'><strong>deponitur</strong></span> <span class='ocrx_word' id='word_1_313' title='bbox 1616 2781 1636 2818; x_wconf 94' lang='lat'><strong>.·</strong></span> <span class='ocrx_word' id='word_1_314' title='bbox 1666 2763 1830 2834; x_wconf 68' lang='lat' dir='ltr'><strong>iono-</strong></span> 
     </span>
     <span class='ocr_line' id='line_1_45' title="bbox 250 2824 1830 2899; baseline 0.013 -27"><span class='ocrx_word' id='word_1_315' title='bbox 250 2834 485 2875; x_wconf 77' lang='lat' dir='ltr'><strong>mmtose</strong></span> <span class='ocrx_word' id='word_1_316' title='bbox 534 2824 818 2889; x_wconf 79' lang='lat' dir='ltr'><strong>tractatus,</strong></span> <span class='ocrx_word' id='word_1_317' title='bbox 869 2824 1103 2879; x_wconf 77' lang='lat' dir='ltr'><strong>vinculis</strong></span> <span class='ocrx_word' id='word_1_318' title='bbox 1151 2830 1538 2899; x_wconf 75' lang='lat' dir='ltr'><strong>mancipatur:</strong></span> <span class='ocrx_word' id='word_1_319' title='bbox 1601 2837 1830 2892; x_wconf 80' lang='lat' dir='ltr'><strong>Romam</strong></span> 
     </span>
    </p>
   </div>
   <div class='ocr_carea' id='block_1_14' title="bbox 249 2892 1830 3021">
    <p class='ocr_par' dir='ltr' id='par_1_14' title="bbox 249 2892 1830 3021">
     <span class='ocr_line' id='line_1_46' title="bbox 250 2892 1830 2968; baseline 0.013 -24"><span class='ocrx_word' id='word_1_320' title='bbox 250 2892 451 2945; x_wconf 75' lang='lat' dir='ltr'><strong>iterum</strong></span> <span class='ocrx_word' id='word_1_321' title='bbox 479 2896 775 2961; x_wconf 76' lang='lat' dir='ltr'><strong>protectus,</strong></span> <span class='ocrx_word' id='word_1_322' title='bbox 807 2908 878 2948; x_wconf 80' lang='lat' dir='ltr'><strong>ex</strong></span> <span class='ocrx_word' id='word_1_323' title='bbox 901 2903 1059 2964; x_wconf 81' lang='lat' dir='ltr'><strong>parte</strong></span> <span class='ocrx_word' id='word_1_324' title='bbox 1085 2901 1323 2968; x_wconf 76' lang='lat' dir='ltr'><strong>qratiam</strong></span> <span class='ocrx_word' id='word_1_325' title='bbox 1352 2902 1558 2960; x_wconf 82' lang='lat' dir='ltr'><strong>obtinet</strong></span> <span class='ocrx_word' id='word_1_326' title='bbox 1577 2922 1597 2961; x_wconf 94' lang='lat'><strong>.·</strong></span> <span class='ocrx_word' id='word_1_327' title='bbox 1619 2908 1712 2963; x_wconf 77' lang='lat' dir='ltr'><strong>sed</strong></span> <span class='ocrx_word' id='word_1_328' title='bbox 1740 2924 1830 2963; x_wconf 85' lang='lat' dir='ltr'><strong>re·</strong></span> 
     </span>
     <span class='ocr_line' id='line_1_47' title="bbox 249 2961 882 3021; baseline 0.006 -4"><span class='ocrx_word' id='word_1_329' title='bbox 249 2961 406 3018; x_wconf 73' lang='lat' dir='ltr'><strong>diens</strong></span> <span class='ocrx_word' id='word_1_330' title='bbox 436 2976 641 3019; x_wconf 82' lang='lat' dir='ltr'><strong>veneno</strong></span> <span class='ocrx_word' id='word_1_331' title='bbox 671 2966 882 3021; x_wconf 79' lang='lat' dir='ltr'><strong>interit.</strong></span> 
     </span>
    </p>
   </div>
   <div class='ocr_carea' id='block_1_15' title="bbox 249 3069 1824 3142">
    <p class='ocr_par' dir='ltr' id='par_1_15' title="bbox 249 3069 1824 3142">
     <span class='ocr_line' id='line_1_48' title="bbox 249 3069 1824 3142; baseline 0.011 -17"><span class='ocrx_word' id='word_1_332' title='bbox 249 3069 447 3125; x_wconf 85' lang='lat' dir='ltr'><strong>Tertia</strong></span> <span class='ocrx_word' id='word_1_333' title='bbox 466 3069 698 3127; x_wconf 88' lang='lat' dir='ltr'><strong>demum</strong></span> <span class='ocrx_word' id='word_1_334' title='bbox 719 3071 813 3128; x_wconf 91' lang='lat' dir='ltr'><strong>die</strong></span> <span class='ocrx_word' id='word_1_335' title='bbox 834 3072 1046 3130; x_wconf 89' lang='lat' dir='ltr'><strong>iterum</strong></span> <span class='ocrx_word' id='word_1_336' title='bbox 1067 3077 1475 3137; x_wconf 86' lang='lat' dir='ltr'><strong>convenientes</strong></span> <span class='ocrx_word' id='word_1_337' title='bbox 1497 3084 1824 3142; x_wconf 86' lang='lat' dir='ltr'><strong>etresiden·</strong></span> 
     </span>
    </p>
   </div>
   <div class='ocr_carea' id='block_1_16' title="bbox 2531 1929 3006 1988">
    <p class='ocr_par' dir='ltr' id='par_1_16' title="bbox 2531 1929 3006 1988">
     <span class='ocr_line' id='line_1_49' title="bbox 2531 1929 3006 1988; baseline 0.006 -2"><span class='ocrx_word' id='word_1_338' title='bbox 2531 1929 2763 1988; x_wconf 83' lang='lat' dir='ltr'>CAPUT</span> <span class='ocrx_word' id='word_1_339' title='bbox 2797 1931 3006 1988; x_wconf 84' lang='lat' dir='ltr'><strong>xvm.</strong></span> 
     </span>
    </p>
   </div>
   <div class='ocr_carea' id='block_1_17' title="bbox 1950 2019 3603 2163">
    <p class='ocr_par' dir='ltr' id='par_1_17' title="bbox 1950 2019 3603 2163">
     <span class='ocr_line' id='line_1_50' title="bbox 1950 2019 3603 2093; baseline 0.001 -18"><span class='ocrx_word' id='word_1_340' title='bbox 1950 2021 2185 2093; x_wconf 75' lang='lat' dir='ltr'><strong>Leqatus</strong></span> <span class='ocrx_word' id='word_1_341' title='bbox 2230 2019 2667 2091; x_wconf 74' lang='lat' dir='ltr'><strong>Hierosolymam</strong></span> <span class='ocrx_word' id='word_1_342' title='bbox 2689 2021 2834 2077; x_wconf 81' lang='lat' dir='ltr'><strong>redit</strong></span> <span class='ocrx_word' id='word_1_343' title='bbox 2865 2020 3135 2093; x_wconf 78' lang='lat' dir='ltr'><strong>synodum</strong></span> <span class='ocrx_word' id='word_1_344' title='bbox 3175 2020 3449 2083; x_wconf 76' lang='lat' dir='ltr'><strong>celebrat:</strong></span> <span class='ocrx_word' id='word_1_345' title='bbox 3468 2025 3603 2077; x_wconf 69' lang='lat' dir='ltr'><strong>wm-</strong></span> 
     </span>
     <span class='ocr_line' id='line_1_51' title="bbox 2380 2092 3171 2163; baseline 0.004 -16"><span class='ocrx_word' id='word_1_346' title='bbox 2380 2092 2535 2163; x_wconf 80' lang='lat' dir='ltr'><strong>plum</strong></span> <span class='ocrx_word' id='word_1_347' title='bbox 2562 2093 2773 2148; x_wconf 75' lang='lat' dir='ltr'><strong>dedicat</strong></span> <span class='ocrx_word' id='word_1_348' title='bbox 2800 2093 3171 2150; x_wconf 74' lang='lat' dir='ltr'><strong>Dominicum.</strong></span> 
     </span>
    </p>
   </div>
   <div class='ocr_carea' id='block_1_18' title="bbox 1936 2180 3597 3148">
    <p class='ocr_par' dir='ltr' id='par_1_18' title="bbox 1936 2180 3597 3148">
     <span class='ocr_line' id='line_1_52' title="bbox 2023 2180 3597 2255; baseline 0.003 -18"><span class='ocrx_word' id='word_1_349' title='bbox 2023 2180 2262 2250; x_wconf 81' lang='lat' dir='ltr'><strong>Legatus</strong></span> <span class='ocrx_word' id='word_1_350' title='bbox 2307 2182 2505 2253; x_wconf 87' lang='lat' dir='ltr'><strong>igitur.</strong></span> <span class='ocrx_word' id='word_1_351' title='bbox 2535 2181 2797 2254; x_wconf 87' lang='lat' dir='ltr'><strong>deposito</strong></span> <span class='ocrx_word' id='word_1_352' title='bbox 2834 2182 3182 2255; x_wconf 85' lang='lat' dir='ltr'><strong>patriarcha,</strong></span> <span class='ocrx_word' id='word_1_353' title='bbox 3222 2185 3280 2240; x_wconf 90' lang='lat' dir='ltr'><strong>et</strong></span> <span class='ocrx_word' id='word_1_354' title='bbox 3313 2198 3597 2243; x_wconf 87' lang='lat' dir='ltr'><strong>consum·</strong></span> 
     </span>
     <span class='ocr_line' id='line_1_53' title="bbox 1950 2270 3593 2346; baseline 0.004 -22"><span class='ocrx_word' id='word_1_355' title='bbox 1950 2271 2125 2326; x_wconf 90' lang='lat' dir='ltr'><strong>matis</strong></span> <span class='ocrx_word' id='word_1_356' title='bbox 2147 2270 2301 2340; x_wconf 90' lang='lat' dir='ltr'><strong>apud</strong></span> <span class='ocrx_word' id='word_1_357' title='bbox 2316 2271 2677 2327; x_wconf 82' lang='lat' dir='ltr'><strong>Antiochiam</strong></span> <span class='ocrx_word' id='word_1_358' title='bbox 2703 2287 2805 2343; x_wconf 89' lang='lat' dir='ltr'><strong>pro</strong></span> <span class='ocrx_word' id='word_1_359' title='bbox 2826 2271 3042 2343; x_wconf 88' lang='lat' dir='ltr'><strong>quihus</strong></span> <span class='ocrx_word' id='word_1_360' title='bbox 3063 2280 3297 2329; x_wconf 86' lang='lat' dir='ltr'><strong>venerat</strong></span> <span class='ocrx_word' id='word_1_361' title='bbox 3321 2273 3593 2346; x_wconf 85' lang='lat' dir='ltr'><strong>negotiis.</strong></span> 
     </span>
     <span class='ocr_line' id='line_1_54' title="bbox 1949 2356 3594 2434; baseline 0.004 -21"><span class='ocrx_word' id='word_1_362' title='bbox 1949 2356 2404 2431; x_wconf 72' lang='lat' dir='ltr'><strong>Hierosolymam</strong></span> <span class='ocrx_word' id='word_1_363' title='bbox 2438 2375 2704 2416; x_wconf 86' lang='lat' dir='ltr'><strong>reversus</strong></span> <span class='ocrx_word' id='word_1_364' title='bbox 2733 2365 2861 2427; x_wconf 76' lang='lat' dir='ltr'><strong>est3</strong></span> <span class='ocrx_word' id='word_1_365' title='bbox 2894 2360 2992 2416; x_wconf 90' lang='lat' dir='ltr'><strong>ubi</strong></span> <span class='ocrx_word' id='word_1_366' title='bbox 3043 2376 3229 2434; x_wconf 88' lang='lat' dir='ltr'><strong>usque</strong></span> <span class='ocrx_word' id='word_1_367' title='bbox 3259 2362 3331 2418; x_wconf 89' lang='lat' dir='ltr'><strong>ad</strong></span> <span class='ocrx_word' id='word_1_368' title='bbox 3378 2362 3594 2420; x_wconf 88' lang='lat' dir='ltr'><strong>solem-</strong></span> 
     </span>
     <span class='ocr_line' id='line_1_55' title="bbox 1950 2447 3593 2524; baseline 0.004 -22"><span class='ocrx_word' id='word_1_369' title='bbox 1950 2447 2190 2503; x_wconf 80' lang='lat' dir='ltr'><strong>nitatem</strong></span> <span class='ocrx_word' id='word_1_370' title='bbox 2241 2447 2576 2505; x_wconf 87' lang='lat' dir='ltr'><strong>Paschalem</strong></span> <span class='ocrx_word' id='word_1_371' title='bbox 2626 2464 2852 2505; x_wconf 88' lang='lat' dir='ltr'><strong>moram</strong></span> <span class='ocrx_word' id='word_1_372' title='bbox 2901 2449 3141 2520; x_wconf 82' lang='lat' dir='ltr'><strong>iaciens,</strong></span> <span class='ocrx_word' id='word_1_373' title='bbox 3173 2450 3376 2508; x_wconf 87' lang='lat' dir='ltr'><strong>habito</strong></span> <span class='ocrx_word' id='word_1_374' title='bbox 3424 2453 3593 2524; x_wconf 85' lang='lat' dir='ltr'><strong>prius</strong></span> 
     </span>
     <span class='ocr_line' id='line_1_56' title="bbox 1946 2535 3595 2610; baseline 0.004 -19"><span class='ocrx_word' id='word_1_375' title='bbox 1946 2536 2185 2594; x_wconf 86' lang='lat' dir='ltr'><strong>consilio</strong></span> <span class='ocrx_word' id='word_1_376' title='bbox 2214 2552 2349 2593; x_wconf 89' lang='lat' dir='ltr'><strong>cum</strong></span> <span class='ocrx_word' id='word_1_377' title='bbox 2377 2537 2634 2610; x_wconf 68' lang='lat' dir='ltr'><strong>praelatis</strong></span> <span class='ocrx_word' id='word_1_378' title='bbox 2671 2535 3075 2607; x_wconf 87' lang='lat' dir='ltr'><strong>ecclesiarum,</strong></span> <span class='ocrx_word' id='word_1_379' title='bbox 3105 2539 3279 2596; x_wconf 88' lang='lat' dir='ltr'><strong>tertia</strong></span> <span class='ocrx_word' id='word_1_380' title='bbox 3300 2546 3433 2610; x_wconf 90' lang='lat' dir='ltr'><strong>post</strong></span> <span class='ocrx_word' id='word_1_381' title='bbox 3457 2556 3595 2597; x_wconf 82' lang='lat' dir='ltr'><strong>san·</strong></span> 
     </span>
     <span class='ocr_line' id='line_1_57' title="bbox 1944 2624 3589 2698; baseline 0.003 -17"><span class='ocrx_word' id='word_1_382' title='bbox 1944 2629 2105 2682; x_wconf 89' lang='lat' dir='ltr'><strong>ctum</strong></span> <span class='ocrx_word' id='word_1_383' title='bbox 2136 2624 2361 2682; x_wconf 79' lang='lat' dir='ltr'><strong>Pascha</strong></span> <span class='ocrx_word' id='word_1_384' title='bbox 2406 2626 2660 2690; x_wconf 84' lang='lat' dir='ltr'><strong>die.una</strong></span> <span class='ocrx_word' id='word_1_385' title='bbox 2705 2642 2841 2683; x_wconf 89' lang='lat' dir='ltr'><strong>cum</strong></span> <span class='ocrx_word' id='word_1_386' title='bbox 2889 2626 3134 2683; x_wconf 88' lang='lat' dir='ltr'><strong>domino</strong></span> <span class='ocrx_word' id='word_1_387' title='bbox 3165 2627 3503 2698; x_wconf 83' lang='lat' dir='ltr'><strong>patriarcha</strong></span> <span class='ocrx_word' id='word_1_388' title='bbox 3530 2633 3589 2686; x_wconf 89' lang='lat' dir='ltr'><strong>et</strong></span> 
     </span>
     <span class='ocr_line' id='line_1_58' title="bbox 1942 2714 3589 2787; baseline 0.002 -17"><span class='ocrx_word' id='word_1_389' title='bbox 1942 2714 2348 2787; x_wconf 90' lang='lat' dir='ltr'><strong>episcoporum</strong></span> <span class='ocrx_word' id='word_1_390' title='bbox 2389 2714 3002 2787; x_wconf 89' lang='lat' dir='ltr'><strong>nonnullis,templum</strong></span> <span class='ocrx_word' id='word_1_391' title='bbox 3035 2714 3266 2772; x_wconf 83' lang='lat' dir='ltr'><strong>DomIni</strong></span> <span class='ocrx_word' id='word_1_392' title='bbox 3303 2716 3589 2775; x_wconf 85' lang='lat' dir='ltr'><strong>solemni-</strong></span> 
     </span>
     <span class='ocr_line' id='line_1_59' title="bbox 1941 2792 3584 2874; baseline 0.001 -15"><span class='ocrx_word' id='word_1_393' title='bbox 1941 2808 2028 2860; x_wconf 76' lang='lat' dir='ltr'><strong>ter</strong></span> <span class='ocrx_word' id='word_1_394' title='bbox 2056 2803 2365 2861; x_wconf 67' lang='lat' dir='ltr'><strong>dedicavit.</strong></span> <span class='ocrx_word' id='word_1_395' title='bbox 2393 2804 2720 2861; x_wconf 70' lang='lat' dir='ltr'><strong>adsuerunt</strong></span> <span class='ocrx_word' id='word_1_396' title='bbox 2747 2804 2827 2860; x_wconf 83' lang='lat' dir='ltr'><strong>ibi</strong></span> <span class='ocrx_word' id='word_1_397' title='bbox 2868 2804 3251 2862; x_wconf 76' lang='lat' dir='ltr'><strong>dedicationis</strong></span> <span class='ocrx_word' id='word_1_398' title='bbox 3274 2805 3388 2874; x_wconf 73' lang='lat' dir='ltr'><strong>die,</strong></span> <span class='ocrx_word' id='word_1_399' title='bbox 3413 2792 3584 2863; x_wconf 73' lang='lat' dir='ltr'><strong>mutii</strong></span> 
     </span>
     <span class='ocr_line' id='line_1_60' title="bbox 1938 2892 3586 2966; baseline 0.001 -15"><span class='ocrx_word' id='word_1_400' title='bbox 1938 2900 2060 2951; x_wconf 88' lang='lat' dir='ltr'><strong>tam</strong></span> <span class='ocrx_word' id='word_1_401' title='bbox 2092 2893 2164 2949; x_wconf 90' lang='lat' dir='ltr'><strong>de</strong></span> <span class='ocrx_word' id='word_1_402' title='bbox 2194 2894 2452 2964; x_wconf 88' lang='lat' dir='ltr'><strong>partibus</strong></span> <span class='ocrx_word' id='word_1_403' title='bbox 2474 2892 2920 2951; x_wconf 79' lang='lat' dir='ltr'><strong>ultramontanis</strong></span> <span class='ocrx_word' id='word_1_404' title='bbox 2951 2909 3124 2966; x_wconf 87' lang='lat' dir='ltr'><strong>quam</strong></span> <span class='ocrx_word' id='word_1_405' title='bbox 3148 2893 3221 2950; x_wconf 91' lang='lat' dir='ltr'><strong>de</strong></span> <span class='ocrx_word' id='word_1_406' title='bbox 3251 2894 3586 2953; x_wconf 71' lang='lat' dir='ltr'><strong>cismarinis</strong></span> 
     </span>
     <span class='ocr_line' id='line_1_61' title="bbox 1938 2981 3586 3056; baseline 0.002 -17"><span class='ocrx_word' id='word_1_407' title='bbox 1938 2982 2291 3054; x_wconf 84' lang='lat' dir='ltr'><strong>regionibus,</strong></span> <span class='ocrx_word' id='word_1_408' title='bbox 2315 2983 2510 3054; x_wconf 88' lang='lat' dir='ltr'><strong>magni</strong></span> <span class='ocrx_word' id='word_1_409' title='bbox 2541 2985 2598 3037; x_wconf 89' lang='lat' dir='ltr'><strong>et</strong></span> <span class='ocrx_word' id='word_1_410' title='bbox 2630 2981 2853 3039; x_wconf 90' lang='lat' dir='ltr'><strong>nobiles</strong></span> <span class='ocrx_word' id='word_1_411' title='bbox 2881 2983 3011 3040; x_wconf 85' lang='lat' dir='ltr'><strong>viri.</strong></span> <span class='ocrx_word' id='word_1_412' title='bbox 3035 2983 3189 3040; x_wconf 85' lang='lat' dir='ltr'><strong>Inter</strong></span> <span class='ocrx_word' id='word_1_413' title='bbox 3216 2999 3366 3056; x_wconf 86' lang='lat' dir='ltr'><strong>quos</strong></span> <span class='ocrx_word' id='word_1_414' title='bbox 3397 2984 3586 3043; x_wconf 75' lang='lat' dir='ltr'><strong>adfuit</strong></span> 
     </span>
     <span class='ocr_line' id='line_1_62' title="bbox 1936 3071 3582 3148; baseline 0.002 -19"><span class='ocrx_word' id='word_1_415' title='bbox 1936 3078 1995 3130; x_wconf 93' lang='lat' dir='ltr'><strong>et</strong></span> <span class='ocrx_word' id='word_1_416' title='bbox 2020 3073 2295 3129; x_wconf 90' lang='lat' dir='ltr'><strong>dominus</strong></span> <span class='ocrx_word' id='word_1_417' title='bbox 2309 3071 2873 3144; x_wconf 79' lang='lat' dir='ltr'><strong>Joscelinusjuuior,</strong></span> <span class='ocrx_word' id='word_1_418' title='bbox 2888 3088 3084 3130; x_wconf 89' lang='lat' dir='ltr'><strong>comes</strong></span> <span class='ocrx_word' id='word_1_419' title='bbox 3106 3074 3461 3140; x_wconf 85' lang='lat' dir='ltr'><strong>Edessanus,</strong></span> <span class='ocrx_word' id='word_1_420' title='bbox 3477 3076 3582 3148; x_wconf 82' lang='lat' dir='ltr'><strong>qui</strong></span> 
     </span>
    </p>
   </div>
   <div class='ocr_carea' id='block_1_19' title="bbox 169 3137 3582 3243">
    <p class='ocr_par' dir='ltr' id='par_1_19' title="bbox 169 3137 3582 3243">
     <span class='ocr_line' id='line_1_63' title="bbox 169 3137 3582 3243; baseline 0.005 -27"><span class='ocrx_word' id='word_1_421' title='bbox 169 3162 260 3216; x_wconf 79' lang='lat' dir='ltr'><strong>tes</strong></span> <span class='ocrx_word' id='word_1_422' title='bbox 288 3175 359 3214; x_wconf 76' lang='lat' dir='ltr'><strong>ex</strong></span> <span class='ocrx_word' id='word_1_423' title='bbox 379 3159 606 3229; x_wconf 77' lang='lat' dir='ltr'><strong>ordine,</strong></span> <span class='ocrx_word' id='word_1_424' title='bbox 622 3162 793 3216; x_wconf 81' lang='lat' dir='ltr'><strong>tertio</strong></span> <span class='ocrx_word' id='word_1_425' title='bbox 820 3160 1098 3233; x_wconf 79' lang='lat' dir='ltr'><strong>dirigunt,</strong></span> <span class='ocrx_word' id='word_1_426' title='bbox 1128 3164 1227 3236; x_wconf 81' lang='lat' dir='ltr'><strong>qui</strong></span> <span class='ocrx_word' id='word_1_427' title='bbox 1250 3167 1551 3227; x_wconf 78' lang='lat' dir='ltr'><strong>dominum</strong></span> <span class='ocrx_word' id='word_1_428' title='bbox 1583 3173 1821 3243; x_wconf 55' lang='grc' dir='ltr'><strong>μανίαι·</strong></span> <span class='ocrx_word' id='word_1_429' title='bbox 1853 3137 1898 3209; x_wconf 75' lang='lat' dir='ltr'><strong>G</strong></span> <span class='ocrx_word' id='word_1_430' title='bbox 1936 3168 2079 3219; x_wconf 77' lang='lat' dir='ltr'><strong>tuno</strong></span> <span class='ocrx_word' id='word_1_431' title='bbox 2107 3162 2167 3218; x_wconf 81' lang='lat' dir='ltr'><strong>iu</strong></span> <span class='ocrx_word' id='word_1_432' title='bbox 2207 3160 2573 3218; x_wconf 72' lang='lat' dir='ltr'><strong>solemnibus</strong></span> <span class='ocrx_word' id='word_1_433' title='bbox 2602 3161 2790 3219; x_wconf 74' lang='lat' dir='ltr'><strong>sancti</strong></span> <span class='ocrx_word' id='word_1_434' title='bbox 2819 3162 3058 3218; x_wconf 64' lang='lat' dir='ltr'><strong>paseha</strong></span> <span class='ocrx_word' id='word_1_435' title='bbox 3095 3161 3322 3232; x_wconf 70' lang='lat' dir='ltr'><strong>diebu-2</strong></span> <span class='ocrx_word' id='word_1_436' title='bbox 3354 3164 3582 3237; x_wconf 73' lang='lat' dir='ltr'><strong>magni-</strong></span> 
     </span>
    </p>
   </div>
   <div class='ocr_carea' id='block_1_20' title="bbox 169 3247 1825 4492">
    <p class='ocr_par' dir='ltr' id='par_1_20' title="bbox 169 3247 1825 4492">
     <span class='ocr_line' id='line_1_64' title="bbox 172 3247 1821 3331; baseline 0.01 -27"><span class='ocrx_word' id='word_1_437' title='bbox 172 3247 351 3305; x_wconf 90' lang='lat' dir='ltr'><strong>cham</strong></span> <span class='ocrx_word' id='word_1_438' title='bbox 374 3250 763 3320; x_wconf 86' lang='lat' dir='ltr'><strong>peremptorio</strong></span> <span class='ocrx_word' id='word_1_439' title='bbox 783 3249 964 3307; x_wconf 87' lang='lat' dir='ltr'><strong>citent</strong></span> <span class='ocrx_word' id='word_1_440' title='bbox 988 3252 1193 3324; x_wconf 88' lang='lat' dir='ltr'><strong>edicto,</strong></span> <span class='ocrx_word' id='word_1_441' title='bbox 1209 3257 1266 3311; x_wconf 87' lang='lat' dir='ltr'><strong>et</strong></span> <span class='ocrx_word' id='word_1_442' title='bbox 1286 3259 1351 3313; x_wconf 91' lang='lat' dir='ltr'><strong>ut</strong></span> <span class='ocrx_word' id='word_1_443' title='bbox 1369 3257 1562 3318; x_wconf 80' lang='lat' dir='ltr'><strong>veniat</strong></span> <span class='ocrx_word' id='word_1_444' title='bbox 1580 3263 1821 3331; x_wconf 71' lang='lat' dir='ltr'><strong>objectis</strong></span> 
     </span>
     <span class='ocr_line' id='line_1_65' title="bbox 172 3342 1819 3408; baseline 0.009 -14"><span class='ocrx_word' id='word_1_445' title='bbox 172 3352 585 3408; x_wconf 84' lang='lat' dir='ltr'><strong>responsurus,</strong></span> <span class='ocrx_word' id='word_1_446' title='bbox 638 3343 933 3399; x_wconf 87' lang='lat' dir='ltr'><strong>moneant.</strong></span> <span class='ocrx_word' id='word_1_447' title='bbox 980 3342 1088 3407; x_wconf 88' lang='lat' dir='ltr'><strong>Qui</strong></span> <span class='ocrx_word' id='word_1_448' title='bbox 1146 3349 1338 3401; x_wconf 88' lang='lat' dir='ltr'><strong>utrum</strong></span> <span class='ocrx_word' id='word_1_449' title='bbox 1402 3348 1819 3408; x_wconf 72' lang='lat' dir='ltr'><strong>conscientiam</strong></span> 
     </span>
     <span class='ocr_line' id='line_1_66' title="bbox 169 3426 1818 3502; baseline 0.01 -20"><span class='ocrx_word' id='word_1_450' title='bbox 169 3426 420 3493; x_wconf 86' lang='lat' dir='ltr'><strong>veritus,</strong></span> <span class='ocrx_word' id='word_1_451' title='bbox 452 3443 526 3482; x_wconf 88' lang='lat' dir='ltr'><strong>an</strong></span> <span class='ocrx_word' id='word_1_452' title='bbox 558 3432 760 3484; x_wconf 91' lang='lat' dir='ltr'><strong>contra</strong></span> <span class='ocrx_word' id='word_1_453' title='bbox 791 3444 853 3485; x_wconf 89' lang='lat' dir='ltr'><strong>se</strong></span> <span class='ocrx_word' id='word_1_454' title='bbox 881 3433 1169 3502; x_wconf 80' lang='lat' dir='ltr'><strong>synodum</strong></span> <span class='ocrx_word' id='word_1_455' title='bbox 1205 3434 1488 3494; x_wconf 87' lang='lat' dir='ltr'><strong>invidlose</strong></span> <span class='ocrx_word' id='word_1_456' title='bbox 1518 3437 1818 3497; x_wconf 86' lang='lat' dir='ltr'><strong>collectam</strong></span> 
     </span>
     <span class='ocr_line' id='line_1_67' title="bbox 172 3516 1821 3599; baseline 0.008 -27"><span class='ocrx_word' id='word_1_457' title='bbox 172 3516 369 3572; x_wconf 87' lang='lat' dir='ltr'><strong>sciens</strong></span> <span class='ocrx_word' id='word_1_458' title='bbox 417 3520 474 3571; x_wconf 91' lang='lat' dir='ltr'><strong>et</strong></span> <span class='ocrx_word' id='word_1_459' title='bbox 514 3516 797 3589; x_wconf 88' lang='lat' dir='ltr'><strong>principis</strong></span> <span class='ocrx_word' id='word_1_460' title='bbox 845 3519 1183 3578; x_wconf 86' lang='lat' dir='ltr'><strong>violentiam</strong></span> <span class='ocrx_word' id='word_1_461' title='bbox 1231 3524 1470 3595; x_wconf 86' lang='lat' dir='ltr'><strong>timens,</strong></span> <span class='ocrx_word' id='word_1_462' title='bbox 1517 3543 1619 3599; x_wconf 89' lang='lat' dir='ltr'><strong>pro</strong></span> <span class='ocrx_word' id='word_1_463' title='bbox 1667 3534 1821 3586; x_wconf 86' lang='lat' dir='ltr'><strong>certo</strong></span> 
     </span>
     <span class='ocr_line' id='line_1_68' title="bbox 169 3607 1818 3689; baseline 0.008 -28"><span class='ocrx_word' id='word_1_464' title='bbox 169 3609 539 3677; x_wconf 89' lang='lat' dir='ltr'><strong>compertum</strong></span> <span class='ocrx_word' id='word_1_465' title='bbox 587 3623 704 3663; x_wconf 91' lang='lat' dir='ltr'><strong>non</strong></span> <span class='ocrx_word' id='word_1_466' title='bbox 754 3607 1062 3679; x_wconf 89' lang='lat' dir='ltr'><strong>habemus,</strong></span> <span class='ocrx_word' id='word_1_467' title='bbox 1094 3613 1492 3685; x_wconf 87' lang='lat' dir='ltr'><strong>venire,sicut</strong></span> <span class='ocrx_word' id='word_1_468' title='bbox 1538 3621 1598 3675; x_wconf 84' lang='lat' dir='ltr'><strong>et</strong></span> <span class='ocrx_word' id='word_1_469' title='bbox 1635 3618 1818 3689; x_wconf 84' lang='lat' dir='ltr'><strong>prius,</strong></span> 
     </span>
     <span class='ocr_line' id='line_1_69' title="bbox 171 3695 1821 3774; baseline 0.009 -25"><span class='ocrx_word' id='word_1_470' title='bbox 171 3695 416 3750; x_wconf 91' lang='lat' dir='ltr'><strong>omnino</strong></span> <span class='ocrx_word' id='word_1_471' title='bbox 436 3697 682 3764; x_wconf 77' lang='lat' dir='ltr'><strong>negavit.</strong></span> <span class='ocrx_word' id='word_1_472' title='bbox 706 3697 843 3754; x_wconf 81' lang='lat' dir='ltr'><strong>Erat</strong></span> <span class='ocrx_word' id='word_1_473' title='bbox 862 3705 1056 3756; x_wconf 88' lang='lat' dir='ltr'><strong>autem</strong></span> <span class='ocrx_word' id='word_1_474' title='bbox 1080 3701 1138 3758; x_wconf 88' lang='lat' dir='ltr'><strong>in</strong></span> <span class='ocrx_word' id='word_1_475' title='bbox 1164 3704 1380 3774; x_wconf 89' lang='lat' dir='ltr'><strong>palatio</strong></span> <span class='ocrx_word' id='word_1_476' title='bbox 1400 3721 1506 3764; x_wconf 88' lang='lat' dir='ltr'><strong>suo</strong></span> <span class='ocrx_word' id='word_1_477' title='bbox 1535 3724 1670 3765; x_wconf 87' lang='lat' dir='ltr'><strong>oum</strong></span> <span class='ocrx_word' id='word_1_478' title='bbox 1695 3709 1821 3764; x_wconf 87' lang='lat' dir='ltr'><strong>suis</strong></span> 
     </span>
     <span class='ocr_line' id='line_1_70' title="bbox 171 3783 1818 3869; baseline 0.01 -32"><span class='ocrx_word' id='word_1_479' title='bbox 171 3783 587 3852; x_wconf 77' lang='lat' dir='ltr'><strong>familiaribus,</strong></span> <span class='ocrx_word' id='word_1_480' title='bbox 615 3785 798 3843; x_wconf 91' lang='lat' dir='ltr'><strong>multo</strong></span> <span class='ocrx_word' id='word_1_481' title='bbox 821 3789 1068 3860; x_wconf 89' lang='lat' dir='ltr'><strong>stipatus</strong></span> <span class='ocrx_word' id='word_1_482' title='bbox 1089 3793 1349 3863; x_wconf 91' lang='lat' dir='ltr'><strong>equitum</strong></span> <span class='ocrx_word' id='word_1_483' title='bbox 1373 3800 1431 3852; x_wconf 90' lang='lat' dir='ltr'><strong>et</strong></span> <span class='ocrx_word' id='word_1_484' title='bbox 1453 3796 1818 3869; x_wconf 86' lang='lat' dir='ltr'><strong>popularium</strong></span> 
     </span>
     <span class='ocr_line' id='line_1_71' title="bbox 171 3872 1822 3952; baseline 0.009 -24"><span class='ocrx_word' id='word_1_485' title='bbox 171 3872 455 3928; x_wconf 86' lang='lat' dir='ltr'><strong>comitatu</strong></span> <span class='ocrx_word' id='word_1_486' title='bbox 476 3890 492 3941; x_wconf 77' lang='lat'>3</span> <span class='ocrx_word' id='word_1_487' title='bbox 511 3873 908 3932; x_wconf 79' lang='lat' dir='ltr'><strong>confluxerant</strong></span> <span class='ocrx_word' id='word_1_488' title='bbox 928 3878 1083 3935; x_wconf 88' lang='lat' dir='ltr'><strong>enim</strong></span> <span class='ocrx_word' id='word_1_489' title='bbox 1106 3882 1173 3937; x_wconf 89' lang='lat' dir='ltr'><strong>ad</strong></span> <span class='ocrx_word' id='word_1_490' title='bbox 1193 3883 1317 3952; x_wconf 75' lang='lat' dir='ltr'><strong>ejus</strong></span> <span class='ocrx_word' id='word_1_491' title='bbox 1337 3885 1669 3943; x_wconf 85' lang='lat' dir='ltr'><strong>subsidium</strong></span> <span class='ocrx_word' id='word_1_492' title='bbox 1695 3887 1822 3943; x_wconf 91' lang='lat' dir='ltr'><strong>uni-</strong></span> 
     </span>
     <span class='ocr_line' id='line_1_72' title="bbox 170 3960 1824 4045; baseline 0.012 -33"><span class='ocrx_word' id='word_1_493' title='bbox 170 3960 324 4016; x_wconf 83' lang='lat' dir='ltr'><strong>versi</strong></span> <span class='ocrx_word' id='word_1_494' title='bbox 350 3962 423 4017; x_wconf 91' lang='lat' dir='ltr'><strong>de</strong></span> <span class='ocrx_word' id='word_1_495' title='bbox 443 3961 698 4028; x_wconf 86' lang='lat' dir='ltr'><strong>civitate,</strong></span> <span class='ocrx_word' id='word_1_496' title='bbox 721 3965 820 4035; x_wconf 89' lang='lat' dir='ltr'><strong>qui</strong></span> <span class='ocrx_word' id='word_1_497' title='bbox 847 3966 956 4021; x_wconf 90' lang='lat' dir='ltr'><strong>nisi</strong></span> <span class='ocrx_word' id='word_1_498' title='bbox 981 3967 1259 4040; x_wconf 87' lang='lat' dir='ltr'><strong>principis</strong></span> <span class='ocrx_word' id='word_1_499' title='bbox 1282 3972 1612 4030; x_wconf 83' lang='lat' dir='ltr'><strong>timuissent</strong></span> <span class='ocrx_word' id='word_1_500' title='bbox 1633 3979 1824 4045; x_wconf 89' lang='lat' dir='ltr'><strong>poten-</strong></span> 
     </span>
     <span class='ocr_line' id='line_1_73' title="bbox 170 4047 1824 4135; baseline 0.01 -31"><span class='ocrx_word' id='word_1_501' title='bbox 170 4047 341 4119; x_wconf 89' lang='lat' dir='ltr'><strong>tiam,</strong></span> <span class='ocrx_word' id='word_1_502' title='bbox 369 4047 627 4121; x_wconf 80' lang='lat' dir='ltr'><strong>legatum</strong></span> <span class='ocrx_word' id='word_1_503' title='bbox 661 4067 793 4108; x_wconf 91' lang='lat' dir='ltr'><strong>cum</strong></span> <span class='ocrx_word' id='word_1_504' title='bbox 818 4055 1110 4113; x_wconf 88' lang='lat' dir='ltr'><strong>universis</strong></span> <span class='ocrx_word' id='word_1_505' title='bbox 1131 4058 1235 4130; x_wconf 88' lang='lat' dir='ltr'><strong>qui</strong></span> <span class='ocrx_word' id='word_1_506' title='bbox 1264 4058 1321 4116; x_wconf 89' lang='lat' dir='ltr'><strong>in</strong></span> <span class='ocrx_word' id='word_1_507' title='bbox 1353 4063 1481 4133; x_wconf 81' lang='lat' dir='ltr'><strong>ejus</strong></span> <span class='ocrx_word' id='word_1_508' title='bbox 1512 4063 1824 4135; x_wconf 87' lang='lat' dir='ltr'><strong>depositio·</strong></span> 
     </span>
     <span class='ocr_line' id='line_1_74' title="bbox 172 4143 1824 4222; baseline 0.011 -30"><span class='ocrx_word' id='word_1_509' title='bbox 172 4153 307 4193; x_wconf 88' lang='lat' dir='ltr'><strong>nam</strong></span> <span class='ocrx_word' id='word_1_510' title='bbox 336 4144 703 4209; x_wconf 87' lang='lat' dir='ltr'><strong>covenerant,</strong></span> <span class='ocrx_word' id='word_1_511' title='bbox 738 4143 879 4199; x_wconf 88' lang='lat' dir='ltr'><strong>urbe</strong></span> <span class='ocrx_word' id='word_1_512' title='bbox 916 4159 1052 4200; x_wconf 89' lang='lat' dir='ltr'><strong>cum</strong></span> <span class='ocrx_word' id='word_1_513' title='bbox 1092 4147 1411 4217; x_wconf 83' lang='lat' dir='ltr'><strong>ignominia</strong></span> <span class='ocrx_word' id='word_1_514' title='bbox 1442 4151 1625 4222; x_wconf 87' lang='lat' dir='ltr'><strong>parati</strong></span> <span class='ocrx_word' id='word_1_515' title='bbox 1657 4159 1824 4210; x_wconf 83' lang='lat' dir='ltr'><strong>erant</strong></span> 
     </span>
     <span class='ocr_line' id='line_1_75' title="bbox 172 4225 1825 4309; baseline 0.011 -28"><span class='ocrx_word' id='word_1_516' title='bbox 172 4225 486 4297; x_wconf 85' lang='lat' dir='ltr'><strong>depellere.</strong></span> <span class='ocrx_word' id='word_1_517' title='bbox 517 4227 736 4286; x_wconf 78' lang='lat' dir='ltr'><strong>Videas</strong></span> <span class='ocrx_word' id='word_1_518' title='bbox 784 4247 919 4304; x_wconf 86' lang='lat' dir='ltr'><strong>ergo</strong></span> <span class='ocrx_word' id='word_1_519' title='bbox 954 4232 1183 4306; x_wconf 86' lang='lat' dir='ltr'><strong>legatus</strong></span> <span class='ocrx_word' id='word_1_520' title='bbox 1214 4237 1367 4309; x_wconf 82' lang='lat' dir='ltr'><strong>quod</strong></span> <span class='ocrx_word' id='word_1_521' title='bbox 1397 4240 1469 4296; x_wconf 88' lang='lat' dir='ltr'><strong>ad</strong></span> <span class='ocrx_word' id='word_1_522' title='bbox 1520 4256 1582 4298; x_wconf 88' lang='lat' dir='ltr'><strong>se</strong></span> <span class='ocrx_word' id='word_1_523' title='bbox 1629 4243 1825 4300; x_wconf 81' lang='lat' dir='ltr'><strong>venire</strong></span> 
     </span>
     <span class='ocr_line' id='line_1_76' title="bbox 172 4313 1824 4402; baseline 0.01 -31"><span class='ocrx_word' id='word_1_524' title='bbox 172 4313 413 4372; x_wconf 85' lang='lat' dir='ltr'><strong>nolebat</strong></span> <span class='ocrx_word' id='word_1_525' title='bbox 459 4317 810 4389; x_wconf 88' lang='lat' dir='ltr'><strong>patriarcha,</strong></span> <span class='ocrx_word' id='word_1_526' title='bbox 857 4325 926 4378; x_wconf 84' lang='lat' dir='ltr'><strong>de</strong></span> <span class='ocrx_word' id='word_1_527' title='bbox 973 4324 1193 4381; x_wconf 91' lang='lat' dir='ltr'><strong>domini</strong></span> <span class='ocrx_word' id='word_1_528' title='bbox 1236 4327 1518 4402; x_wconf 83' lang='lat' dir='ltr'><strong>principis</strong></span> <span class='ocrx_word' id='word_1_529' title='bbox 1566 4331 1824 4388; x_wconf 81' lang='lat' dir='ltr'><strong>confisus</strong></span> 
     </span>
     <span class='ocr_line' id='line_1_77' title="bbox 173 4405 1824 4492; baseline 0.012 -34"><span class='ocrx_word' id='word_1_530' title='bbox 173 4405 499 4476; x_wconf 84' lang='lat' dir='ltr'><strong>patrocinio</strong></span> <span class='ocrx_word' id='word_1_531' title='bbox 530 4409 588 4463; x_wconf 91' lang='lat' dir='ltr'><strong>et</strong></span> <span class='ocrx_word' id='word_1_532' title='bbox 619 4406 864 4475; x_wconf 88' lang='lat' dir='ltr'><strong>viribus,</strong></span> <span class='ocrx_word' id='word_1_533' title='bbox 898 4412 956 4466; x_wconf 89' lang='lat' dir='ltr'><strong>in</strong></span> <span class='ocrx_word' id='word_1_534' title='bbox 991 4413 1270 4483; x_wconf 84' lang='lat' dir='ltr'><strong>palatium</strong></span> <span class='ocrx_word' id='word_1_535' title='bbox 1313 4418 1599 4488; x_wconf 87' lang='lat' dir='ltr'><strong>ascendit,</strong></span> <span class='ocrx_word' id='word_1_536' title='bbox 1628 4420 1824 4492; x_wconf 80' lang='lat' dir='ltr'><strong>ibique</strong></span> 
     </span>
    </p>
   </div>
   <div class='ocr_carea' id='block_1_21' title="bbox 1924 3250 3578 4484">
    <p class='ocr_par' dir='ltr' id='par_1_21' title="bbox 1924 3250 3578 4484">
     <span class='ocr_line' id='line_1_78' title="bbox 1924 3250 3578 3319; baseline 0.001 -11"><span class='ocrx_word' id='word_1_537' title='bbox 1924 3252 2032 3308; x_wconf 83' lang='lat' dir='ltr'><strong>flce</strong></span> <span class='ocrx_word' id='word_1_538' title='bbox 2062 3251 2240 3308; x_wconf 89' lang='lat' dir='ltr'><strong>nimis</strong></span> <span class='ocrx_word' id='word_1_539' title='bbox 2270 3250 2328 3307; x_wconf 91' lang='lat' dir='ltr'><strong>in</strong></span> <span class='ocrx_word' id='word_1_540' title='bbox 2361 3250 2596 3309; x_wconf 86' lang='lat' dir='ltr'><strong>civitate</strong></span> <span class='ocrx_word' id='word_1_541' title='bbox 2626 3266 2852 3308; x_wconf 89' lang='lat' dir='ltr'><strong>moram</strong></span> <span class='ocrx_word' id='word_1_542' title='bbox 2884 3250 3152 3310; x_wconf 76' lang='lat' dir='ltr'><strong>iaciebat.</strong></span> <span class='ocrx_word' id='word_1_543' title='bbox 3185 3254 3311 3319; x_wconf 87' lang='lat' dir='ltr'><strong>Qua</strong></span> <span class='ocrx_word' id='word_1_544' title='bbox 3334 3250 3578 3310; x_wconf 85' lang='lat' dir='ltr'><strong>celebri·</strong></span> 
     </span>
     <span class='ocr_line' id='line_1_79' title="bbox 1925 3339 3573 3414; baseline -0.002 -15"><span class='ocrx_word' id='word_1_545' title='bbox 1925 3344 2043 3399; x_wconf 87' lang='lat' dir='ltr'><strong>tate</strong></span> <span class='ocrx_word' id='word_1_546' title='bbox 2071 3340 2381 3414; x_wconf 84' lang='lat' dir='ltr'><strong>completa,</strong></span> <span class='ocrx_word' id='word_1_547' title='bbox 2409 3340 2742 3397; x_wconf 85' lang='lat' dir='ltr'><strong>convocatis</strong></span> <span class='ocrx_word' id='word_1_548' title='bbox 2774 3339 3252 3413; x_wconf 82' lang='lat' dir='ltr'><strong>archiepiscopis,</strong></span> <span class='ocrx_word' id='word_1_549' title='bbox 3280 3339 3573 3414; x_wconf 85' lang='lat' dir='ltr'><strong>episcopis</strong></span> 
     </span>
     <span class='ocr_line' id='line_1_80' title="bbox 1926 3427 3572 3501; baseline -0.003 -12"><span class='ocrx_word' id='word_1_550' title='bbox 1926 3435 1984 3489; x_wconf 89' lang='lat' dir='ltr'><strong>et</strong></span> <span class='ocrx_word' id='word_1_551' title='bbox 2011 3430 2143 3488; x_wconf 87' lang='lat' dir='ltr'><strong>aliis</strong></span> <span class='ocrx_word' id='word_1_552' title='bbox 2170 3429 2550 3487; x_wconf 87' lang='lat' dir='ltr'><strong>ecclesiarum</strong></span> <span class='ocrx_word' id='word_1_553' title='bbox 2581 3427 2859 3501; x_wconf 71' lang='lat' dir='ltr'><strong>prolatis,</strong></span> <span class='ocrx_word' id='word_1_554' title='bbox 2891 3444 3012 3486; x_wconf 92' lang='lat' dir='ltr'><strong>una</strong></span> <span class='ocrx_word' id='word_1_555' title='bbox 3039 3445 3173 3486; x_wconf 91' lang='lat' dir='ltr'><strong>cum</strong></span> <span class='ocrx_word' id='word_1_556' title='bbox 3204 3429 3439 3486; x_wconf 82' lang='lat' dir='ltr'><strong>domino</strong></span> <span class='ocrx_word' id='word_1_557' title='bbox 3463 3443 3572 3500; x_wconf 89' lang='lat' dir='ltr'><strong>pa·</strong></span> 
     </span>
     <span class='ocr_line' id='line_1_81' title="bbox 1924 3515 3574 3588; baseline -0.001 -13"><span class='ocrx_word' id='word_1_558' title='bbox 1924 3518 2178 3575; x_wconf 86' lang='lat' dir='ltr'><strong>triarcha</strong></span> <span class='ocrx_word' id='word_1_559' title='bbox 2206 3517 2522 3575; x_wconf 88' lang='lat' dir='ltr'><strong>concilium</strong></span> <span class='ocrx_word' id='word_1_560' title='bbox 2553 3516 2882 3585; x_wconf 86' lang='lat' dir='ltr'><strong>celebravit,</strong></span> <span class='ocrx_word' id='word_1_561' title='bbox 2901 3515 2961 3572; x_wconf 92' lang='lat' dir='ltr'><strong>in</strong></span> <span class='ocrx_word' id='word_1_562' title='bbox 2990 3516 3280 3588; x_wconf 87' lang='lat' dir='ltr'><strong>primitiva</strong></span> <span class='ocrx_word' id='word_1_563' title='bbox 3307 3520 3367 3573; x_wconf 87' lang='lat' dir='ltr'><strong>et</strong></span> <span class='ocrx_word' id='word_1_564' title='bbox 3393 3515 3574 3574; x_wconf 79' lang='lat' dir='ltr'><strong>eccle·</strong></span> 
     </span>
     <span class='ocr_line' id='line_1_82' title="bbox 1924 3604 3564 3674; baseline -0.003 -8"><span class='ocrx_word' id='word_1_565' title='bbox 1924 3610 2143 3666; x_wconf 90' lang='lat' dir='ltr'><strong>siarum</strong></span> <span class='ocrx_word' id='word_1_566' title='bbox 2175 3615 2357 3666; x_wconf 88' lang='lat' dir='ltr'><strong>matre</strong></span> <span class='ocrx_word' id='word_1_567' title='bbox 2385 3615 2583 3663; x_wconf 86' lang='lat' dir='ltr'><strong>sancta</strong></span> <span class='ocrx_word' id='word_1_568' title='bbox 2609 3606 2770 3674; x_wconf 80' lang='lat' dir='ltr'><strong>Sion,</strong></span> <span class='ocrx_word' id='word_1_569' title='bbox 2801 3607 3060 3660; x_wconf 84' lang='lat' dir='ltr'><strong>tractans</strong></span> <span class='ocrx_word' id='word_1_570' title='bbox 3091 3604 3170 3660; x_wconf 91' lang='lat' dir='ltr'><strong>ihi</strong></span> <span class='ocrx_word' id='word_1_571' title='bbox 3211 3618 3342 3660; x_wconf 89' lang='lat' dir='ltr'><strong>eum</strong></span> <span class='ocrx_word' id='word_1_572' title='bbox 3373 3605 3459 3661; x_wconf 86' lang='lat' dir='ltr'><strong>eis</strong></span> <span class='ocrx_word' id='word_1_573' title='bbox 3489 3604 3564 3661; x_wconf 85' lang='lat' dir='ltr'><strong>da</strong></span> 
     </span>
     <span class='ocr_line' id='line_1_83' title="bbox 1925 3691 3568 3768; baseline -0.006 -11"><span class='ocrx_word' id='word_1_574' title='bbox 1925 3700 2040 3757; x_wconf 87' lang='lat' dir='ltr'><strong>this</strong></span> <span class='ocrx_word' id='word_1_575' title='bbox 2063 3715 2192 3768; x_wconf 71' lang='lat' dir='ltr'><strong>qum</strong></span> <span class='ocrx_word' id='word_1_576' title='bbox 2220 3697 2460 3753; x_wconf 87' lang='lat' dir='ltr'><strong>instanti</strong></span> <span class='ocrx_word' id='word_1_577' title='bbox 2481 3695 2726 3767; x_wconf 87' lang='lat' dir='ltr'><strong>tempori</strong></span> <span class='ocrx_word' id='word_1_578' title='bbox 2753 3692 3100 3750; x_wconf 87' lang='lat' dir='ltr'><strong>videbantur</strong></span> <span class='ocrx_word' id='word_1_579' title='bbox 3119 3691 3568 3749; x_wconf 83' lang='lat' dir='ltr'><strong>convenire.Gui</strong></span> 
     </span>
     <span class='ocr_line' id='line_1_84' title="bbox 1925 3779 3568 3858; baseline -0.004 -13"><span class='ocrx_word' id='word_1_580' title='bbox 1925 3788 2145 3858; x_wconf 75' lang='lat' dir='ltr'><strong>synodo</strong></span> <span class='ocrx_word' id='word_1_581' title='bbox 2156 3785 2419 3843; x_wconf 79' lang='lat' dir='ltr'><strong>Interfuit</strong></span> <span class='ocrx_word' id='word_1_582' title='bbox 2430 3784 2723 3841; x_wconf 78' lang='lat' dir='ltr'><strong>Maximus</strong></span> <span class='ocrx_word' id='word_1_583' title='bbox 2734 3781 3137 3839; x_wconf 83' lang='lat' dir='ltr'><strong>Armeniorum</strong></span> <span class='ocrx_word' id='word_1_584' title='bbox 3154 3781 3431 3853; x_wconf 79' lang='lat' dir='ltr'><strong>pontifex,</strong></span> <span class='ocrx_word' id='word_1_585' title='bbox 3445 3779 3568 3838; x_wconf 87' lang='lat' dir='ltr'><strong>imo</strong></span> 
     </span>
     <span class='ocr_line' id='line_1_85' title="bbox 1925 3869 3566 3947; baseline -0.004 -14"><span class='ocrx_word' id='word_1_586' title='bbox 1925 3876 2190 3935; x_wconf 90' lang='lat' dir='ltr'><strong>omnium</strong></span> <span class='ocrx_word' id='word_1_587' title='bbox 2212 3875 2610 3947; x_wconf 84' lang='lat' dir='ltr'><strong>episcoporum</strong></span> <span class='ocrx_word' id='word_1_588' title='bbox 2640 3871 3037 3945; x_wconf 65' lang='lat' dir='ltr'><strong>Cappadocia,</strong></span> <span class='ocrx_word' id='word_1_589' title='bbox 3051 3871 3276 3938; x_wconf 70' lang='lat' dir='ltr'><strong>Medio,</strong></span> <span class='ocrx_word' id='word_1_590' title='bbox 3293 3869 3566 3940; x_wconf 85' lang='lat' dir='ltr'><strong>Persidis,</strong></span> 
     </span>
     <span class='ocr_line' id='line_1_86' title="bbox 1926 3957 3565 4036; baseline -0.005 -14"><span class='ocrx_word' id='word_1_591' title='bbox 1926 3969 1983 4022; x_wconf 90' lang='lat' dir='ltr'><strong>et</strong></span> <span class='ocrx_word' id='word_1_592' title='bbox 2007 3964 2313 4036; x_wconf 88' lang='lat' dir='ltr'><strong>utriusque</strong></span> <span class='ocrx_word' id='word_1_593' title='bbox 2341 3963 2625 4020; x_wconf 65' lang='lat' dir='ltr'><strong>Armenia</strong></span> <span class='ocrx_word' id='word_1_594' title='bbox 2653 3960 2945 4035; x_wconf 88' lang='lat' dir='ltr'><strong>princeps,</strong></span> <span class='ocrx_word' id='word_1_595' title='bbox 2976 3964 3034 4016; x_wconf 91' lang='lat' dir='ltr'><strong>et</strong></span> <span class='ocrx_word' id='word_1_596' title='bbox 3070 3960 3272 4016; x_wconf 90' lang='lat' dir='ltr'><strong>doctor</strong></span> <span class='ocrx_word' id='word_1_597' title='bbox 3298 3957 3565 4027; x_wconf 80' lang='lat' dir='ltr'><strong>eximius,</strong></span> 
     </span>
     <span class='ocr_line' id='line_1_87' title="bbox 1927 4047 3570 4127; baseline -0.004 -17"><span class='ocrx_word' id='word_1_598' title='bbox 1927 4054 2027 4127; x_wconf 87' lang='lat' dir='ltr'><strong>qui</strong></span> <span class='ocrx_word' id='word_1_599' title='bbox 2057 4052 2391 4110; x_wconf 81' lang='lat' dir='ltr'><strong>catholicus</strong></span> <span class='ocrx_word' id='word_1_600' title='bbox 2415 4052 2642 4109; x_wconf 85' lang='lat' dir='ltr'><strong>dicitur.</strong></span> <span class='ocrx_word' id='word_1_601' title='bbox 2679 4050 2825 4108; x_wconf 89' lang='lat' dir='ltr'><strong>Cum</strong></span> <span class='ocrx_word' id='word_1_602' title='bbox 2854 4050 2965 4107; x_wconf 88' lang='lat' dir='ltr'><strong>hoc</strong></span> <span class='ocrx_word' id='word_1_603' title='bbox 2991 4050 3169 4107; x_wconf 88' lang='lat' dir='ltr'><strong>etiam</strong></span> <span class='ocrx_word' id='word_1_604' title='bbox 3200 4048 3272 4105; x_wconf 89' lang='lat' dir='ltr'><strong>de</strong></span> <span class='ocrx_word' id='word_1_605' title='bbox 3303 4047 3440 4105; x_wconf 80' lang='lat' dir='ltr'><strong>fidei</strong></span> <span class='ocrx_word' id='word_1_606' title='bbox 3471 4063 3570 4104; x_wconf 87' lang='lat' dir='ltr'><strong>ar-</strong></span> 
     </span>
     <span class='ocr_line' id='line_1_88' title="bbox 1925 4136 3570 4214; baseline -0.004 -13"><span class='ocrx_word' id='word_1_607' title='bbox 1925 4142 2144 4212; x_wconf 88' lang='lat' dir='ltr'><strong>ticulis,</strong></span> <span class='ocrx_word' id='word_1_608' title='bbox 2176 4144 2234 4199; x_wconf 90' lang='lat' dir='ltr'><strong>in</strong></span> <span class='ocrx_word' id='word_1_609' title='bbox 2263 4142 2481 4214; x_wconf 84' lang='lat' dir='ltr'><strong>quibus</strong></span> <span class='ocrx_word' id='word_1_610' title='bbox 2512 4158 2547 4198; x_wconf 90' lang='lat' dir='ltr'><strong>a</strong></span> <span class='ocrx_word' id='word_1_611' title='bbox 2575 4139 2744 4198; x_wconf 85' lang='lat' dir='ltr'><strong>nobis</strong></span> <span class='ocrx_word' id='word_1_612' title='bbox 2773 4139 3081 4198; x_wconf 76' lang='lat' dir='ltr'><strong>dissentire</strong></span> <span class='ocrx_word' id='word_1_613' title='bbox 3117 4136 3347 4195; x_wconf 81' lang='lat' dir='ltr'><strong>videtur</strong></span> <span class='ocrx_word' id='word_1_614' title='bbox 3376 4153 3570 4210; x_wconf 87' lang='lat' dir='ltr'><strong>popu-</strong></span> 
     </span>
     <span class='ocr_line' id='line_1_89' title="bbox 1925 4228 3568 4305; baseline -0.004 -14"><span class='ocrx_word' id='word_1_615' title='bbox 1925 4234 2015 4291; x_wconf 87' lang='lat' dir='ltr'><strong>lus</strong></span> <span class='ocrx_word' id='word_1_616' title='bbox 2052 4234 2202 4305; x_wconf 88' lang='lat' dir='ltr'><strong>ejus,</strong></span> <span class='ocrx_word' id='word_1_617' title='bbox 2233 4230 2472 4289; x_wconf 89' lang='lat' dir='ltr'><strong>habitus</strong></span> <span class='ocrx_word' id='word_1_618' title='bbox 2518 4236 2608 4289; x_wconf 88' lang='lat' dir='ltr'><strong>est</strong></span> <span class='ocrx_word' id='word_1_619' title='bbox 2649 4234 2963 4300; x_wconf 78' lang='lat' dir='ltr'><strong>tractatus3</strong></span> <span class='ocrx_word' id='word_1_620' title='bbox 3013 4234 3073 4287; x_wconf 90' lang='lat' dir='ltr'><strong>et</strong></span> <span class='ocrx_word' id='word_1_621' title='bbox 3114 4244 3184 4285; x_wconf 79' lang='lat' dir='ltr'><strong>ex</strong></span> <span class='ocrx_word' id='word_1_622' title='bbox 3229 4233 3390 4301; x_wconf 88' lang='lat' dir='ltr'><strong>parte</strong></span> <span class='ocrx_word' id='word_1_623' title='bbox 3417 4228 3568 4297; x_wconf 75' lang='lat' dir='ltr'><strong>eius.</strong></span> 
     </span>
     <span class='ocr_line' id='line_1_90' title="bbox 1928 4315 3572 4395; baseline -0.002 -18"><span class='ocrx_word' id='word_1_624' title='bbox 1928 4322 2220 4395; x_wconf 84' lang='lat' dir='ltr'><strong>promissa</strong></span> <span class='ocrx_word' id='word_1_625' title='bbox 2247 4325 2339 4377; x_wconf 89' lang='lat' dir='ltr'><strong>est</strong></span> <span class='ocrx_word' id='word_1_626' title='bbox 2368 4323 2429 4376; x_wconf 91' lang='lat' dir='ltr'><strong>in</strong></span> <span class='ocrx_word' id='word_1_627' title='bbox 2463 4319 2661 4377; x_wconf 88' lang='lat' dir='ltr'><strong>multis</strong></span> <span class='ocrx_word' id='word_1_628' title='bbox 2690 4317 2989 4377; x_wconf 86' lang='lat' dir='ltr'><strong>correctio.</strong></span> <span class='ocrx_word' id='word_1_629' title='bbox 3021 4316 3241 4382; x_wconf 83' lang='lat' dir='ltr'><strong>Quibus</strong></span> <span class='ocrx_word' id='word_1_630' title='bbox 3273 4315 3383 4373; x_wconf 87' lang='lat' dir='ltr'><strong>rite</strong></span> <span class='ocrx_word' id='word_1_631' title='bbox 3407 4327 3572 4389; x_wconf 85' lang='lat' dir='ltr'><strong>pera·</strong></span> 
     </span>
     <span class='ocr_line' id='line_1_91' title="bbox 1930 4403 3571 4484; baseline -0.002 -18"><span class='ocrx_word' id='word_1_632' title='bbox 1930 4411 2064 4483; x_wconf 89' lang='lat' dir='ltr'><strong>ctis,</strong></span> <span class='ocrx_word' id='word_1_633' title='bbox 2090 4411 2399 4484; x_wconf 73' lang='lat' dir='ltr'><strong>praedictus</strong></span> <span class='ocrx_word' id='word_1_634' title='bbox 2432 4409 2656 4482; x_wconf 81' lang='lat' dir='ltr'><strong>legatus</strong></span> <span class='ocrx_word' id='word_1_635' title='bbox 2701 4408 2775 4465; x_wconf 91' lang='lat' dir='ltr'><strong>ad</strong></span> <span class='ocrx_word' id='word_1_636' title='bbox 2803 4413 3196 4465; x_wconf 68' lang='lat' dir='ltr'><strong>acconensem</strong></span> <span class='ocrx_word' id='word_1_637' title='bbox 3228 4406 3460 4463; x_wconf 87' lang='lat' dir='ltr'><strong>rediens</strong></span> <span class='ocrx_word' id='word_1_638' title='bbox 3485 4403 3571 4462; x_wconf 87' lang='lat' dir='ltr'><strong>ci·</strong></span> 
     </span>
    </p>
   </div>
   <div class='ocr_carea' id='block_1_22' title="bbox 172 4492 3568 4573">
    <p class='ocr_par' dir='ltr' id='par_1_22' title="bbox 172 4492 3568 4573">
     <span class='ocr_line' id='line_1_92' title="bbox 172 4492 3568 4573; baseline 0.008 -26"><span class='ocrx_word' id='word_1_639' title='bbox 172 4492 315 4550; x_wconf 87' lang='lat' dir='ltr'><strong>data</strong></span> <span class='ocrx_word' id='word_1_640' title='bbox 335 4493 393 4549; x_wconf 91' lang='lat' dir='ltr'><strong>in</strong></span> <span class='ocrx_word' id='word_1_641' title='bbox 416 4509 549 4551; x_wconf 90' lang='lat' dir='ltr'><strong>eum</strong></span> <span class='ocrx_word' id='word_1_642' title='bbox 580 4497 959 4568; x_wconf 86' lang='lat' dir='ltr'><strong>depositionis</strong></span> <span class='ocrx_word' id='word_1_643' title='bbox 982 4503 1285 4572; x_wconf 88' lang='lat' dir='ltr'><strong>sententia,</strong></span> <span class='ocrx_word' id='word_1_644' title='bbox 1305 4507 1590 4565; x_wconf 88' lang='lat' dir='ltr'><strong>annulum</strong></span> <span class='ocrx_word' id='word_1_645' title='bbox 1611 4512 1670 4565; x_wconf 84' lang='lat' dir='ltr'><strong>at</strong></span> <span class='ocrx_word' id='word_1_646' title='bbox 1687 4525 1822 4566; x_wconf 84' lang='lat' dir='ltr'><strong>cru·</strong></span> <span class='ocrx_word' id='word_1_647' title='bbox 1854 4502 1903 4569; x_wconf 85' lang='lat' dir='ltr'><strong>D</strong></span> <span class='ocrx_word' id='word_1_648' title='bbox 1932 4504 2189 4569; x_wconf 57' lang='lat' dir='ltr'><strong>vihtem·</strong></span> <span class='ocrx_word' id='word_1_649' title='bbox 2221 4502 2357 4560; x_wconf 63' lang='lat'><strong>1⁰⁶0</strong></span> <span class='ocrx_word' id='word_1_650' title='bbox 2393 4505 2589 4573; x_wconf 65' lang='lat' dir='ltr'>P⁸f⁸2⁰</span> <span class='ocrx_word' id='word_1_651' title='bbox 2619 4498 2869 4572; x_wconf 66' lang='grc' dir='ltr'><strong>Μ’ῑὸἰθ»</strong></span> <span class='ocrx_word' id='word_1_652' title='bbox 2902 4498 3145 4557; x_wconf 70' lang='lat' dir='ltr'><strong>R⁰m⁸¹¹¹</strong></span> <span class='ocrx_word' id='word_1_653' title='bbox 3175 4511 3440 4554; x_wconf 63' lang='lat' dir='ltr'><strong>¹⁸0V⁸P⁸¹¹⁸</strong></span> <span class='ocrx_word' id='word_1_654' title='bbox 3458 4502 3568 4552; x_wconf 70' lang='lat'><strong>⁰⁸⁸·</strong></span> 
     </span>
    </p>
   </div>
   <div class='ocr_carea' id='block_1_23' title="bbox 175 4585 1832 5648">
    <p class='ocr_par' dir='ltr' id='par_1_23' title="bbox 175 4585 1832 5648">
     <span class='ocr_line' id='line_1_93' title="bbox 175 4585 1819 4668; baseline 0.012 -32"><span class='ocrx_word' id='word_1_655' title='bbox 175 4597 305 4636; x_wconf 86' lang='lat' dir='ltr'><strong>cem</strong></span> <span class='ocrx_word' id='word_1_656' title='bbox 337 4585 620 4656; x_wconf 89' lang='lat' dir='ltr'><strong>compulit</strong></span> <span class='ocrx_word' id='word_1_657' title='bbox 639 4587 922 4644; x_wconf 86' lang='lat' dir='ltr'><strong>violenter</strong></span> <span class='ocrx_word' id='word_1_658' title='bbox 952 4590 1247 4664; x_wconf 88' lang='lat' dir='ltr'><strong>resignare</strong></span> <span class='ocrx_word' id='word_1_659' title='bbox 1271 4614 1285 4664; x_wconf 77' lang='grc' dir='ltr'>ς</span> <span class='ocrx_word' id='word_1_660' title='bbox 1310 4594 1706 4668; x_wconf 80' lang='lat' dir='ltr'><strong>indejubente</strong></span> <span class='ocrx_word' id='word_1_661' title='bbox 1739 4599 1819 4657; x_wconf 87' lang='lat' dir='ltr'><strong>le-</strong></span> 
     </span>
     <span class='ocr_line' id='line_1_94' title="bbox 175 4672 1823 4746; baseline 0.013 -22"><span class='ocrx_word' id='word_1_662' title='bbox 175 4674 339 4742; x_wconf 86' lang='lat' dir='ltr'><strong>gato,</strong></span> <span class='ocrx_word' id='word_1_663' title='bbox 392 4672 640 4746; x_wconf 87' lang='lat' dir='ltr'><strong>principi</strong></span> <span class='ocrx_word' id='word_1_664' title='bbox 686 4676 965 4746; x_wconf 85' lang='lat' dir='ltr'><strong>traditus,</strong></span> <span class='ocrx_word' id='word_1_665' title='bbox 1004 4684 1061 4736; x_wconf 90' lang='lat' dir='ltr'><strong>et</strong></span> <span class='ocrx_word' id='word_1_666' title='bbox 1103 4680 1354 4741; x_wconf 85' lang='lat' dir='ltr'><strong>vinculis</strong></span> <span class='ocrx_word' id='word_1_667' title='bbox 1411 4685 1823 4745; x_wconf 86' lang='lat' dir='ltr'><strong>miserabiliter</strong></span> 
     </span>
     <span class='ocr_line' id='line_1_95' title="bbox 176 4758 1822 4847; baseline 0.013 -34"><span class='ocrx_word' id='word_1_668' title='bbox 176 4758 477 4831; x_wconf 87' lang='lat' dir='ltr'><strong>alligatus,</strong></span> <span class='ocrx_word' id='word_1_669' title='bbox 505 4767 785 4836; x_wconf 86' lang='lat' dir='ltr'><strong>tanquam</strong></span> <span class='ocrx_word' id='word_1_670' title='bbox 810 4766 893 4821; x_wconf 83' lang='lat' dir='ltr'><strong>vir</strong></span> <span class='ocrx_word' id='word_1_671' title='bbox 912 4770 1266 4839; x_wconf 86' lang='lat' dir='ltr'><strong>sanguinum</strong></span> <span class='ocrx_word' id='word_1_672' title='bbox 1297 4773 1689 4847; x_wconf 81' lang='lat' dir='ltr'><strong>ignominiose</strong></span> <span class='ocrx_word' id='word_1_673' title='bbox 1710 4780 1822 4833; x_wconf 90' lang='lat' dir='ltr'><strong>tra-</strong></span> 
     </span>
     <span class='ocr_line' id='line_1_96' title="bbox 179 4852 1823 4939; baseline 0.013 -37"><span class='ocrx_word' id='word_1_674' title='bbox 179 4854 395 4920; x_wconf 87' lang='lat' dir='ltr'><strong>ctatus,</strong></span> <span class='ocrx_word' id='word_1_675' title='bbox 420 4852 577 4923; x_wconf 88' lang='lat' dir='ltr'><strong>apud</strong></span> <span class='ocrx_word' id='word_1_676' title='bbox 621 4857 1043 4914; x_wconf 88' lang='lat' dir='ltr'><strong>monasterium</strong></span> <span class='ocrx_word' id='word_1_677' title='bbox 1075 4860 1269 4919; x_wconf 87' lang='lat' dir='ltr'><strong>Sancti</strong></span> <span class='ocrx_word' id='word_1_678' title='bbox 1318 4865 1626 4935; x_wconf 84' lang='lat' dir='ltr'><strong>Simeonis,</strong></span> <span class='ocrx_word' id='word_1_679' title='bbox 1653 4869 1823 4939; x_wconf 80' lang='lat' dir='ltr'><strong>juxta</strong></span> 
     </span>
     <span class='ocr_line' id='line_1_97' title="bbox 181 4939 1823 5023; baseline 0.013 -31"><span class='ocrx_word' id='word_1_680' title='bbox 181 4952 368 5007; x_wconf 87' lang='lat' dir='ltr'><strong>mare,</strong></span> <span class='ocrx_word' id='word_1_681' title='bbox 384 4939 443 4995; x_wconf 92' lang='lat' dir='ltr'><strong>in</strong></span> <span class='ocrx_word' id='word_1_682' title='bbox 457 4944 1191 5007; x_wconf 86' lang='lat' dir='ltr'><strong>monteemininentissimo</strong></span> <span class='ocrx_word' id='word_1_683' title='bbox 1212 4952 1410 5023; x_wconf 89' lang='lat' dir='ltr'><strong>situm,</strong></span> <span class='ocrx_word' id='word_1_684' title='bbox 1424 4956 1640 5014; x_wconf 88' lang='lat' dir='ltr'><strong>carceri</strong></span> <span class='ocrx_word' id='word_1_685' title='bbox 1653 4973 1823 5013; x_wconf 88' lang='lat' dir='ltr'><strong>man-</strong></span> 
     </span>
     <span class='ocr_line' id='line_1_98' title="bbox 178 5027 1822 5118; baseline 0.012 -35"><span class='ocrx_word' id='word_1_686' title='bbox 178 5027 231 5083; x_wconf 92' lang='lat' dir='ltr'><strong>ci</strong></span> <span class='ocrx_word' id='word_1_687' title='bbox 238 5030 413 5098; x_wconf 89' lang='lat' dir='ltr'><strong>patus</strong></span> <span class='ocrx_word' id='word_1_688' title='bbox 442 5031 551 5087; x_wconf 90' lang='lat' dir='ltr'><strong>est.</strong></span> <span class='ocrx_word' id='word_1_689' title='bbox 580 5032 714 5088; x_wconf 83' lang='lat' dir='ltr'><strong>Fuit</strong></span> <span class='ocrx_word' id='word_1_690' title='bbox 742 5038 940 5092; x_wconf 84' lang='lat' dir='ltr'><strong>autem</strong></span> <span class='ocrx_word' id='word_1_691' title='bbox 964 5035 1127 5095; x_wconf 88' lang='lat' dir='ltr'><strong>idem</strong></span> <span class='ocrx_word' id='word_1_692' title='bbox 1159 5041 1432 5099; x_wconf 88' lang='lat' dir='ltr'><strong>dominus</strong></span> <span class='ocrx_word' id='word_1_693' title='bbox 1481 5043 1822 5118; x_wconf 87' lang='lat' dir='ltr'><strong>Radulphus</strong></span> 
     </span>
     <span class='ocr_line' id='line_1_99' title="bbox 176 5117 1825 5204; baseline 0.012 -34"><span class='ocrx_word' id='word_1_694' title='bbox 176 5117 340 5187; x_wconf 88' lang='lat' dir='ltr'><strong>(nam</strong></span> <span class='ocrx_word' id='word_1_695' title='bbox 374 5134 481 5175; x_wconf 87' lang='lat' dir='ltr'><strong>nos</strong></span> <span class='ocrx_word' id='word_1_696' title='bbox 524 5118 637 5191; x_wconf 87' lang='lat' dir='ltr'><strong>ipsi</strong></span> <span class='ocrx_word' id='word_1_697' title='bbox 668 5120 726 5176; x_wconf 93' lang='lat' dir='ltr'><strong>in</strong></span> <span class='ocrx_word' id='word_1_698' title='bbox 777 5126 970 5181; x_wconf 87' lang='lat' dir='ltr'><strong>nostra</strong></span> <span class='ocrx_word' id='word_1_699' title='bbox 1000 5127 1244 5198; x_wconf 81' lang='lat' dir='ltr'><strong>pueritia</strong></span> <span class='ocrx_word' id='word_1_700' title='bbox 1281 5129 1536 5188; x_wconf 86' lang='lat' dir='ltr'><strong>vidimus</strong></span> <span class='ocrx_word' id='word_1_701' title='bbox 1558 5134 1715 5204; x_wconf 86' lang='lat' dir='ltr'><strong>sum)</strong></span> <span class='ocrx_word' id='word_1_702' title='bbox 1738 5133 1825 5190; x_wconf 87' lang='lat' dir='ltr'><strong>vir</strong></span> 
     </span>
     <span class='ocr_line' id='line_1_100' title="bbox 178 5204 1826 5292; baseline 0.01 -31"><span class='ocrx_word' id='word_1_703' title='bbox 178 5204 376 5276; x_wconf 88' lang='lat' dir='ltr'><strong>specie</strong></span> <span class='ocrx_word' id='word_1_704' title='bbox 404 5207 671 5278; x_wconf 88' lang='lat' dir='ltr'><strong>decorus,</strong></span> <span class='ocrx_word' id='word_1_705' title='bbox 698 5227 971 5283; x_wconf 89' lang='lat' dir='ltr'><strong>procerus</strong></span> <span class='ocrx_word' id='word_1_706' title='bbox 991 5231 1248 5287; x_wconf 84' lang='lat' dir='ltr'><strong>corpore,</strong></span> <span class='ocrx_word' id='word_1_707' title='bbox 1281 5217 1466 5276; x_wconf 90' lang='lat' dir='ltr'><strong>oculis</strong></span> <span class='ocrx_word' id='word_1_708' title='bbox 1496 5218 1826 5292; x_wconf 84' lang='lat' dir='ltr'><strong>aliquantu·</strong></span> 
     </span>
     <span class='ocr_line' id='line_1_101' title="bbox 182 5294 1829 5379; baseline 0.011 -31"><span class='ocrx_word' id='word_1_709' title='bbox 182 5294 305 5348; x_wconf 89' lang='lat' dir='ltr'><strong>lum</strong></span> <span class='ocrx_word' id='word_1_710' title='bbox 325 5295 595 5368; x_wconf 85' lang='lat' dir='ltr'><strong>obliquis,</strong></span> <span class='ocrx_word' id='word_1_711' title='bbox 611 5305 932 5358; x_wconf 90' lang='lat' dir='ltr'><strong>nontamen</strong></span> <span class='ocrx_word' id='word_1_712' title='bbox 957 5305 1029 5360; x_wconf 91' lang='lat' dir='ltr'><strong>ad</strong></span> <span class='ocrx_word' id='word_1_713' title='bbox 1050 5305 1415 5365; x_wconf 91' lang='lat' dir='ltr'><strong>indecentem</strong></span> <span class='ocrx_word' id='word_1_714' title='bbox 1446 5310 1829 5379; x_wconf 81' lang='lat' dir='ltr'><strong>modum31it-</strong></span> 
     </span>
     <span class='ocr_line' id='line_1_102' title="bbox 176 5385 1829 5472; baseline 0.012 -34"><span class='ocrx_word' id='word_1_715' title='bbox 176 5385 399 5439; x_wconf 86' lang='lat' dir='ltr'><strong>tcratus</strong></span> <span class='ocrx_word' id='word_1_716' title='bbox 430 5387 816 5459; x_wconf 88' lang='lat' dir='ltr'><strong>mediocriter,</strong></span> <span class='ocrx_word' id='word_1_717' title='bbox 849 5393 949 5447; x_wconf 88' lang='lat' dir='ltr'><strong>sed</strong></span> <span class='ocrx_word' id='word_1_718' title='bbox 984 5394 1272 5453; x_wconf 82' lang='lat' dir='ltr'><strong>facundus</strong></span> <span class='ocrx_word' id='word_1_719' title='bbox 1295 5397 1640 5469; x_wconf 85' lang='lat' dir='ltr'><strong>plurimum,</strong></span> <span class='ocrx_word' id='word_1_720' title='bbox 1660 5402 1829 5472; x_wconf 83' lang='lat' dir='ltr'><strong>etju-</strong></span> 
     </span>
     <span class='ocr_line' id='line_1_103' title="bbox 177 5472 1829 5561; baseline 0.015 -36"><span class='ocrx_word' id='word_1_721' title='bbox 177 5472 534 5530; x_wconf 85' lang='lat' dir='ltr'><strong>cundissimi</strong></span> <span class='ocrx_word' id='word_1_722' title='bbox 556 5480 867 5547; x_wconf 89' lang='lat' dir='ltr'><strong>sermonis,</strong></span> <span class='ocrx_word' id='word_1_723' title='bbox 884 5483 1130 5541; x_wconf 91' lang='lat' dir='ltr'><strong>multam</strong></span> <span class='ocrx_word' id='word_1_724' title='bbox 1155 5486 1375 5544; x_wconf 89' lang='lat' dir='ltr'><strong>habens</strong></span> <span class='ocrx_word' id='word_1_725' title='bbox 1389 5489 1634 5561; x_wconf 77' lang='lat' dir='ltr'><strong>gratiam</strong></span> <span class='ocrx_word' id='word_1_726' title='bbox 1650 5506 1668 5560; x_wconf 75' lang='lat'>3</span> <span class='ocrx_word' id='word_1_727' title='bbox 1682 5490 1829 5549; x_wconf 84' lang='lat' dir='ltr'><strong>libe·</strong></span> 
     </span>
     <span class='ocr_line' id='line_1_104' title="bbox 176 5561 1832 5648; baseline 0.013 -32"><span class='ocrx_word' id='word_1_728' title='bbox 176 5561 328 5618; x_wconf 86' lang='lat' dir='ltr'><strong>ratls</strong></span> <span class='ocrx_word' id='word_1_729' title='bbox 341 5561 684 5640; x_wconf 85' lang='lat' dir='ltr'><strong>admodum,</strong></span> <span class='ocrx_word' id='word_1_730' title='bbox 707 5567 1051 5630; x_wconf 87' lang='lat' dir='ltr'><strong>militarium</strong></span> <span class='ocrx_word' id='word_1_731' title='bbox 1075 5573 1460 5648; x_wconf 77' lang='lat' dir='ltr'><strong>virorum,sed</strong></span> <span class='ocrx_word' id='word_1_732' title='bbox 1479 5581 1539 5637; x_wconf 89' lang='lat' dir='ltr'><strong>et</strong></span> <span class='ocrx_word' id='word_1_733' title='bbox 1558 5579 1832 5640; x_wconf 70' lang='lat' dir='ltr'><strong>munda</strong></span> 
     </span>
    </p>
   </div>
   <div class='ocr_carea' id='block_1_24' title="bbox 1927 4582 3576 5647">
    <p class='ocr_par' dir='ltr' id='par_1_24' title="bbox 1927 4582 3576 5647">
     <span class='ocr_line' id='line_1_105' title="bbox 1927 4582 3573 4658; baseline -0.008 -8"><span class='ocrx_word' id='word_1_734' title='bbox 1927 4593 2127 4650; x_wconf 81' lang='lat' dir='ltr'><strong>Clerus</strong></span> <span class='ocrx_word' id='word_1_735' title='bbox 2155 4608 2289 4649; x_wconf 84' lang='lat' dir='ltr'><strong>vero</strong></span> <span class='ocrx_word' id='word_1_736' title='bbox 2317 4589 2736 4657; x_wconf 77' lang='lat' dir='ltr'><strong>Antiochenus,</strong></span> <span class='ocrx_word' id='word_1_737' title='bbox 2766 4591 2824 4644; x_wconf 87' lang='lat' dir='ltr'><strong>et</strong></span> <span class='ocrx_word' id='word_1_738' title='bbox 2870 4589 3121 4644; x_wconf 83' lang='lat' dir='ltr'><strong>maxime</strong></span> <span class='ocrx_word' id='word_1_739' title='bbox 3151 4586 3252 4658; x_wconf 84' lang='lat' dir='ltr'><strong>qui</strong></span> <span class='ocrx_word' id='word_1_740' title='bbox 3294 4584 3355 4639; x_wconf 90' lang='lat' dir='ltr'><strong>in</strong></span> <span class='ocrx_word' id='word_1_741' title='bbox 3384 4582 3573 4655; x_wconf 87' lang='lat' dir='ltr'><strong>depo-</strong></span> 
     </span>
     <span class='ocr_line' id='line_1_106' title="bbox 1930 4670 3571 4750; baseline -0.009 -9"><span class='ocrx_word' id='word_1_742' title='bbox 1930 4683 2139 4741; x_wconf 88' lang='lat' dir='ltr'><strong>sitione</strong></span> <span class='ocrx_word' id='word_1_743' title='bbox 2168 4679 2393 4738; x_wconf 90' lang='lat' dir='ltr'><strong>domini</strong></span> <span class='ocrx_word' id='word_1_744' title='bbox 2428 4676 2723 4750; x_wconf 85' lang='lat' dir='ltr'><strong>Radulphi</strong></span> <span class='ocrx_word' id='word_1_745' title='bbox 2765 4674 3254 4749; x_wconf 78' lang='lat' dir='ltr'><strong>conspiraverant,</strong></span> <span class='ocrx_word' id='word_1_746' title='bbox 3286 4670 3571 4728; x_wconf 86' lang='lat' dir='ltr'><strong>instinctu</strong></span> 
     </span>
     <span class='ocr_line' id='line_1_107' title="bbox 1930 4758 3572 4844; baseline -0.01 -14"><span class='ocrx_word' id='word_1_747' title='bbox 1930 4777 1988 4830; x_wconf 86' lang='lat' dir='ltr'><strong>st</strong></span> <span class='ocrx_word' id='word_1_748' title='bbox 2016 4770 2392 4844; x_wconf 87' lang='lat' dir='ltr'><strong>suggestione</strong></span> <span class='ocrx_word' id='word_1_749' title='bbox 2416 4767 2696 4840; x_wconf 88' lang='lat' dir='ltr'><strong>principis</strong></span> <span class='ocrx_word' id='word_1_750' title='bbox 2726 4770 2785 4822; x_wconf 87' lang='lat' dir='ltr'><strong>et</strong></span> <span class='ocrx_word' id='word_1_751' title='bbox 2812 4762 3223 4830; x_wconf 84' lang='lat' dir='ltr'><strong>maximorum,</strong></span> <span class='ocrx_word' id='word_1_752' title='bbox 3243 4764 3306 4817; x_wconf 90' lang='lat' dir='ltr'><strong>ut</strong></span> <span class='ocrx_word' id='word_1_753' title='bbox 3333 4758 3572 4828; x_wconf 82' lang='lat' dir='ltr'><strong>dicitur,</strong></span> 
     </span>
     <span class='ocr_line' id='line_1_108' title="bbox 1932 4848 3572 4927; baseline -0.009 -10"><span class='ocrx_word' id='word_1_754' title='bbox 1932 4861 2260 4918; x_wconf 82' lang='lat' dir='ltr'><strong>interventu</strong></span> <span class='ocrx_word' id='word_1_755' title='bbox 2283 4863 2614 4924; x_wconf 87' lang='lat' dir='ltr'><strong>munerum,</strong></span> <span class='ocrx_word' id='word_1_756' title='bbox 2628 4856 2930 4927; x_wconf 87' lang='lat' dir='ltr'><strong>elegerunt</strong></span> <span class='ocrx_word' id='word_1_757' title='bbox 2951 4850 3065 4909; x_wconf 88' lang='lat' dir='ltr'><strong>sibi</strong></span> <span class='ocrx_word' id='word_1_758' title='bbox 3085 4849 3399 4923; x_wconf 84' lang='lat' dir='ltr'><strong>quemdam</strong></span> <span class='ocrx_word' id='word_1_759' title='bbox 3420 4848 3572 4919; x_wconf 69' lang='lat' dir='ltr'><strong>ejus,</strong></span> 
     </span>
     <span class='ocr_line' id='line_1_109' title="bbox 1933 4936 3573 5012; baseline -0.007 -5"><span class='ocrx_word' id='word_1_760' title='bbox 1933 4950 2068 5007; x_wconf 88' lang='lat' dir='ltr'><strong>dem</strong></span> <span class='ocrx_word' id='word_1_761' title='bbox 2115 4947 2380 5005; x_wconf 65' lang='lat' dir='ltr'><strong>Ecclesia</strong></span> <span class='ocrx_word' id='word_1_762' title='bbox 2427 4946 2874 5012; x_wconf 87' lang='lat' dir='ltr'><strong>subdiaconum,</strong></span> <span class='ocrx_word' id='word_1_763' title='bbox 2919 4940 3273 4998; x_wconf 68' lang='lat' dir='ltr'><strong>aimericum</strong></span> <span class='ocrx_word' id='word_1_764' title='bbox 3312 4936 3573 5008; x_wconf 78' lang='lat' dir='ltr'><strong>nomine,</strong></span> 
     </span>
     <span class='ocr_line' id='line_1_110' title="bbox 1936 5025 3572 5101; baseline -0.007 -3"><span class='ocrx_word' id='word_1_765' title='bbox 1936 5038 2404 5098; x_wconf 84' lang='lat' dir='ltr'><strong>Lemovicensem</strong></span> <span class='ocrx_word' id='word_1_766' title='bbox 2451 5034 2708 5101; x_wconf 86' lang='lat' dir='ltr'><strong>natione,</strong></span> <span class='ocrx_word' id='word_1_767' title='bbox 2740 5031 3034 5089; x_wconf 87' lang='lat' dir='ltr'><strong>hominem</strong></span> <span class='ocrx_word' id='word_1_768' title='bbox 3074 5029 3300 5101; x_wconf 84' lang='lat' dir='ltr'><strong>absque</strong></span> <span class='ocrx_word' id='word_1_769' title='bbox 3338 5025 3572 5087; x_wconf 68' lang='lat' dir='ltr'><strong>litteris·</strong></span> 
     </span>
     <span class='ocr_line' id='line_1_111' title="bbox 1935 5113 3574 5190; baseline -0.011 -1"><span class='ocrx_word' id='word_1_770' title='bbox 1935 5135 1994 5189; x_wconf 87' lang='lat' dir='ltr'><strong>st</strong></span> <span class='ocrx_word' id='word_1_771' title='bbox 2020 5124 2474 5187; x_wconf 83' lang='lat' dir='ltr'><strong>conversationis</strong></span> <span class='ocrx_word' id='word_1_772' title='bbox 2514 5139 2632 5182; x_wconf 89' lang='lat' dir='ltr'><strong>non</strong></span> <span class='ocrx_word' id='word_1_773' title='bbox 2661 5121 2805 5180; x_wconf 86' lang='lat' dir='ltr'><strong>satis</strong></span> <span class='ocrx_word' id='word_1_774' title='bbox 2848 5121 3130 5189; x_wconf 67' lang='lat' dir='ltr'><strong>honeste,</strong></span> <span class='ocrx_word' id='word_1_775' title='bbox 3159 5133 3332 5190; x_wconf 85' lang='lat' dir='ltr'><strong>quam</strong></span> <span class='ocrx_word' id='word_1_776' title='bbox 3364 5113 3574 5189; x_wconf 72' lang='lat' dir='ltr'><strong>prodi-</strong></span> 
     </span>
     <span class='ocr_line' id='line_1_112' title="bbox 1936 5203 3574 5285; baseline -0.01 -8"><span class='ocrx_word' id='word_1_777' title='bbox 1936 5225 2066 5278; x_wconf 87' lang='lat' dir='ltr'><strong>ctus</strong></span> <span class='ocrx_word' id='word_1_778' title='bbox 2113 5216 2389 5275; x_wconf 89' lang='lat' dir='ltr'><strong>dominus</strong></span> <span class='ocrx_word' id='word_1_779' title='bbox 2417 5212 2783 5285; x_wconf 86' lang='lat' dir='ltr'><strong>Radulphus,</strong></span> <span class='ocrx_word' id='word_1_780' title='bbox 2814 5208 3105 5267; x_wconf 85' lang='lat' dir='ltr'><strong>arbitrans</strong></span> <span class='ocrx_word' id='word_1_781' title='bbox 3130 5223 3266 5265; x_wconf 89' lang='lat' dir='ltr'><strong>eum</strong></span> <span class='ocrx_word' id='word_1_782' title='bbox 3297 5204 3410 5263; x_wconf 90' lang='lat' dir='ltr'><strong>sibi</strong></span> <span class='ocrx_word' id='word_1_783' title='bbox 3439 5203 3574 5262; x_wconf 85' lang='lat' dir='ltr'><strong>rad·</strong></span> 
     </span>
     <span class='ocr_line' id='line_1_113' title="bbox 1935 5295 3576 5380; baseline -0.01 -12"><span class='ocrx_word' id='word_1_784' title='bbox 1935 5311 2070 5368; x_wconf 87' lang='lat' dir='ltr'><strong>dere</strong></span> <span class='ocrx_word' id='word_1_785' title='bbox 2098 5306 2500 5380; x_wconf 86' lang='lat' dir='ltr'><strong>obligatiorem</strong></span> <span class='ocrx_word' id='word_1_786' title='bbox 2529 5306 2588 5362; x_wconf 90' lang='lat' dir='ltr'><strong>et</strong></span> <span class='ocrx_word' id='word_1_787' title='bbox 2611 5300 2952 5376; x_wconf 63' lang='lat' dir='ltr'><strong>¹,fideliorem</strong></span> <span class='ocrx_word' id='word_1_788' title='bbox 2982 5297 3260 5371; x_wconf 87' lang='lat' dir='ltr'><strong>amplius,</strong></span> <span class='ocrx_word' id='word_1_789' title='bbox 3287 5296 3349 5354; x_wconf 90' lang='lat' dir='ltr'><strong>in</strong></span> <span class='ocrx_word' id='word_1_790' title='bbox 3397 5295 3576 5352; x_wconf 83' lang='lat' dir='ltr'><strong>deca-</strong></span> 
     </span>
     <span class='ocr_line' id='line_1_114' title="bbox 1936 5388 3576 5470; baseline -0.01 -13"><span class='ocrx_word' id='word_1_791' title='bbox 1936 5415 2083 5457; x_wconf 88' lang='lat' dir='ltr'><strong>num</strong></span> <span class='ocrx_word' id='word_1_792' title='bbox 2113 5399 2379 5470; x_wconf 79' lang='lat' dir='ltr'><strong>ejusdem</strong></span> <span class='ocrx_word' id='word_1_793' title='bbox 2413 5392 2677 5452; x_wconf 59' lang='lat' dir='ltr'><strong>&amp;cclesioe</strong></span> <span class='ocrx_word' id='word_1_794' title='bbox 2700 5394 3089 5465; x_wconf 84' lang='lat' dir='ltr'><strong>promoverat,</strong></span> <span class='ocrx_word' id='word_1_795' title='bbox 3105 5404 3209 5461; x_wconf 86' lang='lat' dir='ltr'><strong>spe</strong></span> <span class='ocrx_word' id='word_1_796' title='bbox 3237 5388 3576 5444; x_wconf 74' lang='lat' dir='ltr'><strong>frustratus.</strong></span> 
     </span>
     <span class='ocr_line' id='line_1_115' title="bbox 1937 5476 3576 5555; baseline -0.009 -9"><span class='ocrx_word' id='word_1_797' title='bbox 1937 5488 2086 5547; x_wconf 85' lang='lat' dir='ltr'><strong>Nam</strong></span> <span class='ocrx_word' id='word_1_798' title='bbox 2107 5487 2181 5544; x_wconf 90' lang='lat' dir='ltr'><strong>ab</strong></span> <span class='ocrx_word' id='word_1_799' title='bbox 2212 5502 2281 5544; x_wconf 85' lang='lat' dir='ltr'><strong>ea</strong></span> <span class='ocrx_word' id='word_1_800' title='bbox 2307 5484 2402 5542; x_wconf 86' lang='lat' dir='ltr'><strong>die</strong></span> <span class='ocrx_word' id='word_1_801' title='bbox 2429 5499 2566 5541; x_wconf 89' lang='lat' dir='ltr'><strong>oum</strong></span> <span class='ocrx_word' id='word_1_802' title='bbox 2594 5484 2723 5555; x_wconf 85' lang='lat' dir='ltr'><strong>ejus</strong></span> <span class='ocrx_word' id='word_1_803' title='bbox 2753 5478 3101 5538; x_wconf 80' lang='lat' dir='ltr'><strong>adversariis</strong></span> <span class='ocrx_word' id='word_1_804' title='bbox 3129 5476 3342 5535; x_wconf 87' lang='lat' dir='ltr'><strong>dicitur</strong></span> <span class='ocrx_word' id='word_1_805' title='bbox 3369 5488 3576 5532; x_wconf 78' lang='lat' dir='ltr'><strong>conve-</strong></span> 
     </span>
     <span class='ocr_line' id='line_1_116' title="bbox 1939 5565 3572 5647; baseline -0.01 -11"><span class='ocrx_word' id='word_1_806' title='bbox 1939 5576 2145 5647; x_wconf 77' lang='lat' dir='ltr'><strong>nisse;</strong></span> <span class='ocrx_word' id='word_1_807' title='bbox 2175 5579 2233 5634; x_wconf 89' lang='lat' dir='ltr'><strong>et</strong></span> <span class='ocrx_word' id='word_1_808' title='bbox 2261 5575 2322 5636; x_wconf 91' lang='lat' dir='ltr'><strong>in</strong></span> <span class='ocrx_word' id='word_1_809' title='bbox 2351 5569 2736 5634; x_wconf 77' lang='lat' dir='ltr'><strong>beneiactoris</strong></span> <span class='ocrx_word' id='word_1_810' title='bbox 2771 5569 2885 5641; x_wconf 80' lang='lat' dir='ltr'><strong>sai,</strong></span> <span class='ocrx_word' id='word_1_811' title='bbox 2918 5567 3216 5627; x_wconf 76' lang='lat' dir='ltr'><strong>fidelitatis</strong></span> <span class='ocrx_word' id='word_1_812' title='bbox 3243 5565 3572 5635; x_wconf 84' lang='lat' dir='ltr'><strong>immemor,</strong></span> 
     </span>
    </p>
   </div>
  </div>
 </body>
</html>
