3784 6000
1726 182 1919 243 LUCII
1958 180 2038 240 111
2076 182 2283 239 PAPAE
2345 188 2352 197 “
3571 184 3706 242 ¹108

1985 309 2034 363 A
2071 308 2327 374 tenebat,
2363 316 2422 367 et
2448 310 2778 383 Stephanus
2822 312 2894 368 de
2927 313 3163 370 Sorceio
3193 316 3247 369 et
3289 311 3614 369 Savaricus
3639 310 3712 369 de

2064 396 2413 464 BelloramO,
2446 415 2697 456 assensu
2749 402 2948 458 uxoris
2977 418 3102 458 suas
3141 400 3458 470 Mathildis,
3501 405 3561 456 at
3591 399 3718 456 Phi·

2035 485 2283 560 lippus,
2306 488 2668 546 castellanus
2695 490 2856 547 Barri
2906 507 3155 546 assensu
3175 490 3433 547 tiliorum
3465 505 3716 546 suorum

262 185 430 244 ‘1107

1012 311 1234 367 xxxin.

311 456 476 511 Bona
523 459 578 511 et
611 453 909 510 libertates
951 452 1298 509 monasterii
1346 455 1408 509 S.
1482 453 1695 510 Mariae
1731 452 1955 524 Reyiae·

848 523 1034 579 Vallis
1068 525 1399 595 confirmat.

804 638 1118 709 (Laterani,
1159 641 1293 698 Jau.
1321 643 1436 715 29.)

365 763 973 834 [HucQPt-aemonstr.
999 767 1271 833 annales,
1306 767 1369 834 tl,
1405 768 1602 832 Proh„
1638 786 1696 840 p.
1723 767 1875 842 412]

363 851 567 909 Lucius
581 852 1136 923 episcopus,se1·vus
1152 870 1464 913 servorum
1490 858 1609 924 Dei,
1626 857 1855 914 dilectis
1881 858 1946 914 fi-

291 939 383 995 liis
414 939 914 1008 GALrauQabbati
939 943 1203 1001 ecclesiae
1222 946 1277 1002 S.
1299 946 1489 1003 Mariae
1517 947 1940 1018 Regias-Vallis,

290 1030 541 1103 ejusque
582 1030 861 1086 fratribus
899 1036 1020 1089 tam
1059 1036 1454 1105 proesentibus
1492 1053 1678 1110 quam
1728 1037 1942 1094 tuturis

291 1119 627 1188 regularem
661 1120 838 1176 vitam
872 1122 1158 1193 professis
1185 1123 1243 1179 in
1272 1131 1684 1197 perpectuum.

364 1206 717 1278 Religiosam
733 1208 915 1265 vitam
930 1211 1283 1281 eligentibus
1300 1214 1699 1287 apostolicum
1722 1231 1938 1271 conve-

289 1296 378 1353 nit
405 1296 615 1352 adesse
647 1299 1102 1369 praesidium,ne
1129 1300 1276 1358 forte
1303 1302 1617 1375 cujuslibet
1650 1306 1941 1361 temerita—

289 1385 362 1443 tis
390 1385 666 1442 incursus
686 1391 904 1446 auteos
934 1405 968 1444 a
997 1392 1300 1462 proposito
1328 1398 1706 1457 revocet,aut
1733 1394 1940 1464 robur,

291 1473 455 1548 quod
498 1474 675 1541 absit,
705 1492 887 1533 sacrae
917 1478 1218 1548 religionis
1259 1481 1560 1553 infringat.
1596 1486 1937 1555 Eapropter,

290 1562 487 1619 dilecti
506 1563 566 1619 in
597 1565 847 1621 Domino
874 1565 997 1635 filii,
1027 1570 1232 1625 vestris
1244 1570 1264 1642 j
1276 1571 1418 1626 ustis
1437 1571 1943 1644 postulationibus

2061 577 2304 634 Gerardi
2335 582 2391 635 et
2413 579 2604 645 Ulrici,
2628 587 2685 635 et
2714 580 2881 650 Petri,
2911 579 3202 636 Tullensis
3230 578 3521 654 episcopi,
3545 582 3605 634 et
3637 584 3718 635 to-

2061 664 2179 721 tius
2204 666 2441 738 capituli
2472 667 2778 743 Tulleusis.
2804 670 3018 726 Sedem
3046 668 3369 725 molendini
3395 683 3593 743 quam
3620 666 3715 724 de-

2058 755 2270 811 derunt
2300 757 2469 813 vobis
2501 758 2766 830 praedicti
2805 758 3074 814 liaeredes
3114 774 3251 815 cum
3283 758 3453 815 terris
3488 760 3633 815 ante
3661 760 3715 813 et

2056 850 2211 902 retro
2231 845 2425 902 eidem
2440 847 2787 903 molendino
2800 852 2857 903 et
2872 852 3106 918 stagno,
3121 862 3499 921 aquarumve
3514 845 3711 902 cursui

2054 936 2403 991 necessariis
2455 952 2631 1009 super
2682 936 2941 992 rivulum
2988 936 3093 1010 qui
3132 937 3313 993 currit
3364 935 3446 992 ad
3490 934 3712 1009 pedem

2055 1024 2276 1080 montis
2313 1025 2721 1082 Furnellorum
2753 1041 2891 1082 cum
2929 1025 3139 1082 eodem
3177 1030 3404 1091 monte,
3439 1024 3602 1081 sicut
3626 1023 3710 1080 di-

2052 1117 2171 1169 ctat
2203 1119 2454 1187 utraque
2487 1114 2650 1171 vallis
2682 1115 2821 1171 hinc
2852 1119 2908 1170 et
2937 1115 3097 1171 inde.
3124 1114 3427 1171 Allodium
3452 1115 3534 1172 de
3565 1115 3708 1169 San-

2051 1202 2176 1258 zeio
2222 1219 2357 1259 cum
2407 1204 2653 1276 proprio
2697 1204 2903 1261 banuo
2939 1204 2999 1261 in
3052 1204 3239 1268 terris,
3275 1203 3461 1268 silvis,
3497 1202 3706 1275 pratis,

2051 1292 2247 1365 aquis,
2278 1299 2334 1350 et
2347 1293 2624 1349 villarum
2638 1292 3042 1365 adjacentium
3059 1291 3492 1350 communibus
3508 1296 3709 1364 pastu·

2051 1381 2150 1448 ris,
2173 1382 2337 1454 quod
2360 1382 2655 1439 dederunt
2677 1382 2845 1439 vobis
2887 1381 3171 1439 Letardus
3203 1381 3275 1436 do
3306 1381 3598 1444 Thazeio.
3622 1396 3708 1437 as·

2052 1487 2231 1527 sensu
2261 1472 2464 1528 uxoris
2482 1488 2608 1528 suoe
2630 1471 3236 1529 Alcidisetboeredum
3260 1487 3514 1528 suorum
3534 1471 3706 1527 loan-

2054 1562 2145 1617 nis
2175 1561 2250 1618 de
2278 1562 2518 1627 Morcio,
2543 1561 2755 1618 Valteri
2787 1555 2862 1618 de
2891 1561 3079 1619 Vodio
3110 1567 3167 1618 et
3192 1560 3426 1617 Henrici
3452 1559 3564 1617 filii
3593 1559 3701 1624 sui,

289 1651 613 1708 clementer
633 1654 1364 1729 annuimuS,etpraefatam
1382 1659 1693 1718 ecclesiam
1711 1664 1941 1719 Sanctae
1977 1653 2020 1709 B
2053 1657 2110 1707 et
2139 1650 2409 1706 vidricus
2438 1649 2512 1707 de
2546 1650 2783 1718 Blenau.
2819 1667 3072 1708 assensu
3099 1649 3378 1707 Richardi
3399 1648 3510 1706 filii
3533 1649 3626 1707 sui
3653 1654 3705 1705 et

289 1741 487 1797 Marias
543 1742 962 1813 Regiis-Vallis,
1019 1746 1078 1802 in
1149 1764 1270 1820 qua
1345 1750 1547 1806 divino
1617 1751 1943 1824 mancipati

290 1831 430 1886 estis
473 1832 790 1903 obsequio,
824 1832 902 1889 ad
945 1836 1254 1908 exemplar
1291 1837 1475 1895 felicis
1508 1841 1942 1897 recordationis

288 1919 799 1991 praedecessorum
861 1928 1202 1981 nostrorum
1263 1928 1617 1995 Innocentii,
1675 1931 1941 2002 Eugenii,

289 2007 1055 2078 Alexand1·i,Romanorum
1086 2015 1463 2085 pontificum,
1482 2019 1596 2074 sub
1624 2019 1779 2075 beati
1796 2021 1945 2077 Petri

292 2102 346 2152 et
392 2102 600 2153 nostra
640 2098 824 2155 tutela
873 2101 1258 2174 suscipimus,
1288 2111 1345 2162 et
1391 2108 1699 2179 praesentis
1744 2110 1943 2182 scripti

289 2183 602 2257 privilegio
644 2188 1115 2257 communimus,
1160 2192 1451 2266 imprimis
1495 2196 1794 2269 siquidem
1828 2201 1946 2255 sta·

292 2277 550 2341 tuentes,
579 2280 641 2330 ut
666 2278 815 2332 ordo
840 2280 1167 2336 canonicus
1184 2282 1288 2354 qui
1313 2284 1645 2341 secundum
1674 2286 1861 2342 Deum
1889 2293 1946 2344 et

293 2361 453 2419 beati
479 2365 789 2433 Augustini
807 2367 1098 2437 regulam,
1131 2375 1306 2443 atque
1338 2374 1769 2431 institutionem
1786 2376 1946 2432 Prae-

291 2456 791 2510 monstratensem
806 2455 866 2510 in
883 2457 1095 2513 eadem
1123 2461 1374 2518 ecclesia
1390 2462 1693 2520 institutus
1714 2481 1843 2521 esse
1860 2465 1945 2521 di-

293 2540 618 2611 gnoscitur,
642 2543 945 2615 perpetuis
967 2544 1945 2623 ibidemtemporibusinviolabili-

295 2632 378 2685 ter
394 2629 765 2688 observetur.
792 2633 1079 2691 Proeterea
1105 2653 1499 2714 quascunque
1513 2643 1942 2715 possessiones,

293 2731 670 2792 quaecunque
695 2720 858 2778 bona
889 2723 1099 2782 eadem
1124 2726 1375 2785 ecclesia
1404 2729 1944 2802 impraesentiarum

288 2806 447 2878 juste
477 2811 533 2864 et
557 2811 840 2868 canonice
874 2814 1158 2885 possidet,
1195 2822 1298 2873 aut
1321 2817 1668 2877 infuturum
1699 2837 1941 2879 conces·

295 2895 462 2952 sione
484 2898 862 2969 pontificum,
887 2900 1198 2974 largitione
1227 2921 1436 2977 regum
1459 2908 1548 2965 vel
1578 2910 1939 2983 principum,

2053 1739 2187 1797 filias
2204 1757 2328 1796 suae
2341 1741 2513 1797 Bouae
2530 1740 3082 1808 Filiae,ethaeeredum
3105 1755 3353 1796 suorum
3366 1739 3623 1795 Joannis
3635 1737 3702 1794 de

2052 1830 2289 1896 Moreio,
2344 1829 2556 1886 valteri
2601 1829 2678 1885 de
2728 1830 2908 1886 vodio
2968 1836 3024 1886 et
3072 1829 3298 1885 Henrici
3354 1825 3462 1884 filii
3510 1827 3607 1885 sui
3655 1830 3707 1884 et

2054 1919 2325 1986 Matthaei,
2361 1918 2466 1975 filii
2503 1919 2764 1976 Simonis
2802 1919 2878 1975 de
2922 1918 3162 1975 Blenau.
3203 1920 3425 1975 Locum
3470 1917 3708 1989 Rengis·

2054 2008 2232 2066 Vallis
2261 2024 2401 2065 cum
2441 2008 2722 2064 omnibus
2763 2008 3151 2079 pertinentiis,
3182 2023 3367 2081 quem
3401 2005 3646 2063 habetis
3673 2020 3707 2063 a

2056 2097 2316 2170 capitulo
2356 2097 2553 2154 Sancti
2599 2096 2886 2171 Stephani
2909 2096 3220 2164 TullensiS,
3253 2101 3311 2153 et
3342 2096 3605 2153 Havilda
3638 2094 3710 2151 de

2054 2192 2279 2260 Aspero
2315 2189 2526 2254 Monte,
2568 2202 2822 2244 assensu
2862 2186 3123 2243 filiorum
3174 2202 3427 2243 suorum
3480 2184 3710 2244 Goberti

2055 2282 2110 2333 et
2138 2277 2508 2342 Theodorici,
2532 2281 2590 2333 et
2627 2291 2663 2333 a
2691 2276 2981 2334 Balduino
3016 2276 3091 2332 de
3123 2275 3442 2349 Umplona.
3490 2276 3708 2332 Locum

2054 2367 2129 2423 de
2157 2367 2446 2423 Jandoria
2475 2382 2612 2423 cum
2644 2366 2926 2423 omnibus
2954 2365 3320 2438 pertinentiis
3352 2365 3502 2432 suis,
3529 2380 3707 2438 quem

2054 2457 2286 2514 habetis
2306 2456 2384 2513 ab
2398 2456 2616 2513 abbate
2630 2461 2686 2511 ct
2699 2454 2960 2528 capitulo
2972 2453 3172 2512 Sancti
3194 2453 3406 2511 Leonis
3426 2453 3710 2513 Tullensis

2055 2546 2170 2603 sub
2184 2562 2365 2602 censu
2377 2545 2586 2602 decem
2599 2545 2930 2602 solidorum
2951 2543 3265 2601 annuatim
3286 2541 3706 2617 persolvendos

2054 2652 2213 2695 rum.
2238 2634 2538 2692 Allodium
2567 2634 2645 2691 de
2701 2634 2969 2706 Utigenio
2998 2650 3182 2707 quem
3219 2633 3522 2690 dederunt
3552 2632 3705 2690 vobi·

2054 2725 2320 2782 valterus
2351 2724 2427 2781 de
2455 2724 2663 2790 Vodio,
2706 2739 2955 2780 assensu
2993 2722 3190 2780 fratris
3220 2722 3315 2780 sui
3355 2722 3623 2781 Simonis
3656 2728 3706 2780 et

2054 2814 2277 2871 sororis
2305 2830 2429 2870 suae
2449 2814 2691 2880 Berthae,
2717 2812 3019 2870 etMatthei
3048 2811 3151 2869 filii
3177 2811 3287 2880 sui,
3316 2815 3376 2868 et
3405 2811 3583 2883 Ilugo
3605 2813 3706 2868 Ru·

2051 2902 2165 2974 fus,
2222 2907 2280 2960 et
2313 2903 2597 2960 Henricus
2627 2903 2803 2959 trater
2845 2901 2994 2973 ejus,
3033 2916 3279 2958 assensu
3311 2900 3582 2974 lingonis
3613 2899 3708 2957 fflii

291 2984 891 3056 oblationefideliurn,
918 3008 1022 3048 seu
1049 2992 1177 3049 aliis
1189 2995 1363 3067 justis
1390 2998 1604 3072 modis,
1627 3007 1943 3073 praestante
1977 3014 2017 3070 c
2055 2993 2148 3051 sui
2168 2997 2227 3050 et
2253 2993 2557 3051 Hodiernoe
2590 2991 2727 3049 flliae
2768 3008 2892 3049 suoe
2925 3009 2941 3059 ;
2970 2989 3250 3049 silvulam
3278 3006 3418 3064 quae
3451 2990 3704 3048 Parvum

291 3075 567 3143 Domine,
615 3080 827 3149 poterit
867 3080 1136 3154 adipisci,
1183 3085 1360 3143 firma
1403 3089 1570 3145 vobis
1613 3092 1943 3165 vestrisque

292 3166 747 3222 successoribus
760 3173 818 3223 et
833 3168 1061 3227 illibata
1073 3183 1482 3245 permaneant.
1501 3179 1564 3234 In
1578 3180 1800 3252 quibus
1813 3181 1945 3239 haec

289 3252 547 3325 propriis
579 3253 863 3313 duximus
891 3260 1286 3332 exprimenda
1316 3266 1626 3324 vocabulis
1658 3287 1675 3323 ε

359 3342 562 3415 Ipsam
583 3344 804 3402 scilicet
821 3347 1038 3406 vallem
1060 3350 1119 3407 in
1145 3367 1266 3425 qua
1294 3352 1545 3413 fundata
1565 3363 1654 3414 est
1675 3358 1941 3426 abbatia,

290 3446 329 3488 a
355 3435 529 3505 prato
559 3433 763 3490 Bovini
790 3436 1138 3497 sicutdictat
1154 3440 1385 3500 labium
1400 3448 1662 3502 nemoris
1674 3448 1839 3520 quod
1861 3449 1945 3505 di-

291 3519 677 3587 citurF'orest,
701 3540 890 3599 usque
922 3529 1002 3585 ad
1034 3529 1191 3587 viam
1225 3534 1461 3602 Ovium,
1482 3551 1617 3607 quae
1639 3537 1947 3595 descendit

294 3623 331 3668 a
354 3609 559 3667 Fracia
570 3610 781 3669 subtus
795 3621 1057 3686 pratum,
1080 3624 1137 3675 et
1160 3636 1232 3677 ex
1249 3622 1435 3680 altera
1457 3630 1622 3696 parte
1635 3625 1713 3682 ab
1729 3626 1946 3684 eodem

292 3702 465 3770 prato
499 3700 728 3770 Bovini,
755 3703 910 3761 sicut
938 3705 1125 3763 dictat
1142 3708 1371 3767 labium
1396 3713 1633 3771 Chelme
1653 3731 1844 3789 usque
1865 3716 1946 3773 ad

291 3784 518 3845 fontem
543 3789 846 3861 BeliardiS,
876 3799 931 3850 et
960 3812 997 3851 a
1028 3796 1186 3855 fonte
1215 3816 1406 3873 usque
1437 3804 1513 3859 ad
1547 3804 1702 3860 viam
1736 3805 1946 3862 subtus

290 3882 554 3950 pratum,
571 3878 722 3937 sicut
746 3880 926 3940 dictat
946 3885 1044 3943 via
1065 3903 1200 3959 quse
1216 3888 1386 3960 juxta
1408 3893 1674 3950 Fraciam
1695 3895 1945 3952 vaditad

290 3967 600 4023 Horreum.
648 3969 890 4028 Terram
949 3977 1163 4034 Fraciae
1222 3995 1410 4052 quam
1449 3982 1742 4040 dederunt
1776 3984 1945 4041 vobis

289 4052 632 4112 Guerardus
661 4063 715 4113 ct
741 4059 1166 4134 Theodoricus,
1200 4067 1431 4126 domiui
1462 4072 1536 4127 de
1562 4073 1820 4139 Sorceio‚
1853 4090 1945 4129 as-

290 4157 475 4199 sensu
505 4145 778 4202 omnium
817 4147 1127 4210 haeredum
1167 4172 1438 4225 suorum,
1476 4166 1530 4216 et
1560 4177 1666 4234 per
1697 4178 1947 4220 manum

291 4231 546 4298 Henrici,
565 4237 877 4307 quondam
895 4238 1189 4301 Tullensis
1219 4247 1510 4321 episcopi,
1536 4266 1708 4324 aquo
1733 4252 1795 4309 in
1821 4252 1921 4309 feu

292 4319 442 4377 dnm
470 4322 772 4382 tenebant.
804 4328 1104 4390 Allodium
1135 4338 1208 4392 de
1240 4338 1625 4398 Bernaicuria
1654 4345 1820 4415 quod
1851 4345 1946 4402 de·

291 4409 511 4467 derunt
535 4412 726 4481 vobis,
749 4423 1312 4497 assensuStephani.
1331 4430 1642 4501 quondam
1679 4435 1949 4492 Metensis

291 4499 962 4577 episcopi,etRainaldi,
982 4513 1219 4569 comitis
1248 4518 1426 4584 Barri,
1461 4519 1521 4576 in
1549 4522 1738 4592 terris,
1763 4523 1946 4592 silvis,

294 4589 582 4661 pasturis,
601 4592 868 4652 haeredes
885 4599 1155 4670 eiusdem
1178 4603 1383 4662 allodii
1399 4615 1706 4667 manentes
1730 4611 1789 4668 in
1807 4613 1948 4669 sub-

296 4677 525 4750 scriptis
541 4680 713 4750 villis,
743 4686 926 4743 Neves
942 4689 1181 4758 scilicet,
1212 4693 1641 4764 CommarceiO,
1677 4701 1942 4768 Sorbei0,

265 4765 618 4841 meligneio,
656 4773 966 4843 Levovilla,
1000 4777 1200 4837 locum
1251 4782 1325 4839 de
1356 4786 1622 4854 Bemout‚
1655 4788 1754 4860 qui
1789 4792 1946 4847 anti-

264 4855 501 4926 ·quitus
533 4860 843 4932 Rampuns
878 4863 1207 4937 dicebatur,
1246 4874 1422 4930 certis
1470 4876 1639 4932 metis
1670 4878 1948 4936 videlicet

295 4944 576 5001 crucibus
605 4953 660 5005 et
691 4950 1088 5012 foraminibus
1119 4959 1177 5014 in
1210 4963 1553 5033 quercubus
1593 4964 1766 5023 factis
1794 4968 1944 5025 limi-

294 5034 503 5101 tatum,
532 5050 715 5108 quem
741 5038 1033 5101 dederunt
1056 5048 1227 5105 vobis
1251 5049 1312 5107 in
1342 5054 1530 5124 terris,
1563 5053 1742 5124 silvis,
1771 5058 1947 5130 aquis

293 5124 352 5177 et
397 5126 804 5194 quorumlibet
839 5133 1197 5194 animalium
1252 5144 1531 5213 pasturis,
1566 5146 1743 5201 totius
1778 5152 1943 5204 terrae

290 5208 539 5313 dom-ino
595 5215 670 5272 de
714 5219 1123 5283 commarceio
1176 5231 1543 5301 pertinentis,
1595 5234 1940 5308 Stephania,

286 5304 591 5361 comitissa
623 5309 888 5377 proedicti
920 5316 1123 5384 castri,
1157 5334 1414 5378 assensu
1440 5322 1698 5380 Simonis
1719 5325 1819 5382 filii
1850 5328 1940 5382 sui

287 5390 345 5442 et
372 5389 632 5449 filiarum
656 5413 902 5455 suarum
929 5402 1166 5477 Sophiae
1182 5415 1240 5465 et
1266 5409 1525 5479 Agnetis,
1545 5418 1601 5470 et
1630 5416 1937 5488 Stephani,

289 5479 601 5546 quondam
631 5485 898 5544 metensis
918 5492 1184 5570 episcopi
1214 5513 1251 5554 a
1272 5499 1573 5574 quoillum
1598 5503 1659 5561 in
1690 5504 1939 5564 lendum

2055 3088 2268 3141 Porum
2298 3087 2561 3148 vocatur,
2591 3086 2648 3137 et
2676 3081 2884 3137 decem
2911 3080 3091 3137 falces
3107 3081 3262 3153 prati
3291 3080 3354 3135 in
3388 3080 3628 3146 Precra,
3654 3082 3707 3136 at

2053 3174 2207 3230 duas
2238 3171 2414 3229 falces
2449 3170 2651 3228 allodii
2682 3171 2831 3226 iuter
2863 3170 3166 3226 Broceium
3194 3174 3251 3225 ct
3280 3168 3636 3236 Sevodium,
3657 3173 3708 3224 et

2056 3280 2161 3321 sex
2192 3262 2449 3335 jornalia
2477 3268 2642 3318 terrae
2676 3260 2852 3333 juxta
2881 3259 3121 3329 Porum,
3160 3273 3294 3330 quae
3335 3257 3504 3315 dedit
3545 3257 3706 3316 vobis

2054 3352 2321 3410 Valterus
2342 3352 2417 3407 de
2453 3350 2658 3416 vadio,
2687 3365 2938 3406 assensu
2973 3346 3200 3405 Heurici
3227 3346 3330 3403 filii
3358 3347 3451 3404 sui
3483 3351 3544 3404 et
3573 3345 3711 3405 filia-

2054 3458 2189 3499 rum
2222 3457 2470 3498 suarum
2494 3439 2732 3510 Agathae
2755 3437 3062 3504 etaleidiS,
3096 3453 3204 3510 pro
3225 3436 3468 3494 filiabus
3501 3436 3630 3494 suis
3649 3436 3705 3493 in

2055 3532 2307 3590 ecclesia
2344 3533 2540 3587 vestra
2564 3529 2885 3584 conversis.
2923 3530 3133 3584 Decem
3163 3531 3217 3584 et
3255 3529 3394 3583 octo
3419 3526 3703 3584 denarios

2055 3637 2211 3696 quos
2256 3622 2415 3677 idem
2459 3618 2728 3675 Valterus
2766 3616 2938 3673 vobis
2971 3616 3032 3672 in
3066 3619 3424 3688 perpetuum
3449 3615 3708 3683 remisit,

2055 3728 2165 3785 pro
2214 3709 2452 3768 Havilde
2492 3723 2673 3764 uxore
2722 3722 2831 3763 sua
2880 3706 2938 3762 iu
2964 3705 3216 3763 ecclesia
3235 3711 3432 3763 vestra
3452 3705 3706 3779 sepulta.

2059 3803 2279 3858 Locum
2326 3797 2621 3856 Jovillaris
2664 3813 2801 3853 cum
2837 3795 3122 3852 omnibus
3158 3794 3542 3867 pertinentiis
3587 3793 3705 3852 suis

2055 3905 2238 3963 quem
2277 3887 2513 3946 habetis
2540 3904 2574 3942 a
2605 3884 2844 3943 Gofrido
2886 3884 2961 3941 de
2988 3882 3259 3941 Joinvilla
3286 3887 3346 3941 et
3374 3901 3408 3940 a
3436 3882 3709 3942 Mathilde

2055 3980 2130 4036 de
2168 3980 2397 4036 Vienna
2438 3980 2838 4047 cognomento
2877 3975 3061 4047 Lupa.
3112 3974 3335 4030 Locum
3379 3973 3460 4031 de
3507 3971 3711 4032 Gravia

2058 4072 2117 4128 in
2194 4067 2497 4139 Hungaria
2567 4081 2704 4121 cum
2773 4063 3059 4119 omnibus
3135 4061 3517 4135 pertinentiis
3576 4062 3712 4119 suis·

2057 4178 2239 4235 quem
2263 4157 2495 4216 habetis
2516 4173 2551 4213 a
2582 4154 2874 4219 Mendiuo,
2898 4152 3210 4226 quondam
3228 4151 3515 4209 Albensis
3537 4152 3714 4210 Ecclm

2060 4252 2164 4306 siae
2185 4247 2524 4323 praeposito,
2555 4261 2693 4302 cum
2725 4240 3236 4313 omniintegritate
3261 4241 3615 4314 patrimonii
3628 4240 3713 4298 sui

2060 4355 2313 4398 assensu
2342 4335 2614 4394 omnium
2636 4332 2943 4391 hzeredum
2959 4347 3229 4388 suorum.
3248 4331 3477 4388 Locum
3495 4334 3716 4390 Sancte

2060 4429 2259 4487 Crucis
2287 4427 2346 4483 iu
2378 4423 2637 4482 Marchia
2660 4424 2833 4495 juxta
2864 4419 3380 4489 Francamvillam,
3407 4436 3554 4496 quae
3576 4420 3718 4480 anti·
3783 4406 3784 4428 ¹

2056 4519 2259 4593 quitus
2281 4520 2526 4573 Eremus
2555 4512 2905 4581 vocabatur,
2938 4525 3077 4566 cum
3108 4508 3399 4566 omnibus
3427 4511 3718 4584 pertinen·

2059 4608 2149 4666 tiis
2180 4608 2299 4663 suis
2340 4604 2528 4667 terris,
2570 4602 2768 4674 pratis,
2803 4600 2987 4656 vineis
3019 4605 3073 4656 et
3104 4597 3502 4656 molendinis.
3531 4600 3716 4658 Eccle-

2057 4698 2207 4754 siam
2256 4694 2456 4751 Sancti
2515 4690 2799 4765 Stephani
2839 4689 2995 4761 regis
3032 4704 3171 4744 cum
3210 4687 3514 4747 omnibus
3550 4687 3716 4763 perti·

2058 4786 2275 4844 neutiis
2306 4784 2451 4839 suis.
2484 4784 2750 4848 Quatuor
2778 4778 2958 4835 falces
2992 4776 3143 4850 prati
3169 4793 3326 4850 quas
3345 4776 3528 4836 dedit
3556 4778 3714 4837 vobis
3781 4797 3784 4820 ⁴

2059 4880 2245 4948 lingo,
2274 4873 2551 4931 dominus
2581 4870 2655 4926 ‹le
2677 4869 2931 4931 Sorceio,
2963 4868 3021 4923 in
3053 4866 3244 4924 brolio
3276 4883 3393 4924 suo
3421 4868 3587 4927 ultra
3613 4871 3705 4927 Na·
3783 4859 3784 4924 ζ

2058 4982 2195 5023 vam
2228 4979 2336 5037 pro
2367 4961 2488 5018 filio
2511 4976 2619 5014 suo
2648 4956 2991 5016 Theobaldo
3021 4956 3082 5012 in
3113 4955 3370 5013 ecclesia
3407 4963 3618 5016 vestra
3637 4974 3714 5016 se·

2057 5054 2223 5129 pulto
2255 5069 2270 5120 ;
2302 5056 2422 5108 tres
2461 5049 2640 5107 falces
2668 5048 2818 5121 prati
2844 5061 3026 5117 supra
3052 5043 3274 5102 vadum
3322 5045 3542 5105 Sancti
3583 5049 3713 5107 lar-

2057 5144 2181 5212 tini,
2228 5157 2383 5216 quas
2430 5138 2588 5196 dedit
2615 5137 2784 5194 vobis
2805 5136 3103 5194 Garnerus
3136 5134 3492 5194 Bocherans
3525 5137 3592 5196 in
3636 5153 3720 5195 ec·

2055 5233 2239 5291 clesia
2303 5233 2496 5286 vestra
2561 5242 2907 5282 conversus.
2972 5228 3108 5281 Tres
3169 5221 3355 5280 falces
3432 5227 3598 5299 prati
3669 5229 3713 5283 in

2027 5313 2233 5380 'Preca
2273 5325 2331 5377 et
2360 5319 2511 5374 ‹luas
2548 5316 2699 5372 inter
2752 5314 3073 5371 sevodium
3127 5315 3184 5368 et
3211 5314 3447 5372 Wacon
3480 5331 3628 5375 eum
3653 5315 3715 5371 vi·

2054 5429 2166 5470 nea
2187 5409 2350 5484 apud
2381 5406 2698 5464 Bruveium
2720 5405 2891 5477 juxta
2931 5404 3176 5469 fontem,
3207 5417 3354 5475 quoe
3382 5406 3709 5479 appellatur

2052 5502 2273 5569 Busita,
2312 5512 2451 5573 quoe
2479 5495 2644 5554 dedit
2674 5493 2844 5554 vobis
2887 5493 3171 5551 Henricus
3199 5491 3277 5550 de
3306 5491 3686 5558 Francavilla
