3784 6000
190 227 313 289 583

1258 208 1682 276 GUILLELMI
1723 203 2116 269 TYRENSIS
2160 206 2520 268 Ancnmt’.

3471 206 3596 271 384

197 360 414 427 studio,
462 357 589 429 ejus
636 354 834 428 impiis
868 350 1270 408 moliminibus
1299 345 1530 404 obviam
1572 358 1634 400 se
1691 342 1828 398 dare
1861 341 1917 408 A
1948 338 3592 410 cunctaproveheret,impendebatsollicitudiuem.Unde

200 449 515 506 nitebatur.
566 448 723 504 Unde
764 449 820 501 et
866 444 1171 499 dominum
1204 453 1418 509 regern,
1453 440 1515 490 ut
1546 432 1832 506 proemisi·

202 555 358 605 mus,
390 553 457 593 eo
486 538 800 593 citaverant
831 532 1070 600 intuitu,
1096 536 1161 587 ut
1191 529 1251 584 in
1281 527 1374 582 his
1400 540 1527 581 eum
1554 522 1834 578 haberent

202 627 533 698 adjutorum
560 630 616 682 et
634 623 851 695 regioni
873 620 1118 679 rectoris
1140 618 1417 679 solatium
1444 632 1560 673 non
1586 614 1835 671 deesset.

845 731 1077 789 CAPUT
1114 731 1186 786 V.

200 825 530 896 Properanti
559 822 951 884 Antiochiam:
980 836 1155 877 comes
1184 818 1560 889 Tripolitanus
1588 831 1645 872 se
1664 828 1833 885 oppo-

267 896 725 1024 zdilhgg‘tiussswe
753 895 1080 951 devincitur.
1112 894 1212 949 Res
1243 891 1576 947 Antiocheno
1613 889 1677 943 in
1721 887 1835 940 tulo

1942 430 2208 486 omnium
2239 428 2487 501 gratiam
2519 428 2759 499 civium,
2788 434 2849 486 et
2877 428 3053 486 etiam
3085 428 3456 503 principum,
3493 430 3590 503 qui

1942 518 2004 575 in
2037 519 2333 576 fidelitatis
2391 519 2839 591 perseverabant
2878 519 3100 591 debito,
3129 518 3244 577 sibi
3281 534 3588 591 compara·

1942 610 2098 663 verat
2111 606 2577 664 cumulatiorem.
2601 606 2907 664 Collocatis
2932 607 3132 680 itaque
3149 622 3354 665 eorum
3379 606 3437 664 in
3471 612 3590 663 tuto

1943 694 2138 759 rebus,
2191 700 2246 751 et
2278 695 2529 763 negotiis
2559 695 2762 753 ordine
2786 711 3041 767 congruo
3089 694 3426 768 dispositis,
3455 710 3590 752 cum

1936 784 2061 856 jam
2098 800 2199 857 per
2229 789 2461 855 tempus
2491 783 2755 857 aliquod,
2786 788 2961 856 prout
3011 783 3332 841 necessitas
3382 800 3585 841 eorum

1944 874 2250 929 videbatur
2294 875 2541 946 exigere,
2602 889 2824 930 moram
2878 871 3106 930 fecisset
3166 871 3588 941 necessariam,

1946 974 2243 1022 revocante
2271 982 2402 1021 eum
2435 964 2887 1021 domesticorum
2923 981 3085 1035 cura,
3119 980 3390 1022 reversus
3413 965 3588 1021 estin

268 1075 477 1131 Audita
510 1074 685 1147 igitur
715 1072 1205 1129 Antiochenorum
1226 1068 1514 1142 legatione
1539 1082 1554 1134 3
1577 1069 1635 1121 et
1663 1080 1839 1135 super
1948 1071 2231 1127 regnum3
2262 1070 2403 1111 cura
2442 1054 2798 1128 principatus
2820 1052 2994 1110 nobili
3027 1054 3408 1113 etindustrio
3464 1054 3584 1111 viro

197 1163 452 1235 regionis
486 1163 645 1219 illius
676 1163 840 1220 turba
880 1177 1057 1234 quam
1091 1159 1475 1232 periculosam
1508 1154 1684 1213 nimis
1714 1168 1834 1209 me-

202 1252 418 1318 tuebat,
453 1257 646 1307 motus
676 1250 948 1306 dominus
971 1267 1067 1306 rex
1092 1249 1482 1313 vehementer,
1509 1248 1575 1300 ad
1602 1243 1835 1300 illorum

193 1341 556 1397 vocationem
590 1356 925 1411 properans,
960 1354 1147 1410 usqne
1202 1337 1516 1410 Berythum
1552 1331 1834 1405 pervenit.

198 1429 310 1486 Sed
368 1429 578 1484 comite
606 1427 968 1500 Tripolitano
998 1443 1102 1499 per
1144 1435 1322 1484 terras
1354 1441 1491 1481 suas
1520 1422 1602 1480 ilii
1633 1420 1839 1477 transi-

197 1521 324 1574 tum
366 1517 731 1590 prohibente,
762 1520 1062 1588 assumpto
1092 1515 1205 1572 sibi
1257 1514 1523 1571 Anselmo
1583 1512 1654 1567 de
1684 1510 1837 1579 Bria,

199 1606 384 1663 nobili
412 1607 540 1663 viro
590 1612 647 1663 et
677 1605 833 1662 fideli
864 1622 994 1674 suo,
1031 1622 1218 1677 usque
1248 1606 1317 1660 ad
1378 1611 1609 1676 portum
1642 1597 1837 1656 Sancti

200 1696 490 1753 Simeonis
520 1695 748 1767 navigio
763 1696 1023 1766 pervenit
1050 1712 1063 1751 ς
1091 1694 1189 1751 ubi
1212 1694 1261 1751 ei
1287 1700 1656 1750 occurrentes
1678 1686 1842 1744 nobi·
1871 1715 1921 1782 B

198 1784 285 1842 les
314 1789 371 1840 et
408 1789 676 1857 potentes
712 1784 1207 1840 Antiochenorum
1270 1798 1555 1854 proceres,
1616 1780 1676 1834 in
1737 1794 1845 1834 ur-

1948 1142 2253 1211 Rainaldo,
2287 1146 2665 1214 cognomento
2684 1142 2979 1213 Mansuer,
3000 1143 3340 1201 commissa.

2586 1248 2820 1306 CAPUT
2869 1248 2964 1306 VI.

1948 1343 2152 1398 Iterum
2179 1341 2246 1397 ab
2281 1340 2641 1397 Antiochenis
2687 1345 2994 1398 revocatur.
3023 1342 3344 1412 Sanquinius
3375 1345 3435 1397 in
3461 1344 3593 1413 fini·

2021 1416 2118 1469 bus
2149 1413 2500 1480 Tripolitana
2520 1420 2767 1469 castrum
2795 1412 3064 1484 quoddam
3095 1414 3343 1478 obsidet:
3373 1430 3478 1471 rex
3505 1431 3596 1471 so-

2019 1486 2166 1541 roris
2195 1485 2527 1553 interventu,
2557 1484 2892 1540 obsidionem
2921 1485 3108 1542 solvil.

2022 1573 2374 1630 Procedente
2404 1577 2599 1629 autem
2632 1581 2890 1646 tempore
2921 1573 3061 1631 dum
3094 1572 3248 1630 idem
3287 1589 3391 1630 rex
3421 1572 3479 1630 in
3509 1590 3594 1631 re·

1950 1662 2049 1733 gni
2076 1679 2110 1718 a
2139 1662 2255 1718 Deo
2285 1662 2399 1718 sibi
2430 1661 2727 1719 commissi
2757 1662 3007 1718 viriliter
3049 1663 3368 1719 desudaret
3393 1679 3592 1720 neces·

1950 1752 2246 1815 sitatibus,
2281 1757 2337 1807 et
2369 1751 2608 1808 Marthae
2640 1767 2821 1819 more,
2852 1752 3003 1808 circa
3035 1751 3306 1824 frequens
3329 1753 3596 1810 ministe-

199 1874 329 1931 bem
359 1888 493 1928 eum
529 1873 997 1941 introduxerunt,
1020 1873 1149 1941 ejus
1182 1871 1424 1942 imperio
1464 1868 1843 1941 subjicientes
1952 1842 2101 1898 rium
2142 1843 2268 1912 ejus
2303 1842 2536 1913 ⁰⁰S⁰ti²²
2586 1840 2789 1898 ⁸⁶d¹¹¹⁸
2847 1840 3172 1913 P‘m'isimffl
3227 1848 3590 1914 Pf⁰⁰¹¹¹⁸ffitv

200 1963 521 2019 universem
556 1960 872 2033 regionem.
914 1960 1122 2017 Comes
1172 1967 1365 2017 autem
1424 1957 1843 2031 Tripolitanos,
2039 2021 2050 2033 ·
2920 2020 2934 2034 .
3212 2021 3226 2033 .

1824 2051 1848 2102 t
1950 2022 2171 2078 finitam
2212 2025 2522 2076 Turcorum
2554 2037 2793 2077 manum
2825 2036 2856 2076 e
2887 2037 3020 2077 sinu
3069 2024 3322 2091 Persico,
3367 2025 3428 2078 et
3456 2024 3592 2080 uni-

827 2147 1021 2197 tamon
1056 2140 1308 2198 sestiuu„
1362 2142 1493 2212 post
1523 2153 1734 2208 regam·
1771 2135 1843 2191 ad
1949 2128 2116 2168 verso
2146 2108 2424 2166 Orientali
2465 2115 2680 2179 tractu,
2739 2110 2979 2168 flumine
3036 2126 3250 2183 magno
3297 2112 3590 2184 Euphrate

200 2049 339 2107 licet
381 2052 607 2109 domini
645 2052 798 2124 regis
854 2067 1113 2108 sororem
1174 2051 1417 2108 haberet
1479 2064 1738 2116 uxorem,
1782 2064 1816 2102 u

198 2156 351 2213 stepe
380 2142 601 2198 dictum
660 2147 768 2210 est,

199 2235 398 2301 partes
427 2246 490 2286 se
536 2230 783 2286 contulit
837 2229 1252 2297 Antiochenas,
1285 2235 1343 2284 ut
1390 2228 1579 2299 gratia
1626 2224 1842 2297 princi·
2096 2289 2107 2301 ,
2364 2288 2374 2299 ,
2819 2290 2830 2300 ,
3299 2288 3312 2301 ,
3367 2289 3380 2303 ,

1714 2316 1845 2384 eju„
1949 2305 2110 2360 gravi
2142 2288 2496 2345 consedisse.
2531 2290 2654 2355 Quo
2698 2289 2920 2356 audite,
2951 2289 3022 2345 de
3059 2293 3213 2345 statu
3268 2289 3384 2347 sibl
3431 2306 3589 2348 com-

1815 2418 1844 2458 „
1953 2378 2118 2435 missi
2150 2378 2527 2450 principatus,
2554 2382 2610 2433 et
2639 2378 2828 2434 salute
2858 2377 2918 2434 in
2950 2394 3017 2435 eo
3055 2378 3428 2451 degentium,
3464 2381 3584 2453 piu·

199 2319 394 2391 pisse,
429 2320 598 2389 cujus
630 2319 970 2374 muneribus
1008 2324 1319 2389 corruptus
1349 2317 1672 2386 dicebatur,

203 2408 430 2464 actibus
452 2423 515 2464 se
543 2413 880 2479 opponeret.
913 2406 1171 2463 Habebat
1210 2411 1410 2462 autem
1458 2405 1612 2461 idem
1645 2416 1811 2459 come

1949 1935 2114 1989 adest
2146 1929 2387 1986 nuntius
2423 1947 2490 1987 ex
2513 1940 2672 2003 parte
2694 1930 3188 1988 Antiochenorum
3211 1930 3476 1989 referens
3501 1932 3592 1989 in·

1949 2200 2215 2268 transito,
2257 2199 2407 2255 circa
2447 2204 2641 2271 partes
2670 2198 3061 2256 Antiochense
3091 2200 3150 2256 in
3215 2197 3588 2257 multitudine

203 2495 266 2552 in
298 2495 561 2567 partibus
589 2496 707 2552 illis
732 2497 847 2552 duo
869 2500 1080 2556 castra.
1106 2494 1443 2550 Arcicanum
1466 2493 1757 2562 videlicet,
1791 2498 1845 2547 et
1950 2470 2167 2526 ‘imum
2200 2470 2436 2537 ‘mxiu‘i
2465 2484 2648 2541 ⁶⁰q¹¹⁸
2681 2470 2951 2531 mmmm
2985 2469 3124 2542 ‘1⁰3⁸
3154 2485 3394 2527 ⁰m¹¹⁶¹¹¹
3427 2487 3581 2543 ‘pem

202 2584 473 2656 nogium,
499 2601 629 2657 quae
652 2601 749 2655 pro
772 2600 947 2641 uxore
966 2584 1313 2655 possidobnt·
1339 2584 1583 2640 Dederat
1602 2581 1757 2637 enim
1781 2596 1848 2637 03
1952 2575 2119 2616 suam
2141 2560 2198 2615 in
2231 2574 2363 2615 eum
2395 2562 2755 2630 projecerant
2782 2575 2797 2615 ε
2822 2558 3206 2616 nihilominus
3225 2561 3410 2618 etiam
3431 2570 3485 2619 et
3507 2562 3585 2618 in·

200 2674 476 2731 dominus
504 2674 861 2745 Tancredus,
897 2675 1001 2747 piae
1028 2674 1086 2730 in
1128 2672 1356 2728 Christo
1404 2669 1842 2735 recordationis,

200 2765 459 2820 moriens
483 2765 668 2832 uxori,
704 2780 876 2820 cause
916 2761 1248 2820 donationis
1292 2768 1525 2833 propter
1586 2760 1842 2832 nuptias.

1951 2649 2023 2707 de
2044 2648 2351 2717 sollicitus,
2375 2651 2525 2721 quod
2550 2648 2987 2722 proverbialiter
3001 2648 3112 2705 dici
3129 2649 3306 2706 solet:

2096 2740 2203 2794 Tua
2234 2755 2320 2795 res
2338 2739 2529 2810 oqitur
2554 2738 2742 2811 paries
2761 2738 2892 2795 dum
2918 2738 3209 2812 proximus
3238 2738 3438 2810 ardet,-

199 2852 331 2907 Haec
356 2867 552 2908 comes
573 2851 749 2908 armis
779 2852 1189 2909 communiens
1209 2855 1264 2906 et
1288 2850 1512 2917 militia,
1541 2850 1843 2905 dominum
1951 2827 2289 2897 Ῐῦῑθηῗῐέθῧῧ
2322 2827 2702 2884 Ηῧῑῑῑωθωῑη
2760 2828 3044 2885 dflsssssfflm
3075 2828 3134 2884 5⁰
3166 2845 3348 2886 mmm
3385 2830 3586 2887 ‘0⁶⁰⁰'

195 2956 395 3013 regem
427 2949 481 2998 et
511 2958 651 2999 suos
700 2941 834 2999 inde
864 2942 1037 3016 coepit
1086 2940 1414 2998 molestare.
1449 2940 1610 3008 Quod
1644 2939 1844 2995 Antio-

190 3031 365 3088 cheui
412 3048 559 3102 tegre
591 3033 769 3089 nimis
801 3034 1071 3097 ferentes,
1104 3047 1299 3103 regem
1362 3030 1832 3101 persuasionibus

1951 2919 2090 2973 dare
2123 2916 2472 2988 periculum;
2505 2918 2844 2984 decernens,
2877 2917 3159 2974 fratribus
3186 2918 3410 2977 auxilio
3438 2917 3584 2975 indi-

1950 3008 2224 3080 gentibus
2255 3007 2522 3064 subsidia
2548 3007 2900 3078 ministrare,
2921 3025 3069 3080 opus
3091 3024 3224 3065 esse
3243 3009 3582 3076 honestum3

189 3119 523 3191 impellunt,
548 3126 613 3177 ut
634 3121 713 3176 illi
733 3136 1062 3182 occurrens,
1079 3122 1209 3191 ejus
1231 3124 1731 3192 praesumptuosos
1750 3135 1832 3175 re·
1861 3085 1907 3153 C
1945 3097 2145 3154 “mitis
2177 3097 2288 3152 ”ibi
2318 3098 2387 3152 ‘¹⁰
2417 3113 2595 3169 “³8⁰0
2618 3097 2889 3153 ⁰¹²5V0¹³0
2910 3097 3176 3169 ellim-⁰¹¹¹
3213 3097 3584 3170 peditumque

188 3210 443 3266 frenaret
471 3209 747 3281 impetus.
783 3210 890 3277 Qui
947 3225 1149 3265 eorum
1182 3209 1370 3264 verbis
1424 3208 1830 3279 acquiescens,

187 3310 416 3353 memor
444 3296 788 3367 injuriarum
819 3313 966 3369 quas
988 3297 1247 3367 veniens,
1269 3313 1336 3353 eo
1368 3296 1672 3353 transitum
1707 3313 1832 3368 pro-

187 3383 447 3454 hibente,
473 3385 811 3457 pertulerat,
835 3385 974 3441 illuc
997 3401 1128 3441 cum
1152 3387 1424 3441 omnibus
1446 3401 1594 3456 quas
1618 3385 1833 3443 habere

187 3473 379 3545 potuit
408 3473 615 3544 copiis.
650 3472 967 3530 contendit.
1003 3477 1239 3529 Factum
1285 3478 1376 3528 est
1423 3479 1641 3543 autem,
1674 3476 1826 3545 quod

188 3563 344 3619 circa
375 3561 856 3634 praenominatam
887 3562 1135 3635 Rugiam
1158 3562 1591 3627 convenientes,
1618 3563 1834 3617 instru-

184 3651 295 3707 ctis
348 3651 628 3723 utrinque
660 3651 915 3722 aciebus,
968 3650 1260 3709 hostiliter
1288 3651 1743 3708 committerent.
1775 3659 1832 3707 et

184 3740 286 3796 diu
309 3740 550 3813 ancipiti
576 3744 783 3796 eventu
799 3743 1290 3812 congrederentur
1311 3738 1658 3796 adinvicem.
1676 3738 1828 3794 Tan·

184 3830 317 3885 dem
352 3846 451 3885 rex
487 3829 674 3885 lactus
700 3829 989 3901 superior,
1024 3829 1295 3885 comitem
1329 3844 1461 3884 cum
1485 3828 1609 3884 suis
1641 3828 1699 3884 in
1735 3830 1831 3884 fu·

184 3933 317 3990 gam
348 3918 547 3986 vertit;
581 3922 639 3973 et
667 3917 949 3975 confectis
978 3917 1316 3990 agminibus
1360 3916 1575 3974 multos
1604 3919 1675 3972 de
1704 3919 1833 3987 eJus

186 4006 341 4079 cepit
362 4005 574 4061 militia
595 4022 739 4077 quos
769 4007 827 4063 in
862 4006 1092 4062 vincula
1111 4006 1429 4077 conjectos,
1458 4004 1828 4062 Antiochiam

186 4096 489 4170 perduxit;
525 4095 759 4152 tandem
793 4113 897 4169 per
926 4098 1080 4153 viros
1111 4097 1457 4166 industrios,
1519 4099 1577 4151 et
1630 4093 1831 4152 fideles

190 4185 348 4256 pacis
385 4186 753 4254 interpretes,
813 4186 1203 4243 reconciliatis
1233 4185 1555 4242 adinvicem
1616 4200 1748 4258 rege
1777 4192 1831 4242 et

188 4276 425 4335 comite.
454 4275 763 4346 resignatis
795 4277 993 4331 comiti
1041 4293 1187 4348 quos
1217 4294 1315 4333 rex
1345 4281 1575 4349 ceperat
1603 4279 1672 4332 de
1702 4277 1830 4333 suis

190 4361 505 4431 militibus,
542 4361 792 4436 regionis
835 4371 1018 4421 status
1049 4364 1108 4421 in
1142 4366 1440 4422 meliorem
1472 4365 1705 4421 videtur
1731 4367 1829 4421 de-

189 4450 419 4508 venisse
447 4453 595 4509 cond
631 4453 865 4510 tionem.
924 4455 1221 4512 Timentes
1251 4460 1447 4512 tamen
1506 4454 1666 4510 illius
1695 4472 1837 4526 pro-

189 4540 391 4597 vinciae
453 4543 880 4616 prudentiores,
928 4560 999 4601 ne
1051 4544 1286 4601 domino
1316 4558 1451 4617 rege
1479 4544 1547 4599 ad
1600 4544 1834 4616 propria

189 4645 446 4697 reverso,
490 4630 788 4687 intestinis
820 4632 974 4703 regio
1005 4635 1414 4688 concuteretur
1443 4629 1834 4687 seditionibus

193 4722 251 4775 et
278 4719 364 4775 sic
394 4718 662 4776 hostibus
683 4720 932 4792 amplior
960 4722 1030 4777 ad
1063 4720 1391 4776 nocendum
1417 4724 1635 4791 pateret
1664 4735 1836 4776 occa·

185 4807 295 4877 sio,
347 4825 541 4882 regem
589 4810 842 4881 profusis
893 4813 1135 4866 exorant
1197 4807 1488 4881 precibus,
1547 4813 1837 4879 quatenus

190 4915 416 4955 moram
447 4902 604 4974 apud
638 4918 737 4959 eos
767 4902 944 4959 faciat
965 4900 1305 4974 longiorem.
1330 4900 1447 4958 Rex
1477 4906 1672 4959 autem
1703 4919 1840 4959 oon·

186 4986 457 5044 siderans
494 5006 597 5061 per
634 4991 867 5049 Domini
900 4990 1361 5049 misericordiam
1379 5006 1628 5064 regnum
1660 5007 1835 5050 suum

183 5074 247 5132 in
281 5080 408 5133 tuto
452 5078 822 5149 collocatum,
874 5081 1043 5152 plena
1072 5079 1494 5151 tranquillitate
1551 5081 1833 5153 gaudere:

186 5170 244 5224 et
272 5182 404 5222 eam
436 5167 493 5223 in
526 5185 639 5239 qua
661 5174 805 5238 erat,
835 5169 1075 5226 rectoris
1098 5169 1417 5240 plurimum
1457 5167 1721 5240 indigere
1744 5185 1838 5240 pa-

187 5254 437 5312 troeinio
468 5255 790 5329 regionem,
823 5257 1071 5328 benigne
1101 5256 1341 5326 annuit;
1375 5262 1433 5314 et
1481 5260 1598 5312 tam
1632 5257 1834 5314 urbem

189 5359 366 5415 quam
388 5344 715 5415 adiacentia
744 5348 1042 5404 communi
1075 5362 1379 5420 procerum
1410 5345 1655 5402 consilio
1698 5362 1836 5403 con·

187 5445 334 5501 grue
365 5434 760 5491 moderamine
791 5434 1138 5506 disponens,
1186 5440 1467 5507 quautam
1500 5435 1676 5492 rebus
1708 5452 1839 5506 pro·

1944 3186 2198 3254 auxiliis,
2217 3187 2287 3241 ad
2313 3186 2424 3241 iter
2444 3186 2787 3258 accingitur,
2817 3185 3583 3246 illuecumomnicelerltate

1940 3277 2319 3334 contendens.
2353 3277 2622 3348 Dumque
2653 3276 2712 3332 in
2738 3276 3160 3348 proficiscendo
3181 3294 3318 3334 cum
3341 3281 3470 3336 sut.-
3486 3293 3583 3351 ag-

1944 3367 2204 3422 minibus
2231 3366 2509 3423 Sidonem
2570 3382 2758 3437 usque
2817 3365 3195 3438 pervenIsset,
3227 3382 3367 3425 ecce
3421 3384 3585 3425 soror

1941 3457 2088 3527 ejus,
2121 3455 2354 3513 domina
2383 3456 2611 3524 cecilia,
2644 3456 2956 3525 comitissa,
2997 3457 3185 3513 Pontii
3242 3457 3583 3531 Tripolitani

1942 3545 2171 3601 comitis
2202 3561 2362 3614 uxor,
2393 3545 2612 3600 flebilia
2641 3548 2893 3614 nuntiat,
2929 3546 3172 3602 dicens:
3211 3547 3580 3620 Sanguinem

1941 3633 2196 3705 Halapiae
2228 3634 2572 3706 principem,
2622 3635 2940 3691 Turcorum
2969 3635 3458 3707 potentissimum
3488 3654 3582 3693 sa-

1942 3725 2193 3794 trapam,
2225 3722 2285 3777 in
2328 3721 2704 3778 multitudine
2734 3722 2964 3778 virtutis
3013 3741 3132 3780 suoe
3188 3725 3250 3781 in
3310 3726 3580 3797 presidio

1941 3811 2195 3883 quodam
2226 3828 2356 3883 suo,
2387 3813 2478 3868 cui
2505 3812 2669 3870 Mons
2690 3813 3013 3870 Ferrandus
3037 3829 3274 3884 nomen,
3304 3816 3582 3873 maritum

1943 3917 2112 3957 suum
2145 3902 2461 3958 obsedisse.
2496 3904 2628 3957 Orat
2655 3917 2792 3975 ergo
2841 3906 2899 3958 et
2930 3903 3378 3974 urgentissima,
3411 3905 3586 3962 temi-

1944 4005 2053 4046 neo
2093 4006 2272 4058 more,
2330 3994 2492 4063 rogat
2553 3989 2854 4057 instantia,
2902 3996 3195 4064 quatenus
3251 3993 3479 4052 ceteris
3509 3995 3576 4051 ad

1942 4083 2177 4152 tempus
2208 4078 2430 4147 dilatis,
2463 4095 2594 4151 quae
2622 4096 2736 4136 non
2767 4085 2989 4137 tantam
3020 4080 3317 4154 exigerent
3335 4082 3580 4157 diligen-

1946 4168 2111 4237 tiam,
2143 4168 2410 4239 negotiis,
2448 4169 2656 4226 marito
2688 4169 2748 4225 in
2806 4170 3099 4242 angustiis
3129 4170 3326 4242 posito
3355 4177 3590 4229 mature

1946 4257 2273 4315 subveniat.
2305 4257 2484 4330 Cujus
2515 4257 2696 4313 nimia
2728 4274 2826 4314 rex
2850 4262 3042 4315 motus
3073 4259 3372 4328 instantia,
3407 4261 3582 4318 dilato

1945 4348 2016 4404 ad
2049 4347 2339 4403 modicum
2375 4347 2558 4418 priore
2586 4352 2799 4420 coepto,
2854 4347 2977 4404 illic
3007 4348 3210 4421 dirigit
3257 4350 3438 4421 acies,
3494 4367 3590 4407 as·

1865 4451 1914 4517 D
1946 4437 2196 4509 sumptis
2227 4436 2297 4491 de
2328 4437 2604 4492 comitatu
2637 4435 2960 4504 nonnullis,
2993 4437 3094 4510 qui
3123 4436 3312 4495 relicti
3360 4438 3588 4496 fuerant

1947 4527 2019 4582 de
2064 4525 2297 4583 comitis
2345 4525 2726 4597 expeditione,
2762 4525 3069 4582 militibus.
3102 4527 3367 4585 Audiens
3407 4528 3586 4602 igitur

1946 4615 2301 4686 sanguinus,
2329 4614 2634 4670 dominum
2680 4630 2876 4687 regem
2932 4616 3003 4671 ad
3054 4613 3400 4676 solvendam
3431 4618 3587 4675 ohsi-

1951 4704 2180 4760 dionem
2214 4718 2549 4777 properare,
2579 4701 2775 4758 habito
2806 4719 2935 4759 cum
2985 4704 3112 4761 suis
3149 4705 3421 4779 consilio,
3453 4705 3590 4780 quid

1948 4791 2147 4849 utilius
2166 4792 2478 4863 videretur,
2502 4791 2861 4848 obsidionem
2885 4793 3068 4864 gratis
3089 4793 3283 4863 solvit,
3303 4811 3445 4854 cum
3466 4796 3590 4853 suis

1946 4879 2296 4952 legionibus,
2328 4878 2400 4935 ad
2433 4879 2669 4952 propria
2699 4895 2984 4938 reversus.

1948 5083 2062 5138 Rex
2090 5077 2436 5135 Antiochiam
2455 4989 2966 5150 prossezffioxg'
3013 5081 3110 5152 qm·
3145 5084 3593 5138 convesci-autin

2016 5154 2210 5224 sugam
2227 5153 2420 5215 sertin
2439 5150 2674 5207 hostium
2687 5150 2887 5224 spoliis
2906 5149 3160 5208 ditantur
3172 5150 3522 5209 Antiocheni.

2017 5259 2163 5316 Hinc
2195 5258 2410 5331 itaque,
2468 5256 2707 5315 domino
2763 5259 2979 5315 comite
3035 5257 3272 5315 interim
3303 5259 3593 5330 expedito,

1947 5365 2048 5405 rex
2066 5350 2179 5404 ista
2207 5346 2604 5403 sollicitudine
2631 5345 2800 5414 liber,
2832 5348 2902 5405 ad
2947 5353 3200 5417 emptum
3233 5347 3387 5404 redit
3417 5363 3593 5420 opus,

1946 5445 2004 5493 et
2033 5435 2423 5505 Antiochiam,
2464 5436 2615 5492 sicut
2646 5437 2808 5510 prius
2839 5439 3232 5509 proposuerat,
3286 5437 3583 5493 natur-atis

191 5518 337 5592 prii·
383 5525 442 5577 et
478 5530 741 5582 exactam
801 5526 1014 5597 magis,
1046 5533 1111 5582 ut
1157 5526 1229 5581 ad
1281 5524 1573 5596 optimum
1603 5531 1835 5585 statum
1941 5526 2183 5584 festinat
2201 5525 2534 5584 itineribus.
2559 5525 2773 5585 Audito
2797 5527 2928 5600 ejus
2948 5526 3223 5598 adventu,
3267 5525 3591 5586 Antioche·
