3784 6000
285 164 480 226 -lm

1344 167 1413 226 B.
1451 164 1667 225 PETRI
1696 159 2217 223 emmaus
2258 160 2573 221 ABBATIS
2609 161 2736 221 vm

3613 162 3747 221 14oe

328 289 532 349 lorum
580 257 869 366 suffragia
902 294 1289 352 devotissime
1326 290 1609 367 quaeritis,
1638 305 1796 364 qnos
1845 288 1986 363 ipsa
2010 288 2059 345 Α
2164 285 2311 345 Orat
2323 295 2651 345 conventus
2660 286 3747 360 pontificemmesuoabbateffenrieo,

330 382 529 454 magis
553 388 752 441 vestro
788 383 1076 456 suffragio
1105 383 1467 441 sustentatis.
1499 384 1567 438 Et
1596 380 1753 438 unde
1782 383 1981 436 tantus

327 473 500 528 tenor
528 469 878 529 humilitatis
901 473 963 529 in
994 472 1242 546 virgine,
1273 471 1388 528 nisi
1413 470 1490 528 de
1513 484 1719 528 amore
1749 473 1805 525 et
1840 465 1979 524 imi-

330 561 551 618 tatione
571 559 747 628 illius,
764 561 868 635 qui
895 577 957 618 se
977 562 1178 635 ipsum
1207 559 1556 626 exinanivit,
1576 558 1743 615 nasci
1773 557 1979 628 digna·

332 653 428 706 tus
459 665 532 706 ex
558 649 784 723 virgine
811 651 842 707 t
870 654 1037 709 Nunc
1065 667 1232 723 ergo,
1280 651 1526 707 Domine
1552 650 1691 705 «lesu
1724 646 1975 716 Christe,

330 737 659 795 seminator
672 739 910 811 pietatis
926 740 1290 813 humilisque
1306 737 1562 805 consilii,
1577 737 1782 810 accipe
1803 735 1980 792 semi-

327 841 477 884 num
505 826 755 895 fructus,
780 844 935 902 quos
963 829 1024 886 in
1053 830 1340 887 Therasia
1368 827 1694 885 seminasti.
1721 826 1837 882 Vos
1864 839 1980 880 au-

284 938 291 943 ·
326 919 445 972 tem
462 916 963 974 excellentissima
976 919 1248 989 domina,
1264 933 1450 991 quam
1468 930 1764 989 supernus
1781 913 1981 971 Domi-

285 1029 288 1033 *
327 1019 443 1061 nus
467 1010 635 1062 tanta
661 1005 1076 1065 benedictione
1102 1007 1404 1081 proevenit‚
1427 1011 1494 1064 ut
1515 1005 1681 1078 prius
1707 1001 1979 1060 didiceri-

326 1093 400 1150 tis
419 1093 605 1151 coelos
630 1110 835 1152 amare
855 1110 1038 1168 quam
1064 1101 1305 1163 terram,
1324 1095 1481 1166 agite
1500 1093 1668 1167 quod
1683 1091 1877 1163 agitis,
1892 1089 1978 1147 di·

326 1180 489 1253 ligite
509 1183 676 1256 quod
697 1185 948 1241 amatis:
982 1189 1065 1252 ut,
1092 1189 1232 1258 post
1260 1183 1568 1258 praesentis
1592 1180 1797 1255 plorioe
1821 1178 1979 1235 flori-

326 1271 476 1328 dum
497 1272 921 1344 principatum,
948 1273 1392 1347 corruptibilem
1417 1272 1584 1345 regni
1604 1270 1786 1341 hujus
1810 1283 1978 1325 coro-

325 1375 473 1418 nam
509 1360 854 1433 incorrupto
882 1361 1222 1420 diademate
1249 1362 1650 1420 commutetis.
1684 1364 1979 1430 Pauperes

324 1465 466 1507 vero
480 1451 691 1507 fratres
709 1457 966 1517 nostros,
989 1453 1111 1509 imo
1126 1467 1199 1507 ex
1219 1456 1415 1509 vestra
1440 1448 1715 1508 familiari
1725 1453 1840 1504 tate
1846 1447 1977 1518 jam

324 1538 556 1604 divites,
576 1539 1036 1611 magnificentias
1061 1546 1290 1606 vestrae,
1314 1541 1494 1596 etiam
1505 1554 1643 1595 cum
1659 1553 1780 1593 non
1804 1551 1977 1608 opor·

2161 361 2270 430 qui
2334 358 2417 417 ad
2475 360 2833 416 Tolosanum
2884 358 3290 433 episcopatum
3338 359 3745 434 amabatur,

2161 429 2543 488 destituatur.

2164 536 2605 610 Discipulorum
2662 536 2876 595 Christi
2941 535 3220 610 exemplo
3270 536 3582 604 ducimur,
3640 540 3744 595 etc.

2100 624 2243 685 Vide
2267 625 2332 683 in
2355 624 2706 685 Alexandro
2737 625 2855 692 III,
2896 625 3000 682 ubi
3025 640 3235 697 supra.

2849 733 2982 789 XIV.

2089 829 2426 887 Conventus
2466 829 2867 892 Glaraevaltis.
2897 830 2979 887 ad
3006 844 3202 901 recem
3240 830 3654 888 Francorum.
3681 859 3743 873 —

2159 901 2305 958 Orat
2336 916 2553 974 reoem,
2578 916 2653 958 ne
2674 901 2986 971 permittat
3007 902 3278 959 abbatem
3297 916 3479 959 suum
3508 902 3627 959 sibi
3648 916 3741 959 au·

2153 972 2330 1044 ferm,
2369 979 2427 1031 et
2457 973 2816 1030 Tolosanum
2840 973 3177 1045 episcopum
3210 972 3521 1030 constitui.

2156 1096 2577 1170 Amplissimos
2605 1097 2784 1168 regite
2806 1096 3141 1154 dilectionis
3165 1095 3440 1166 affectus,
3478 1112 3638 1170 quos
3672 1097 3741 1154 sd

2086 1187 2398 1244 universas
2454 1185 2746 1243 Ecclesiae
2783 1185 2954 1256 regni
2998 1185 3177 1242 vestri
3215 1186 3297 1243 ob
3346 1185 3739 1243 reverentiam

2086 1276 2309 1333 summi
2328 1275 2504 1346 Regis
2528 1273 2887 1348 expanditis,
2910 1273 2988 1330 ad
3008 1273 3317 1332 cumulum
3345 1274 3740 1332 consuevistis

2087 1363 2334 1422 initiata
2364 1364 2520 1421 circa
2549 1379 2660 1421 nos
2688 1362 2996 1421 charitatis
3023 1363 3342 1433 asciscere,
3383 1367 3449 1421 ut
3489 1364 3737 1435 gratiam

2086 1453 2313 1510 caeteris
2335 1467 2410 1509 ex
2424 1459 2618 1509 vestra
2642 1452 2858 1526 pietate
2882 1467 3287 1518 communem,
3315 1451 3501 1509 nobis
3531 1451 3737 1510 faeere-

2085 1542 2159 1600 tis
2171 1541 2405 1615 absque
2417 1541 2670 1598 aliorum
2694 1541 3043 1613 praejudicio
3063 1540 3456 1612 singularem.
3471 1541 3570 1601 Sic
3583 1541 3730 1599 enim

328 1632 468 1700 teat,
511 1629 1033 1695 commendamus,
1070 1635 1370 1702 quatenus
1422 1633 1481 1685 et
1517 1643 1628 1685 nos
1663 1626 1820 1683 circa
1848 1623 1979 1680 illos
2013 1625 2057 1683 B
2088 1630 2430 1703 piissimum
2454 1635 2663 1701 pectus
2688 1634 2948 1686 vestrum
2970 1628 3731 1703 coelestisgratiaeopesam-

323 1722 592 1790 paternas
631 1717 1044 1774 sollicitudinis
1080 1717 1549 1790 comprobemus
1586 1714 1891 1782 affectum,
1922 1719 1980 1769 et

324 1807 498 1863 vobis
531 1821 757 1863 merces
780 1807 978 1878 operis
1002 1807 1358 1878 geminetur,
1373 1807 1422 1862 si
1445 1805 1609 1879 quod
1636 1801 1981 1861 ultroneali·

317 1894 631 1954 beralitate
679 1895 887 1966 facitis,
937 1896 1419 1954 commonitionis
1463 1908 1705 1969 quoque
1762 1897 1981 1950 nostrai

321 1983 667 2042 obedientia
693 1984 946 2042 faciatis.

1111 2112 1224 2170 xli.

327 2251 429 2308 Ad
449 2266 645 2322 reoem
676 2252 1064 2324 Portunatiat.
1083 2283 1152 2294 —
1178 2251 1349 2324 Reqis
1366 2251 1780 2316 humilitatem,
1807 2253 1982 2323 cujus

387 2330 731 2394 praeventus
759 2323 969 2382 litteris
992 2326 1223 2395 fuerat,
1247 2325 1640 2390 commendat,
1682 2339 1754 2381 ac
1782 2323 1846 2380 in
1876 2323 1984 2379 Or-

394 2394 592 2450 dinem
640 2395 990 2453 charitatem
1043 2412 1061 2451 :
1109 2402 1498 2469 acceptatque
1543 2395 1872 2453 eoenobium
1910 2395 1985 2452 de

400 2466 738 2523 castineria
759 2466 874 2523 sibi
909 2467 986 2524 ab
1014 2467 1213 2525 eodem
1243 2483 1381 2540 reae
1410 2467 1694 2525 oblatum.

395 2615 511 2671 Pioe
539 2614 907 2686 dignationis
944 2622 1160 2674 vestrae
1191 2618 1464 2688 gratiam,
1499 2634 1622 2691 qua
1662 2632 1775 2675 nos
1803 2616 1982 2688 regias

327 2702 702 2761 salutationis
748 2704 1019 2778 alloquio
1059 2707 1443 2777 proevenistis,
1482 2707 1674 2763 obviis
1720 2706 1983 2763 brachiis

324 2806 532 2866 pronas
570 2791 917 2850 humilitatis
956 2795 1377 2867 amplectimur
1413 2816 1427 2861 ς
1470 2796 1694 2866 gratias
1732 2800 1979 2867 agentes

324 2879 468 2947 Deo,
499 2882 606 2954 qui
631 2883 715 2938 sic
753 2898 861 2939 vos
901 2883 1039 2940 lecit
1059 2883 1249 2954 gloria
1277 2890 1527 2941 terrente
1548 2884 1854 2957 dignitatis
1881 2900 1981 2941 ex-

2086 1718 2373 1794 pliflcant,
2412 1721 2478 1774 ut
2504 1717 2771 1775 abundet
2808 1718 2867 1773 in
2894 1733 2965 1774 eo
2994 1717 3159 1792 quod
3192 1718 3554 1776 universitas
3591 1719 3728 1777 hau-

2087 1809 2237 1878 riat;
2264 1812 2318 1865 et
2364 1823 2485 1864 non
2523 1807 2678 1863 desit
2709 1806 2926 1874 eidem,
2957 1807 3121 1880 quod
3154 1806 3470 1865 familiaris
3509 1806 3731 1865 affectio

2084 1896 2218 1970 jure
2238 1896 2617 1970 proprietatis
2639 1895 2907 1953 invadat.
2932 1899 3048 1954 Nos
3066 1910 3209 1967 ergo
3233 1896 3519 1969 specialis
3544 1897 3735 1969 metite

2090 1986 2481 2060 praerogativa
2500 1983 2855 2056 gaudentes,
2870 1990 3038 2043 tanto
3060 1986 3327 2042 securius
3344 1986 3410 2042 in
3435 1986 3743 2043 necessita·

2090 2074 2247 2132 tibus
2266 2075 2485 2133 nostris
2514 2073 2591 2130 ad
2613 2073 2901 2131 thronum
2926 2079 3141 2131 vestrm
3163 2074 3502 2146 majestatis
3523 2074 3744 2133 accedi·

2092 2179 2253 2232 mus,
2301 2171 2531 2236 quanto
2570 2161 2841 2219 clarioris
2878 2163 3249 2220 certitudinis
3286 2169 3655 2234 argumenta
3680 2179 3744 2221 ex

2091 2253 2227 2323 ipso
2242 2251 2575 2309 dilectionis
2597 2250 2908 2323 privilegio
2929 2251 3059 2324 jam
3091 2258 3388 2308 tenemus.
3413 2255 3459 2310 N
3468 2267 3586 2309 unc
3612 2267 3743 2324 ergo

2093 2340 2424 2399 Claroevalli
2442 2346 2650 2398 vestrm
2672 2340 2977 2411 granditer
2992 2355 3104 2396 vos
3125 2339 3348 2397 adesse
3365 2356 3619 2398 necesse
3641 2348 3744 2399 est:

2092 2446 2228 2504 quoe
2250 2431 2579 2487 sihumano
2604 2429 2747 2502 proej
2757 2428 2957 2485 udicio
2973 2434 3279 2501 pastorem
3295 2445 3477 2486 suum
3492 2445 3739 2501 regnan·

2093 2518 2252 2578 tibus
2277 2518 2447 2576 vobis
2476 2517 2762 2583 amiserit,
2795 2533 2916 2574 non
2947 2523 3130 2575 restat
3157 2518 3211 2575 ei
3243 2517 3512 2591 amplius
3541 2520 3603 2575 in
3632 2534 3739 2591 quc

2090 2607 2394 2665 confidere
2428 2607 2579 2663 ultra
2624 2606 2700 2663 de
2738 2607 2980 2663 homine
3034 2607 3123 2663 vel
3163 2606 3302 2664 velit
3354 2607 3634 2677 omnino,
3667 2605 3742 2664 vel

2091 2697 2296 2770 possit.
2324 2696 2590 2754 Misimus
2618 2700 2819 2753 autem
2848 2695 3093 2751 nuntios
3123 2701 3360 2752 nostros
3391 2695 3473 2752 ad
3493 2712 3631 2765 vos,
3651 2691 3744 2768 qui

2090 2785 2376 2842 nimirum
2415 2790 2478 2841 ut
2510 2783 2716 2840 fideles
2755 2784 3158 2853 inveniantur,
3191 2799 3435 2841 necesse
3472 2793 3564 2840 est
3593 2800 3746 2842 com·

2088 2875 2314 2947 pletum
2335 2874 2423 2940 iri,
2452 2874 2620 2946 quod
2646 2874 2823 2931 nobis
2845 2888 2952 2946 per
2972 2889 3079 2930 eos
3098 2872 3176 2929 de
3201 2878 3406 2930 vestrm
3428 2874 3750 2945 protectio-

325 2969 575 3036 celsum,
593 2975 659 3027 ut
685 2972 880 3043 magis
901 2987 1107 3029 amore
1136 2973 1469 3032 coelestium
1495 2972 1848 3032 humilitatis
1867 2990 1979 3031 vos
2005 2986 2053 3048 c
2086 2963 2177 3020 1¹1⁸
2203 2961 3243 3035 ῐΰᾶδῠῑθθθῦῑῖᾶῑθδβθῦᾱῑδῑίθ·ΝΜ)
3258 2961 3749 3019 (ὶῡῑῐὶίΰῑῑδθὸῑῶ-

323 3058 526 3116 fecerit
574 3061 743 3132 apice
797 3061 1146 3133 gloriosum.
1191 3064 1285 3120 Sic
1329 3064 1491 3120 enim
1538 3062 1857 3130 humiliter,
1891 3065 1977 3120 sic

322 3146 585 3218 benigne
618 3155 812 3206 vestra
839 3166 904 3206 se
931 3151 1110 3207 nobis
1149 3151 1337 3224 gloria
1365 3152 1427 3209 in
1455 3153 1659 3210 litteris
1688 3168 1840 3226 quas
1871 3153 1979 3209 mi-

323 3236 480 3293 sistis
501 3237 799 3296 insinuat:
830 3243 894 3295 ut
915 3238 1162 3298 militem
1183 3241 1380 3313 potius
1401 3241 1714 3299 videantur
1738 3257 1976 3314 sonare,

321 3341 512 3400 quam
540 3326 868 3400 principem
890 3344 906 3382 z
927 3328 1046 3386 nisi
1067 3330 1234 3403 quod
1257 3329 1353 3388 ille
1369 3346 1505 3388 vere
1526 3337 1615 3388 est
1633 3332 1975 3388 eminentis·

322 3414 515 3471 simus
545 3416 937 3489 principatus,
965 3419 1069 3490 qui
1099 3417 1310 3476 Christi
1340 3420 1459 3477 fide
1487 3421 1747 3478 cernitur
1775 3427 1832 3477 et
1860 3421 1977 3477 hu·

320 3502 566 3560 militate
591 3504 1058 3563 subnixus..lam
1075 3522 1216 3565 vero
1231 3523 1385 3581 quas
1410 3508 1582 3566 vobis
1601 3508 1828 3565 litteras
1840 3507 1978 3565 red-

319 3590 526 3649 hibere
543 3594 890 3665 poterimus,
907 3595 1014 3668 qui
1035 3602 1450 3669 paupertatem
1468 3598 1716 3654 fratrum
1739 3604 1975 3655 nostro-

320 3697 457 3740 rum
491 3696 822 3755 pauperem
864 3698 994 3741 esse
1040 3701 1160 3742 non
1199 3685 1406 3750 sinitis.
1447 3702 1631 3761 quam
1677 3686 1974 3745 continuas

320 3768 730 3827 beneficentias
772 3771 952 3829 donis
1005 3778 1063 3830 et
1099 3775 1395 3847 protensis
1439 3775 1709 3833 locorum
1750 3776 1974 3834 finibus

320 3858 626 3932 ampliatis
646 3858 676 3915 ‘i
692 3861 954 3933 Intende,
969 3878 1341 3935 quaesumus.
1368 3865 1762 3932 Christe-lesu,
1776 3867 1973 3924 ethaec

320 3955 529 4006 sancta
557 3963 743 4022 opera
773 3949 951 4021 regias
980 3950 1160 4024 hujus
1189 3953 1426 4026 pietatis
1457 3960 1704 4028 accepta
1737 3974 1750 4014 :
1781 3960 1845 4012 ut
1867 3955 1972 4027 qui

319 4036 690 4111 pauperibus
722 4039 836 4095 tuis
860 4039 1113 4099 liberam
1144 4041 1337 4099 reddit
1366 4041 1546 4114 hujus
1573 4043 1774 4100 saeculi
1815 4044 1972 4100 solli-

318 4124 669 4198 citudinem,
682 4142 1009 4199 perennem
1020 4145 1158 4185 cum
1179 4130 1265 4186 eis
1276 4130 1765 4189 habeatindomo
1785 4132 1972 4189 Patris

317 4214 402 4271 tui
432 4217 534 4271 tuo
561 4230 809 4272 munere
851 4218 1251 4276 mansionem.
1284 4221 1401 4277 Nos
1429 4235 1673 4294 quoque
1697 4236 1807 4294 pro
1841 4237 1975 4279 mo-

317 4301 459 4359 dulo
490 4310 719 4372 nostro,
751 4305 1015 4377 piissime
1057 4308 1358 4381 princeps,
1398 4308 1828 4367 benevolentiis
1869 4324 1974 4367 ve·
2004 4314 2049 4373 D

296 4393 458 4448 strae
476 4390 714 4449 divitias
734 4400 1108 4461 venerantes,
1131 4395 1500 4455 oblationem
1529 4399 1875 4456 monasterii
1896 4398 1972 4456 de

297 4480 664 4548 -castineria,
705 4483 871 4555 quod
905 4483 1022 4556 pite
1059 4484 1359 4556 religionis
1388 4502 1594 4544 amore
1630 4488 1691 4544 in
1741 4488 1970 4546 ordinis

317 4570 505 4627 nostri
528 4571 761 4628 titulum
783 4574 1183 4632 transcribere
1196 4576 1521 4647 cogitastis,
1544 4583 1848 4647 gratanter
1867 4593 1970 4635 ac-

315 4658 577 4731 cipimus
604 4675 618 4716 :
651 4667 995 4734 promptam
1024 4671 1296 4734 gerentes
1322 4666 1382 4721 in
1413 4667 1664 4723 Domino
1694 4666 1966 4724 volunta-

315 4751 458 4815 tem,
505 4752 567 4806 ut
595 4765 734 4806 cum
773 4750 967 4808 abbas
1002 4751 1116 4810 loci
1157 4754 1397 4823 venerit,
1442 4754 1899 4813 subventionem
1931 4771 1968 4812 a

315 4836 493 4894 nobis
520 4840 581 4894 et
606 4854 787 4913 opem
806 4840 1052 4914 recipiat
1082 4850 1534 4912 congruentem.
1561 4845 1733 4910 Quod
1763 4849 1966 4902 autem

317 4924 395 4983 ad
420 4926 763 4984 orationum
794 4929 1045 5002 pertinet
1073 4930 1363 5003 suffragia
1380 4949 1518 5006 quas
1545 4934 1790 5007 petistis,
1816 4950 1967 4991 nun-

312 5014 463 5088 quid
483 5017 728 5089 potestis
739 5016 1040 5075 bonorum
1069 5027 1409 5079 nostrorum
1434 5038 1556 5079 non
1576 5038 1708 5079 esse
1734 5022 1966 5094 partici-

311 5118 441 5177 pes,
460 5105 684 5176 quibus
709 5106 768 5162 in
796 5110 1027 5165 tantum
1049 5125 1260 5166 sumus
1283 5126 1391 5184 pro
1420 5115 1587 5169 tanta
1610 5112 1966 5169 benevolen-

315 5192 397 5250 tia
423 5191 728 5252 debitores
754 5194 786 5252 ¹?

1068 5323 1206 5380 xlll.

315 5438 651 5501 conventus
673 5442 1169 5516 Claraevactisad
1180 5463 1407 5521 papam
1428 5449 1870 5508 Alexandrum.
1891 5480 1963 5493 —

2087 3052 2240 3110 nalis
2265 3051 2525 3124 qualiter
2552 3049 2889 3124 impleverit
2915 3051 3081 3124 quod
3111 3051 3412 3123 promisit,
3437 3051 3744 3124 inopinata

2085 3141 2417 3198 mutatione
2454 3144 2581 3197 tam
2615 3140 2842 3196 itineris
2883 3155 3072 3213 quam
3114 3138 3443 3198 voluntatis
3465 3140 3739 3198 ostendit.

2087 3231 2370 3301 Superest
2389 3229 2589 3300 igitur,
2615 3228 2832 3286 utfidei
2854 3233 3067 3285 vestras
3101 3229 3418 3286 sinceritas
3435 3244 3621 3303 opem
3649 3245 3740 3286 nc-

2086 3318 2179 3376 bis
2197 3317 2489 3376 fraudstae
2506 3315 2938 3374 consolationis
2963 3318 3275 3383 instauret,
3294 3317 3624 3375 scribendo
3643 3316 3736 3374 dc-

2086 3407 2254 3464 mino
2288 3423 2486 3480 papie,
2519 3411 2584 3462 ut
2622 3407 2683 3462 in
2726 3407 2837 3462 hoc
2866 3405 3290 3463 exterminium
3323 3405 3495 3477 pacis
3539 3411 3735 3464 nostre

2084 3510 2281 3569 neque
2310 3495 2788 3559 nuncassentiat,
2801 3510 2997 3567 neque
3014 3494 3075 3552 in
3092 3499 3404 3567 posterum
3433 3494 3532 3567 cuj
3543 3495 3738 3551 uslibet

2083 3583 2366 3642 desolatae
2394 3583 2674 3641 Ecclesiae
2705 3599 2883 3640 voces
2912 3584 2974 3640 in
2999 3584 3504 3641 consuetudinem
3536 3590 3733 3641 nostru

2083 3673 2439 3731 turbationis
2489 3672 2785 3730 admittat.
2819 3672 3171 3746 Improbum
3225 3687 3497 3745 namque
3544 3681 3654 3739 est,
3688 3675 3734 3728 st

2083 3762 2270 3820 sacris
2294 3761 2532 3834 legibus
2550 3761 2953 3829 interdictum,
2969 3767 3033 3820 ut
3058 3761 3197 3835 quis
3224 3776 3368 3817 cum
3385 3760 3730 3819 detrimento

2077 3850 2476 3926 locupletetur
2520 3850 2783 3908 alterius.
2816 3850 2881 3907 Et
2934 3864 3047 3907 nos
3084 3856 3243 3907 certe
3290 3865 3403 3922 pro
3435 3850 3594 3908 utilis
3628 3849 3733 3907 els-

2080 3941 2274 3998 ctione
2299 3938 2556 4013 pastoris
2582 3938 2804 3995 frustra
2819 3938 3093 3995 videmur
3118 3938 3321 3995 studio
3346 3939 3588 3997 devota
3610 3954 3728 3996 ora·

2079 4030 2255 4088 tionis
2293 4030 2583 4095 insistere,
2618 4028 2667 4085 si
2703 4044 2776 4084 ex
2815 4043 2926 4084 usu
2968 4025 3280 4099 contingat
3335 4033 3580 4085 nostras
3632 4043 3728 4085 nos

2077 4117 2381 4191 lacrymas
2439 4116 2648 4175 alienis
2694 4115 2895 4190 potius
2952 4115 3474 4180 consolationibus
3529 4115 3725 4192 prolu-

2079 4208 2265 4266 disse.

2849 4304 2938 4361 XV

2083 4406 2417 4464 Conventus
2474 4399 2878 4465 claraevallis,
2930 4398 3014 4458 ad
3065 4400 3372 4456 dominum
3428 4400 3722 4459 cadom

2149 4474 2663 4534 archidiaconum.
2686 4502 2756 4516 —
2772 4472 3020 4529 Moleste
3041 4486 3102 4529 se
3116 4472 3283 4543 ferre
3302 4472 3410 4538 ait,
3438 4473 3607 4545 quod
3618 4487 3721 4529 non

2144 4547 2407 4619 potuerit
2446 4546 2575 4616 ejus
2613 4543 2947 4600 visitatione
2997 4542 3288 4601 honorari
3319 4559 3334 4611 ;
3383 4549 3444 4601 et
3485 4549 3716 4603 mortem

2142 4618 2369 4691 prioris
2396 4617 2493 4672 sui
2517 4614 2780 4672 nuntiat.

2145 4736 2332 4806 Digne
2349 4731 2594 4805 quidem
2627 4729 2943 4803 prudentia
2971 4733 3094 4798 tua,
3120 4729 3225 4787 sed
3260 4745 3384 4787 non
3418 4729 3624 4788 minus
3648 4728 3720 4788 di·

2075 4829 2327 4897 gnanter
2364 4826 2626 4887 excusat,
2658 4819 2825 4893 quod
2862 4817 3079 4891 regalis
3106 4817 3383 4892 obsequii
3414 4817 3717 4877 functioni·

2073 4914 2191 4972 bus
2212 4915 2562 4984 occupatus,
2579 4909 2938 4982 promissam
2962 4907 3136 4965 nobis
3155 4906 3458 4964 adventus
3480 4908 3568 4965 tui
3588 4906 3717 4964 laeti·

2076 5004 2219 5059 tiam
2246 5005 2464 5059 statuto
2490 4997 2769 5055 exhibere
2795 5002 3064 5070 tempore
3093 4995 3435 5070 nequivisti.
3468 4995 3620 5054 lllud
3648 5001 3714 5053 la·

2073 5106 2214 5151 men
2233 5093 2469 5163 oportet
2494 5102 2821 5159 agnoscas;
2846 5085 3011 5158 quod
3029 5084 3336 5142 excusatio
3355 5083 3478 5142 ista
3498 5101 3622 5144 non
3641 5100 3715 5141 sa·

2074 5178 2292 5240 tisiacit
2314 5177 2485 5243 votis,
2516 5176 2747 5233 etiamsi
2780 5174 3050 5232 videatur
3076 5171 3437 5231 satisfecisse
3462 5173 3713 5247 iudiciis,

2071 5286 2146 5329 eo
2172 5267 2338 5344 qnod
2361 5264 2665 5324 charitatis
2689 5263 3001 5322 affectibus
3030 5277 3153 5321 non
3184 5261 3546 5336 proscribit,
3557 5261 3715 5339 quid·

2072 5358 2221 5434 quid
2231 5354 2607 5429 improvidus
2629 5350 2807 5411 casus
2829 5350 3452 5427 quantumlibetjuste
3474 5351 3712 5411 necessi·

2072 5450 2207 5509 tatis
2236 5443 2545 5504 invexerit.
2584 5442 2738 5512 Quid
2763 5442 2928 5500 enim
2957 5442 3008 5500 si
3044 5456 3169 5500 non
3195 5439 3400 5518 possis
3429 5441 3714 5518 expuam
3783 5451 3784 5532 ἒ
