3784 6000
104 124 227 186 721

549 116 753 179 HIST.
800 115 1077 179 RERUM
1120 112 1658 196 mansuum.
1702 146 1781 160 —-
1824 111 1975 176 ΜΒ.
2020 114 2235 180 xvtu.
2280 115 2735 183 BALDUINUS
2780 117 2866 182 111
2908 118 3088 182 REX.

3404 119 3525 182 '222

104 260 168 316 et
217 255 435 313 tactim
486 254 599 312 est.
642 251 760 310 Rex
805 249 962 308 enim
1010 263 1125 307 aare
1169 250 1449 324 gravatus
1491 246 1682 307 alieno
1710 249 1769 305 et
1793 250 1855 320 Α
1877 248 1953 306 ad
1982 248 2166 306 multa
2197 249 2502 323 sequentia
2528 253 2795 325 tempora
2821 251 3161 312 necessariis
3191 253 3525 312 communi-

108 342 315 404 multis
364 339 659 414 obligatus
706 336 944 405 debitis,
976 352 1110 394 cum
1166 352 1285 393 non
1325 334 1565 393 haberet
1609 335 1761 393 unde

106 430 497 491 oreditoribus
525 428 865 490 satisfacere
916 429 1136 499 posset,
1169 424 1605 496 procliviue,ad
1651 424 1762 482 hoc

107 526 175 581 ut
205 534 560 595 quocunque
608 518 782 574 modo
841 532 905 573 se
936 514 1251 586 expediret,
1284 512 1544 587 patulam
1571 513 1763 585 pravis

105 607 515 666 incentoribus
563 619 763 663 aurem
822 601 1095 677 praebuit,
1126 605 1185 660 et
1232 616 1426 659 eorum
1477 599 1764 674 acquievit

106 695 627 773 suggestionibus;
659 709 797 751 nam
819 696 953 767 post
973 691 1289 749 consilium
1317 689 1518 748 abiens
1548 690 1763 762 impio-

104 804 264 860 rum,
316 788 635 846 convocata
680 782 915 852 militia,
949 785 1186 855 repente
1217 780 1389 837 irruit
1430 794 1610 851 super
1636 795 1759 849 eos,

103 879 498 950 incautosque
521 879 580 932 et
606 870 755 930 nihil
785 871 898 928 tale
926 876 1192 929 verentes
1222 869 1547 941 reperiens,
1576 868 1761 926 hosti-

102 967 241 1026 liter
271 966 423 1024 circa
462 981 564 1024 eos
604 965 886 1032 versatus,
919 960 1047 1019 suis
1075 958 1348 1032 exposuit
1376 959 1437 1016 in
1479 958 1760 1031 direptio-

105 1073 247 1115 nem
272 1074 289 1126 ;
323 1055 426 1129 qui
455 1055 613 1112 enim
643 1067 715 1110 ex
758 1052 843 1108 eis
868 1057 967 1109 aut
995 1065 1282 1123 equorum
1313 1049 1405 1105 usi
1435 1047 1759 1116 velocitate,

104 1148 245 1219 fuga
273 1144 453 1204 saluti
480 1143 788 1204 consulere
831 1144 1183 1214 potuerunt3
1233 1144 1335 1196 aut
1363 1139 1642 1196 silvarum
1674 1137 1761 1194 la-

105 1235 292 1294 tebris
321 1233 547 1292 hostem
580 1232 894 1301 declinare,
938 1230 1071 1303 ipsa
1113 1229 1453 1287 necessitate
1495 1227 1759 1294 docente,

102 1326 477 1398 satagerunt,
507 1321 642 1379 vito
671 1319 951 1380 reservati
982 1322 1126 1376 sunt
1156 1334 1170 1375 :
1206 1316 1453 1390 reliquis
1481 1314 1760 1373 omnibus

103 1419 209 1471 aut
240 1411 451 1470 occisis
481 1410 695 1484 gladio.
729 1412 832 1467 aut
871 1409 1031 1464 durae
1060 1407 1332 1465 servituti
1388 1403 1756 1480 mancipatis.

104 1503 287 1562 Facta
313 1506 405 1559 est
432 1501 613 1575 igitur
641 1497 1051 1557 manubiarum
1074 1502 1130 1555 et
1147 1497 1353 1570 praedae
1375 1499 1539 1553 tanta
1556 1498 1756 1552 ettam

101 1591 376 1651 inaudita
403 1589 743 1657 multitudo,
774 1597 838 1645 ut
865 1604 970 1660 par
998 1588 1053 1645 ei
1080 1587 1139 1644 in
1171 1585 1385 1644 nostris
1420 1583 1756 1658 regionibus
1789 1631 1843 1698 B

103 1699 226 1741 non
250 1680 480 1739 dicatur
507 1680 709 1738 fuisse.
733 1677 929 1735 Cuivis
958 1677 1029 1733 de
1054 1674 1435 1750 popularibus
1459 1677 1517 1731 et
1545 1673 1618 1730 de
1642 1671 1759 1745 ple-

101 1771 254 1841 beis,
285 1785 573 1844 equorum
603 1768 664 1825 ln
695 1772 909 1826 sortem
941 1765 1227 1825 ceciderat
1259 1778 1545 1821 numerus
1576 1761 1763 1818 maxi-

102 1876 278 1932 mus3
301 1875 406 1918 uec
428 1863 627 1918 tamen
653 1858 869 1915 nostris
886 1855 957 1912 ad
975 1855 1233 1927 aliquem
1248 1852 1439 1926 gloriae
1461 1851 1547 1910 vel
1572 1850 1763 1909 laudis

111 1950 506 2026 propagando
527 1947 761 2007 titulum
802 1946 1018 2004 ascribi
1047 1949 1257 2019 potest,
1287 1958 1423 2001 cum
1455 1940 1615 2015 pacis
1644 1940 1761 1997 vio·

111 2041 336 2098 latores
363 2042 423 2097 et
448 2038 780 2098 effractores
809 2034 1063 2103 foederis,
1086 2032 1353 2090 homines
1384 2031 1670 2099 incautos,
1692 2029 1763 2086 de

111 2130 273 2204 regis
317 2129 507 2203 gratia
553 2129 995 2201 presumentes,
1029 2125 1169 2179 dum
1201 2138 1317 2179 non
1367 2124 1521 2177 esset
1551 2120 1651 2193 qui
1678 2119 1763 2175 eis

110 2219 429 2284 resisteret,
457 2216 606 2276 male
651 2231 754 2290 pro
802 2212 1039 2272 arbitrio
1080 2212 1493 2269 tractaverunt.
1526 2209 1634 2265 Sed
1666 2208 1760 2279 ju-

110 2311 246 2366 stus
273 2307 588 2365 retributor
634 2304 937 2373 Dominus,
972 2304 1124 2359 Deus
1174 2300 1485 2369 ultionum,
1514 2314 1627 2355 non
1660 2296 1761 2354 diu

110 2412 327 2470 passus
353 2402 442 2454 est
480 2411 586 2453 nos
634 2399 756 2452 tam
797 2392 1069 2465 turpibus
1098 2388 1513 2448 emolumentis
1539 2385 1759 2455 laetari5

109 2488 215 2546 sed
243 2487 582 2561 significans
627 2484 785 2558 quod
830 2483 1006 2540 etiam
1040 2479 1379 2537 infidelibus
1427 2476 1564 2534 fidei
1594 2480 1762 2533 tenor

109 2576 515 2635 observandus
535 2575 612 2634 sit
634 2573 918 2640 illibatus,
941 2572 1001 2628 in
1036 2573 1297 2627 nostram
1326 2564 1757 2632 confusionem,

107 2671 171 2725 et
193 2664 494 2724 commissi
513 2663 777 2722 criminin
792 2675 1020 2735 poenam
1040 2659 1337 2715 adducens
1354 2671 1491 2713 cum
1512 2670 1579 2713 eo
1595 2652 1763 2711 ultio-

111 2771 270 2827 nem,
278 2772 382 2829 pro
402 2754 677 2814 omnibus
701 2751 950 2826 peccatis
975 2748 1193 2808 nostris
1206 2744 1460 2806 reddidit
1478 2743 1757 2817 duplicia,

109 2850 167 2905 et
194 2845 581 2920 multiplicato
631 2845 848 2915 fenore,
877 2838 1080 2898 intulit
1115 2836 1543 2903 confusionem,
1584 2831 1759 2891 sicuti

110 2936 175 2993 in
205 2935 591 3010 aequantibus
618 2934 868 2991 dicetur.

111 3152 425 3223 flenti-edus
465 3151 906 3208 constabularius
953 3147 1145 3202 urbem
1209 3142 1616 3201 Ponecdenssm
1657 3154 1760 3212 pro

181 3233 341 3298 parte
385 3222 643 3290 dimidio,
691 3219 1079 3292 Hospitaloriis
1131 3214 1421 3275 concedit:
1467 3214 1681 3285 capitur
1724 3227 1761 3267 a

183 3297 464 3355 Norcdino
509 3293 818 3351 subsidium
863 3289 1009 3364 quod
1051 3288 1415 3358 inferebatur,
1464 3291 1515 3341 et
1560 3283 1760 3341 civitas

187 3368 492 3427 obsidetur.

184 3474 581 3532 Nihilominus
627 3471 805 3529 etiam
844 3486 947 3543 per
991 3467 1228 3527 eosdem
1265 3465 1403 3530 dies,
1435 3462 1761 3520 Henfredus

112 3566 185 3623 de
211 3563 465 3635 Tot-ono,
481 3563 677 3637 regius
698 3558 1188 3626 constabularius,
1207 3570 1345 3613 cum
1367 3569 1520 3626 saepe
1543 3551 1760 3608 dictam

113 3653 322 3712 urbem
353 3652 706 3721 Paneadem,
738 3666 871 3724 quoe
899 3649 1027 3720 ejus
1062 3650 1188 3704 erat
1225 3641 1593 3701 hoereditaria
1620 3657 1763 3715 pos-

111 3742 323 3813 sessio,
356 3741 691 3814 sumptibus
732 3745 789 3797 et
816 3755 959 3796 cura
1000 3736 1281 3794 continua
1311 3734 1608 3805 fatigatus,
1632 3733 1760 3803 jam

112 3832 278 3892 solus
303 3833 607 3916 commode
636 3843 831 3903 regere
859 3832 917 3885 et
935 3840 1278 3884 conservare
1307 3839 1425 3880 non
1456 3825 1676 3894 posset,
1691 3820 1761 3876 de

114 3936 408 3981 consensu
438 3920 663 3978 domini
683 3919 859 3992 regis,
893 3912 1322 3975 cumfratribus
1352 3909 1664 3984 Hospitalis
1693 3924 1762 3965 ex

13 4038 22 4046 ·
114 4028 284 4085 siquo
301 4010 629 4084 dividit,;ita
649 4014 716 4067 ut
736 4009 883 4066 totiu
905 4004 1159 4064 civitatis
1193 4007 1251 4060 et
1288 4000 1758 4060 suburbanorum

113 4101 381 4160 omnium
417 4100 626 4157 tratres
674 4096 933 4172 praedicti
981 4094 1265 4151 habentes
1292 4087 1628 4156 dimidium,
1651 4086 1762 4144 im-

115 4205 329 4265 pensas
352 4193 474 4248 tam
506 4188 679 4246 utiles
700 4201 875 4260 quam
899 4181 1260 4242 necessarias
1288 4195 1357 4238 ex
1384 4176 1629 4235 dimidio
1650 4175 1758 4233 mi-

114 4281 452 4352 nistrarent,
473 4277 720 4338 civitatis
746 4294 850 4350 pro
871 4280 1036 4348 parte
1064 4273 1247 4331 altera
1275 4269 1532 4329 debitam
1562 4283 1762 4341 geren·

115 4368 706 4429 tessellicitudinem.
737 4367 874 4424 Erat
919 4369 1114 4421 autem
1165 4361 1371 4418 civitas
1417 4360 1479 4416 in
1509 4357 1760 4415 confinio

114 4458 381 4519 bostium
423 4459 637 4535 posita,
683 4456 887 4529 eisque
930 4452 1100 4512 valde
1147 4447 1533 4517 contermina,
1577 4445 1662 4502 ita
1701 4449 1765 4502 ut

114 4548 286 4619 nulli,
310 4547 427 4606 uisi
455 4549 518 4605 iu
547 4562 725 4603 manu
758 4545 914 4611 forti,
937 4547 1040 4604 aut
1067 4538 1430 4600 clandestino
1460 4535 1642 4595 nimis
1662 4534 1764 4592 iti-

115 4653 259 4698 nere
287 4637 608 4708 accedenti,
640 4650 913 4694 accessus
959 4631 1047 4690 vel
1077 4631 1370 4688 discessus
1395 4626 1534 4685 inde
1568 4627 1767 4698 posset

117 4727 530 4798 esse,nisicum
552 4723 1073 4799 periculo.Factum
1093 4725 1184 4778 est
1221 4723 1440 4786 autem,
1453 4719 1763 4789 postquam

121 4817 390 4893 predicti
416 4818 626 4875 tratres
657 4815 949 4873 civitatem
972 4811 1108 4869 inde
1127 4824 1297 4867 suam
1317 4823 1422 4880 pro
1451 4809 1617 4880 parte
1635 4819 1767 4861 sus-

123 4910 424 4983 ceperunt,
456 4911 525 4966 ut
565 4904 930 4979 congregatis
975 4901 1407 4969 alimentorum,
1439 4909 1764 4960 armorum,

121 5000 381 5059 virorum
400 4997 602 5072 copiis,
626 4996 818 5055 locum
840 4997 997 5050 certa
1017 4991 1111 5049 die
1130 4985 1468 5061 diligentius
1488 4998 1764 5043 commu-

122 5092 254 5151 nire
280 5093 555 5149 curarent
586 5103 603 5144 ε
635 5084 991 5155 collectoque
1022 5078 1274 5138 maximo
1299 5077 1372 5135 ad
1402 5072 1762 5148 propositum

120 5181 454 5243 sufficiente
474 5176 910 5245 camelorum,et
929 5169 1400 5230 omnimodorum
1423 5162 1765 5221 animalium

117 5276 193 5333 ad
227 5271 489 5332 sucinos
518 5266 991 5342 deputandorum
1028 5259 1332 5328 comitatu,
1353 5254 1535 5314 simul
1561 5257 1623 5312 et
1653 5251 1767 5310 mi-

117 5363 272 5433 litia,
302 5377 432 5435 qun
474 5373 708 5418 omnem
738 5354 902 5414 illam
936 5348 1360 5425 expeditionem
1393 5344 1676 5403 violenter
1704 5342 1766 5400 in

121 5451 333 5515 urbem
362 5447 823 5518 huoducersnt,
843 5443 919 5507 ad
947 5442 1143 5503 locum
1169 5436 1542 5506 accedebant,
1563 5432 1767 5495 urbem

1876 336 2015 393 turi.
2049 338 2317 410 Dumque
2346 338 2767 410 proficiscendo
2795 355 2932 397 cum
2962 339 3239 397 omnibus
3269 339 3521 413 impedi-

1869 426 2087 483 mentis
2115 426 2240 483 suis
2271 427 2403 483 urbi
2425 429 2984 503 appropinquarent,
3011 445 3144 488 ecce
3170 430 3394 502 hostes,
3413 446 3517 488 eo-

1868 531 2001 572 rum
2032 516 2279 574 adventu
2319 518 2691 591 proecognito,
2723 519 2806 575 eis
2825 522 3215 588 occurrentes,
3228 518 3517 578 instantes

1868 603 2102 677 gladiis,
2132 604 2298 663 caesis
2327 622 2398 663 ex
2426 607 2511 664 eis
2540 623 2714 680 quam
2747 607 3032 680 pluribus,
3064 623 3274 681 agmen
3302 607 3515 666 dissol-

1869 699 2036 764 vunt,
2066 697 2288 753 caeteris
2318 700 2515 753 autem
2547 697 2682 768 ruga
2709 696 2838 754 vitae
2869 703 2928 754 et
2955 697 3134 755 saluti
3162 696 3518 756 consulenti·

1869 782 2002 853 bus,
2043 785 2308 842 sarcinas
2357 790 2647 857 occupant
2671 806 2686 856 ς
2747 788 2849 857 qui
2889 787 3139 860 effugere
3190 790 3514 860 nequeunt,

1868 872 2123 929 hostium
2151 874 2438 930 instantia
2480 876 2778 947 proeventi,
2808 880 2910 932 aut
2938 875 3154 949 gladiis
3200 875 3514 945 intereunt,

1868 966 1972 1017 aut
1985 961 2232 1019 vinculis
2249 962 2902 1037 mancipantur.Sicque
2917 979 3042 1038 qun
3054 981 3158 1038 pro
3170 964 3518 1023 instruenda

1868 1045 2102 1106 civitate
2123 1054 2401 1124 congesta
2421 1050 2672 1112 ruerant.
2690 1052 2750 1108 in
2780 1051 2910 1123 eJus
2933 1050 3226 1110 laesionem
3246 1050 3517 1109 hostibus

1868 1146 2009 1196 sunt
2039 1157 2339 1199 concessa.
2373 1142 2535 1214 Soepe
2563 1146 2752 1198 autem
2782 1143 3068 1200 nominati
3099 1144 3330 1209 iratres,
3351 1141 3517 1198 simi-

1866 1227 2013 1284 lium
2043 1246 2288 1287 casuum
2322 1231 2701 1288 formidantes
2730 1231 3110 1304 dispendia,a
3141 1233 3331 1305 pactis
3369 1231 3517 1292 resi·

1865 1316 2075 1377 lientes
2095 1319 2259 1392 prius
2280 1319 2534 1394 placitis,
2558 1322 2760 1379 urbem
2782 1337 2918 1379 cum
2940 1322 3063 1379 suis
3082 1325 3203 1379 tam
3239 1320 3517 1381 oneribus

1867 1423 2047 1480 quam
2078 1408 2512 1479 emolumentis,
2536 1408 2778 1467 domino
2807 1409 3239 1469 constabulario
3258 1410 3520 1484 resigna-

1865 1506 2092 1553 verunt.
2116 1503 2229 1555 Nec
2249 1513 2432 1567 mora,
2447 1503 2677 1572 sumpta
2694 1516 2764 1557 ex
2784 1505 3038 1573 tempore
3056 1499 3513 1573 opportunitate,

1868 1588 2310 1659 Noradinus,ex
2329 1589 2604 1662 praedicto
2625 1607 2904 1649 successu
2957 1591 3144 1649 factus
3164 1588 3392 1657 elatior,
3406 1605 3517 1663 ap-

1869 1676 2067 1751 posuit
2083 1677 2350 1736 eamdem
2374 1677 2601 1749 urbem,
2615 1695 2756 1737 casu
2774 1680 3047 1753 praedicto
3068 1682 3518 1746 consternatam,

1872 1767 2136 1825 obsidere
2167 1785 2182 1825 :
2235 1773 2665 1842 convocataque
2714 1769 2925 1827 militia
2956 1779 3014 1828 et
3043 1768 3332 1827 machinis
3356 1785 3515 1828 com-

1870 1857 2135 1930 portatis,
2165 1874 2236 1915 ex
2282 1858 2593 1930 improviso
2631 1863 2768 1918 ante
2799 1859 3002 1917 urbem
3051 1858 3403 1926 consistens,
3433 1858 3520 1917 lo·

1870 1945 2017 2004 catis
2045 1947 2385 2019 agminibus
2421 1963 2524 2021 per
2552 1962 2779 2020 gyrum,
2809 1964 2941 2006 eam
2982 1946 3162 2006 vallat
3189 1947 3516 2007 obsidione.

1870 2035 2011 2092 Erat
2038 2040 2235 2093 autem
2268 2036 2328 2094 in
2355 2042 2521 2109 parte
2550 2037 2805 2095 civitatis
2835 2037 3195 2110 presidium,
3223 2038 3518 2096 munitum

1869 2124 2191 2182 admodum
2238 2124 2432 2194 armis,
2472 2124 2634 2197 viris,
2677 2130 2737 2183 et
2784 2142 2888 2199 pro
2940 2125 3219 2197 temporis
3247 2125 3515 2195 articulo,

1868 2215 2261 2285 victualibus;
2297 2216 2354 2272 in
2386 2232 2501 2288 quo
2533 2220 2761 2289 poterat
2787 2233 2919 2274 esse
2938 2217 3164 2274 civibus
3186 2217 3515 2276 secuudum

1869 2308 2040 2377 capta
2069 2305 2213 2361 urbe
2241 2304 2552 2377 refugium.
2584 2305 2806 2362 Tamen
2826 2309 3246 2377 praesumentes
3275 2305 3349 2363 de
3374 2306 3515 2363 civi-

1870 2394 2005 2452 tatis
2035 2394 2385 2464 munimine,
2411 2399 2472 2451 et
2499 2395 2655 2468 quod
2683 2395 2903 2452 similia
2948 2395 3162 2469 saepius
3193 2396 3424 2454 lucrant
3450 2397 3513 2454 in

1867 2500 1938 2541 ea
1962 2484 2245 2558 perpessi,
2270 2485 2472 2541 urbem
2494 2484 2665 2552 tueri,
2689 2487 2863 2556 atque
2882 2499 2987 2557 pro
3005 2498 3075 2541 ea
3094 2483 3337 2542 viriliter
3355 2488 3512 2543 stare

1867 2574 2287 2643 decreverunt3
2339 2574 2806 2646 potuissentque,
2855 2574 3004 2632 votis
3049 2589 3329 2641 consone,
3376 2592 3509 2634 eam

1868 2678 2243 2721 conservasse
2272 2663 2701 2733 intemeratam,
2731 2662 2845 2720 nisi
2875 2664 2946 2720 de
2975 2679 3040 2720 se
3068 2668 3511 2736 presumentes,

1869 2753 2186 2827 coepissent
2229 2751 2527 2809 incautius
2573 2752 2876 2825 negotiari.
2907 2754 2980 2809 At
3007 2768 3140 2810 vero
3185 2753 3519 2812 Noradinus

1869 2843 2159 2904 machinis
2187 2847 2244 2899 et
2276 2843 2584 2900 tormentis
2613 2843 2842 2900 instans
2865 2841 3250 2913 jaculatoriis,
3281 2844 3525 2918 sagitta-

1867 2935 2091 2992 riorum
2111 2948 2345 3007 quoque
2365 2931 2643 2989 continua
2657 2937 2717 2990 et
2736 2931 2833 2989 ind
2843 2932 3108 2990 eficiente
3129 2936 3301 2991 utens
3322 2948 3519 3008 opera,

1790 3018 1837 3089 G
1873 3023 2131 3083 obsessis
2177 3023 2437 3096 requiem
2490 3025 2686 3095 negat,
2712 3022 3076 3096 stratigotos
3120 3023 3521 3096 multipliciter

1867 3114 1970 3173 diu
2000 3118 2298 3186 noctuque
2328 3112 2457 3170 sine
2486 3111 2923 3170 intermissione
2950 3113 3253 3186 compellit
3273 3113 3350 3173 ad
3368 3114 3524 3172 defe-

1867 3211 2048 3265 ctum.
2083 3203 2455 3276 interemptis
2500 3204 2658 3262 enim
2709 3203 2996 3275 pluribus,
3028 3205 3246 3262 sauciis
3283 3221 3519 3279 quoque

1867 3294 2162 3354 lethaliter
2208 3294 2510 3362 nonnulis,
2562 3294 2730 3366 pauci
2785 3298 2972 3362 erant,
3005 3295 3107 3367 qui
3157 3294 3517 3354 defensionis

1868 3385 2130 3443 officium
2162 3385 2619 3457 exsequerentur
2640 3402 2658 3453 ς
2680 3384 2835 3455 quod
2857 3383 2968 3440 nisi
2994 3382 3120 3454 ipse
3149 3384 3520 3442 constabula-

1868 3475 1990 3532 rius
2018 3489 2152 3532 cum
2176 3473 2317 3543 mio,
2338 3477 2593 3546 paterno
2624 3471 2930 3544 probitatis
2948 3471 3288 3531 emulatore
3316 3473 3517 3545 preci·

1867 3580 2008 3637 puo,
2036 3578 2280 3637 quorum
2302 3567 2545 3634 uterque
2570 3565 2851 3634 tanquam
2882 3578 2985 3634 pro
3015 3560 3355 3620 hereditate
3384 3577 3519 3635 pro-

1869 3654 1996 3727 pria
2046 3651 2396 3710 familiarius
2427 3654 2487 3709 et
2511 3649 2772 3708 certatim
2814 3660 2973 3707 stare
2991 3651 3199 3722 parati,
3229 3650 3375 3708 alios
3403 3665 3516 3708 suo

1867 3741 2136 3815 exemplo
2199 3743 2270 3800 ad
2321 3741 2717 3799 resistendum
2758 3739 3104 3809 animarent,
3136 3739 3351 3797 laboris
3397 3740 3518 3797 im-

1869 3834 2178 3892 mensitate
2256 3831 2537 3904 superati,
2611 3837 2666 3887 et
2739 3829 3212 3901 impugnantium
3290 3829 3516 3887 viribus

1867 3923 2126 3996 impares
2188 3919 2391 3996 procul
2457 3918 2634 3977 dubio
2701 3916 3082 3989 defecissent;
3131 3918 3232 3975 sed
3284 3934 3517 3976 revoca·

1868 4013 1971 4070 bat
2021 4027 2142 4081 eos,
2187 4019 2246 4068 ut
2302 4009 2696 4082 proediximus,
2745 4009 3116 4066 dominorum
3165 4008 3510 4081 prasentiag

1866 4105 2155 4160 eteorum
2200 4099 2389 4159 virtus
2432 4098 2798 4168 indeficiens,
2830 4098 2904 4155 ad
2951 4098 3338 4156 animandum
3369 4097 3516 4156 alios

1863 4191 2092 4262 efficax,
2148 4189 2299 4248 vires
2352 4188 2657 4260 reparabat
2719 4187 2982 4246 labentes
3054 4192 3115 4245 et
3187 4187 3261 4244 ad
3334 4186 3520 4244 dimi-

1865 4282 2123 4340 candum
2172 4278 2448 4338 reddebat
2493 4277 2787 4335 fortiores.
2818 4277 3091 4349 Dumque
3128 4277 3224 4333 die
3260 4277 3515 4349 quadam

1792 4403 1840 4470 D
1867 4370 2066 4430 hostes
2118 4369 2292 4428 solito
2339 4367 2628 4425 instarent
2674 4367 2889 4433 acrius,
2936 4366 3149 4422 accidit
3195 4368 3261 4421 ut
3306 4365 3405 4437 qui
3453 4364 3514 4420 in

1872 4466 2019 4524 urbe
2046 4468 2238 4531 eraut,
2257 4468 2457 4534 aperta
2485 4463 2675 4534 porta,
2698 4461 2763 4513 ut
2790 4472 2923 4513 cum
2953 4455 3220 4512 hostibus
3248 4452 3516 4511 commit-

1872 4558 2082 4625 terent,
2113 4553 2526 4626 egrederentur
2550 4566 2565 4616 ;
2607 4547 2868 4618 dumque
2914 4544 3403 4615 incircumspecte
3452 4556 3518 4598 se

1873 4641 2382 4716 congressionibus
2428 4637 2700 4704 offerunt,
2733 4633 2988 4690 hostium
3052 4631 3116 4687 in
3171 4645 3235 4688 se
3281 4629 3521 4687 irritant

1874 4732 2350 4797 multitudinem;
2383 4742 2551 4800 quos,
2585 4724 2728 4781 dum
2757 4723 2817 4778 in
2851 4737 2913 4777 se
2941 4721 3194 4781 irruunt.
3225 4718 3378 4777 ferre
3399 4733 3518 4777 non

1873 4821 2155 4889 valentes,
2183 4820 2243 4875 in
2265 4817 2469 4873 urbem
2491 4829 2556 4872 se
2585 4814 2817 4869 tentant
2844 4808 3122 4882 recipere.
3155 4808 3524 4882 Factumque

1872 4917 1967 4973 est
1991 4915 2224 4982 ut,cum
2246 4922 2365 4980 pris
2386 4901 2840 4976 ingredientium
2862 4896 3121 4955 tumultu
3143 4901 3309 4970 porta
3329 4896 3525 4955 claudi

1874 5019 1993 5061 uon
2024 5002 2244 5073 posset,
2272 4995 2471 5052 hostes
2501 4991 2832 5064 promiscue
2859 5001 2994 5045 cum
3025 4985 3251 5043 civibus
3274 4986 3527 5059 ingressi

1875 5093 2023 5160 sint,
2051 5103 2185 5149 cum
2219 5088 2384 5143 tanto
2415 5096 2657 5140 numero
2691 5083 2776 5151 ut,
2808 5077 3048 5136 obtenta
3072 5074 3357 5134 violenter
3385 5074 3525 5132 civi-

1877 5185 2016 5251 tate,
2039 5194 2154 5235 non
2185 5175 2310 5234 sine
2340 5169 2592 5246 periculo
2622 5173 2681 5228 et
2708 5167 3024 5225 multorum
3047 5169 3262 5238 strage,
3284 5167 3521 5222 nostros

1875 5272 1939 5330 in
1963 5266 2302 5344 praesidium
2330 5260 2560 5336 ingredi
2587 5263 2856 5332 cogerent
2873 5255 3174 5313 violenter.
3207 5253 3530 5313 Nuntiatur

1875 5361 2098 5418 interea
2127 5353 2367 5413 domiuo
2396 5350 2537 5425 regi,
2561 5347 2719 5422 quod
2747 5343 3024 5420 prodicta
3045 5342 3248 5401 civitas
3273 5345 3468 5400 tantas
3489 5359 3525 5400 a

1873 5447 2170 5509 Noradino
2199 5441 2528 5519 patiebatur
2554 5437 2877 5513 angustias,
2906 5439 2965 5494 et
3014 5432 3171 5507 quod
3208 5431 3283 5491 ad
3312 5446 3520 5508 supre-
