3784 6000
311 320 485 381 ritate
496 318 832 393 apostolica
841 325 1038 378 ratam
1052 317 1343 377 habentes
1360 315 1575 374 tuturis
1587 313 1970 372 decernimus
2001 316 2042 369 Α

314 409 691 482 temporibus
723 408 1059 475 valituram,
1077 422 1337 481 eamque
1356 404 1637 480 proesenti
1656 401 1970 476 privilegio

313 498 767 557 confirmamus.

321 603 325 607 ·
385 587 771 644 Decernimus
800 600 945 660 ergo
975 592 1041 643 ut
1072 585 1215 643 nulli
1247 585 1498 642 omnino
1530 581 1847 640 hominum
1878 580 1969 637 fas

313 678 387 734 sit
414 676 733 750 praetatum
774 677 1204 735 monasterium
1238 680 1457 731 temere
1492 670 1840 745 perturbare
1865 672 1968 726 aut

310 766 442 836 eius
473 765 887 838 possessiones
919 764 1153 823 auferre
1176 763 1271 820 vel
1301 761 1536 819 ablatas
1558 759 1832 826 retinere,
1862 758 1970 814 mi-

312 869 520 919 nuere,
542 869 649 910 seu
677 854 1049 926 quibuslibet
1088 852 1508 911 vexationibus
1538 847 1787 920 fatigare
1817 866 1831 918 ;
1863 846 1968 904 sed

308 942 541 1002 illibata
565 944 774 1001 omnia
807 949 866 1000 et
891 943 1123 1014 integra
1152 944 1581 1000 conserventur
1597 953 1829 1004 eorum,
1856 950 1970 1009 pro

309 1046 572 1105 quorum
629 1033 1063 1103 gubernatione
1109 1036 1168 1088 et
1212 1030 1641 1088 sustentatione
1678 1039 1969 1084 concessa

315 1126 479 1185 sunt,
498 1121 710 1177 usibus
725 1120 1092 1178 omnimodis
1106 1118 1438 1192 profutura,
1463 1116 1635 1174 salva
1646 1115 1805 1172 sedis
1825 1128 1970 1187 apo-

312 1209 537 1267 stolicae
560 1210 935 1267 auctoritate.
966 1211 1165 1283 Siqua
1194 1208 1371 1278 igitur
1399 1207 1459 1263 in
1491 1205 1759 1263 futurum
1778 1203 1968 1263 eccle-

310 1299 551 1357 siastica
582 1299 961 1356 soecularisve
986 1312 1265 1371 persona,
1285 1302 1394 1354 etc.

546 1404 749 1445 Amen
789 1403 914 1454 sos,
949 1402 1105 1455 neus,
1147 1402 1450 1444 suminis
1491 1399 1726 1441 nosrta.

382 1478 506 1549 Ego
539 1478 754 1534 Lucius
783 1476 1098 1535 catholicin
1135 1475 1407 1533 Ecclesioe
1431 1474 1775 1549 episcopus.

384 1569 507 1637 Ego
525 1565 869 1623 'l'lieodinus
883 1567 1225 1622 portuensis
1243 1570 1300 1622 et
1320 1564 1611 1622 &Rufinus
1622 1562 1965 1636 episcopus.

382 1657 505 1726 Ego
537 1655 821 1712 flenricus
853 1654 1206 1711 albanensis
1237 1655 1578 1726 episcopus.

384 1746 507 1815 Ego
537 1743 759 1802 Paulus
788 1743 1188 1801 Proenestinus
1217 1742 1557 1817 episcopus.

382 1835 506 1906 Ego
540 1836 742 1890 Petrus
768 1832 972 1906 presb.
996 1832 1162 1890 card.
1191 1834 1273 1890 tit.
1304 1835 1366 1891 S.
1398 1830 1715 1889 Susannoe.

382 1924 505 1996 Ego
549 1922 836 1980 vivianus
872 1921 1073 1996 presb.
1121 1921 1286 1980 card.
1322 1922 1519 1979 Sancti
1578 1918 1865 1993 Stephani
1905 1919 1968 1976 in

310 2012 492 2070 Goelio
524 2014 732 2069 tonte.

383 2103 507 2171 Ego
541 2100 852 2158 Laborans
891 2100 1092 2172 presb.
1122 2101 1289 2158 card.
1320 2100 1551 2158 Sanctoe
1580 2097 1774 2158 Harioe
1803 2102 1967 2156 trans

307 2188 566 2247 Tiberim
590 2191 675 2248 tit.
707 2188 933 2248 calixti.

379 2280 504 2352 Ego
533 2278 862 2337 pandulfus
884 2279 1083 2351 presb.
1106 2277 1272 2336 card.
1300 2278 1382 2336 tit.
1415 2277 1682 2336 Basilicae
1701 2288 1781 2335 xn
1809 2281 1968 2350 Apo·

308 2367 626 2425 stolorum.

384 2460 509 2528 Ego
534 2456 795 2514 Jacobus
826 2457 990 2514 diac.
1030 2456 1196 2514 card.
1226 2458 1284 2515 S.
1314 2456 1507 2515 Maria!
1536 2456 1597 2514 in
1621 2454 1964 2516 Cosmedin.

380 2546 506 2617 Ego
526 2545 843 2603 Gratianus
874 2546 970 2603 SS.
998 2548 1200 2603 Comae
1231 2551 1289 2603 et
1310 2546 1586 2603 Damiani
1610 2545 1767 2603 diac.
1798 2544 1964 2603 card.

381 2636 505 2707 Ego
534 2635 701 2692 Bobo
731 2635 888 2691 diac.
920 2634 1084 2691 card.
1118 2633 1318 2692 Sancti
1344 2634 1572 2705 Angeli.

380 2725 501 2795 Ego
544 2724 906 2782 Octavianus
931 2725 1031 2780 SS.
1066 2724 1247 2795 Sergii
1286 2723 1583 2781 et-Bacchi
1608 2722 1763 2780 diac.
1794 2721 1963 2782 card.

379 2811 504 2884 Ego
533 2811 838 2871 soffredus
875 2813 931 2868 S.
970 2813 1162 2871 Πανία
1192 2813 1251 2869 in
1281 2813 1389 2869 Via
1415 2812 1563 2869 Lata
1600 2813 1756 2870 diac.
1796 2812 1962 2870 card.

378 2903 504 2972 Ego
530 2901 784 2959 Albinus
809 2901 966 2958 diac.
1005 2901 1170 2958 card.
1200 2903 1431 2959 Sanctae
1456 2900 1653 2958 Marioe
1690 2902 1889 2959 Novas.

380 2992 596 3048 Datum
624 2989 873 3058 Verulis,
905 3005 1012 3064 per
1046 3006 1297 3047 manum
1329 2989 1549 3048 Alberti
1589 2995 1815 3049 sanctas
1838 2991 1961 3050 Ro·
1993 3031 2036 3089 c

306 3094 507 3138 manas
533 3079 807 3137 Ecclesioe
828 3079 1163 3153 presbyteri
1179 3079 1500 3137 cardinalis
1519 3084 1576 3138 et
1598 3080 1959 3150 cancellarii,

302 3183 339 3224 v
362 3167 535 3226 Kald.
563 3168 714 3234 Ueii,
746 3168 1072 3226 indictione
1099 3183 1154 3241 n,
1186 3169 1619 3226 incarnationis
1635 3169 1962 3228 Dominicis

304 3272 468 3316 anno
505 3259 660 3326 ¹¹84,
685 3256 1069 3331 pontificatus
1099 3273 1241 3316 vero
1269 3257 1477 3316 domni
1505 3258 1664 3316 Lucii
1694 3273 1869 3335 papas
1892 3260 1962 3317 ill

304 3360 469 3405 anno
497 3362 578 3404 ui.

918 3454 1007 3512 CX
1016 3453 1273 3512 xxvia-1
1284 3455 1342 3511 Χ.

302 3543 631 3603 Ecclesiam
643 3542 716 3600 de
728 3542 937 3613 Capite
952 3543 1155 3601 Ursuli
1166 3542 1446 3602 tuendam
1462 3543 1706 3615 suscipit
1716 3546 1961 3619 eiusque

644 3616 801 3672 bona
829 3629 900 3672 ac
926 3615 1249 3687 priviceqia
1275 3616 1611 3683 confirmat.

864 3703 1137 3775 (Verulis,
1164 3703 1296 3761 Maii
1324 3705 1405 3775 4.)

561 3791 898 3866 [fluas-roni,
928 3792 1132 3866 Antiq.
1173 3793 1343 3859 Ital„
1376 3793 1466 3862 Ill,
1513 3793 1693 3865 ¹179]

298 3911 307 3918 -
371 3881 576 3940 Lucius
622 3884 966 3956 episcopus,
997 3896 1206 3939 servus
1238 3895 1548 3940 servorum
1582 3881 1704 3945 Dei,
1741 3881 1959 3941 dilecto

296 3969 429 4027 filio
474 3971 663 4028 Perae
691 3971 1066 4044 presbytero,
1094 3976 1321 4029 rectore
1349 3971 1618 4028 ecclesiae
1654 3969 1730 4028 de
1755 3971 1959 4046 Capite

302 4059 519 4127 Ursuli,
552 4060 809 4118 salutem
839 4066 897 4117 et
925 4060 1321 4136 apostolicam
1357 4059 1857 4118 benedictionem.

372 4149 729 4221 Apostolicae
769 4149 929 4205 sedis
966 4149 1334 4221 benignitate
1362 4149 1724 4217 inducimur,
1752 4156 1959 4208 etsns-

300 4243 489 4309 ceptus
515 4238 1049 4295 administrationis
1076 4237 1281 4296 debito
1324 4254 1748 4313 provocamur,
1775 4255 1955 4298 vene·

299 4324 515 4382 rabilia
544 4323 681 4383 loca
720 4332 971 4399 paterna
1010 4328 1299 4385 charitate
1333 4328 1604 4399 diligere,
1655 4334 1712 4386 et
1748 4334 1958 4387 contra

301 4413 706 4486 malignorum
746 4414 1027 4472 incursus
1071 4417 1456 4488 protectionis
1488 4418 1571 4474 eis
1612 4418 1956 4490 apostolicas

302 4503 651 4577 praesidium
668 4504 976 4579 impertiri.
1002 4505 1326 4579 Eapropter
1341 4505 1420 4563 ad
1445 4505 1755 4579 exemplar
1771 4507 1958 4566 felicis

298 4593 730 4652 recordationis
769 4594 1067 4652 paschatis
1105 4609 1302 4668 papoe,
1344 4595 1805 4668 praedecessoris
1846 4613 1959 4656 no-

298 4684 714 4756 stri,domum,
737 4683 838 4742 cui
869 4683 992 4742 Deo
1019 4691 1261 4742 auctore
1282 4700 1539 4759 praeesse
1557 4686 1953 4758 dignosceris,

298 4788 438 4831 cum
469 4774 757 4831 omnibus
785 4789 922 4848 quoe
950 4774 1012 4831 in
1044 4775 1498 4848 praesentiarum
1529 4774 1957 4834 rationabiliter

296 4861 600 4936 possides,
627 4863 745 4921 sub
772 4863 931 4921 beati
953 4863 1103 4921 Petri
1125 4868 1184 4921 ct
1207 4869 1413 4922 nostra
1432 4864 1800 4937 protectione
1827 4882 1956 4923 sus-

299 4952 577 5025 cipimus,
612 4956 669 5010 et
711 4952 1018 5025 praesentis
1065 4952 1264 5027 scripti
1298 4952 1634 5027 patrocinio
1684 4969 1956 5012 commu·

292 5041 505 5099 nimus
526 5059 545 5098 e
562 5046 885 5099 statuentes
905 5046 1371 5115 utquoecunque
1400 5042 1562 5101 bona
1589 5057 1625 5099 a
1652 5041 1953 5102 Gualandi

296 5129 436 5188 filiis
473 5130 841 5189 Theoderico
877 5136 933 5188 et
975 5129 1335 5200 Groffolello,
1382 5131 1471 5188 vel
1506 5147 1542 5190 a
1589 5132 1842 5189 Ranerio
1897 5137 1954 5190 et

296 5218 534 5277 Gottolo
579 5219 737 5278 Gotti
778 5219 935 5288 filiis,
968 5237 1075 5278 seu
1122 5235 1158 5277 a
1206 5219 1388 5278 Benni
1430 5220 1570 5277 tiliis
1614 5221 1865 5294 Htigone
1892 5227 1952 5280 et

296 5309 686 5377 Theoderico,
719 5309 812 5367 vel
845 5324 882 5367 a
912 5310 1213 5368 Bernardo
1226 5313 1283 5367 et
1303 5309 1556 5367 ilenrico
1584 5312 1765 5369 Benni
1792 5310 1949 5378 tiliis,

296 5404 355 5456 et
384 5415 417 5456 s
451 5398 711 5457 Rodulio
736 5404 796 5455 et
836 5397 1263 5457 ildebrandino
1294 5398 1633 5457 litlebrandi
1670 5399 1830 5469 filiis,
1855 5415 1949 5472 vel

288 5485 807 5562 amabo-cunque
820 5487 1099 5548 fidelibus
1113 5489 1175 5547 in
1184 5488 1465 5549 eamdem
1475 5489 1729 5550 domum
1742 5489 1950 5551 oblata

1984 4385 2033 4444 D

1737 182 1936 246 Lucu
1968 181 2047 245 m
2083 182 2291 248 PAPAE

3589 186 3722 252 tsss

2080 319 2239 385 sunt,
2269 313 2359 372 vel
2389 315 2449 372 in
2489 318 2798 390 posterum
2826 312 3028 373 offerri
3067 315 3402 390 eontigerit,
3437 317 3652 392 quieta
3690 324 3737 378 et

2079 402 2312 475 integra
2335 404 2397 461 in
2407 405 2681 477 eiusdem
2703 404 2924 462 domus
2946 406 3332 478 possessione
3345 414 3738 481 permaneant

2076 491 2324 563 illibata,
2356 494 2811 566 peregrinorum
2842 499 2900 552 et
2925 508 3262 569 pauperum
3295 494 3528 554 usibus
3553 498 3738 572 protn-

2078 584 2231 639 tura.
2249 582 2634 641 prohibemus
2646 584 2823 642 etiam
2843 598 2915 641 ne
2937 584 3077 657 quis
3098 585 3156 643 in
3177 585 3472 643 eamdem
3495 584 3733 647 domum

2077 671 2367 728 assultum
2418 672 2633 739 facere,
2665 672 2756 730 vel
2792 687 2927 730 eam
2971 678 3191 731 temere
3227 675 3622 749 perturbare,
3652 684 3734 736 aut

2077 759 2208 832 ejus
2233 760 2396 818 bona
2425 761 2702 834 diripere,
2732 761 2824 819 vel
2856 761 3051 819 modis
3078 762 3461 836 quibuslibet
3483 765 3732 825 alienare

2077 853 2426 921 praesumat.
2461 849 2613 906 Nulli
2634 864 2778 921 ergo
2789 850 3040 908 omnino
3057 851 3384 911 bominum
3403 852 3732 914 liceathane

2077 937 2364 1011 paginam
2389 944 2606 997 nostrae
2622 940 3005 1013 protectionis
3029 939 3380 1013 intringere,
3403 942 3504 1000 vel
3526 942 3584 1001 ei
3600 959 3730 1003 ausu
3783 990 3784 994 ,

2080 1027 2394 1085 temerario
2425 1030 2741 1086 contraire.
2777 1028 2836 1087 Si
2873 1028 3010 1103 quis
3048 1035 3253 1087 autem
3291 1030 3418 1089 boc
3455 1036 3730 1091 attentare
3783 1092 3784 1099 ,

2075 1118 2541 1191 presumpserit,
2575 1118 3052 1192 indignationem
3080 1121 3531 1194 omnipotentis
3564 1122 3658 1180 Dei
3685 1130 3730 1181 et
3783 1132 3784 1157 ¹

2075 1204 2392 1262 beatorum
2421 1207 2574 1265 Petri
2601 1212 2658 1265 et
2684 1206 2852 1265 Pauli
2872 1207 3288 1282 apostolorum
3308 1208 3452 1284 ejus
3473 1227 3542 1267 se
3569 1225 3726 1270 nove-

2074 1293 2152 1351 rit
2173 1293 2584 1354 incursurum.

2146 1382 2364 1441 Datum
2394 1383 2646 1454 Verulis,
2677 1389 2897 1460 quarto
2933 1388 3133 1446 Nonas
3157 1386 3313 1446 usti.

2076 1578 2467 1641 Possesstones
2504 1582 2766 1641 ecclesia
2792 1494 3120 1656 σξιχιξᾰίαιω
3156 1582 3235 1643 Β.
3264 1584 3494 1644 Moriar
3519 1586 3718 1661 Bruqii
3783 1560 3784 1574 ¹

2001 1670 2045 1727 Β
2119 1660 2401 1721 recenset,
2437 1668 2652 1727 easque
2670 1654 2982 1727 priviteqw
3008 1655 3336 1727 apostolico
3361 1659 3696 1729 confimat.

2627 1744 2896 1817 (Verulis,
2927 1744 3059 1802 uati
3089 1743 3170 1817 4.)

2375 1829 2652 1905 [Mi-nus,
2681 1832 2830 1905 opp.
2863 1832 3149 1904 mptum„
3184 1834 3248 1901 ll,
3272 1834 3440 1912 ⁹72]

2145 1919 2354 1978 Lucius
2389 1922 2733 1994 episcopus,
2761 1936 2968 1981 servus
2993 1938 3312 1981 servorum
3343 1924 3476 1993 Dei,
3509 1922 3720 1985 dilectis

2074 2006 2213 2065 filiis
2241 2010 2518 2067 Ginnsnro
2543 2011 2872 2085 praeposito
2900 2012 2962 2071 S.
2996 2010 3195 2071 Uaria!
3228 2014 3565 2086 Brugensis
3590 2016 3725 2090 ejus·

2075 2112 2195 2171 qne
2221 2097 2504 2157 fratribus
2533 2105 2654 2157 tam
2685 2100 3088 2173 praesentibus
3106 2116 3301 2177 quam
3325 2101 3551 2162 futuris
3569 2118 3728 2163 cano-

2075 2186 2208 2243 nice
2239 2187 2691 2255 substituendis,
2723 2190 2782 2245 in
2813 2191 3198 2263 perpetuum.

2147 2274 2434 2335 Effectum
2458 2278 2624 2349 justa
2657 2278 3104 2349 postulantibus
3137 2278 3466 2353 tndem·
3495 2287 3557 2341 et
3579 2282 3728 2355 vigor

2076 2364 2340 2437 postulat
2386 2367 2681 2439 equitatis
2720 2371 2779 2423 et
2801 2366 2948 2424 ordo
2977 2368 3158 2440 exigit
3189 2367 3476 2441 rationis.
3505 2386 3726 2447 prosm-

2076 2453 2178 2510 tim
2193 2453 2443 2528 quando
2469 2455 2795 2528 petentium
2806 2454 3184 2514 voluntatem
3204 2460 3268 2515 et
3277 2457 3728 2533 pieta-adjuvat

2075 2546 2135 2599 et
2160 2543 2379 2600 veritas
2418 2559 2537 2601 non
2568 2543 2872 2618 relinquit.

2148 2633 2490 2705 Bapropter,
2522 2633 2720 2690 dilecti
2762 2634 2823 2690 in
2863 2633 3117 2693 Domino
3161 2632 3295 2704 mii,
3324 2638 3550 2696 vestris
3571 2638 3722 2711 Jnstis

2073 2720 2576 2795 postulationibus
2613 2720 2934 2781 clementer
2969 2723 3307 2782 annuimus
3334 2732 3400 2783 et
3429 2728 3718 2802 pretam

2073 2811 2392 2871 ecclesiam
2415 2811 2475 2868 in
2496 2826 2621 2885 qua
2634 2811 2841 2871 divino
2860 2812 3185 2889 mancipati
3207 2814 3358 2873 estis
3378 2818 3642 2889 servitio,
3655 2816 3718 2876 sd

2074 2900 2384 2975 exemplar
2395 2900 2583 2959 felicis
2593 2902 3025 2961 recordationis
3035 2902 3368 2963 Alexandri
3391 2922 3576 2982 papo
3587 2922 3722 2982 prie-

2073 2992 2409 3050 decessoris
2463 2991 2654 3051 nostri
2697 2991 2813 3051 sub
2856 2990 3016 3052 beati
3065 2992 3220 3053 Petri
3252 2999 3312 3055 et
3355 3003 3576 3057 nostra
3607 3013 3722 3072 prc-

2073 3082 2328 3139 tectione
2351 3080 2733 3155 suscipimus,
2763 3086 2823 3141 et
2843 3083 3156 3156 presentis
3183 3085 3401 3158 scripti
3431 3085 3718 3160 privilegio

2073 3170 2523 3228 communimus
2554 3189 2568 3241 ;
2599 3175 2930 3230 statuentes
2963 3175 3026 3230 ut
3047 3187 3472 3247 quascunque
3511 3191 3719 3250 posses-

2074 3259 2696 3335 siones,quascunque
2708 3260 2874 3319 bona
2885 3259 3099 3319 eadem
3116 3261 3386 3322 ecclesla
3405 3263 3472 3322 in
3485 3279 3719 3339 prosen-

2073 3349 2290 3407 tiarum
2316 3347 2477 3420 iuste
2512 3355 2570 3407 et
2597 3350 2887 3408 canonice
2925 3349 3194 3424 possidet
3221 3355 3336 3410 aut
3379 3350 3450 3409 ln
3483 3353 3720 3412 futurum

2071 3437 2458 3496 concessione
2477 3437 2856 3511 pontificum,
2878 3437 3193 3510 largitione
3212 3453 3444 3512 regum
3468 3443 3564 3500 vel
3589 3443 3722 3516 prin·

2071 3527 2295 3599 cipum,
2327 3526 2632 3584 oblatione
2656 3525 2949 3599 fidelium,
2988 3544 3093 3586 seu
3137 3529 3274 3586 aliis
3301 3530 3500 3603 justis
3527 3531 3724 3600 modis,
3781 3577 3784 3590 2

2068 3620 2390 3690 priestante
2430 3616 2703 3683 Domino,
2742 3618 2956 3690 poterit
2997 3616 3274 3692 adipisci,
3337 3617 3528 3679 firma
3571 3621 3724 3680 vobis
3783 3627 3784 3694 l

2067 3705 2402 3779 vestrisque
2439 3705 2887 3764 successoribus
2937 3710 2996 3764 et
3035 3705 3267 3766 illibata
3313 3715 3724 3782 permaneam.

2067 3794 2134 3851 ln
2152 3792 2377 3868 quibus
2401 3793 2533 3851 hoc
2551 3794 2808 3869 propriis
2824 3794 3109 3854 duximus
3131 3797 3555 3870 exprimenda
3573 3813 3722 3858 vocs-

2067 3883 2227 3941 bulis
2260 3898 2276 3941 t
2326 3883 2650 3942 Ecclesiam
2697 3884 2773 3942 de
2810 3883 2998 3944 Sisela
3024 3900 3165 3942 cum
3212 3885 3488 3946 decimis
3530 3893 3590 3948 et
3613 3887 3718 3948 aliis

2067 3971 2439 4047 pertinentiis
2460 3973 2584 4030 suis
2605 3989 2855 4041 ;census
2876 3973 3340 4048 qnoshomines
3365 3977 3562 4036 vestri
3580 3977 3718 4036 vohis

2068 4062 2386 4120 annuatim
2409 4062 2722 4120 exsolvunt
2752 4080 2768 4134 ;
2797 4063 3256 4122 concessionem
3287 4081 3555 4142 quoqne
3573 4069 3715 4126 bons

2068 4151 2373 4209 memorioe
2385 4151 2995 4226 Baldericiquondam
3011 4153 3356 4213 Noviomen
3365 4155 3458 4214 sis
3479 4155 3713 4232 episcop'

2065 4256 2252 4316 quam
2275 4240 2604 4313 parochiali
2627 4241 2892 4300 ecclesie
2906 4245 3113 4300 vestras
3127 4243 3378 4303 sancto
3401 4247 3712 4322 nan-teque

2066 4330 2235 4404 apud
2264 4330 2564 4402 Brugense
2595 4331 2891 4405 oppidum
2924 4332 3038 4390 sita
3076 4337 3166 4389 est
3190 4330 3360 4405 fecit,
3386 4333 3590 4395 felicis
3625 4351 3709 4395 mo·

2068 4418 2275 4476 moria)
2334 4418 2846 4492 proedecessornm
2911 4425 3264 4479 nostrorum
3331 4425 3642 4484 Paschalis
3673 4429 3708 4480 et

2064 4508 2385 4567 Alexandri
2423 4524 2600 4583 papie
2647 4509 2913 4582 vestigiis
2957 4509 3330 4570 inhorentes
3383 4517 3705 4574 auctoritati

2064 4598 2391 4672 apostolica
2433 4599 2910 4668 confirmamns3
2943 4600 3166 4658 scilicet
3193 4607 3266 4660 ut
3304 4602 3513 4664 attare
3555 4604 3704 4664 best:
3757 4625 3762 4632 ·

2066 4686 2262 4745 Barim
2280 4687 2457 4761 juxta
2484 4689 2652 4762 quod
2677 4689 3084 4764 praedecessor
3109 4694 3324 4749 noster
3339 4691 3626 4766 decrevit,
3649 4691 3704 4750 sb
3765 4749 3770 4754 .

2063 4778 2232 4835 omni
2259 4779 2569 4836 exactione
2608 4777 2686 4835 sit
2710 4777 2992 4837 liberum.
3023 4779 3314 4838 canonici
3361 4781 3496 4842 iilic
3528 4781 3708 4844 consfi-

2064 4867 2173 4924 tuti
2189 4867 2445 4940 eligendi
2456 4867 2851 4941 proepositnm
2873 4883 3053 4926 snum
3075 4870 3460 4931 canonicam
3479 4871 3704 4934 babeant

2062 4961 2121 5014 et
2159 4955 2416 5014 liberam
2447 4958 2827 5030 potestatem,
2863 4957 2925 5015 in
2954 4956 3300 5017 canonibus
3329 4961 3617 5022 videlicet
3639 4975 3710 5019 ex·

2062 5059 2358 5119 pressam,
2386 5045 2629 5120 qualem
2656 5045 2817 5105 enim
2841 5045 3114 5106 canonici
3140 5047 3456 5110 babuisse
3491 5067 3708 5112 newun-

2061 5139 2176 5201 tnr,
2200 5150 2362 5192 nunc
2389 5134 2467 5192 de
2492 5137 2737 5210 propria
2757 5136 3027 5208 ecclesia,
3051 5150 3220 5194 nunc
3242 5136 3325 5196 de
3351 5141 3568 5202 aliena
3593 5155 3706 5218 prt-

2060 5223 2324 5298 positum
2335 5223 2639 5298 eligentes.
2654 5225 2756 5283 Cui
2775 5223 3024 5299 quidem
3043 5224 3390 5301 episcopus
3419 5233 3706 5290 canonico-

2059 5327 2195 5372 rum
2216 5312 2588 5388 spiritualem
2608 5329 2815 5373 curam
2828 5317 2887 5372 et
2905 5314 3362 5388 providentiam
3387 5319 3704 5380 substantie

2063 5402 2409 5476 temporalis
2433 5403 2716 5473 assignet.
2751 5406 2880 5478 lpse
2906 5417 3049 5462 vero
3075 5401 3162 5462 ab
3183 5405 3498 5486 epi-copo
3517 5418 3706 5470 utran-

2065 5507 2188 5567 que
2215 5492 2624 5567 prelationem
2653 5491 2926 5569 accipiat,
2956 5496 3016 5552 et
3040 5506 3156 5568 pro
3187 5499 3468 5576 utraque
3495 5500 3554 5561 ei
3582 5511 3704 5560 reve
