3784 6000
82 214 203 277 333

1026 222 1227 286 HlS'r.
1276 224 1547 287 RERUM
1593 223 2129 288 TRANSMAmN.
2177 254 2253 269 ·—-
2297 220 2445 284 ΠΒ.
2492 222 2565 285 V.

3381 228 3498 289 334

88 348 372 406 conflictu
406 350 1170 417 redierant,laetisscaverunt
1199 356 1515 414 admodum
1542 359 1746 431 :AEyg-
1771 358 1827 427 Α
1856 372 1980 430 pes,
2007 355 2326 412 decernunt
2357 354 2628 429 praescnti
2677 355 2992 429 plurimum
3030 359 3300 428 expedire
3330 374 3502 433 nego·

91 437 357 510 ptiorum
396 441 887 515 quoquelegatos,
927 442 1027 515 qui
1069 447 1325 503 nondum
1357 464 1389 503 a
1421 452 1588 520 portu
1621 450 1748 505 dis-

89 532 421 598 cesserant,
456 527 776 602 plurimum
837 531 895 587 in
927 548 994 589 eo
1024 534 1174 590 sacto
1205 536 1563 593 deterrentes
1596 554 1609 593 :
1645 554 1750 592 un-

92 617 163 674 de
194 616 420 674 sactum
452 622 561 688 est,
594 623 659 675 ut
684 620 784 691 qui
815 621 875 675 in
908 622 1208 679 montibus
1252 630 1306 680 ct
1336 625 1652 697 speluncis,
1692 630 1751 682 et

95 706 354 765 silvie-et
388 708 665 779 frutectis,
699 712 770 767 ab
802 709 1068 769 hesterno
1090 713 1273 786 elapsi
1306 715 1581 786 periculo,
1617 714 1752 772 late·

95 797 263 867 bant,
287 797 485 854 audita
517 804 850 856 nostrorum
890 802 1147 871 victoria,
1172 805 1243 859 ad
1283 811 1465 861 castra
1523 822 1584 861 se
1615 821 1753 862 con-

96 886 367 944 tuleruut
392 905 409 957 ;
440 887 729 962 multique
749 890 987 959 milites,
1013 909 1159 965 quos
1187 894 1244 950 in
1287 894 1479 966 praelio
1510 896 1751 953 cecidis-

96 990 159 1033 se
186 977 592 1047 crediderant,
613 980 740 1035 sani
763 982 821 1036 et
849 979 1196 1052 incolumes,
1220 989 1454 1041 auctore
1485 985 1750 1053 Domino,

100 1065 319 1124 reversi
377 1073 548 1124 sunt.
582 1068 741 1125 Unde
780 1075 1009 1143 recepto
1074 1072 1306 1145 populo,
1340 1074 1441 1145 qui
1488 1074 1559 1130 ad
1598 1076 1754 1131 varia

99 1153 225 1211 locs
254 1170 325 1212 se
342 1154 733 1229 contulerant,
756 1163 1012 1216 castrum
1033 1161 1184 1218 circa
1197 1163 1389 1234 pontis
1416 1162 1756 1233 initium,ex

104 1244 253 1314 ipsis
312 1243 633 1317 lapidibus,
665 1263 812 1320 quos
870 1247 942 1305 de
989 1254 1383 1309 monumentis
1413 1253 1755 1323 effoderant,

105 1331 471 1391 unanimiter
488 1338 547 1390 et
574 1334 817 1392 ferventi
871 1337 1067 1394 studio
1090 1354 1254 1395 muro
1285 1340 1518 1411 erigunt
1548 1341 1755 1402 solido.

102 1426 155 1478 et
182 1427 455 1480 erectum
496 1423 649 1483 vallo
704 1427 994 1498 profundo
1039 1432 1462 1487 communiunt.
1497 1432 1761 1502 Dumque

102 1510 260 1569 inter
292 1512 595 1586 principes
627 1514 698 1571 de
745 1516 873 1587 ejus
914 1519 1180 1574 custodia
1219 1526 1370 1576 esset
1401 1520 1757 1588 deliberatio,

104 1605 159 1657 et
186 1618 370 1660 nemo
389 1608 548 1660 esset
565 1620 794 1675 eorum,
827 1607 928 1679 qui
962 1613 1120 1665 tanto
1150 1611 1309 1666 oneri
1341 1627 1402 1666 se
1432 1610 1601 1667 vellet
1629 1612 1763 1667 sub-

104 1691 331 1762 jicere3
364 1699 423 1749 et
466 1709 677 1751 causas
719 1694 968 1769 quisque
998 1714 1101 1770 pro
1133 1715 1239 1755 sua
1268 1700 1639 1756 excusatione
1668 1715 1761 1755 va·

109 1782 221 1838 rias
254 1779 561 1855 allegaret,
595 1784 681 1840 vir
714 1786 827 1843 Deo
843 1787 1423 1857 amabilis,dominus
1446 1805 1635 1846 comes
1651 1789 1765 1845 To-

110 1871 375 1938 losanus,
412 1872 565 1930 ultro
597 1890 662 1930 se
691 1874 903 1931 obtulit
926 1896 940 1945 ;
960 1881 1018 1933 et
1039 1878 1279 1948 publicis
1305 1878 1564 1935 utilitatis
1581 1880 1766 1951 gratia

115 1961 687 2034 novumproesidium
721 1965 778 2020 in
810 1981 977 2021 suam
994 1969 1255 2040 suscepit
1281 1984 1507 2025 curam.
1540 1967 1769 2024 Undeet

118 2051 529 2108 universarum
549 2053 983 2125 expeditionum
1008 2058 1278 2127 gratiam,
1303 2074 1480 2130 quam
1515 2062 1633 2113 toto
1665 2074 1766 2114 an-

120 2157 187 2199 uo
217 2141 399 2198 valde
433 2143 793 2200 demeruisse
811 2145 1135 2216 videbatur,
1160 2146 1269 2202 sibi
1306 2146 1693 2203 reconciliavit
1712 2146 1772 2201 in

119 2231 442 2305 integrum.
477 2232 626 2289 Nam
675 2233 748 2290 ab
773 2239 973 2292 aestate
1002 2236 1307 2308 praeterita,
1340 2253 1439 2308 por
1471 2240 1649 2292 totam
1687 2236 1772 2292 in-

122 2328 474 2394 sequentem
500 2322 774 2393 hiemem,
794 2326 1100 2382 occasione
1145 2327 1452 2398 cujusdam
1476 2325 1771 2399 aegritudi-

124 2412 233 2480 nis,
267 2412 357 2469 its
394 2413 677 2470 remissus
699 2414 986 2486 jacuerat,
1017 2421 1076 2473 et
1120 2432 1266 2488 pene
1312 2415 1560 2486 inutilis,
1588 2420 1649 2472 ut
1672 2432 1775 2472 cu-

124 2518 244 2558 ram
280 2502 577 2559 exercitus
632 2519 807 2575 quam
865 2504 1196 2577 principum
1256 2505 1499 2562 aliorum
1524 2506 1775 2578 quisque

128 2608 225 2663 pro
256 2590 493 2648 viribus
523 2595 579 2648 et
624 2593 820 2650 studio
867 2595 1292 2667 supportabant
1323 2595 1629 2656 indefesso,
1652 2594 1775 2665 ipse

128 2680 291 2738 solus
324 2680 1174 2755 videreturnegligere,nemini
1189 2700 1252 2741 se
1280 2683 1562 2741 exhibens
1585 2684 1777 2740 muni·

132 2770 332 2841 licum,
366 2771 592 2827 nemini
613 2769 973 2828 affabilitatis
994 2773 1240 2845 gratiam
1264 2773 1573 2843 indulgens
1597 2780 1779 2842 ;erat-·

128 2877 235 2933 que
267 2859 335 2916 id
365 2860 429 2915 in
459 2876 526 2916 eo
556 2859 891 2926 notabilius,
913 2876 980 2917 eo
1009 2863 1159 2932 quod
1183 2861 1456 2919 omnibus
1487 2862 1617 2918 aliis
1646 2877 1779 2917 am-

133 2952 283 3023 plius
320 2964 497 3024 posse
518 2953 577 3006 et
606 2949 823 3007 habere
865 2948 1035 3023 plura
1086 2951 1393 3009 diceretur.
1427 2951 1694 3026 Utigitur
1722 2953 1781 3009 et

134 3041 427 3099 desidiam
458 3039 632 3097 simui
656 3044 715 3097 et
744 3041 1049 3098 avaritiam
1073 3047 1392 3110 excusaret,
1417 3059 1565 3099 onus
1588 3041 1781 3115 praedi·

1855 446 1960 513 tio,
1993 449 2057 501 ut
2090 449 2248 501 trans
2280 442 2519 500 fluvium
2551 443 2612 499 in
2663 445 2790 500 loco
2830 448 2898 501 ad
2937 445 2992 502 id
3044 447 3252 504 idoneo
3308 445 3506 520 aliqua

1858 535 2312 591 constitueretur
2370 533 2635 603 munitio,
2687 533 2786 590 ubi
2816 533 3013 607 aliquo
3044 551 3112 591 ex
3145 535 3506 610 principibus

1857 623 2070 694 locato,
2121 621 2222 678 illa
2280 622 2411 679 talis
2468 622 2749 694 evagandi
2795 629 3192 693 amputaretur
3247 625 3505 683 licentia.

1859 712 2118 785 Cumque
2184 713 2256 769 de
2303 716 2710 768 constituenda
2765 713 3088 770 munitione
3115 714 3270 786 apud
3300 729 3506 771 omnes

1860 807 2174 862 constaret.
2209 816 2380 856 nemo
2415 809 2602 856 tamen
2634 817 2695 856 se
2740 800 2970 867 obtulit,
3000 802 3099 872 qui
3132 803 3262 873 eJus
3285 820 3509 875 praesu-

1862 896 2047 946 meret
2077 890 2380 946 tuitionem
2409 889 2521 944 sibi
2568 905 2883 947 assumere.
2914 892 3181 963 Dumque
3211 891 3296 947 sic
3327 892 3507 949 haere·

1863 986 2014 1047 rent,
2047 982 2103 1034 et
2134 979 2351 1033 factum
2405 994 2518 1033 non
2569 982 2922 1050 procederet,
2951 981 3222 1035 dominus
3261 984 3511 1038 Tancre-

1865 1068 2000 1133 dus,
2030 1068 2117 1122 vir
2146 1066 2395 1137 insignis
2425 1072 2481 1122 et
2500 1067 2845 1137 industrius,
2870 1068 2943 1124 ad
2980 1067 3037 1123 id
3061 1070 3322 1125 muneris
3350 1067 3513 1141 ellgi-

1862 1161 1962 1213 tur
1984 1174 1998 1226 3
2024 1156 2124 1212 sed
2157 1171 2290 1211 cum
2325 1156 2397 1211 de
2427 1156 2508 1212 rei
2542 1155 2848 1212 familiaris
2878 1157 3162 1214 tenuitate
3186 1158 3513 1214 excusatio·

1864 1262 1998 1303 nem
2029 1245 2198 1301 vellet
2257 1245 2533 1314 intexere,
2586 1245 2894 1315 praedictus
2949 1258 3145 1302 comes
3198 1245 3516 1302 Tolosanus

1865 1337 1937 1392 ad
1969 1351 2119 1409 opus
2149 1333 2382 1389 aediiicii
2432 1337 2672 1390 centum
2706 1334 2756 1389 ei
2807 1350 3035 1391 marcas
3067 1335 3290 1407 argenti
3314 1340 3515 1391 contu-

1866 1425 1971 1492 lit;
2003 1429 2062 1480 et
2092 1431 2157 1480 ut
2177 1422 2397 1479 laboris
2424 1422 2789 1480 consortibus
2810 1424 3116 1480 honestum
3141 1441 3259 1481 non
3289 1425 3518 1482 deesset

1867 1513 2167 1584 salarium,
2201 1513 2586 1585 quadraginta
2617 1515 2701 1570 eis
2763 1528 2965 1570 marcis
2989 1529 3088 1587 per
3118 1528 3350 1570 menses
3388 1515 3520 1570 sin-

1870 1602 2042 1675 gulos
2073 1618 2138 1657 ex
2172 1599 2407 1673 publico
2433 1607 2574 1658 eunt
2599 1601 2907 1674 deputatae.
2932 1603 3147 1675 Sicque
3168 1603 3386 1660 sactum
3407 1607 3519 1673 est,

1872 1695 1936 1748 ut
1975 1692 2034 1747 in
2067 1690 2213 1747 colle
2243 1692 2494 1762 quodam
2556 1691 2745 1747 eidem
2797 1696 2978 1764 portae
3008 1693 3386 1761 contermino,
3416 1691 3522 1751 nbi

1876 1781 2098 1853 pridem
2130 1780 2548 1837 monasterium
2585 1782 2791 1852 suerat,
2823 1782 3091 1854 praesidio
3114 1784 3322 1852 locato,
3352 1789 3409 1838 et
3439 1783 3523 1840 vi-

1877 1869 1958 1924 ris
1982 1866 2366 1938 prudentibus
2396 1872 2454 1924 et
2474 1868 2724 1924 robustis
2754 1869 2826 1923 ad
2854 1869 2982 1939 ejus
3007 1870 3297 1939 deputatis
3320 1871 3520 1925 custo·

1874 1957 2050 2026 diam,
2084 1958 2358 2015 dominus
2415 1957 2750 2013 Tancredus
2804 1961 2921 2013 tam
2961 1967 3197 2014 strenue
3227 1973 3405 2029 quam
3438 1958 3523 2013 fe·

1878 2044 2088 2112 licitcr,
2123 2060 2308 2117 usque
2336 2044 2410 2100 ad
2439 2045 3006 2101 consummationem
3058 2044 3295 2117 negotii,
3328 2044 3526 2101 debita

1880 2134 2271 2193 sollicitudine
2299 2134 2666 2191 conservavit
2693 2133 2969 2190 illosum.
2993 2134 3127 2190 Erat
3155 2140 3352 2191 autem
3382 2134 3529 2191 inre-

1868 2224 2029 2291 -rius,
2087 2237 2256 2278 secus
2308 2220 2572 2277 fluminis
2630 2221 2938 2278 decursum
2969 2236 3237 2278 secessus
3285 2222 3524 2294 quidam

1881 2314 2035 2369 inter
2073 2315 2298 2367 montes
2354 2310 2625 2366 eumdem
2668 2325 2923 2381 amnem,
2982 2309 3283 2372 herbidus.
3314 2315 3373 2367 et
3427 2328 3528 2384 pa-

1884 2417 2155 2460 scuorum
2175 2399 2507 2457 amoenitate
2536 2399 2785 2456 simulet
2813 2400 3528 2456 ubertatecommendahi-

1888 2490 1979 2557 lis,
2012 2488 2199 2544 tribus
2219 2491 2322 2543 aut
2347 2491 2600 2558 quatuor
2619 2487 2710 2542 vix
2741 2485 2812 2542 ab
2835 2488 2976 2543 urbe
3006 2486 3231 2543 distans
3264 2486 3530 2543 milliari—

1888 2580 2036 2645 bus;
2064 2576 2123 2633 in
2155 2577 2311 2633 bunc
2338 2575 2414 2632 ob
2445 2574 2734 2632 desectum
2766 2575 2828 2632 iu
2854 2576 2996 2632 urbe
3025 2575 3530 2647 pabulorum,An·

1885 2666 2137 2726 tiocheni
2159 2681 2340 2737 equos
2361 2680 2429 2721 ex
2460 2670 2622 2737 parte
2645 2664 2895 2736 plurima
2913 2666 3338 2722 transtulerant
3364 2680 3528 2736 suos,

1888 2756 2043 2828 quod
2079 2754 2184 2811 ubi
2209 2752 2430 2810 nostris
2455 2763 2818 2824 compertum
2867 2759 2977 2821 est,
3008 2752 3160 2810 clam
3200 2755 3532 2812 convocatis

1888 2843 2154 2915 equitum
2185 2842 2545 2911 cohortibus,
2569 2843 2832 2914 quiedam
2855 2842 3036 2900 secuti
3049 2843 3276 2899 viarum
3298 2844 3535 2915 dispen—

1892 2932 2009 3002 dia,
2044 2941 2104 2989 ut
2159 2931 2522 3005 propositum
2583 2931 2965 3000 occultarent,
2996 2934 3068 2989 ad
3099 2931 3288 2989 locum
3319 2933 3532 3005 prtedi·

1890 3029 2054 3083 ctum
2087 3025 2440 3081 conveniunt
2474 3039 2486 3079 ε
2520 3023 2616 3079 ubi
2672 3023 2882 3079 occisis
2916 3023 3016 3095 qui
3040 3023 3321 3080 armentis
3353 3040 3532 3097 praee·

136 3135 291 3187 etum
332 3133 637 3202 gustate,-
656 3131 996 3202 assumpsit,
1019 3130 1370 3187 ptam-eain
1396 3147 1575 3187 manu
1599 3130 1783 3187 domi-
1816 3115 1859 3184 C
1900 3119 2036 3170 rant
2055 3111 2949 3184 nonnullisequitibuS,exceptis
2965 3113 3210 3170 muliset
3241 3112 3534 3184 mulabus,

138 3221 190 3276 ni
210 3219 527 3277 Podiensis
542 3222 597 3275 et
619 3219 1008 3291 quorumdam
1030 3220 1313 3278 nobilium
1331 3221 1676 3292 quingentas
1695 3219 1791 3276 di-

138 3312 289 3367 citur
324 3325 555 3365 marcas
587 3310 812 3382 argenti
844 3310 1180 3380 examinati,
1213 3312 1281 3365 ad
1308 3310 1791 3367 restaurationem

138 3415 459 3474 equorum.
510 3413 660 3471 quos
716 3399 776 3455 in
836 3398 1103 3455 conflictu
1152 3399 1419 3456 amisisse
1450 3399 1788 3471 contigerat,

140 3491 397 3547 dedisse.
436 3487 597 3545 Unde
621 3489 750 3560 ejus
790 3490 924 3545 sacti
956 3489 1336 3546 animosiores
1366 3489 1687 3556 domestici,
1720 3488 1792 3546 de

141 3583 363 3638 damno
414 3593 699 3650 equorum
750 3578 1117 3635 resarciendo
1164 3577 1443 3635 habentes
1490 3577 1793 3647 fiduciam,

144 3668 423 3727 hostibus
454 3667 629 3725 solito
660 3666 860 3724 fortius
904 3667 1242 3737 instabant3
1276 3670 1333 3724 et
1360 3666 1585 3723 domini
1614 3665 1794 3723 comi-

143 3760 237 3829 tis,
262 3774 455 3831 quam
496 3773 701 3830 passus
750 3757 961 3825 suerat,
988 3757 1166 3814 lenita
1219 3760 1309 3813 est
1354 3755 1590 3826 invidis,
1624 3755 1795 3813 itaut

142 3851 207 3908 ab
224 3849 515 3908 omnibus
537 3850 698 3919 pater
749 3851 806 3904 et
838 3851 1208 3905 conservator
1235 3845 1517 3903 exercitus
1549 3845 1798 3919 appella·

142 3950 320 3999 retur.

765 4044 992 4102 CAPUT
1031 4044 1182 4103 Vnt.

142 4138 355 4197 ciuitas
384 4135 569 4193 subito
625 4135 870 4200 amptius
926 4151 997 4190 on
1040 4140 1277 4203 astatur,
1307 4134 1614 4190 munitione
1659 4147 1799 4189 nova

509 4223 677 4277 super
704 4206 989 4263 Occidente
1017 4224 1105 4263 em
1126 4206 1441 4263 constituta.

208 4301 394 4356 Porta
424 4296 604 4370 igitur
634 4296 826 4369 pontis
846 4312 946 4369 per
976 4296 1318 4368 proedictum
1354 4311 1565 4352 novum
1597 4293 1799 4368 praesi—

146 4390 334 4459 dium,
364 4387 431 4444 in
463 4401 580 4458 quo
612 4386 960 4459 quingentos
989 4386 1143 4442 viros
1193 4385 1370 4442 fortes
1400 4384 1676 4440 dominus
1706 4400 1802 4442 co-

1899 3203 2014 3260 duo
2039 3201 2221 3258 millia
2243 3200 2526 3258 nobilium
2550 3200 2623 3257 sd
2643 3209 2833 3259 castra
2854 3203 3534 3275 deduxeruntequorum.

1897 3294 2012 3349 Nec
2047 3297 2170 3349 erat
2199 3292 2397 3363 praeda
2436 3291 2523 3347 vel
2578 3292 2989 3350 manubiarum
3047 3309 3233 3365 genus
3282 3293 3441 3349 aliud
3471 3307 3539 3350 eo

1901 3388 2182 3455 tempore,
2217 3381 2373 3453 quod
2412 3379 2595 3453 magis
2621 3382 2895 3439 exercitui
2928 3383 3077 3440 foret
3107 3383 3537 3452 necessarium3

1903 3489 2040 3530 nam
2073 3488 2211 3528 suos
2242 3477 2366 3528 tum
2391 3471 2449 3527 in
2474 3472 2617 3540 acie,
2644 3480 2767 3528 tum
2790 3473 2964 3538 same,
2981 3477 3104 3528 tum
3131 3475 3362 3545 trigore,
3384 3472 3543 3531 aliis-

1907 3578 2021 3636 que
2051 3562 2279 3619 casibus
2311 3559 2635 3617 innumeris
2658 3577 2802 3632 pene
2830 3577 3036 3617 omnes
3066 3561 3399 3620 amiserant.

2542 3667 2772 3724 CAPUT
2817 3667 2902 3724 ΙΧ.

1905 3760 2147 3833 Dispersi
2175 3759 2245 3814 ad
2299 3757 2603 3814 exercitum
2630 3757 2882 3814 redeunt.
2914 3759 3218 3816 Balduinus
3245 3764 3317 3817 ab
3344 3762 3548 3822 Edessa

2164 3832 2407 3899 sinuatis
2435 3829 2786 3902 principibus
2819 3845 3048 3886 munera
3074 3831 3290 3904 diriqit.

1976 3921 2070 3978 Sic
2100 3920 2279 3993 igitur
2307 3920 2538 3976 civitate
2587 3935 2656 3976 ex
2711 3920 2871 3975 omni
2904 3926 3068 3992 parto
3095 3921 3400 3979 obsidione
3431 3922 3550 3981 val·-

1907 4012 2050 4080 lata,
2083 4014 2148 4067 ut
2170 4011 2294 4081 jam
2315 4008 2540 4066 civibus
2570 4006 2645 4064 ad
2682 4009 3052 4081 procuranda
3089 4011 3341 4069 exterius
3371 4027 3550 4088 nego·

1907 4101 2008 4171 tia,
2042 4113 2148 4157 nec
2180 4099 2328 4156 liber
2358 4098 2567 4168 exitus,
2601 4114 2708 4155 nec
2754 4099 2882 4155 sine
2928 4097 3269 4156 difficultate
3315 4100 3551 4159 daretur

1908 4189 2206 4259 introitus,
2237 4192 2539 4260 coeperunt
2567 4186 2755 4244 multa
2812 4188 3151 4244 difficultate
3181 4188 3460 4260 laborare,
3491 4195 3553 4249 et

1910 4278 2115 4336 multis
2148 4279 2450 4351 aggravari
2497 4278 2803 4336 molestiis.
2837 4277 3037 4335 Victus
3085 4278 3242 4335 enim
3276 4279 3552 4337 deficiens

1909 4377 1964 4426 et
1992 4368 2186 4425 subito
2217 4372 2418 4425 exorta
2462 4367 2682 4441 inopia,
2705 4367 2858 4426 cives
2906 4367 3228 4441 plurimum
3277 4367 3555 4428 molesta-

148 4497 271 4538 mes
302 4478 621 4547 locaverat,
654 4476 737 4534 sic
763 4477 1025 4543 obsessa,
1058 4480 1123 4532 ut
1150 4476 1374 4533 civibus
1406 4491 1506 4547 per
1534 4491 1661 4530 eam
1687 4491 1800 4531 non
1834 4496 1879 4563 D
1915 4458 2048 4530 bisti
2080 4456 2390 4515 immistum
2420 4473 2650 4530 quoque
2693 4474 2980 4530 eqlfflrum
3021 4458 3226 4515 ”⁸51³OE
3254 4457 3551 4527 llimonh·

150 4569 260 4626 nisi
310 4583 456 4624 cum
499 4566 751 4623 maximo
816 4564 1075 4637 periculo
1106 4570 1326 4638 pateret
1364 4564 1576 4632 exitus,
1618 4562 1800 4620 nostri

148 4659 211 4714 sd
253 4655 600 4715 necessaria
644 4654 1044 4727 prosequenda
1086 4653 1489 4710 discurrebant
1536 4652 1797 4709 liberius.

152 4750 355 4805 Hostes
382 4760 525 4802 vero
565 4745 687 4816 jam
722 4760 838 4800 non
899 4743 1010 4799 nisi
1062 4757 1159 4813 per
1207 4746 1433 4816 portam
1467 4741 1806 4798 Occidenta-

148 4835 283 4904 lem,
317 4851 451 4908 quae
500 4833 653 4889 inter
691 4833 940 4889 radicem
1002 4832 1217 4887 montis
1269 4836 1326 4887 et
1366 4831 1605 4887 fluvium
1654 4834 1800 4900 erat,

153 4927 303 4984 exire
336 4926 631 4997 poterant.
656 4920 725 4977 Et
752 4919 889 4977 licet
909 4920 1145 4989 nostris,
1179 4936 1425 4992 quorum
1459 4929 1647 4977 eastra
1674 4936 1798 4976 om·

152 5015 241 5072 nia
259 5020 431 5071 trans
462 5010 704 5068 fluvium
736 5011 926 5083 posita
956 5014 1136 5078 erant,
1166 5026 1285 5066 non
1316 5008 1567 5065 multum
1599 5023 1799 5066 eorum

152 5104 340 5162 exitus
382 5116 490 5174 per
541 5114 671 5156 eam
720 5107 946 5171 portam
995 5101 1195 5170 posset
1239 5114 1367 5155 esse
1413 5097 1800 5170 periculosus,

152 5195 284 5267 quia
316 5196 520 5249 tamen
547 5188 723 5247 nimis
744 5187 988 5245 liberam
1013 5187 1292 5260 evagandi
1325 5187 1671 5242 videbantur
1699 5185 1801 5241 ha·

151 5282 286 5340 bere
312 5278 655 5347 licentiam3
687 5282 744 5335 et
771 5278 897 5335 vitaz
950 5278 1279 5334 necessaria
1328 5291 1429 5349 per
1458 5291 1583 5332 eam
1616 5272 1801 5331 solam

33 5389 37 5438 ς
153 5371 341 5428 adhuc
382 5366 789 5425 inferebantur
833 5367 1115 5434 obsessis,
1146 5366 1552 5423 convenientes
1568 5364 1802 5431 iterum,

156 5468 211 5516 ut
242 5475 429 5532 super
449 5455 792 5529 hujusmodi
836 5456 1236 5514 necessarium
1281 5453 1563 5511 baberent
1593 5458 1803 5510 tracta-

157 5559 301 5621 tum,
327 5547 437 5608 viri
458 5545 742 5606 virtutum
772 5551 831 5606 et
870 5545 1223 5608 immortalis
1264 5544 1557 5607 memorlae
1587 5543 1803 5618 princi-

1914 4564 2015 4606 eos
2057 4547 2254 4606 inedia
2277 4546 2587 4617 tabescere,
2611 4551 2669 4604 et
2698 4549 2938 4604 omnino
2985 4565 3096 4604 sua
3122 4562 3332 4619 negare
3360 4547 3555 4605 officia

1916 4638 2317 4711 compellebat.
2345 4637 2569 4695 Nostris
2596 4642 2791 4693 autem
2841 4638 3015 4694 eolito
3058 4636 3292 4694 liberior
3321 4641 3447 4692 tum
3478 4636 3552 4693 ad

1916 4745 2096 4796 mare,
2139 4737 2259 4784 tum
2309 4728 2379 4783 ad
2421 4726 2537 4784 alia
2584 4726 2713 4782 loca
2759 4727 2830 4783 ad
2862 4741 2990 4797 quae
3029 4741 3127 4782 eos
3156 4741 3265 4781 sua
3294 4723 3556 4782 trahebat

1919 4818 2257 4886 necessitas,
2290 4815 2695 4890 progrediendi
2725 4815 2861 4872 data
2916 4819 3040 4871 erat
3084 4814 3367 4871 facultas:
3400 4816 3555 4871 unde

1918 4912 1974 4964 et
2002 4907 2061 4963 in
2093 4906 2302 4962 castris
2329 4923 2396 4962 ex
2428 4909 2588 4979 parte
2638 4905 2893 4976 plurima
2923 4903 3173 4960 relevata
3196 4907 3319 4960 erat
3348 4903 3451 4961 illa
3479 4904 3557 4962 vi·

1918 5000 2049 5053 ctus
2081 4996 2299 5065 inopia,
2329 5011 2446 5067 qua
2486 4991 2806 5066 periculose
2864 4994 3040 5049 nimis
3086 5010 3189 5065 per
3227 5000 3400 5051 totam
3433 4994 3556 5052 hie·

1920 5102 2072 5142 mem
2121 5084 2480 5140 laboraverat
2527 5083 2833 5139 exercitus.
2865 5082 3013 5139 Nam
3058 5084 3301 5139 decursa
3345 5081 3556 5141 hiemis

1919 5176 2253 5249 asperitate,
2287 5178 2344 5230 et
2401 5174 2551 5229 veris
2581 5174 2709 5244 jam
2741 5172 2924 5230 adulti
2963 5174 3240 5244 temperie
3273 5172 3556 5242 restituta,

1917 5268 2115 5324 sedato
2163 5264 2384 5338 pelago,
2406 5261 2611 5319 classis
2665 5278 2791 5334 quie
2823 5263 2880 5318 in
2913 5268 3082 5334 portu
3107 5266 3250 5328 erat,
3279 5263 3360 5317 ire
3381 5270 3436 5318 et
3463 5278 3553 5318 re·

1919 5357 2041 5413 dire
2096 5358 2315 5427 poterat
2371 5350 2746 5424 tranquillius
2770 5394 2784 5419 ,
2826 5360 2883 5408 et
2930 5349 3154 5406 viarum
3213 5350 3557 5408 difficultate

1919 5445 2202 5519 temporis
2230 5439 2633 5499 incalescentis
2671 5439 2952 5497 beneficio
2980 5440 3247 5513 deposita
3275 5439 3429 5497 exire
3457 5457 3558 5513 po·

1916 5541 2128 5610 terant,
2150 5533 2252 5609 qui
2273 5549 2413 5593 cura
2442 5529 2763 5591 domestica
2804 5535 2864 5591 et
2897 5530 3171 5592 familiari
3217 5530 3557 5591 sollicitudi-
