3784 6000
168 243 249 309 83
1224 247 1567 310 ARNULFi
1610 248 2124 312 LEXOVIENSIS
2171 245 2524 310 EPISGOPI
3500 247 3584 305 84

170 386 229 439 et
256 385 461 440 vestras
488 383 540 440 si
589 384 728 457 quid
761 382 1088 439 admissum
1130 387 1223 440 est
1254 383 1497 440 humilis
1525 390 1583 442 et
1610 387 1817 442 devota
1843 390 1900 456 Α
1928 385 2193 442 criminis
2233 383 2675 457 promisissent:
2707 382 2844 439 licet
2871 383 2996 453 ipse
3035 398 3213 440 novas
3241 382 3584 440 inimicitias

173 473 454 545 patientia
479 472 822 546 discipline.
854 470 1151 544 Praeeiegit
1179 472 1335 528 enim
1381 474 1534 545 apud
1580 475 1806 530 miseri-

173 562 434 618 cordiam
465 570 711 618 vestram
742 560 1167 632 deprecationis
1197 562 1466 632 partibus
1497 562 1584 618 uti
1628 564 1816 636 magis

174 664 353 722 quam
371 650 751 708 contentiosis
768 649 1200 706 excusationem
1222 649 1427 723 litigiis
1449 653 1775 710 instaurare
1799 670 1814 708 z

175 738 338 811 quia,
368 739 520 795 sicut
568 739 1020 810 magnanimitas
1076 744 1269 796 vestra
1298 742 1583 814 superbiis
1617 742 1820 799 cedere

176 827 385 892 nescit,
415 827 500 883 sic
548 827 864 885 humilitati
906 844 1023 883 non
1076 828 1326 885 sustinet
1380 830 1634 887 obviare.
1667 831 1821 888 Sane

173 916 309 970 dnm
340 916 643 973 nobiscum
674 921 850 985 esset,
882 916 1167 973 intellexit
1198 918 1412 990 sepius
1440 919 1596 991 quod
1632 918 1823 993 pluri-

174 1020 332 1061 mam
362 1005 532 1062 nobis
555 1007 614 1061 in
645 1006 829 1064 oculis
853 1008 1063 1064 vestris
1093 1009 1344 1080 gratiam
1366 1009 1599 1066 bonitas
1622 1010 1824 1068 divina

176 1094 523 1160 contulerat,
556 1112 684 1167 quae
714 1101 877 1153 tanto
908 1097 1338 1170 praedicabilior
1363 1103 1474 1165 est,
1513 1104 1733 1171 quanto
1755 1103 1825 1156 de

178 1184 433 1256 gratuita
461 1183 717 1241 liberalis
765 1187 946 1242 animi
993 1188 1170 1243 vestri
1229 1188 1483 1245 bonitate
1539 1190 1817 1261 procedit.

181 1275 391 1329 Preces
414 1273 613 1346 itaque
635 1278 866 1331 nostras
886 1278 956 1330 de
995 1275 1313 1348 longinquo
1328 1279 1676 1348 quaerendas
1695 1293 1830 1334 cen·

183 1361 325 1429 suit,
356 1365 421 1417 ut
446 1377 547 1418 eas
577 1366 757 1434 possit
789 1362 955 1418 nobis
999 1364 1153 1420 velut
1199 1363 1434 1436 aliquod
1477 1366 1832 1438 acceptabile

187 1466 408 1506 munus
419 1450 646 1518 offerre,
659 1455 954 1523 quatenus
969 1461 1170 1509 nostra
1180 1453 1413 1526 culpam
1427 1455 1637 1527 ipsius,
1656 1458 1834 1529 siqua

182 1543 293 1608 est,
322 1540 666 1598 intercessio
688 1542 960 1607 redimat,
978 1547 1037 1598 et
1059 1542 1127 1597 ad
1154 1542 1577 1616 indulgentiam
1604 1550 1832 1602 motum

184 1629 512 1686 severitatis
542 1628 801 1686 inclinet.
834 1631 1133 1702 Siquidem
1163 1632 1485 1704 gloriosum
1527 1634 1640 1690 erit
1666 1636 1835 1692 vobis

1926 475 2265 531 recentibus
2293 473 2530 546 injuriis
2555 481 2610 529 et
2641 472 3048 545 frequentibus
3071 472 3384 528 maleficiis
3421 487 3582 528 com-

1929 569 2180 638 pararet,
2214 563 2482 620 arbitrari
2513 579 2577 619 se
2600 562 2856 618 nominis
2885 561 2978 618 sui
3011 562 3230 618 lamam
3254 569 3308 617 et
3337 559 3584 633 gloriam

1929 652 2257 710 maledictis
2277 654 2618 708 emulorum
2651 651 2908 724 respergi
2941 666 3136 723 posse,
3167 657 3223 706 et
3250 650 3508 724 contingi
3527 651 3587 708 id

1927 758 1998 798 ex
2026 744 2157 813 ejus
2186 742 2543 799 conscientia
2574 743 2956 815 processisse,
2987 740 3093 797 sed
3124 738 3584 811 omnipotentem

1931 836 2114 889 Deum
2146 846 2209 886 se
2229 835 2436 888 testem
2486 831 2752 887 invocare
2797 831 2857 885 in
2908 828 3170 886 animam
3202 844 3396 899 suam,
3429 830 3586 902 quod

1930 934 2082 990 opus
2113 917 2452 986 nefandum,
2482 934 2587 973 nec
2626 933 2737 974 sua
2777 918 3100 984 voluntate,
3150 932 3255 973 nec
3286 917 3587 974 conscien-

1934 1008 2020 1064 tia
2045 1007 2422 1063 commissum
2453 1013 2558 1075 est,
2592 1022 2696 1064 nec
2728 1005 2978 1062 artificio
3019 1005 3432 1078 perquisitum,
3473 997 3588 1061 nisi

1935 1097 2082 1152 sorte
2111 1097 2169 1151 in
2201 1095 2311 1151 boc
2340 1094 2614 1152 delictum
2653 1096 2751 1163 sit,
2782 1095 2937 1168 quod
2975 1093 3168 1151 adbuc
3219 1094 3416 1151 minus
3454 1094 3589 1150 dili·

1935 1200 2072 1258 gere
2101 1184 2467 1242 credebatur.
2497 1184 2690 1257 Super
2721 1184 2832 1241 boc
2863 1199 3099 1257 quoque
3131 1199 3195 1240 se
3224 1184 3451 1257 judicio
3481 1182 3592 1240 Ec-

1937 1273 2129 1330 clesiae
2159 1290 2396 1344 prorsus
2418 1289 2725 1345 exponere,
2759 1278 2816 1330 et
2843 1272 3149 1330 humiliter
3180 1277 3592 1343 suscepturum

1940 1363 2221 1437 quidquid
2250 1363 2312 1420 in
2354 1379 2422 1420 eo
2452 1363 2629 1419 suerit
2657 1363 2971 1420 salubriter
3002 1362 3399 1419 statuendum.
3423 1364 3591 1419 Com·

1941 1453 2179 1509 munies
2206 1457 2267 1508 to
2299 1452 2479 1525 igitur
2504 1453 2751 1509 consilio
2783 1453 2844 1509 in
2876 1452 2985 1508 hoc
3017 1453 3423 1509 universorum
3454 1466 3593 1507 con·

1942 1541 2184 1599 sultatio
2214 1541 2569 1614 conquievit,
2602 1545 2666 1596 ut
2690 1540 2848 1597 sedis
2890 1540 3225 1612 apostolicas
3246 1539 3594 1611 sapientiam

1943 1635 2001 1687 et
2031 1630 2433 1686 auctoritatem
2472 1629 2828 1698 consuleret,
2879 1647 3057 1701 quam
3097 1628 3310 1702 spiritu
3360 1629 3594 1702 sapien—

184 1722 411 1776 tantam
438 1719 588 1791 apud
639 1721 1005 1792 majestatem
1051 1726 1302 1777 vestram
1332 1723 1582 1794 gratiam
1633 1726 1827 1793 gratiae
1858 1737 1915 1804 B
1946 1719 2060 1788 tiae,
2090 1722 2148 1775 et
2176 1719 2468 1789 potestatis
2503 1717 2864 1789 plenitudine
2895 1717 3229 1775 Christiana
3266 1716 3413 1775 fides
3445 1733 3595 1789 pro-

188 1806 608 1879 plenitudinem
656 1808 965 1877 invenisse,
1018 1813 1083 1864 ut
1110 1810 1282 1866 etiam
1329 1827 1364 1866 a
1394 1813 1561 1868 nobis
1597 1814 1658 1872 in
1690 1813 1835 1879 alios

184 1896 432 1967 copiose
461 1896 793 1954 dilectionis
822 1902 1027 1955 vestre
1059 1899 1346 1956 redundet
1375 1902 1635 1960 ubertas.

185 2090 260 2130 sn
300 2089 570 2132 nomsuu
609 2091 801 2132 mrsu
839 1987 1240 2135 sugg-naua.
1270 2079 1420 2146 (Post
1438 2091 1671 2141 mortem
1693 2085 1839 2143 beati

889 2166 1144 2239 Thomas.)

260 2252 621 2310 cbarissimo
649 2255 890 2312 domino
919 2261 976 2312 et
996 2256 1146 2312 Patri
1176 2258 1545 2331 Auximum,
1568 2263 1668 2319 Dei
1700 2281 1840 2337 gra-

190 2341 274 2398 tia
302 2340 601 2397 catholica
631 2341 900 2399 Ecclesiae
931 2359 1161 2401 summo
1207 2348 1489 2419 pontiflci,
1524 2352 1838 2410 Annunrus

194 2431 565 2488 Lexoviensis
601 2432 868 2489 Ecclesia
899 2432 1144 2491 humilis
1175 2436 1466 2508 minister,
1509 2441 1754 2499 salutem
1785 2452 1840 2501 et

188 2518 449 2576 debitam
477 2533 611 2576 cum
652 2520 813 2577 omni
844 2519 1155 2579 dilectione
1185 2524 1600 2584 obedientiam.

266 2609 598 2682 Cum'japud
622 2625 812 2682 regem
847 2617 1115 2668 nostrum
1146 2615 1364 2685 pariter
1405 2622 1737 2693 congregati
1767 2624 1842 2680 de

198 2699 432 2771 magnis
457 2698 748 2760 Ecclesia.
779 2702 1055 2772 regnique
1086 2704 1335 2775 negotiis
1365 2710 1668 2765 tractaturi
1716 2727 1842 2767 cre-

198 2788 490 2855 deremur,
523 2788 755 2845 subitus
784 2805 889 2846 nos
918 2791 991 2848 de
1030 2792 1266 2849 domino
1297 2794 1700 2856 Cantuariensi
1742 2818 1839 2857 ru·

199 2889 328 2932 mor
354 2873 715 2933 lamentabili
745 2892 986 2935 moerore
1028 2879 1306 2952 perfudit,
1355 2882 1500 2939 adeo
1532 2889 1597 2940 ut
1625 2886 1685 2943 in
1716 2903 1840 2944 mo-

201 2968 397 3023 mento
446 2966 727 3022 securitas
771 2965 833 3022 in
871 2969 1165 3038 stuporem
1196 2976 1251 3025 st
1298 2971 1752 3033 consultationes
1781 2976 1841 3032 in

199 3053 459 3127 suspiria
486 3058 867 3112 verterentur.
901 3059 1010 3114 Per
1052 3057 1281 3129 aliquos
1326 3063 1483 3117 enim
1533 3064 1605 3119 ab
1636 3066 1845 3137 Anglia

199 3149 551 3202 revertentes
571 3149 728 3202 certa
749 3145 1029 3203 relatione
1048 3148 1387 3219 didicimus,
1418 3153 1572 3222 quod
1605 3155 1844 3227 quidam
1875 3111 1919 3176 C

201 3233 424 3290 inimici
469 3235 617 3304 elus,
649 3234 863 3301 crebis,
896 3248 983 3306 ut}
1013 3237 1264 3305 aiebant,
1301 3242 1847 3300 exacerbationibus

200 3322 275 3379 ad
293 3323 657 3380 iracundiam
672 3328 730 3379 et
740 3325 1058 3381 amentiam
1075 3328 1388 3397 provocati,
1405 3333 1621 3387 temere
1636 3333 1692 3389 in
1711 3348 1845 3390 eum

200 3412 525 3485 irruptione
547 3413 717 3479 laeta,
752 3414 1062 3487 quodjsine
1091 3415 1289 3473 dolore
1337 3418 1529 3477 dicere
1562 3438 1677 3478 non
1710 3439 1848 3492 pos·

203 3515 416 3557 sumus
476 3517 582 3557 nec
636 3503 940 3572 debemus,
992 3520 1299 3576 personam
1354 3508 1483 3579 ejus
1523 3512 1760 3583 aggredi
1793 3518 1851 3570 et

206 3589 500 3647 trucidare
530 3590 841 3649 crudeliter
884 3595 1438 3668 perstiterunt.[}<Ad
1497 3600 1649 3671 regis
1680 3602 1848 3657 deni·

204 3693 317 3749 que
347 3678 614 3736 notitiam
647 3695 844 3738 rumor
872 3681 1166 3738 infaustus
1185 3685 1536 3755 quibusdam
1560 3689 1851 3757 perferen-

202 3767 365 3824 tibus
397 3770 721 3838 penetravit
750 3771 1081 3841 :jquoniam
1120 3773 1173 3827 ei
1218 3789 1334 3829 non
1366 3773 1535 3831 licuit
1558 3776 1848 3848 ignorare,

205 3860 359 3931 quod
392 3860 464 3915 ad
522 3861 653 3932 ejus
691 3862 1004 3920 vindictam
1043 3863 1179 3934 jure
1228 3867 1534 3936 potestatis
1584 3872 1643 3924 et
1670 3868 1850 3940 gladii

203 3947 509 4004 videbatur
529 3949 843 4020 specialius
875 3953 1184 4023 pertinere.
1206 3954 1314 4020 Qui
1332 3957 1529 4012 statim
1559 3956 1618 4012 in
1644 3957 1852 4029 primis

206 4035 441 4092 notandi
471 4039 761 4093 sermonis
803 4038 986 4096 initiis
1025 4042 1095 4097 ad
1143 4044 1341 4100 omnia
1370 4043 1853 4103 lamentationum

206 4130 267 4183 et
296 4126 742 4184 miserationum
775 4144 992 4200 genera
1011 4148 1345 4204 conversus,
1371 4136 1589 4208 regiam
1613 4155 1853 4210 prorsus

207 4215 574 4285 maiestatem
595 4216 765 4287 quasi
787 4217 975 4273 cilicio
995 4221 1320 4277 immutans
1340 4227 1397 4278 et
1418 4224 1632 4291 cinere,
1665 4226 1855 4282 multo

206 4302 415 4359 fortius
448 4304 705 4360 amicum
736 4305 1021 4374 exhibuit,
1045 4324 1224 4380 quam
1247 4310 1592 4382 principem,
1614 4321 1852 4385 stupens

205 4388 499 4448 interdum
531 4395 589 4447 et
619 4397 751 4462 post
791 4397 1090 4464 stuporem
1123 4397 1490 4468 adigemitus
1519 4402 1768 4461 acriores
1796 4408 1854 4461 et

1946 1807 2102 1863 dicat
2132 1808 2523 1864 abundantius
2580 1808 2923 1875 redundare,
2969 1812 3027 1863 et
3072 1808 3226 1880 apud
3258 1823 3386 1864 eam
3427 1823 3598 1864 suam

1944 1897 2178 1953 studeat
2207 1896 2601 1953 innocentiam
2634 1896 2826 1954 modis
2872 1895 3153 1969 legitimis
3193 1903 3246 1953 et
3295 1896 3599 1954 canonicis

1945 1986 2287 2058 approbare.
2317 1986 2731 2059 supplicamus
2755 2002 2915 2059 ergo,
2947 1990 3240 2058 quatenus
3271 1986 3595 2043 secundum

1945 2075 2147 2131 datum
2178 2092 2211 2130 a
2240 2076 2357 2132 Deo
2392 2075 2556 2132 vobis
2587 2076 2857 2148 spiritum
2890 2074 3116 2133 consilii
3147 2079 3204 2131 et
3233 2075 3599 2132 tortitudinis

1947 2164 2095 2221 tanti
2125 2163 2360 2221 sceleris
2387 2164 2718 2220 auctoribus
2766 2164 3096 2221 secundum
3140 2162 3276 2219 facti
3320 2163 3600 2220 immani-

1947 2259 2126 2310 tatem
2140 2253 2410 2310 severitas
2420 2262 2613 2310 vestra
2627 2254 2930 2325 retribuat,
2941 2256 3000 2309 et
3012 2270 3181 2309 suam
3195 2252 3598 2310 innocentiam

1948 2344 2065 2415 regi
2099 2343 2283 2415 pietas
2311 2342 2627 2413 apostolica
2654 2343 2715 2398 in
2737 2346 2890 2398 statu
2919 2358 3028 2398 suo
3062 2341 3197 2398 velit
3226 2341 3602 2398 affectuosius

1949 2447 2312 2488 conservare.
2326 2431 2709 2504 Omnipotens
2733 2432 2883 2487 Deus
2898 2447 3207 2504 personam
3221 2435 3478 2487 vestram
3493 2430 3597 2486 Ec·

1948 2521 2138 2578 clesiae
2159 2537 2281 2577 suae
2295 2537 2397 2592 per
2417 2520 2600 2577 multa
2620 2525 2886 2594 tempora
2898 2519 3577 2578 conservetincolumem

2706 2630 2846 2688 LVI.

1950 2722 2023 2760 sn
2079 2718 2354 2759 nomnen
2423 2719 2615 2760 parsu
2669 2718 3084 2769 Ancusensis,
3144 2717 3256 2758 rao
3323 2717 3602 2757 cineam-o

2419 2807 2795 2848 rossontensi
2846 2806 3135 2847 apiscoro.

2025 2880 2360 2937 Venerando
2390 2880 2628 2936 domino
2659 2884 2716 2937 et
2762 2880 2914 2936 Patri
2957 2895 3060 2936 suo
3089 2882 3461 2948 Ansxmnao,
3489 2877 3608 2932 Ga-

1953 2969 2180 3027 tbolicae
2203 2968 2471 3026 Ecclesiae
2490 2985 2725 3027 summo
2748 2968 3036 3041 pontiflci,
3059 2970 3397 3036 Aasussus,
3430 2967 3608 3025 Lexo-

1958 3060 2174 3115 viensis
2218 3058 2487 3116 Ecclesia
2535 3057 2774 3114 bumiiis
2832 3058 3121 3124 minister,
3181 3058 3429 3114 salutem
3463 3073 3600 3114 cum

1956 3150 2117 3206 omni
2149 3149 2357 3204 debitas
2387 3148 2730 3205 obedientiae
2760 3154 2819 3205 et
2843 3147 3167 3204 devotionis
3196 3146 3429 3204 affectu.

2028 3239 2341 3294 Personam
2374 3237 2597 3293 domini
2650 3235 3073 3293 Londoniensis
3126 3237 3275 3307 apud
3307 3234 3608 3291 excellen-

1957 3330 2096 3385 tiam
2110 3332 2359 3384 vestram
2381 3326 2718 3399 diligentius
2738 3326 3152 3382 commendare
3174 3340 3606 3396 supervacuum

1956 3417 2115 3487 duxi,
2145 3418 2280 3489 quia
2310 3415 2459 3487 quod
2493 3414 2726 3489 publice
2748 3420 2949 3472 notum
2972 3419 3079 3482 est,
3101 3428 3209 3470 nec
3231 3414 3610 3471 accusatione

1957 3505 2228 3576 solemni,
2264 3522 2369 3562 nec
2400 3504 2585 3561 multa
2614 3503 3140 3561 commendationis
3168 3502 3448 3559 instantia
3473 3518 3609 3559 cer-

1963 3599 2083 3649 tum
2116 3598 2205 3648 est
2236 3593 2514 3662 indigere.
2550 3592 2848 3664 Siquidem
2882 3591 3184 3664 plenitudo
3213 3590 3443 3646 virtutis
3475 3591 3607 3662 ejus

1958 3686 2017 3738 et
2063 3681 2311 3737 scientiis
2369 3686 2455 3737 tot
2502 3681 2650 3754 apud
2689 3696 2795 3737 nos
2825 3678 3035 3736 enituit
3084 3678 3472 3751 argumentis,
3523 3683 3608 3735 iot

1960 3770 2213 3826 subnixa
2256 3769 2554 3842 suffragiis
2600 3773 2686 3825 tot
2736 3768 3097 3825 utilitatibus
3127 3767 3452 3841 approbata
3495 3775 3611 3835 est,

1962 3864 2025 3915 ut
2054 3861 2206 3931 quod
2238 3858 2298 3913 in
2349 3858 2562 3915 multos
2621 3859 2879 3930 dignatio
2926 3858 3122 3913 divina
3148 3856 3468 3927 distribuit,
3502 3855 3612 3913 boc

1962 3949 2022 4004 in
2055 3948 2250 4021 ipsum
2285 3948 2522 4020 majoris
2552 3948 2867 4004 affluentia
2914 3946 3097 4019 gratia
3123 3944 3459 4004 cumularit.
3501 3944 3614 4001 Ex·

1962 4037 2113 4094 cedit
2135 4038 2196 4094 in
2211 4053 2280 4093 eo
2291 4039 2445 4109 apud
2471 4054 2577 4094 nos
2597 4052 2829 4093 omnem
2851 4033 3305 4109 comparationis
3326 4032 3611 4090 invidiam

1962 4143 2096 4185 cum
2138 4126 2490 4196 frugalitatis
2518 4127 2829 4194 industris,
2864 4134 2985 4181 tum
3019 4123 3396 4198 praerogativa
3424 4122 3616 4179 scien·

1962 4214 2077 4278 tiae,
2109 4216 2231 4268 tum
2265 4212 2564 4285 religionis
2593 4211 2919 4283 integritas,
2953 4210 3098 4266 adeo
3129 4213 3194 4265 ut
3221 4207 3517 4266 neminem
3552 4207 3608 4263 ei

1962 4302 2314 4373 cujusquam
2339 4301 2551 4357 audeat
2582 4303 2845 4371 praeierre
2866 4300 3263 4370 praesumptio,
3282 4296 3373 4353 vel
3406 4298 3613 4368 cujus·

1965 4407 2142 4463 quam
2195 4390 2697 4460 praestantioribus
2745 4389 2969 4445 meritis
3019 4387 3227 4443 merita
3282 4401 3610 4458 coaequare.

207 4479 533 4537 acerbiores
561 4482 987 4539 amaritudines
1010 4485 1324 4543 revolutus.
1357 4488 1570 4546 Tribus
1599 4490 1717 4547 lere
1736 4493 1854 4549 die·
1887 4473 1932 4537 D
1964 4480 2214 4534 TW’WS
2244 4483 2334 4533 ⁶⁹¹2
2362 4483 2559 4533 tamfln
2586 4479 2711 4549 ΒΗ)
2742 4477 2842 4533 (Πῦ
2876 4477 3051 4532 b⁰m⁰
3083 4479 3324 4532 ⁸⁸¹¹⁰t¹¹⁸
3373 4475 3432 4529 iu
3465 4489 3612 4530 ⁰²⁰·

208 4568 318 4626 bus
346 4568 665 4627 conclusus
693 4569 773 4642 in,
793 4572 1224 4644 cubiculo,‡nec
1254 4575 1450 4633 cibum
1480 4594 1709 4650 capere,
1741 4597 1849 4638 nec

207 4657 937 4731 consolatores2admittere
965 4664 1264 4731 sustinuit,
1296 4666 1396 4721 sed
1430 4668 1705 4725 moestitia
1727 4686 1853 4742 per-

207 4747 516 4805 niciosiore
542 4748 933 4807 voluntariam
965 4752 1077 4809 sibi
1109 4754 1421 4823 perniciem
1448 4756 1702 4814 indicere
1723 4775 1852 4830 per·

208 4836 509 4908 tinaciterfl
536 4838 886 4912 videbatursg‘,
907 4839 1255 4898 Miserabilis
1301 4848 1426 4900 erat
1455 4844 1740 4901 malorum
1768 4847 1851 4903 sa·

208 4922 467 4994 cies,„et
488 4927 691 4995 u-anxia
736 4928 1075 4986 vicissitudo
1125 4931 1415 5003 dolorum,
1445 4934 1717 5004 quonism
1750 4936 1852 5008 qui

209 5009 569 5068 sacerdotem
600 5015 1394 5091 lamentabamur'primitus,
1439 5022 1510 5078 de
1558 5024 1708 5095 regis
1757 5041 1851 5082 sa-

208 5097 331 5155 lute
358 5108 789 5171 consequenter
827 5106 1116 5176 coepimus
1162 5108 1495 5181 desperare,
1537 5113 1680 5167 etin
1709 5113 1853 5169 alte-

209 5187 334 5244 rius
364 5189 946 5261 nece‚miserabiliter
987 5199 1306 5268 utrumque
1347 5199 1728 5255 credebamus
1759 5199 1853 5255 in-

209 5275 457 5336 teriisse.
516 5277 721 5352 Porroj
742 5283 1122 5351 querentibus
1176 5286 1406 5356 amicis,
1459 5291 1517 5343 et
1562 5287 1853 5360 episcopis

210 5366 487 5436 maxime,
526 5368 684 5439 quod
716 5383 848 5425 eum
882 5369 952 5425 ad
989 5385 1050 5426 se
1081 5372 1269 5428 redire
1302 5391 1415 5430 non
1467 5376 1853 5447 permitteret,

210 5454 509 5524 respondit
546 5458 911 5529 seffmetuere
952 5460 1290 5532 uegsceIeris
1318 5473 1579 5522 auctores
1608 5467 1667 5521 et
1691 5481 1854 5524 com-

211 5541 396 5616 plices
424 5545 634 5605 veteris
655 5546 915 5608 rancoris
932 5549 1292 5613 confidentis
1312 5552 1727 5626 impunitatem
1746 5554 1860 5615 sibi

1961 4586 2110 4634 sam,
2134 4572 2192 4625 et
2210 4569 2582 4624 sermonibus
2613 4568 2731 4624 odii
2756 4567 3175 4626 circumdatus.
3207 4573 3259 4621 et
3302 4579 3613 4636 expugna-

1962 4664 2059 4715 tus
2106 4664 2193 4714 est
2237 4657 2440 4730 gratis,
2473 4661 2531 4713 et
2557 4656 2791 4712 invidias
2823 4655 3244 4728 quastionibus
3275 4653 3612 4709 intestatus.

1962 4752 2209 4806 Tractus
2240 4754 2346 4817 est,
2372 4749 2637 4820 inquam,
2670 4748 2846 4804 bomo
2875 4752 3115 4803 sanctus
3143 4745 3204 4802 in
3242 4761 3481 4801 eausam
3509 4762 3524 4811 ς
3561 4743 3614 4800 si

1962 4845 2156 4894 tamen
2190 4853 2366 4893 causa
2390 4836 2637 4893 dicenda
2657 4841 2769 4904 est,
2794 4836 2890 4892 ubi
2913 4834 3134 4891 nullam
3170 4833 3358 4907 potuit
3378 4836 3616 4890 coutra-

1965 4925 2139 4983 dictio
2191 4927 2377 4983 tacere
2418 4926 2818 4997 quaestionem,
2874 4924 2973 4981 ubi
3047 4921 3275 4979 nulium
3325 4921 3614 4994 litigium,

1968 5015 2127 5072 nulla
2153 5014 2449 5085 judiciarii
2482 5015 2705 5072 ordinis
2732 5016 2919 5070 i'orma
2964 5012 3248 5085 processit
3281 5028 3294 5065 :
3343 5010 3444 5066 ubi
3483 5011 3617 5067 sine

1965 5124 2061 5163 reo
2092 5111 2149 5162 et
2169 5104 2485 5162 teste‘idem
2518 5108 2679 5161 actor
2699 5115 2752 5162 et
2774 5104 2958 5175 judex
2986 5103 3304 5159 solitariam
3338 5101 3620 5157 formavit

1964 5197 2034 5250 de
2066 5193 2349 5266 singulari
2383 5193 2681 5250 voluntate
2730 5191 3096 5248 sententiam.
3132 5190 3377 5247 Felicem
3406 5205 3470 5246 se
3498 5189 3618 5246 iste

1966 5289 2023 5341 et
2053 5284 2210 5341 omni
2241 5284 2522 5339 donatum
2556 5281 2913 5338 beatitudine
2935 5279 3246 5350 judicaret,
3276 5278 3322 5333 si
3357 5278 3408 5334 ei
3425 5278 3620 5349 judex

1966 5389 2108 5430 suus
2137 5371 2412 5429 auditorii
2442 5370 2772 5427 communis
2802 5385 2996 5426 aream
3029 5368 3411 5440 impertisset,
3453 5366 3506 5421 si
3539 5365 3617 5423 ci·

1966 5467 2118 5519 tatus
2147 5460 2366 5527 venire,
2398 5460 2446 5517 si
2490 5463 2810 5517 conventus
2858 5457 3231 5531 respondere,
3280 5455 3327 5513 si
3362 5455 3620 5527 denique

1968 5548 2215 5609 dubium
2244 5546 2492 5622 experiri
2537 5546 2823 5620 potuisset
2868 5544 3164 5605 sententie
3220 5542 3408 5602 fatalis
3435 5555 3623 5602 eveu-
