3784 6000
180 228 259 292 93

1694 237 2120 300 EPISTOLAE.

3534 239 3616 298 94

178 369 337 425 dam.
356 369 680 443 Proposuit
696 370 898 444 itaque
910 371 1244 429 Hermerius
1263 374 1587 447 praesbyter
1608 375 1843 449 presby·
1872 377 1929 443 Α
1959 375 2339 449 militatisque
2366 388 2682 433 conversus
2711 378 2822 446 est,
2844 390 3023 447 seque
3052 373 3256 446 legatis
3276 373 3488 431 vestris
3511 390 3617 445 pro

178 462 436 516 teratnm
476 460 771 533 predicto
814 461 1107 533 Ecclesia,
1141 479 1315 536 quem
1344 465 1584 538 gerebat
1613 463 1688 521 ab
1734 465 1840 521 ab-

178 549 335 616 bate,
354 565 460 620 per
474 549 817 607 violentiam
839 550 1153 619 decurtari,
1185 553 1417 627 sibique
1447 553 1841 624 integritatem

179 636 305 709 ejus
357 639 621 706 restitui,
651 640 809 696 sicut
856 644 1256 699 antecessores
1281 643 1406 715 ejus
1455 643 1842 714 possederunt

180 727 475 784 instanter
492 727 727 801 exegit:
759 729 1060 802 proposita
1080 731 1149 787 ad
1180 732 1582 804 probationem
1606 732 1839 788 testium

178 814 654 884 multitudinedn
666 833 703 890 q
712 818 888 876 uibus
901 820 1215 877 necessitas
1226 825 1326 877 aut
1338 823 1484 878 ratio
1497 820 1835 893 postularet.

177 905 383 961 Abbas
408 921 549 962 vero
580 907 734 962 inter
761 916 1189 966 antecessorem
1220 925 1392 966 suum
1412 913 1472 966 et
1500 909 1840 966 Gervasinm

179 995 679 1065 praedoesssorem
701 995 983 1053 Hermerii
1016 1013 1186 1069 super
1205 1000 1406 1055 eadem
1426 1015 1487 1056 re
1506 1002 1835 1056 controver-

176 1083 326 1139 siam
358 1085 667 1141 exstitisse
720 1085 1043 1159 respondit,
1074 1103 1430 1160 cansamque
1455 1106 1489 1143 a
1528 1088 1840 1161 praesentia

173 1170 404 1227 domini
432 1170 951 1230 cenomannensis
979 1174 1055 1231 ad
1083 1175 1441 1231 audientiam
1473 1176 1838 1232 Turonensis

175 1259 612 1332 archiepiscopi
641 1277 747 1335 per
773 1261 1225 1335 appellationem
1256 1264 1441 1321 luisse
1462 1264 1835 1337 translatum,

173 1349 377 1421 ibique
392 1347 658 1421 litigium
682 1366 858 1408 omne
876 1353 1299 1425 compositione
1313 1353 1608 1410 amicabili
1624 1354 1842 1411 diffini-

173 1445 322 1496 tum.
346 1439 548 1512 Super
575 1456 691 1512 quo
723 1440 952 1498 litteras
982 1441 1205 1499 domini
1235 1441 1656 1515 archiepiscopi
1676 1444 1838 1500 exhi·

173 1530 320 1599 buit,
346 1530 608 1587 formam
640 1531 1052 1589 transactionis
1092 1532 1301 1605 plenus
1333 1533 1721 1603 continentes,
1745 1534 1840 1590 do·

177 1618 437 1675 nationis
464 1618 708 1676 nomine
739 1635 855 1676 non
879 1624 1120 1677 mereat.
1139 1618 1408 1679 videntur
1426 1621 1605 1677 multa
1633 1620 1833 1679 deesse.

933 1708 1102 1766 va.

461 1814 544 1854 An
582 1814 862 1855 nomana
901 1815 1094 1856 ΡΑΡΑΜ
1129 1817 1542 1859 annuntium.

245 1886 507 1945 Felicem
532 1903 629 1944 me
650 1890 709 1943 et
733 1887 896 1944 omni
924 1889 1207 1946 donatum
1232 1891 1593 1948 beatitudine
1615 1890 1848 1963 jndice-

185 1992 323 2047 rem,
352 1978 406 2034 si
438 1976 533 2034 vel
566 1976 750 2034 semel
802 1977 997 2034 adbuc
1026 1994 1117 2036 me
1163 1980 1235 2035 ad
1267 1980 1580 2037 videndam
1638 1981 1844 2038 faciem

185 2073 426 2123 vestram
439 2066 681 2123 bonitas
702 2065 901 2124 divina
922 2069 1280 2140 perduceret,
1296 2073 1359 2125 ut
1372 2069 1844 2128 desiderantibus

185 2156 361 2213 oculis
390 2155 599 2213 vultus
639 2157 818 2213 vestri
848 2157 1129 2215 serenitas
1160 2158 1539 2228 illucesceret,
1570 2169 1626 2216 et
1655 2161 1843 2216 aridi-

184 2251 355 2302 tatem
388 2262 585 2303 meam
617 2246 907 2319 copiosior
927 2248 999 2304 de
1020 2249 1282 2321 proximo
1305 2248 1729 2307 benedictionis
1751 2267 1842 2308 ve·

188 2341 309 2392 stra
340 2335 563 2408 rigaret
594 2334 850 2392 ubertas.
883 2336 998 2394 Sed
1032 2353 1122 2393 me
1155 2353 1291 2393 cum
1323 2338 1649 2409 provectior
1677 2344 1838 2411 zetas,

186 2431 297 2481 tum
317 2425 580 2481 fortuite!
600 2424 922 2482 debilitatis
938 2427 1403 2495 incommodum,
1418 2432 1541 2483 tum
1559 2427 1688 2499 ipsa
1710 2430 1839 2485 red·

186 2515 258 2570 dit
285 2513 560 2571 locorum
587 2513 870 2571 distantia
899 2513 1290 2587 desperatum,
1324 2516 1460 2588 quia
1489 2517 1564 2573 ad
1592 2521 1678 2574 tot
1699 2533 1840 2588 per-

186 2602 468 2676 agrandas
488 2603 761 2674 regiones
782 2603 927 2660 forte
950 2618 1055 2660 nec
1074 2608 1308 2677 tempus
1329 2606 1727 2677 spatium‚nec
1748 2624 1841 2679 po·

187 2693 426 2750 tentiam
470 2691 743 2749 debilitas
787 2691 1136 2766 indulgeret.
1165 2693 1335 2751 Facio
1393 2695 1626 2752 interim
1683 2697 1836 2768 quod

188 2797 444 2855 possum,
479 2785 541 2837 et
569 2786 793 2838 remoto
822 2796 1066 2854 corpore
1095 2798 1327 2854 semper
1366 2782 1526 2840 vobis
1557 2784 1838 2841 instantia

181 2870 441 2929 sollicita
477 2868 804 2928 devotionis
831 2870 1081 2940 assistit,
1111 2871 1259 2927 etad
1291 2875 1483 2929 status
1503 2873 1678 2929 vestri
1706 2890 1836 2946 pro·

181 2960 522 3035 sper-itatem
553 2962 615 3016 et
644 2975 843 3032 pacem
875 2967 1088 3017 sancto
1120 2960 1396 3019 Romanae
1436 2963 1706 3021 Ecclesia
1740 2981 1837 3034 per

177 3049 533 3123 quirendam
563 3048 626 3104 in
656 3048 818 3105 omni
849 3048 997 3116 loco,
1028 3051 1256 3121 quoties
1304 3051 1552 3125 refulget
1581 3055 1831 3123 occasio,

1874 1751 1922 1815 Β

1956 465 2274 522 reverentia
2303 464 2404 522 Dei
2433 468 2492 521 et
2506 463 2693 536 gratia
2715 467 2903 519 vestra
2928 462 3294 520 tractabilem
3328 461 3612 534 exhibuit,

1955 558 2011 611 et
2039 554 2311 628 preastitit
2334 557 2778 626 obsequentem,
2809 553 2958 609 sicut
2987 553 3057 610 de
3088 552 3299 609 litteris
3330 551 3518 625 ipsius
3553 559 3613 610 et

1955 660 2156 701 eorum
2206 649 2398 702 vestra
2435 642 2786 715 experientia
2828 642 3182 716 recognovit.
3234 642 3517 713 Profecto,
3548 643 3604 700 si

1957 735 2013 790 in
2045 751 2112 792 eo
2143 736 2291 809 quod
2326 736 2407 791 ibi
2464 735 2680 791 factum
2722 737 2811 790 est
2861 734 3144 791 bonorem
3195 732 3461 791 Ecclesioe
3508 731 3613 792 Dei

1956 827 2323 894 vestrumque
2378 822 2539 880 vobis
2586 821 2871 895 placuerit
2925 821 3212 878 aestimare
3253 823 3602 893 profectum,

1956 927 2228 985 magnum
2260 914 2369 980 est,
2397 912 2517 966 imo
2549 910 2877 967 maximum
2908 911 3064 981 quod
3098 908 3329 978 fecistis,
3360 908 3407 965 si
3441 908 3616 966 fuerit

1955 1000 2052 1073 qui
2076 997 2432 1057 exsecutioni
2463 999 2763 1068 mandare,
2781 1003 2838 1055 et
2865 998 3097 1055 effectui
3131 997 3464 1069 mancipare
3481 1014 3614 1071 pro·

1953 1095 2132 1146 curet.
2156 1088 2318 1153 Quod
2344 1104 2486 1146 sane
2503 1089 2628 1158 jam
2655 1104 2770 1145 non
2792 1087 2903 1144 erit
2933 1085 3171 1143 difficile
3193 1088 3607 1159 reputandum,

1952 1179 2091 1251 quia
2119 1181 2395 1250 operante
2416 1194 2520 1249 pro
2543 1175 2803 1233 Ecclesia
2834 1192 2943 1232 ena
2962 1176 3179 1246 Spiritu
3211 1180 3415 1233 sancto
3440 1180 3611 1233 tantae

1952 1271 2088 1324 tunc
2126 1266 2449 1339 principem
2508 1264 2810 1323 sinceritas
2852 1263 3177 1322 devotionis
3218 1263 3513 1333 astrinxit,
3547 1272 3613 1320 ut

1953 1355 2113 1412 nulla
2131 1371 2266 1411 eum
2291 1355 2653 1428 peanitentia,
2668 1354 2831 1411 nulla
2854 1355 3041 1425 possit
3055 1352 3424 1424 impudentia
3443 1367 3608 1411 revo-

1951 1463 2099 1504 care.
2132 1445 2248 1502 Nec
2269 1461 2375 1520 ego
2396 1445 2518 1502 baec
2547 1448 2621 1501 ad
2646 1443 3122 1517 jactantiam,vel
3156 1447 3220 1500 ut
3249 1460 3382 1500 mea
3412 1443 3611 1502 videar

1954 1536 2159 1593 merita
2191 1535 2525 1607 praedicare,
2557 1551 2847 1603 recenseo,
2892 1534 2996 1591 sed
3025 1533 3413 1590 desiderabile
3468 1531 3612 1590 mihi

1951 1631 2039 1684 est
2070 1634 2127 1681 ut
2183 1624 2446 1681 studium
2495 1641 2690 1681 meum
2719 1628 2801 1680 tot
2828 1623 3219 1696 approbatum
3282 1621 3542 1692 indiciis,
3576 1638 3612 1678 a

1953 1715 2235 1773 memoria
2262 1719 2454 1773 vestra
2476 1731 2590 1771 non
2621 1713 2871 1779 excidat,
2889 1712 2989 1769 sed
3015 1711 3263 1784 pristina
3289 1711 3434 1768 mihi
3454 1727 3609 1768 sem-

1957 1821 2060 1877 per
2089 1803 2243 1876 apud
2275 1804 2631 1875 majestatem
2669 1805 2924 1859 vestram
2955 1802 3144 1875 gratia
3173 1806 3521 1873 perseveret,
3547 1802 3611 1856 ut

1954 1896 2013 1951 in
2045 1893 2378 1950 novissimis
2427 1891 2634 1948 diebus
2668 1891 2840 1959 meis,
2873 1891 2945 1946 ad
2978 1907 3126 1964 quos
3159 1907 3253 1947 me
3286 1888 3608 1947 senectutis

1956 1983 2271 2041 necessitas
2304 1982 2509 2038 odiosa
2539 1980 2828 2051 perducit,
2862 1980 3075 2036 fortius
3106 1978 3250 2034 mibi
3284 1993 3511 2051 semper
3540 1978 3601 2034 in

1953 2071 2492 2147 opportunitatibus
2510 2087 2721 2127 manus
2741 2075 2941 2126 vestrae
2960 2068 3331 2140 protectionis
3343 2067 3581 2124 assistat

1954 2179 2058 2220 nec
2088 2162 2337 2235 quietem
2367 2175 2557 2217 meam
2581 2158 2980 2217 vexationibus
3010 2157 3261 2225 concuti,
3288 2172 3391 2213 nec
3413 2159 3603 2214 eccle·

1950 2255 2094 2308 siam
2129 2267 2316 2308 meam
2352 2247 2712 2320 malignitate
2739 2247 3001 2321 qualibet
3032 2264 3139 2302 sua
3169 2245 3466 2317 patiamini
3492 2247 3601 2317 ju-

1951 2340 2112 2397 stitia
2141 2340 2495 2407 defraudari,
2518 2342 2582 2394 ut
2603 2353 2709 2411 ego
2730 2353 2857 2394 eam
2884 2335 2945 2392 in
2968 2352 3033 2393 eo
3064 2339 3220 2392 statu
3253 2349 3600 2393 conservare

1949 2430 2280 2498 valeam,ad
2302 2427 2674 2501 quemipsam
2698 2443 2800 2499 per
2820 2426 3027 2482 merita
3047 2429 3242 2481 vestra
3257 2423 3373 2480 Deo
3395 2441 3601 2496 coope-

1951 2525 2116 2577 rante
2145 2519 2380 2592 perduxi
2415 2517 2551 2589 (43),
2586 2522 2648 2573 ut
2678 2516 2931 2573 moriens
2961 2517 3032 2571 de
3057 2529 3310 2587 paupere
3335 2514 3598 2581 divitem,

1951 2611 2020 2668 de
2047 2609 2289 2667 obscura
2332 2607 2555 2680 possim
2587 2605 2914 2678 relinquere
2960 2604 3292 2676 gloriosam.
3323 2603 3405 2660 Ad
3440 2603 3597 2675 quod

1949 2719 2086 2760 sane
2113 2700 2525 2773 complendum
2556 2699 2697 2770 quia
2724 2714 2827 2771 per
2859 2712 2951 2753 me
2976 2713 3091 2752 non
3121 2695 3283 2752 valeo
3315 2693 3598 2767 temporis

1948 2787 2233 2847 obstantis
2265 2787 2485 2844 malitia
2526 2786 2846 2858 pervenire,
2878 2784 2951 2840 ad
3000 2783 3234 2840 solitum
3266 2787 3470 2839 vestrae
3502 2783 3603 2839 be·-

1948 2877 2251 2951 nignitatis
2280 2874 2588 2941 auxilium,
2618 2879 2678 2931 et
2728 2877 2943 2932 sanctae
2997 2873 3274 2929 Romanae
3334 2870 3597 2927 Ecclesiae

1947 2966 2284 3041 praesidium
2319 2964 2614 3037 singulare
2644 2963 2703 3020 in
2736 2963 2894 3021 omni
2918 2977 3145 3035 semper
3160 2958 3597 3034 opportunitate

1945 3061 2271 3124 convertor,
2303 3055 2438 3124 quia
2467 3071 2568 3112 vos
2593 3055 2869 3125 expertus
2900 3068 3032 3109 sum
3063 3051 3123 3106 in
3154 3049 3316 3106 omni
3366 3065 3598 3119 semper

176 3146 482 3212 promptus
510 3143 568 3195 et
601 3137 790 3195 fidelis
823 3155 1084 3197 occurro.
1117 3139 1414 3212 Siquidem
1447 3141 1505 3197 in
1557 3142 1834 3201 omnibus
1863 3113 1909 3181 C
1948 3139 3135 3217 petitionepropitium,etinexpugnandis
3149 3136 3594 3194 difficultatibus

175 3233 359 3285 vestra
377 3243 480 3285 me
500 3243 738 3300 semper
765 3233 818 3283 et
838 3228 1332 3299 proedecessorum
1355 3235 1684 3288 vestrorum
1716 3250 1838 3302 gra·

179 3320 255 3374 tia
280 3318 421 3374 iecit
466 3320 531 3374 et
579 3316 969 3374 beneficentia
1017 3317 1360 3387 debitorem,
1395 3319 1658 3392 nihilque
1690 3321 1837 3377 mihi

181 3406 477 3465 molestius
497 3409 591 3463 est
617 3423 792 3476 quam
816 3408 974 3477 quod
997 3422 1170 3464 omne
1192 3408 1345 3480 quod
1373 3424 1615 3481 possum
1640 3410 1711 3466 ad
1735 3411 1838 3467 de-

186 3497 330 3553 bitas
348 3498 695 3569 gratiarum
716 3511 833 3551 non
847 3494 1067 3551 sufficit
1086 3496 1364 3553 actiones.
1378 3496 1595 3554 Verum
1618 3504 1838 3571 quanto

192 3585 385 3640 merita
416 3598 556 3638 mea
581 3582 812 3638 minora
831 3586 992 3652 sunt,
1006 3586 1169 3639 tanto
1181 3584 1412 3641 animus
1424 3586 1493 3640 ad
1513 3586 1842 3657 obsequen·

186 3674 315 3729 dnm
344 3669 704 3745 propensior
721 3677 830 3740 est,
870 3675 1030 3728 tanto
1057 3672 1328 3730 obnixior
1351 3674 1741 3746 adagendum,
1775 3681 1840 3734 ut

188 3760 403 3817 scilieet
426 3758 794 3832 impotentiae
815 3759 1106 3816 desectum
1136 3758 1366 3817 devotio
1395 3762 1688 3833 suppleat,
1711 3779 1838 3835 quie

190 3852 443 3923 ubicunq
452 3866 528 3907 ue
543 3849 774 3907 sincera
783 3857 870 3907 est
894 3849 1387 3923 rectiore,judicio
1400 3852 1841 3928 quolibetopere

188 3941 351 3996 debet
378 3940 682 4011 acceptior
700 3938 994 3997 aestimari.
1018 3939 1306 3997 Viderunt
1335 3942 1444 3997 boc
1468 3942 1635 4013 legati
1661 3947 1839 4002 vestri

185 4043 569 4101 quoscunque
591 4028 664 4085 ab
685 4028 852 4084 initio
877 4028 951 4084 ad
978 4033 1173 4100 partes
1194 4035 1427 4087 nostras
1446 4035 1636 4087 vestra
1657 4031 1839 4090 desti-

184 4118 335 4175 navit
363 4117 714 4185 auctoritas,
732 4115 1025 4190 fidemque
1044 4122 1102 4174 et
1120 4117 1483 4190 diligentiam
1517 4136 1702 4176 meam
1723 4121 1841 4178 evi-

184 4207 457 4263 dentibus
478 4221 678 4262 rerum
700 4220 843 4278 argu
853 4206 1064 4263 mentis
1085 4207 1302 4277 experti
1325 4212 1481 4275 sunt,
1507 4207 1655 4264 sicut
1669 4208 1839 4266 etiam

188 4295 390 4353 litteris
413 4311 627 4352 eorum
649 4296 749 4367 qui
774 4294 1094 4353 novissime
1112 4300 1414 4364 venerunt,
1430 4301 1630 4353 vestras
1650 4298 1843 4371 potuit

189 4384 556 4442 innotescere
615 4384 931 4455 majestati.
983 4384 1278 4456 Siquidem
1326 4401 1460 4442 cum
1491 4402 1560 4442 ea
1607 4390 1842 4460 propter

188 4491 311 4548 qua
337 4474 710 4532 venerantad
737 4474 1134 4531 miserabilem
1155 4475 1469 4533 scissuram
1495 4476 1725 4549 negotia
1744 4479 1842 4535 de-

186 4566 527 4632 clinassent,
559 4567 618 4619 et
646 4578 852 4619 omnes
908 4564 1009 4635 qui
1040 4564 1489 4622 intercesserant
1538 4566 1840 4638 desperata

182 4653 501 4711 concordia
530 4651 959 4720 discessissent,
990 4668 1097 4727 ego
1129 4654 1366 4710 tandem
1399 4654 1621 4712 fervore
1647 4653 1837 4712 chari·

184 4745 317 4801 tatis
347 4742 509 4800 ultro
558 4741 719 4799 solus
747 4742 990 4802 accessi,
1022 4743 1416 4816 omnibusque
1447 4759 1580 4799 cum
1633 4744 1840 4816 legatis

181 4832 385 4891 vestris
417 4830 550 4888 utili
595 4830 1028 4888 examinatione
1058 4842 1113 4888 et
1155 4833 1394 4903 provida
1445 4834 1837 4905 pertractatis,

183 4925 512 4997 principem
544 4928 814 4981 nostrum
831 4923 959 4995 Jam
982 4927 1359 5002 revertentem
1390 4925 1452 4982 in
1480 4925 1751 4998 Angliam
1768 4926 1838 4983 de

184 5014 309 5085 ipso
338 5013 553 5070 itinere
573 5014 854 5077 revocavi,
886 5013 1200 5085 ipsumque
1222 5015 1293 5071 ad
1315 5015 1537 5071 bonnm
1561 5015 1722 5088 pacis
1739 5030 1840 5086 per

184 5101 576 5159 ministerium
609 5116 803 5159 meum
825 5100 1023 5158 divina
1054 5101 1384 5173 benignitas
1414 5102 1738 5159 inclinavit.
1771 5105 1836 5160 ln

184 5209 295 5264 qno
322 5192 452 5249 visa
479 5196 567 5249 est
583 5192 861 5250 omnibus
890 5191 1253 5263 insperatum
1277 5192 1473 5248 divina
1498 5192 1680 5264 pietas
1700 5208 1838 5266 ope-

187 5287 304 5340 rata
332 5282 717 5351 miraculum,
746 5284 899 5356 qnod
928 5287 1126 5340 tantus
1164 5282 1438 5356 princeps
1474 5299 1509 5340 a
1538 5287 1698 5341 tanto
1747 5283 1840 5340 in·

186 5370 545 5445 dignationis
574 5375 635 5429 et
665 5371 988 5430 iracundias
1012 5376 1172 5430 motu
1201 5371 1275 5428 ad
1307 5386 1488 5445 opera
1516 5373 1679 5445 pacis
1724 5372 1840 5430 bu-

254 5553 371 5627 (⁴³)
401 5555 495 5628 s„
519 5548 807 5627 paena.

1949 3233 2090 3288 meis
2119 3232 2352 3303 penitus
2382 3229 2698 3287 efficacem.
2736 3228 3001 3284 Latorem
3029 3243 3163 3296 ergo
3197 3224 3594 3297 praesentium,

1950 3321 2297 3392 magistrum
2328 3318 2734 3386 Gislebertum,
2758 3333 2932 3388 quem
2966 3314 3104 3371 mihi
3137 3331 3269 3372 cum
3297 3314 3595 3381 honestas,

1949 3414 2075 3467 tum
2098 3408 2363 3475 scientia,
2379 3411 2506 3463 tum
2526 3407 2703 3463 etiam
2728 3406 2881 3464 beati
2898 3405 3134 3462 Thomae
3153 3402 3597 3461 Cantuariensis

1949 3498 2372 3571 archiepiscopi
2397 3496 2633 3555 ulterior
2662 3513 2773 3569 qua
2793 3512 2928 3553 eum
2953 3494 3442 3567 complectebatur
3461 3508 3585 3565 gra·

1953 3592 2032 3647 tia
2062 3588 2513 3652 commendavit,
2529 3588 2603 3644 ad
2625 3588 2800 3658 pedes
2823 3590 3022 3643 vestrm
3046 3586 3233 3657 dirigo
3250 3582 3597 3649 sanctitatis,

1949 3684 2015 3736 nt
2036 3696 2137 3750 per
2165 3694 2299 3735 eum
2330 3677 2493 3733 vobis
2526 3676 2733 3732 veritas
2764 3680 2820 3732 et
2840 3675 3077 3747 justitia
3109 3673 3473 3745 negotiorum
3498 3687 3597 3727 no-

1950 3774 2206 3825 strorum
2234 3767 2463 3837 plenius
2495 3766 2843 3834 innotescat,
2876 3769 2932 3820 et
2960 3760 3220 3834 epistolae
3249 3760 3590 3817 brevitatem

1953 3858 2321 3916 commodius
2350 3870 2543 3912 sermo
2575 3855 2749 3909 unius
2781 3853 3091 3908 instauret.
3125 3850 3282 3922 Rogo
3308 3849 3506 3919 itaque
3538 3855 3600 3902 ut

1952 3947 2147 4018 ipsum
2172 3946 2394 4002 bonitas
2416 3948 2607 3999 vestra
2624 3958 2691 3998 ea
2712 3957 2827 4013 qua
2842 3956 2932 3996 me
2947 3945 3006 3996 et
3028 3954 3188 3995 meos
3210 3952 3439 4009 semper
3458 3952 3597 3993 con-

1951 4036 2219 4094 suevistis
2241 4033 2598 4103 benignitate
2622 4030 2923 4110 suscipiat,
2948 4034 3005 4086 et
3025 4026 3399 4084 diuturnitati
3423 4042 3597 4099 nego-

1952 4125 2165 4183 tiorum
2209 4125 2541 4178 nostrorum
2575 4120 2749 4175 linem
2798 4118 3016 4175 curetis
3066 4118 3390 4189 imponere,
3422 4132 3600 4187 super

1951 4214 2167 4288 quibus
2199 4230 2233 4268 a
2261 4210 2423 4266 vobis
2453 4210 2698 4282 primoS,
2726 4208 3034 4277 secundos,
3060 4211 3118 4263 et
3147 4205 3343 4262 tertios
3366 4205 3599 4275 judices

1947 4304 2071 4375 jam
2096 4301 2290 4372 accepi
2309 4299 2442 4367 ,sed
2462 4304 2581 4355 tam
2604 4314 2738 4370 spes
2763 4312 3100 4368 mea,quam
3121 4310 3323 4352 eorum
3345 4292 3597 4367 cognitio

1954 4392 2126 4448 multi
2147 4389 2370 4446 artibus
2394 4390 2484 4445 est
2503 4386 2691 4455 elusa,
2714 4402 2785 4443 ne
2806 4401 3040 4460 possem
3059 4398 3242 4455 usque
3261 4384 3334 4440 ad
3355 4382 3595 4439 audien·

1950 4484 2087 4539 tiam
2112 4481 2285 4538 etiam
2317 4480 2640 4553 pervenire.
2676 4477 2775 4535 His
2805 4481 3001 4534 autem
3023 4492 3152 4546 quaa
3173 4492 3242 4532 ex
3280 4478 3442 4547 parte
3476 4489 3601 4529 mea

1948 4571 2111 4628 vobis
2142 4570 2254 4626 iste
2276 4568 2503 4635 dixerit,
2521 4567 2696 4625 iidem
2719 4565 3113 4624 indubitatam
3148 4562 3353 4618 babere
3384 4561 3599 4633 poteri-

1950 4662 2045 4727 tis,
2085 4661 2219 4732 quia
2247 4658 2552 4730 sacrilegio
2586 4657 2777 4728 majus
2817 4660 2903 4713 est
2949 4659 3229 4711 attentare
3258 4650 3433 4707 etiam
3465 4665 3602 4705 ves·

1950 4755 2103 4806 tram
2134 4750 2194 4805 in
2236 4747 2436 4820 aliquo
2469 4745 2669 4803 fallere
2687 4744 3092 4890 ἓαοειιὶιαιοω.

2733 4836 2787 4889 X
2868 4875 2881 4888 .

2081 4945 2154 4984 An
2193 4943 2503 4984 mesanum
2542 4938 2959 4982 meruissem
2998 4935 3493 4977 Ancmouconuu.

2019 5018 2183 5082 Quod
2241 5016 2475 5073 dilectio
2524 5018 2713 5070 vestra
2745 5011 3062 5085 propitiam
3093 5010 3413 5068 senectutis
3462 5025 3601 5067 meae

1948 5105 2401 5165 sollicitudinem
2438 5107 2623 5176 gerat,
2658 5100 2856 5158 multis
2887 5102 3072 5159 claret
3120 5100 3370 5171 indiciis,
3420 5114 3603 5168 eoque

1949 5195 2203 5253 maxime
2222 5193 2377 5266 quod
2409 5191 2576 5248 utilia
2603 5190 2887 5248 debilitati
2914 5207 3054 5248 meae
3085 5194 3246 5246 tanto
3268 5195 3506 5260 tamque
3532 5184 3600 5241 li·

1948 5283 2130 5341 berali
2163 5283 2354 5340 studio
2386 5279 2648 5338 subsidia
2684 5280 3015 5353 providetis.
3044 5278 3342 5350 Siquidem
3398 5276 3469 5331 ad
3501 5291 3597 5331 va·

1949 5373 2067 5431 rios
2098 5372 2327 5430 labores
2357 5372 2633 5445 frequens
2663 5386 2757 5428 me
2787 5368 2968 5428 trabit
3006 5365 3250 5434 occasio,
3285 5381 3390 5422 nec
3422 5363 3597 5423 fldem
