3784 6000
172 227 252 290 27
1221 225 1577 290 ARNULFI
1623 226 2139 290 Laxovmnsls
2181 224 2537 289 EPISCOPI
3524 224 3607 282 28

170 359 469 434 templaris
499 360 720 419 intuitu
751 378 933 435 quam
951 362 1236 419 viventem
1266 360 1552 436 corporali
1587 361 1843 419 miraba-
1871 362 1928 430 Α

173 449 253 508 ris
281 454 542 524 aspectu.
575 452 754 508 Porro
805 455 1027 525 quanto
1067 451 1350 507 sincerior
1395 450 1641 518 exstitit,
1672 454 1836 510 tanto

174 539 513 598 diuturnior
540 544 754 599 sanctae
787 541 1120 599 dilectionis
1169 540 1398 598 affectio
1449 540 1834 613 permanebit,

173 631 350 689 Amor
387 630 544 688 enim
586 646 759 703 quem
809 634 1212 701 corruptarum
1257 631 1522 687 carnium
1553 634 1840 703 generant

2705 355 2857 412 x111.

2298 464 2373 505 An
2404 462 2678 503 nomnen
2704 461 2897 502 aaran
2928 461 3247 501 annianum.

2014 543 2123 597 Pro
2149 554 2326 598 causa
2357 554 2426 595 ex
2458 537 2734 593 mandato
2764 539 2952 593 vestro
2984 533 3338 602 dirimenda,
3365 553 3497 609 quse
3520 534 3613 593 in-

1948 634 2036 688 ter
2066 630 2335 687 abbatem
2374 625 2878 684 Gemmeticanum
2908 628 2967 680 et
3003 623 3320 681 monachos
3349 626 3617 682 verteba-

176 723 544 795 passionnes,
593 721 952 794 corruptioni
1001 737 1231 793 semper
1260 722 1567 789 obnoxius,
1610 726 1835 794 quanto
1946 724 2066 789 tur,
2100 717 2171 775 ad
2203 718 2395 790 ipsum
2430 714 2848 772 monasterium
2877 727 3063 785 usque
3085 713 3519 784 descendimus,
3551 720 3620 770 ut

175 811 477 868 difficilius
522 810 582 866 in
631 810 918 884 principio
966 811 1210 883 regitur,
1255 816 1418 868 tauto
1449 812 1828 885 postmodum

176 899 425 958 facinius
462 899 771 968 evanescit,
824 899 969 957 adeo
1000 904 1066 956 ut
1095 899 1440 974 plerumque
1470 904 1844 958 convertatur

176 989 236 1045 in
285 988 505 1056 odium,
567 991 625 1044 et
671 987 936 1061 voluptas
975 990 1363 1047 amaritudine
1412 994 1840 1064 compensetur.

177 1076 289 1134 Sed
321 1081 379 1134 et
405 1077 780 1151 imperfectus
809 1080 920 1148 est,
964 1078 1281 1151 multisque
1326 1078 1655 1137 declaratur
1678 1079 1844 1136 indi-

177 1166 285 1224 ciis
331 1166 529 1240 ipsum
579 1182 648 1223 ex
675 1183 811 1224 vera
862 1166 1145 1224 charitate
1178 1184 1297 1226 non
1345 1170 1534 1238 nasci,
1564 1169 1845 1243 quoniam

177 1258 339 1314 tanto
389 1252 581 1312 minus
629 1255 897 1329 singulos
945 1272 1181 1313 necesse
1229 1262 1320 1315 est
1349 1257 1587 1331 diligas,
1621 1263 1844 1332 quanto

178 1343 335 1401 hunc
354 1343 413 1400 in
437 1343 634 1417 plures
657 1344 893 1417 patieris
919 1345 1217 1403 affectum.
1241 1349 1350 1404 Sed
1378 1353 1435 1405 et
1458 1348 1557 1421 qui
1580 1347 1846 1421 diligitur

179 1429 309 1489 sine
339 1431 575 1503 querela
602 1432 942 1504 participem
975 1450 1090 1490 non
1122 1434 1404 1503 admittit,
1438 1436 1712 1508 quoniam
1733 1428 1846 1492 sibi

179 1521 523 1594 derogatum
553 1525 786 1593 reputat
834 1522 1116 1594 quidquid
1163 1523 1264 1580 alii
1306 1525 1553 1581 senserit
1581 1523 1850 1596 imperti-

182 1615 331 1667 tum.
367 1609 479 1666 Sed
511 1609 971 1684 incorruptibilis
994 1627 1155 1669 amor
1184 1614 1255 1670 de
1282 1614 1412 1686 ipsa
1439 1613 1652 1671 sinceri
1678 1611 1849 1685 spiri-

181 1703 281 1756 tus
328 1698 567 1756 veritate
605 1701 942 1772 procedens,
993 1705 1213 1774 quanto
1260 1703 1436 1761 suerit
1472 1703 1749 1760 dilatatus
1787 1701 1847 1756 in

184 1787 403 1861 plures,
430 1791 597 1846 tanto
617 1791 806 1861 majus
822 1791 892 1848 de
908 1791 1191 1850 effusione
1212 1793 1506 1850 contrahit
1527 1793 1849 1851 incremen-

187 1886 333 1950 tum,
367 1894 472 1936 nec
503 1879 783 1938 invidiam
814 1881 1179 1956 participatio
1209 1887 1468 1957 generat,
1500 1883 1604 1941 sed
1632 1882 1853 1942 insolu-

185 1967 363 2026 bilem
409 1972 624 2025 sanctas
673 1970 831 2026 inter
876 1987 1081 2029 omnes
1129 1973 1445 2030 concordioe
1497 1974 1691 2030 firmat
1719 1991 1852 2032 am-

185 2055 442 2130 plexum.
478 2056 597 2114 Hac
627 2057 807 2128 igitur
827 2064 1170 2131 praesentem
1193 2077 1477 2134 sponsum
1511 2065 1677 2119 tuum
1711 2063 1851 2120 cha·

186 2144 358 2203 ritate
403 2144 814 2218 complectere,
863 2162 1117 2221 eumque
1182 2166 1297 2206 non
1349 2151 1537 2208 oculis
1593 2154 1853 2225 corporis

183 2235 434 2308 inquire,
469 2236 571 2292 sed
600 2236 811 2304 cordis,
844 2240 912 2293 ut
939 2240 1195 2310 speciem
1222 2240 1373 2311 ejus,
1405 2240 1682 2313 quoniam
1721 2258 1853 2314 spe-

185 2323 381 2383 ciosus
427 2326 539 2393 est,
571 2322 808 2394 intueri,
840 2329 899 2383 et
928 2327 1272 2385 suavitatem
1305 2329 1435 2400 ejus
1466 2329 1676 2403 possis,
1710 2347 1854 2404 quo-

182 2413 341 2470 niam
405 2413 600 2469 suavis
666 2418 778 2482 est,
848 2415 1178 2488 degustare.
1228 2419 1348 2491 Age
1402 2418 1574 2476 etiam
1632 2421 1853 2492 gratias

183 2501 562 2569 incessanter,
593 2502 872 2574 quoniam
906 2505 1140 2577 spiritui
1182 2521 1396 2580 corpus
1426 2510 1670 2565 servavit
1697 2509 1854 2568 inta-

188 2594 370 2659 ctum,
403 2594 470 2647 ut
496 2591 718 2662 puritas
750 2593 998 2650 invicem
1028 2595 1266 2666 puritati
1299 2597 1669 2671 respondeat,
1702 2604 1758 2656 et
1796 2607 1855 2658 tu

191 2679 244 2738 ei
265 2688 608 2753 perpetuum
640 2681 834 2740 valeas
865 2683 1215 2755 integritatis
1245 2685 1468 2743 offerre.

965 2774 1096 2830 XII.

540 2876 613 2916 ao
653 2878 928 2920 Domuum
969 2879 1153 2922 param
1182 2882 1509 2925 ADRIANUM.

272 2948 440 3008 Lator
464 2951 837 3023 praesentium
859 2954 1137 3029 magister
1162 2956 1363 3015 Simon
1396 2957 1764 3017 miserabiles
1783 2959 1856 3018 ad

196 3039 578 3114 apostolicam
610 3042 812 3099 sedem
846 3048 1037 3116 portat
1067 3045 1334 3118 injurias,
1375 3064 1647 3121 quarum,
1679 3050 1730 3106 si
1760 3049 1857 3107 ille

1951 808 2121 866 nobis
2154 804 2387 863 facilius
2416 806 2490 862 de
2520 804 2782 877 proximo
2833 802 3010 859 facies
3040 802 3306 860 Ecclesiae
3335 807 3613 861 atrorum

1949 898 2162 956 veritas
2193 896 2555 953 innotescere
2586 897 2801 966 posset,
2823 909 2887 949 ac
2917 893 3043 949 sine
3065 897 3303 965 sumptu
3335 897 3393 951 et
3421 892 3621 951 labore

1952 986 2207 1062 partium
2257 987 2386 1058 ipsa
2442 983 2808 1040 commodius
2855 983 3247 1040 controversia
3296 983 3621 1040 terminari·

1953 1079 2237 1136 Caeterum
2270 1077 2333 1132 in
2356 1088 2786 1149 quamcumque
2809 1076 3034 1146 patrem
3058 1072 3263 1129 debeat
3282 1071 3455 1146 culpa
3475 1090 3624 1131 con-

1956 1167 2119 1235 ferri,
2150 1170 2374 1224 certum
2405 1169 2495 1222 est
2519 1163 2938 1220 monasterium
2982 1163 3293 1234 antiquum
3339 1166 3398 1220 et
3429 1163 3626 1220 nobile

1954 1256 2368 1315 miserabiliter
2388 1255 2449 1311 in
2480 1252 2884 1326 spiritualibus
2913 1256 2971 1309 et
2999 1252 3422 1324 temporalibus
3454 1253 3616 1310 del'e-

1959 1346 2133 1418 cisse,
2157 1348 2472 1417 tantusque
2502 1344 2657 1400 inter
2676 1342 2947 1400 abbatem
2968 1347 3026 1399 et
3045 1342 3368 1400 monachos
3388 1357 3623 1409 omnes,

1956 1435 2213 1509 exceptis
2234 1435 2426 1492 tribus
2441 1432 2989 1506 velquatuor,zelus
2999 1431 3237 1502 exarsit,
3260 1437 3326 1489 ut
3344 1430 3429 1488 ita
3448 1447 3626 1489 omne

1956 1531 2190 1600 tempus
2213 1526 2285 1582 de
2319 1523 2694 1582 reformanda
2724 1522 2874 1579 inter
2893 1537 2992 1579 eos
3017 1521 3328 1581 concordia
3348 1523 3627 1593 despere-

1959 1622 2075 1674 tur.
2107 1616 2218 1672 Tot
2238 1615 2396 1672 enim
2427 1614 2487 1669 in
2519 1613 2712 1685 ipsum
2740 1611 3135 1683 turpitudines
3166 1609 3394 1684 publice
3424 1614 3628 1683 protu-

1961 1707 2174 1768 lerunt.
2208 1709 2272 1762 ut
2300 1719 2535 1762 necesse
2563 1703 2643 1760 sit
2693 1718 2924 1776 semper
2956 1708 3264 1774 utramque
3292 1705 3520 1775 partem
3552 1701 3631 1756 de

1957 1812 2093 1853 vera
2140 1795 2381 1852 alterius
2411 1792 2596 1866 gratia
2626 1792 2916 1861 dubitare,
2947 1791 3248 1865 quoniam,
3281 1790 3628 1863 quiescente

1959 1887 2202 1944 fortasse
2249 1883 2459 1956 litigio,
2507 1882 2710 1940 odiosa
2778 1882 3092 1953 proborum
3160 1879 3437 1937 memoria
3505 1897 3626 1937 non

1960 1975 2243 2048 quiescet.
2276 1978 2699 2045 proposuerunt
2731 1970 3027 2043 siquidem
3048 1974 3328 2028 adversus
3347 1985 3481 2026 eum
3510 1968 3627 2025 tria

1960 2062 2238 2137 capitula,
2262 2061 2517 2135 primum
2550 2062 2622 2118 de
2651 2061 2807 2133 turpi
2829 2065 2886 2117 et
2905 2059 3224 2117 innaturali
3254 2059 3629 2118 incontinen-

1960 2155 2062 2222 tia,
2087 2151 2409 2210 secundum
2436 2152 2508 2208 de
2522 2151 2802 2219 Simonia,
2823 2149 3064 2207 tertium
3091 2150 3162 2206 de
3182 2147 3600 2222 dilapidatione
3616 2191 3632 2218 ,

1963 2263 2068 2321 per
2096 2259 2274 2317 quam
2304 2258 2423 2300 non
2446 2244 2680 2298 tantum
2700 2241 2770 2297 ad
2803 2240 3085 2314 inopiam,
3108 2240 3210 2297 sed
3240 2245 3296 2296 et
3325 2239 3398 2295 ad
3429 2242 3626 2295 extre·

1963 2351 2122 2393 mam
2149 2333 2407 2390 inediam
2451 2348 2513 2388 se
2543 2331 2815 2388 dicebant
2858 2346 2988 2387 esse
3026 2329 3326 2387 deductos.
3368 2328 3451 2385 Ne
3490 2343 3633 2386 vero

1965 2425 2367 2484 contusionem
2410 2423 2620 2479 faceret
2667 2419 3004 2492 multitudo,
3055 2419 3106 2476 si
3147 2420 3218 2477 de
3256 2418 3447 2476 tribus
3492 2432 3635 2491 pro-

1966 2514 2193 2572 miscue
2224 2514 2585 2580 tractaretur,
2616 2510 2913 2584 elegerunt
2954 2508 3210 2582 primum
3249 2506 3393 2565 illud
3436 2508 3509 2564 de
3537 2506 3637 2562 in-

1966 2601 2327 2663 continentia
2338 2601 2676 2674 capitulum,
2695 2616 2874 2672 super
2890 2616 3006 2673 quo
3020 2602 3235 2670 septem
3258 2599 3634 2656 accusatores

1967 2691 2287 2750 monachos
2336 2689 2691 2759 sacerdotes,
2714 2693 2770 2746 et
2800 2704 3006 2746 novem
3038 2687 3411 2760 postmodum
3438 2689 3626 2743 testes

1968 2781 2289 2840 monachos
2310 2779 2539 2849 itidem,
2553 2780 2654 2836 sed
2670 2779 3034 2835 diversorum
3046 2777 3320 2834 ordinum
3338 2776 3631 2849 produxe-

1968 2876 2129 2931 runt.
2165 2872 2423 2937 Quorum
2455 2868 2795 2944 diligentius
2821 2867 3118 2941 explorato
3150 2866 3511 2937 testimonio,
3536 2881 3641 2925 co-

1968 2960 2283 3037 gnovimus
2303 2959 2567 3035 quinque
2597 2958 2863 3033 singulos
2887 2957 2958 3016 de
2986 2956 3236 3032 singulis
3257 2955 3486 3015 actibus
3507 2954 3644 3014 sin-

1971 3054 2167 3125 gulare
2196 3050 2602 3109 testimonium
2644 3049 2969 3122 perhibere,
3001 3064 3107 3105 nec
3138 3047 3395 3121 aliquem
3425 3062 3636 3105 eorum

192 3137 362 3196 locus
382 3129 721 3203 episcopum
744 3130 1065 3203 habuisset,
1087 3136 1284 3192 audita
1305 3153 1340 3193 a
1367 3138 1531 3194 vobis
1556 3138 1719 3211 prius
1737 3155 1866 3197 esse
1892 3104 1941 3177 c
1974 3142 2198 3216 aliquid
2231 3156 2367 3197 cum
2419 3139 2532 3196 alio
2582 3139 2931 3213 percepisse,
2980 3139 3077 3195 sed
3110 3153 3213 3210 per
3242 3154 3305 3194 se
3333 3136 3639 3211 sigillatim

195 3217 479 3275 debuerat
506 3218 764 3277 vindicta
790 3236 968 3293 quam
998 3226 1192 3297 culpa.
1215 3226 1422 3283 Audite
1444 3242 1601 3295 eum,
1631 3232 1690 3285 et
1717 3228 1869 3301 inju-

197 3306 316 3366 rias
345 3307 396 3379 ej
406 3323 498 3377 us,
523 3308 642 3365 imo
662 3313 910 3383 vestras,
937 3313 1240 3372 severitate
1261 3316 1452 3374 debita
1473 3317 1779 3386 vindicate,
1797 3334 1870 3375 ne

198 3394 544 3470 hujusmodi
578 3398 858 3457 adversus
889 3403 1272 3474 apostolicam
1303 3406 1506 3463 sedem
1552 3406 1871 3465 insolescat

200 3485 468 3556 audacia,
510 3489 832 3559 prasertim
881 3507 1015 3548 cum
1061 3492 1121 3549 in
1178 3495 1442 3567 partibus
1466 3494 1598 3568 ‚illis
1636 3498 1695 3554 in
1727 3512 1872 3554 con-

201 3579 492 3648 temptum
525 3578 652 3648 eJ'us
691 3578 967 3652 pleraque
987 3582 1114 3654 Jam
1146 3583 1432 3656 incipiant
1451 3588 1717 3658 germina
1747 3587 1869 3661 pul-

202 3662 409 3722 lulare.
443 3666 880 3725 Occurrendum
911 3674 1001 3728 est
1030 3671 1231 3745 igitur,
1261 3689 1336 3731 ne
1365 3678 1557 3732 tractu
1590 3677 1868 3751 temporis

201 3754 861 3830 impunitalmalignitas
889 3761 1275 3835 convalescat,
1294 3768 1352 3821 et
1398 3766 1548 3823 vires
1568 3766 1868 3839 iniquitati

204 3842 595 3902 dissimulatio
616 3851 833 3917 vestra,
857 3850 942 3907 vel
967 3850 1359 3925 indulgentior
1376 3856 1560 3927 gratia
1581 3856 1870 3915 submini-

204 3936 367 3989 stret.
396 3933 529 3990 Jam
553 3936 712 3992 enim
734 3953 945 3996 nomen
968 3941 1371 4014 apostolicum,
1397 3947 1553 4017 quod
1585 3945 1869 4004 hactenus

204 4019 265 4076 in
297 4024 449 4078 terra
477 4021 578 4078 illa
598 4026 930 4082 reverentiis
957 4028 1144 4088 fuerat
1173 4036 1230 4088 et
1251 4034 1508 4103 terroris,
1542 4037 1601 4093 in
1632 4052 1869 4095 causam

207 4108 462 4166 scandali
493 4124 731 4168 versum
761 4118 873 4183 est,
904 4119 963 4173 et
998 4124 1391 4193 contemptus,
1429 4139 1536 4181 nec
1566 4127 1869 4200 appellan-

205 4202 322 4255 tem
346 4200 678 4273 provocatio
694 4200 922 4273 liberat,
942 4206 1118 4263 sedin
1138 4224 1201 4264 se
1225 4210 1418 4280 potius
1440 4214 1868 4272 vehementiam

198 4287 422 4361 judicis
453 4290 778 4348 exacerbat.
818 4291 1010 4351 Sensit
1039 4295 1149 4352 hoc
1178 4296 1308 4368 iste,
1341 4301 1462 4371 qui,
1498 4308 1736 4375 propter
1767 4322 1871 4378 ap-

207 4374 580 4449 pellationem
602 4380 863 4439 reclusus
878 4382 939 4439 in
953 4399 1244 4445 carcerem
1258 4404 1324 4445 ac
1342 4390 1666 4449 miserabili
1680 4397 1869 4453 tortus

1979 3245 2456 3304 unumquemque
2487 3230 2643 3303 quod
2664 3229 2889 3286 dixerat
2908 3227 3220 3286 invenisse.
3244 3226 3507 3285 Duorum
3529 3244 3636 3283 au-

1976 3328 2093 3378 tem
2124 3320 2227 3393 qui
2256 3320 2317 3375 in
2349 3319 2526 3376 unius
2557 3322 2723 3377 sotus
2772 3316 3145 3376 attestatione
3178 3316 3445 3390 producti
3474 3323 3640 3386 sunt,

1978 3410 2302 3484 reperimus
2333 3409 2579 3467 alterum
2600 3408 2818 3466 laicum
2849 3406 3067 3465 nullius
3086 3406 3327 3475 ordinis,
3349 3405 3492 3464 olim
3524 3407 3639 3463 mi-

1977 3498 2163 3567 litem,
2202 3498 2448 3571 ideoque
2477 3498 2549 3554 ad
2581 3495 2970 3554 exhibendam
2998 3495 3059 3553 in
3082 3495 3487 3568 presbyterum
3509 3494 3641 3552 cri-

1978 3586 2156 3644 minis
2177 3586 2578 3659 probationem
2614 3586 2812 3643 minus
2841 3585 3137 3642 idoneum.
3162 3584 3324 3642 Alter
3343 3600 3477 3643 vero
3498 3600 3632 3642 cum

1978 3691 2045 3733 eo
2075 3676 2336 3732 detracto
2367 3674 2664 3732 solitarius
2696 3677 3042 3744 remaneret,
3065 3690 3097 3729 a
3119 3673 3290 3730 nobis
3319 3678 3409 3731 est
3439 3674 3640 3731 minus

1978 3764 2278 3823 sufficiens
2300 3769 2623 3838 reputatus.
2651 3762 3151 3822 Porrodeduobus
3175 3763 3512 3821 novissimis
3536 3764 3640 3836 qui

1977 3855 2246 3915 similiter
2266 3856 2325 3912 iu
2358 3855 2558 3924 unius,
2578 3856 2680 3912 sed
2711 3854 2950 3912 alterius
2970 3857 3134 3911 actus
3165 3854 3499 3912 testimonio
3520 3869 3642 3927 pro·

1978 3951 2293 4015 cesserunt,
2328 3946 2471 4004 alter
2499 3946 2897 4004 subdiaconus
2918 3950 2977 4002 et
2996 3943 3333 4002 adolescens
3365 3944 3640 4001 inventus

1978 4043 2088 4110 est,
2122 4038 2221 4111 qui
2252 4037 2451 4109 etipse
2471 4053 2605 4093 cum
2627 4036 2699 4093 ob
2722 4035 3050 4093 ulteriorem
3073 4033 3302 4091 abbatis
3325 4033 3636 4092 familiari-

1978 4133 2157 4187 tatem
2188 4131 2499 4202 suspectus
2539 4141 2664 4183 esse
2698 4125 2975 4182 fratribus
3005 4124 3357 4197 incaepisset,
3389 4140 3456 4180 se
3486 4123 3638 4180 nihil

1980 4220 2357 4276 inhonestum
2377 4218 2445 4274 de
2465 4217 2674 4274 abbate
2696 4214 3024 4289 percepisse
3036 4213 3515 4273 constantissime
3533 4229 3633 4271 co-

1979 4324 2102 4366 ram
2135 4308 2410 4365 omnibus
2440 4306 2772 4363 affirmavit.
2806 4305 2968 4362 Unde
3002 4321 3104 4377 pro
3134 4303 3344 4360 minori
3375 4306 3564 4374 aetate,
3584 4312 3641 4365 et

1978 4398 2179 4455 ordine
2228 4402 2286 4453 et
2331 4396 2724 4453 inconstantia
2765 4394 3053 4451 sermonis
3082 4393 3377 4462 exclusus,
3415 4393 3641 4451 socium

208 4465 424 4535 inedia,
455 4481 562 4524 nec
595 4470 749 4541 apud
780 4474 1090 4543 tyrannum
1118 4476 1244 4534 sine
1273 4480 1541 4551 pecunia,
1575 4497 1682 4541 nec
1710 4487 1864 4557 apud
1889 4481 1941 4549 D
1972 4487 2357 4545 nihilominus
2405 4484 2729 4542 solitarium
2784 4484 2940 4553 fecit,
3002 4482 3136 4540 licet
3183 4482 3353 4539 illum
3401 4495 3632 4555 quoque

207 4555 546 4630 episcopum
596 4556 726 4616 sine
771 4559 1124 4622 detrimento
1172 4582 1361 4625 causae
1392 4570 1582 4641 potuit
1611 4570 1869 4632 liberari.

170 4657 175 4661 ·
206 4649 277 4704 Et
304 4662 412 4721 ego
432 4647 668 4720 quidem
688 4666 792 4723 pro
818 4668 990 4712 causa
1010 4655 1198 4727 ipsius
1227 4658 1514 4718 obnoxius
1544 4664 1875 4738 supplicare

208 4735 594 4801 decreveram.
624 4740 728 4797 sed
762 4742 912 4814 apud
944 4743 1393 4806 misericordiam
1424 4755 1676 4810 vestram
1705 4753 1874 4814 facile

209 4841 453 4884 oausun
475 4826 764 4887 declarata
786 4833 1076 4905 perorabit
1096 4836 1356 4907 afflictio,
1373 4844 1431 4897 et
1450 4843 1607 4914 apud
1629 4843 1872 4917 gratiam

210 4916 463 4972 vestram
509 4916 846 4980 intercessio
894 4928 1094 4982 nostra
1137 4927 1308 4985 solito
1351 4933 1742 5005 congaudebit
1789 4934 1872 4992 et*-

210 5004 385 5060 fectu.
418 5002 635 5062 Verum
679 5010 914 5082 privatae
944 5018 1275 5075 communis
1319 5036 1498 5078 causa
1528 5025 1870 5095 praeponde-

212 5100 323 5159 rat,
355 5093 634 5165 quoniam
682 5096 754 5154 de
795 5099 1062 5161 Ecclesiae
1113 5106 1208 5164 Dei
1254 5108 1518 5169 libertate
1563 5116 1869 5183 tractatur,

213 5197 320 5240 nec
342 5182 470 5255 Jam
499 5200 635 5257 spes
683 5191 865 5245 restat
913 5191 1031 5248 ulla
1060 5195 1288 5270 refugii,
1337 5200 1389 5257 si
1421 5201 1477 5257 in
1510 5202 1736 5261 irritum
1769 5206 1871 5262 de-

213 5271 388 5329 ducta
452 5272 627 5333 fuerit
700 5278 1023 5350 apostolicae
1108 5290 1481 5357 protectionis
1537 5293 1872 5352 auctoritas.

215 5359 524 5422 Vindicate
567 5365 766 5440 igitur,
800 5386 866 5426 ne
917 5371 1063 5429 forte
1107 5374 1282 5447 (quod
1329 5378 1540 5453 absitl)
1599 5385 1874 5456 procedat

215 5453 512 5511 temeritas
535 5456 593 5513 in
625 5459 981 5534 exemplum,
1012 5465 1109 5521 sed
1137 5464 1351 5524 clarius
1373 5470 1572 5529 audita
1592 5475 1872 5536 correctio

215 5539 565 5616 imperitiam
594 5547 797 5607 doceat
823 5554 880 5610 et
909 5560 1240 5629 compescat
1269 5558 1602 5621 audaciam.

1984 4576 2255 4636 lascivius
2282 4590 2341 4633 se
2370 4574 2624 4649 gessisse
2654 4576 2712 4630 et
2740 4589 2874 4646 pars
2904 4573 3141 4630 adversa
3155 4572 3371 4630 diceret
3399 4575 3459 4629 et
3487 4571 3646 4629 fama

1983 4666 2357 4724 consentiens
2387 4664 2746 4738 praedicaret.
2779 4663 3005 4729 Quibus
3026 4661 3300 4720 omnibus
3328 4660 3647 4734 diligenter

1985 4755 2204 4813 auditis
2240 4759 2297 4811 et
2335 4754 2605 4828 cognitis,
2655 4753 2848 4809 visum
2894 4755 2984 4810 est
3034 4751 3203 4809 nobis
3232 4767 3301 4809 ex
3345 4751 3642 4809 sententia

1983 4849 2194 4906 cuncta
2233 4862 2362 4918 quie
2398 4845 2824 4918 processerant,
2847 4858 2964 4900 non
2986 4841 3061 4899 ad
3082 4841 3512 4915 probationem,
3541 4841 3642 4898 sed

1981 4936 2052 4994 ad
2073 4935 2597 5009 praesumptionem
2611 4949 2781 5007 posse
2809 4931 3102 5004 proficere,
3124 4931 3264 5004 quia
3281 4928 3643 5002 probationis

1980 5024 2352 5099 privilegium
2373 5023 2638 5082 solitaria
2657 5021 2995 5080 testimonia
3013 5038 3128 5080 non
3151 5024 3470 5078 merentur.
3495 5020 3643 5089 Quia

1983 5114 2163 5187 igitur
2191 5112 2632 5187 praesumptioni
2662 5111 2942 5170 standum
2969 5113 3078 5180 est,
3103 5110 3287 5168 donec
3318 5110 3378 5167 in
3404 5114 3641 5168 contra-

1984 5204 2137 5261 rium
2169 5203 2463 5276 probetur,
2494 5202 2692 5260 abbati
2724 5204 2814 5258 est
2859 5216 2894 5257 a
2921 5199 3091 5258 nobis
3130 5199 3470 5271 adJudioata
3498 5215 3641 5273 pur-

1983 5294 2161 5367 gatio,
2183 5293 2436 5366 septima
2456 5292 2691 5366 quidem
2714 5306 2914 5358 manu,
2936 5288 3115 5346 trium
3128 5287 3644 5346 scilicetabbatum

1984 5387 2042 5441 et
2071 5382 2246 5439 trium
2288 5383 2709 5440 monachorum
2741 5380 3111 5439 sacerdotum
3149 5386 3319 5447 notae,
3350 5377 3648 5452 opinionis

1984 5477 2041 5532 et
2072 5472 2349 5541 neminie,
2372 5488 2623 5546 quorum
2644 5471 2993 5545 juramentis
3022 5467 3336 5527 vulneratis
3356 5468 3528 5526 tamn
3548 5484 3649 5525 ne-

1984 5568 2312 5630 cessarium
2332 5569 2533 5641 posset
2552 5565 2877 5626 remedium
2891 5579 3249 5638 comparare.
3270 5561 3646 5637 Appellatum
